4138 6190
1669 713 2587 842 ELENCHUS

761 1149 1262 1232 OPERUM
1321 1148 1594 1258 QU/E
1657 1149 1780 1231 IN
1834 1145 2079 1228 HOC
2142 1145 2481 1238 ΤΟΜο
2549 1101 3432 1234 CONTINENTUR.

2053 1527 2162 1534 ~—_,

621 1847 808 1908 Liber
842 1848 918 1909 de
939 1847 1204 1925 Opilieio
1238 1849 1372 1911 Dei.

632 1949 823 2010 Liber
852 1950 928 2010 de
959 1950 1062 2010 Ira
1091 1950 1224 2009 Dei.

627 2052 1002 2114 Dissertatio
1029 2053 1105 2114 N.
1138 2053 1196 2112 le
1224 2052 1476 2131 Nourry
1507 2051 1572 2110 in
1604 2051 1838 2111 librum
1867 2049 1944 2112 de
1973 2050 2075 2112 Ira
2103 2050 2241 2110 Dei.

627 2153 1002 2233 Disquisitio
1033 2154 1271 2215 Nicolai
1304 2153 1380 2214 de
1414 2155 1680 2231 Lestocq
1717 2155 1780 2213 in
1814 2152 2050 2215 librum
2080 2153 2157 2212 de
2186 2149 2498 2212 Mortibus
2541 2153 3042 2228 persecutorum.

639 2257 977 2335 Appendix
1011 2256 1086 2317 de
1113 2257 1364 2319 duobus
1392 2257 1549 2318 locis
1585 2256 1721 2317 cod.
1752 2273 1868 2316 ms.
1907 2254 2100 2332 hujus
2127 2253 2296 2316 libri.

625 2355 1005 2417 Dissertatio
1049 2355 1311 2416 Henrici
1344 2353 1646 2418 Dodwelli
1675 2354 1753 2414 de
1781 2353 1948 2433 Ripa
1970 2352 2207 2430 Striga.

623 2455 817 2515 Liber
849 2453 924 2515 de
959 2454 1274 2516 Mortibus
1305 2459 1813 2533 persecutorum.

634 2552 950 2613 Lactantii
1000 2552 1375 2632 fragmenta.

632 2655 865 2716 Incerti
903 2655 1184 2717 auctoris
1223 2657 1506 2716 Pnoemx
1536 2655 1868 2716 Lactantio
1907 2655 2201 2714 tributus.

632 2755 862 2817 Incerti
895 2757 1174 2818 auctoris
1207 2773 1462 2816 carmen
1489 2757 1565 2816 de
1599 2755 1902 2816 Passione
1931 2755 2211 2816 Domini.

635 2857 910 2918 Carmen
945 2857 1021 2917 de
1054 2857 1324 2917 Pascha.

636 2958 870 3020 Caecilii
903 2957 1252 3036 symphosii
1283 2957 1603 3035 IEnigma.

638 3058 939 3136 Stephani
969 3059 1208 3119 Balusii
1249 3065 1412 3120 nota:
1449 3060 1508 3118 in
1541 3059 1773 3120 librum
1805 3058 1880 3118 de
1910 3059 2222 3120 Mortibus
2262 3067 2759 3138 persecutorum.

2053 1530 2162 1534 ~_,

640 3158 940 3238 Ejusdem
978 3159 1041 3218 in
1087 3161 1213 3220 duo
1243 3160 1385 3222 loca
1414 3158 1694 3238 ejusdem
1731 3159 1874 3218 libri
1904 3159 2044 3219 duae
2071 3161 2372 3239 epistolae.

639 3259 804 3320 Petri
843 3258 1043 3319 Diazii
1072 3259 1385 3320 sententia
1414 3258 1490 3319 de
1517 3257 1962 3337 quodamjloco
1997 3258 2306 3322 Lactantii
2337 3271 2657 3340 corrupto.

641 3359 929 3436 Epistola
970 3358 1214 3419 Baluzii
1245 3358 1323 3417 ad
1353 3357 1668 3419 Diazium.

637 3458 940 3538 Ejusdem
966 3460 1150 3538 epist.
1181 3458 1260 3520 ad
1292 3460 1637 3525 Henricum
1665 3459 1742 3521 de
1768 3460 1978 3523 Neris.

633 3560 918 3640 Epistola
945 3560 1210 3622 Joannis
1242 3559 1532 3621 Columbi
1564 3560 1640 3622 ad
1670 3560 2034 3622 Gisbertum
2068 3562 2410 3641 Cuperum.

641 3661 888 3721 Lectori
925 3660 1260 3722 benevolo.

639 3766 729 3826 De
772 3765 938 3825 libro
990 3765 1112 3827 hoc
1152 3765 1390 3844 judicia
1435 3772 1497 3828 et
1545 3766 1907 3827 testimonia
1944 3767 2212 3844 aliquot.

636 3870 901 3930 Joannis
934 3869 1222 3930 Columbi
1255 3874 1420 3931 notae
1448 3870 1513 3929 in
1542 3870 1778 3929 librum
1836 3869 1911 3930 de
1955 3870 2270 3932 Mortibus
2325 3874 2831 3949 persecutorem.

639 3969 882 4030 Nicolai
911 3969 1212 4029 Toinardi
1248 3969 1558 4031 monitum
1587 3967 1832 4028 lectori.

638 4071 815 4130 Notae
840 4069 1141 4130 Toinardi
1188 4070 1249 4128 in
1278 4069 1512 4128 librum
1547 4067 1621 4128 de
1654 4067 1968 4128 Mortibus
2007 4076 2510 4146 pcrsecutorum.

639 4170 914 4231 Gisberti
949 4169 1181 4248 Cuperi
1218 4175 1401 4231 noue.

649 4273 827 4333 Pauli
860 4271 1092 4354 Baudri
1128 4275 1293 4334 notae
1323 4272 1384 4331 in
1419 4271 1649 4334 librum
1681 4271 1758 4331 de
1787 4270 2100 4331 Mortibus
2132 4278 2636 4348 persecutorum.

642 4375 1024 4437 Dissertatio
1057 4375 1130 4434 N.
1163 4375 1217 4435 le
1245 4375 1496 4455 Nourry
1521 4375 1584 4435 in
1615 4375 1846 4435 librum
1873 4373 1948 4433 de
1977 4373 2291 4434 Mortibus
2327 4383 2829 4454 persecutorum.

643 4477 940 4557 Ejusdem
973 4478 1450 4556 disquisitiones
1483 4477 1855 4557 dogmatij
1884 4477 1945 4537 in
1976 4476 2400 4540 Lactantium.

3237 1853 3360 1912 col.

3523 1952 3603 2010 77

3487 2051 3605 2113 11ι7

3493 2153 3609 2213 157

3492 2254 3604 2314 171

3489 2352 3607 2414 175

3490 2453 3608 2515 190

3481 2552 3604 2613 275

3435 2655 3602 2717 Ibid.

3493 2760 3614 2820 283

3489 2860 3610 2924 285

3491 2961 3614 3022 289

3493 3067 3611 3128 297

3493 3168 3610 3228 379

3437 3265 3607 3328 Ibid.

3487 3365 3608 3428 380

3492 3467 3608 3528 381

3491 3569 3612 3629 385

3488 3669 3607 3729 387

3491 3771 3612 3832 388

3492 3872 3612 3933 389

3491 3968 3610 4029 1ι35

3436 4068 3606 4130 Ibid.

3492 4169 3611 4230 1:63

3492 4273 3610 4334 587

3481 4377 3600 4437 839

3454 4478 3598 4543 1011
