4138 6190
417 231 488 291 15

1384 220 1568 276 FIRM.
1604 211 1969 273 LACTANTII
2007 214 2134 272 LIB.
2167 215 2250 272 DE
2289 215 2579 274 OPIFICIO
2619 213 2748 273 DEI.

3649 200 3714 268 16

467 352 544 408 εἰ
572 365 675 420 qua
701 363 831 406 vero
860 347 912 402 in
962 343 1200 415 praedam
1250 341 1546 412 majoribus
1572 339 1800 404 cedunt,
1834 353 1901 392 ne
1933 346 2012 395 ta-
2037 341 2088 399 Α
2116 337 2208 393 sed
2241 338 2292 392 in
2350 338 2531 393 animo
2569 337 2788 408 posuit:
2829 334 3083 407 quoniam
3131 344 3519 402 supervacuum
3567 328 3709 394 fuit,

421 460 545 501 men
572 444 737 513 stirps
766 452 954 496 eorum
980 435 1221 491 funditus
1250 435 1530 498 interiret,
1561 441 1653 487 aut
1699 432 1752 485 in
1779 444 1843 486 ea
1891 436 2016 483 sunt

421 538 656 607 relegata
681 533 904 603 regione
926 573 942 599 ,
971 529 1060 586 ubi
1105 529 1309 599 majora
1338 542 1461 582 esse
1497 540 1601 581 non
1627 532 1853 595 possunt
1881 539 1896 587 ;
1926 530 2019 576 aut

422 636 746 699 acceperunt
775 624 993 679 uberem
1025 620 1318 692 generandi
1371 617 1773 675 foecunditatem
1799 657 1814 684 ,
1858 621 1918 668 ut
1965 621 2022 668 et
2065 631 2069 636 ·

423 720 611 777 bestiis
639 761 654 785 ,
684 733 804 788 qua:
830 716 1091 786 sanguine
1118 714 1356 780 aluntur,
1385 713 1559 766 vietus
1612 715 1927 780 suppeteret
1954 722 2021 760 cx

332 821 340 828 '
422 815 564 879 illis,
619 819 674 866 et
729 810 930 864 illatam
960 817 1134 863 tamen
1178 805 1426 868 cladem,
1459 803 1526 858 ad
1558 800 2023 857 conservationem

423 901 662 973 generis,
695 898 979 954 multitudo
1007 899 1122 966 ipsa
1151 902 1451 963 superaret.
1483 891 1767 947 Hominem
1817 897 2018 955 autem,

424 995 636 1048 ratione
666 1005 924 1046 concessa
949 1031 964 1056 ,
988 996 1042 1043 et
1068 989 1264 1041 virtute
1297 983 1561 1040 sentiendi
1586 993 1746 1056 atque
1775 981 2024 1050 eloquen-

426 1088 480 1142 di
509 1087 630 1141 data
653 1128 666 1148 ,
697 1099 884 1139 eorum
905 1124 920 1149 ,
977 1096 1097 1151 qua:
1127 1077 1338 1134 caeteris
1379 1075 1740 1131 animantibus
1768 1073 2025 1128 attributa

426 1189 584 1243 sunt,
620 1176 744 1232 fecit
800 1181 1077 1244 expertem
1100 1213 1114 1237 ,
1158 1169 1280 1240 quia
1306 1169 1566 1238 sapientia
1620 1166 1848 1221 reddere
1878 1172 2030 1234 pote-

429 1280 515 1325 rat
540 1311 556 1335 ,
589 1285 708 1338 qua:
738 1267 814 1320 illi
847 1276 1051 1319 naturae
1073 1261 1312 1317 conditio
1337 1261 1689 1329 denegasset,
1717 1256 1904 1312 statuit
1925 1270 2029 1309 nu-

431 1361 558 1417 dum
580 1401 595 1426 ,
627 1368 682 1414 et
711 1359 973 1412 inermem
999 1397 1012 1419 ,
1042 1355 1166 1424 quia
1194 1363 1247 1408 et
1295 1353 1509 1422 ingenio
1557 1359 1765 1417 poterat
1797 1347 2028 1413 armari,

430 1462 486 1508 et
515 1453 723 1507 ratione
753 1449 958 1504 vestiri.
983 1448 1060 1503 Ea
1086 1460 1216 1501 vero
1245 1446 1358 1514 ipsa
1387 1485 1402 1510 ,
1431 1458 1550 1513 qua:
1591 1442 1752 1496 mutis
1791 1439 1913 1494 data
1932 1481 1946 1505 ,
1979 1447 2034 1493 et

433 1545 640 1600 homini
667 1543 929 1612 denegata
957 1547 1116 1604 sunt,
1147 1552 1306 1608 quam
1353 1534 1676 1590 mirabiliter
1725 1531 1932 1588 homini
1966 1529 2035 1586 ad

433 1636 889 1708 pulchritudinem
925 1633 1152 1696 iaciant,
1189 1630 1416 1700 exprimi
1447 1645 1553 1684 non
1587 1637 1780 1698 potest.
1823 1626 1957 1681 Nam
1989 1625 2037 1679 si

419 1719 488 1784 'in
511 1729 731 1784 homine
761 1728 961 1782 ferinos
984 1728 1174 1780 dentes
1201 1765 1214 1789 ,
1243 1732 1334 1777 aut
1386 1735 1588 1777 cornua
1615 1762 1630 1784 ,
1663 1728 1754 1773 aut
1783 1731 1991 1787 ungues
2017 1758 2032 1784 ,
2063 1733 2114 1794 Β

438 1829 532 1876 aut
559 1818 783 1889 ungulas
807 1857 823 1885 ,
854 1826 946 1872 aut
970 1814 1194 1870 caudam
1213 1854 1228 1875 ,
1255 1819 1346 1867 aut
1382 1811 1516 1866 varii
1539 1809 1735 1866 coloris
1761 1808 1901 1879 pilos
1939 1807 2038 1862 ad-

335 1958 351 1968 ,
439 1911 848 1981 didisset;quis
893 1923 1000 1964 non
1029 1908 1227 1963 sentiat
1279 1919 1439 1975 quam
1470 1914 1626 1972 turpe
1669 1900 1867 1956 animal
1896 1907 2042 1955 esset

443 2007 682 2064 futurum
711 2046 726 2070 ,
762 2005 900 2060 sicut
932 2010 1075 2057 muta
1101 2043 1117 2068 ,
1150 2000 1198 2055 si
1225 1999 1364 2054 nuda
1401 2007 1457 2054 et
1499 1998 1724 2053 inermia
1766 1996 2041 2066 ﬁngeren-

445 2098 579 2154 tur?
607 2097 814 2166 Quibus
840 2096 886 2149 si
916 2093 1169 2149 detrahas
1187 2133 1202 2159 ,
1223 2091 1304 2146 vel
1333 2090 1638 2145 naturalem
1689 2087 1771 2142 sui
1799 2086 2044 2158 corporis

445 2200 656 2248 vestem
681 2232 696 2257 ,
721 2189 805 2244 vel
832 2203 895 2244 ea
922 2186 1116 2257 quibus
1143 2200 1210 2240 ex
1232 2199 1292 2239 se
1321 2192 1620 2248 armantur,
1651 2195 1752 2236 nec
1794 2180 2044 2250 speciosa

446 2293 703 2354 poterunt
725 2297 846 2338 esse
866 2321 881 2347 ,
911 2295 1013 2335 nec
1039 2289 1184 2343 tuta;
1212 2286 1270 2331 ut
1306 2275 1642 2341 mirabiliter,
1676 2275 1720 2328 si
1761 2273 2042 2328 utilitatem

450 2377 658 2447 cogites
683 2417 698 2440 ,
729 2376 986 2429 instructa
1009 2413 1026 2438 ,
1068 2371 1114 2425 si
1162 2361 1436 2440 speciem,
1481 2376 1668 2423 ornata
1712 2366 1996 2421 videantur
2029 2383 2045 2420 :

453 2470 592 2526 adeo
616 2470 757 2524 miro
787 2467 946 2521 modo
974 2464 1247 2521 consentit
1269 2463 1472 2517 utilitas
1497 2477 1619 2517 cum
1647 2461 1865 2517 decore.

522 2563 811 2618 Hominem
844 2573 974 2614 vero
997 2600 1012 2626 ,
1041 2572 1199 2626 quem
1233 2563 1492 2610 aeternum
1533 2552 1731 2607 animal
1761 2561 1922 2621 atque
1955 2552 2053 2606 im-

453 2657 686 2716 mortale
730 2655 1008 2726 ﬁngebat,
1059 2666 1164 2706 non
1225 2649 1559 2711 forinsecus,
1591 2654 1650 2700 ut
1679 2657 1906 2710 caetera,
1952 2645 2049 2699 sed

465 2751 691 2809 interius
718 2749 946 2804 armavit
976 2763 992 2813 ;
1022 2760 1124 2801 nce
1150 2743 1538 2798 munimentum
1566 2740 1690 2811 ejus
1708 2739 1761 2792 in
1790 2752 2015 2808 corpore
2035 2779 2050 2802 ,

2117 448 2238 488 cum
2269 432 2340 487 illi
2367 475 2382 500 ,
2413 431 2556 503 quod
2580 442 2697 488 erat
2723 430 3014 486 maximum
3035 472 3050 496 ,
3084 429 3400 495 tribuisset,
3453 437 3712 496 corpora-

2120 525 2260 580 libus
2286 541 2408 581 eum
2437 534 2619 596 tegere
2671 523 3053 592 munimentis;
3085 536 3206 577 eum
3237 518 3538 592 praesertim
3579 516 3717 587 ‘pul-

2121 617 2480 674 ehritudinem
2512 617 2733 672 humani
2783 617 3025 688 corporis
3053 613 3396 685 impedirent.
3441 608 3596 682 Unde
3617 622 3716 680 ego

2125 711 2602 782 philosophorum,
2635 710 2726 782 qui
2747 709 3039 780 Epicurum
3064 715 3384 778 sequuntur,
3424 703 3715 760 amentiam

2125 805 2274 861 soleo
2297 804 2511 870 mirari,
2543 804 2642 876 qui
2663 811 2868 858 naturae
2893 817 3054 873 opera
3083 799 3513 871 reprehendunt,
3541 805 3602 852 ut
3625 810 3718 850 os-

2126 896 2349 953 tendant
2377 938 2393 964 ,
2422 896 2565 950 nulla
2592 895 2930 967 providentia
2975 895 3295 949 instructum
3325 905 3448 947 esse
3496 904 3561 945 ae
3602 889 3716 958 regi

2100 989 2387 1049 .mundum
2413 1005 2428 1054 ;
2459 989 2553 1043 sed
2575 989 2837 1059 originem
2862 1002 3042 1044 rerum
3066 985 3440 1042 insecabilibus
3483 998 3546 1038 ac
3592 982 3722 1036 soli-

2129 1079 2213 1134 dis
2239 1079 2560 1151 corporibus
2583 1080 2895 1150 assignant,
2947 1093 3175 1150 quorum
3225 1077 3457 1133 fortuitis
3497 1089 3725 1130 concur-

2132 1173 2372 1227 sionibus
2413 1173 2660 1228 universa
2699 1182 3006 1238 nascantur,
3038 1183 3092 1227 et
3118 1182 3242 1227 nata
3274 1171 3402 1225 sint.
3448 1169 3724 1224 Praetereo

2132 1279 2252 1333 quae
2278 1264 2343 1318 ad
2396 1265 2568 1334 ipsum
2612 1264 2870 1320 mundum
2899 1261 3245 1335 'pertinentia
3294 1263 3426 1317 vitio
3468 1261 3629 1326 dant,
3668 1260 3725 1314 in

2133 1367 2241 1423 quo
2273 1353 2501 1410 ridicule
2529 1355 2836 1420 insaniunt;
2872 1355 2922 1410 id
2955 1369 3140 1423 sumo,
3177 1353 3321 1424 quod
3359 1352 3427 1408 ad
3465 1367 3576 1408 rem
3603 1393 3617 1419 ,
3660 1350 3730 1405 de

2136 1460 2240 1517 qua
2264 1461 2409 1502 nunc
2429 1447 2637 1517 agimus
2655 1489 2670 1514 ,
2705 1448 2957 1518 pertinet.

2754 1562 2982 1619 CAPUT
3020 1561 3109 1618 ΙΙΙ.

2424 1677 2504 1733 De
2531 1679 2817 1735 conditione
2847 1679 3100 1750 pecudum
3141 1686 3186 1734 et
3214 1678 3454 1734 hominis.

2215 1812 2543 1880 Queruntur,
2578 1814 2847 1869 hominem
2877 1813 3039 1869 nimis
3065 1812 3398 1870 imbecillum
3419 1819 3474 1868 et
3500 1809 3746 1881 fragilem

2144 1908 2315 1975 nasci,
2347 1921 2507 1976 quam
2536 1917 2730 1961 caetera
2760 1905 3012 1961 animalia
3041 1915 3364 1970 nascuntur;
3395 1919 3518 1975 qua:
3548 1914 3604 1960 ut
3625 1912 3750 1959 sunt

2145 1998 2288 2054 edita
2317 2011 2385 2053 ex
2413 2007 2586 2065 utero,
2626 1998 2868 2067 protinus
2918 1999 2968 2053 in
3000 1998 3162 2068 pedes
3187 2013 3315 2054 suos
3353 1997 3508 2069 erigi,
3536 2007 3593 2054 et
3629 2011 3752 2067 ges-

2147 2091 2247 2145 tire
2266 2089 2620 2157 discursibus,
2640 2091 2929 2161 statimque
2951 2090 3061 2144 aeri
3083 2088 3365 2145 tolerando
3387 2089 3578 2144 idonea
3604 2103 3750 2154 esse,

2148 2182 2290 2252 quod
2315 2183 2365 2235 in
2395 2182 2567 2238 lucem
2591 2182 2925 2238 naturalibus
2944 2182 3274 2238 indumentis
3296 2183 3503 2237 munita
3531 2196 3751 2252 proces-

2151 2274 2318 2328 serint
2336 2291 2347 2325 :
2367 2273 2642 2330 hominem
2663 2283 2873 2342 contra,
2897 2273 3122 2342 nudum,
3143 2287 3196 2328 et
3213 2274 3478 2330 inermem
3508 2283 3760 2344 tanquam

2152 2380 2218 2422 ex
2250 2365 2527 2436 naufragio
2560 2366 2611 2420 in
2654 2366 2813 2436 hujus
2860 2367 2983 2422 vitae
3034 2367 3278 2422 miserias
3326 2367 3515 2437 projici
3563 2375 3618 2422 et
3663 2382 3762 2421 ex-

2155 2458 2310 2528 pelli;
2339 2460 2427 2528 qui
2459 2475 2632 2530 neque
2658 2475 2876 2515 movere
2904 2476 2963 2516 se
2993 2461 3132 2524 loco,
3163 2460 3250 2515 ubi
3279 2459 3478 2514 effusus
3504 2469 3607 2526 est,
3637 2474 3766 2530 pos-

2156 2553 2262 2616 sit,
2307 2569 2405 2608 nec
2449 2553 2763 2608 alimentum
2805 2554 2960 2610 laetis
3008 2564 3263 2625 appetere
3291 2595 3306 2621 ,
3357 2570 3459 2610 nee
3509 2553 3761 2623 injuriam

2159 2645 2418 2714 temporis
2446 2644 2847 2716 ferre;‘itaque
2893 2655 3177 2714 naturam,
3208 2662 3314 2701 non
3365 2656 3590 2701 matrem
3639 2659 3766 2701 esse

2164 2735 2380 2792 humani
2420 2737 2655 2808 generis,
2684 2738 2779 2794 sed
2804 2752 3114 2804 novercam,
3155 2755 3275 2809 qua:
3316 2752 3436 2794 cum
3467 2737 3628 2794 mutis
3661 2745 3770 2810 tam

1780 2874 2150 2934 VARIORUM
2195 2875 2332 2931 ΝΟΤ
2336 2876 2427 2931 1E.

466 3025 632 3084 Brun.
663 3033 716 3081 et
744 3024 879 3078 Bov.
914 3022 969 3073 ln
1004 3033 1115 3072 rec.
1161 3026 1339 3071 tamen
1369 3017 1402 3070 3
1435 3015 1565 3090 Reg.
1585 3057 1600 3082 ,
1629 3012 1666 3066 2
1695 3012 1852 3090 Golb.
1904 3013 2056 3090 et_in
2088 3015 2133 3078 C
2165 3013 2331 3090 Brun.
2362 3030 2425 3069 ac
2447 3016 2499 3070 in
2527 3016 2687 3090 editis
2717 3017 2888 3073 tribus
2913 3017 3068 3074 deest
3091 3019 3418 3090 pertinentia.
3475 3019 3487 3044 ’

465 3095 867 3167 vulgatis,vim
920 3090 1221 3167 pruinarum
1262 3087 1586 3167 _ac_frigora
1638 3085 1908 3140 sustinere.
1962 3085 2064 3139 Ast

471 3160 615 3242 apud
642 3160 958 3242 Ciceronem
985 3171 1068 3216 est
1095 3160 1300 3241 frigoris

549 3239 615 3293 ιη
642 3255 702 3292 ea
728 3245 843 3290 sunt
869 3225 1332 3302 relegata'regione.
1361 3229 1435 3282 Ita
1464 3227 1620 3282 multi
1662 3242 1794 3282 mss.
1823 3234 1879 3280 ct
1914 3225 2064 3294 editi.

475 3312 547 3368 Et
582 3312 654 3364 ita
680 3307 804 3362 alibi
834 3304 1144 3359 Lactantius
1173 3304 1338 3354 utitur
1376 3310 1531 3353 sexto
1561 3313 1690 3352 casu
1717 3313 1814 3368 pro
1845 3308 2069 3367 quarto,

477 3393 534 3438 et
557 3389 767 3436 contra.
798 3374 1052 3431 Nonnulli
1102 3372 1300 3426 habent
1337 3370 1553 3440 religata
1580 3371 1821 3439 regione;
1854 3369 2073 3440 quidam

479 3453 699 3522 religata
727 3448 1006 3522 religione,
1034 3455 1090 3497 ut
1119 3459 1230 3522 ms_._
1257 3443 1415 3506 Bov.,
1442 3439 1542 3522 sed
1585 3441 1846 3522 nt.ale_.‘—_-
1869 3439 1934 3522 In
1952 3457 2077 3522 eam

483 3510 602 3579 sun?
625 3510 846 3589 relegata
872 3517 1145 3589 regionem.
1192 3512 1551 3589 [Erasmus-in
1581 3511 1668 3589 ed_.
1717 3510 1880 3565 Frob.
1913 3511 2075 3589 1529,

486 3581 1385 3666 Gytnn.,_'Torn.,;Betul.,_Paris,
1419 3583 1594 3666 1.5.6l‘:
1628 3581 1831 3666 lanea-nt
1856 3582 2084 3666 relegata

488 3651 606 3720 sunt
627 3651 914 3731 regionem.
933 3658 1087 3731 Best.
1108 3657 1355 3731 χὶξίοὲεξ,
1395 3655 1632 3723 religata.
1689 3651 1875 3720 Colb.,
1910 3651 2080 3731 L_ips.,

489 3723 862 3792 Reinnnann.,
897 3726 1232 3790 “63-1524,
1262 3725 1584 3779 Thomasius
1613 3733 1668 3778 et
1693 3739 1847 3794 seqq.
1885 3741 1898 3778 :
1932 3723 1998 3776 In
2027 3741 2087 3778 ea

492 3807 716 3874 relegata
740 3803 964 3874 regione.
989 3799 1237 3874 Relegare
1267 3796 1429 3874 valet_
1448 3796 1736 3874 (intendere
1747 3836 1765 3874 _,
1813 3796 2087 3874 ablegare,

497 3865 1022 3947 segriegareib‘mpius
1047 3865 1168 3947 cum
1191 3866 1370 3920 dativo
1411 3865 1673 3935 jungitur.
1705 3865 1795 3920 Sic
1821 3881 1889 3920 ex
1918 3866 2095 3935 Virgi-

501 3939 575 4002 li6
603 3939 752 4001 Lact.
784 3943 876 3996 lib.
908 3956 944 4007 I,
969 3953 1017 3993 c.
1063 3939 1126 3991 17
1161 3953 1173 3989 :

999 4019 1222 4069 Seeretis
1240 4018 1364 4068 alma
1381 4019 1603 4068 recondit

600 4090 831 4151 Sedibus,
859 4093 914 4135 et
935 4082 1156 4147 nymphae
1179 4080 1374 4142 Egeriae
1398 4083 1686 4144 nemorique
1711 4081 1933 4198 relegatli
1953 4087 2053 4131 ele.

1940 4160 2027 4198 ure.

1940 4160 2027 4199 UN.

585 4231 645 4288 Si
673 4232 728 4284 in
760 4229 981 4282 homine.
1015 4225 1091 4280 Ita
1119 4224 1329 4279 restitui
1361 4239 1426 4277 ex
1482 4225 1863 4279 vetustissimis
1887 4234 1942 4280 et
1967 4225 2107 4295 opti-

513 4307 617 4359 mis
645 4317 773 4357 mss.
796 4300 834 4353 (Ξ
862 4300 1094 4361 Bonon.,
1129 4295 1412 4364 Reg-Pal.
1440 4295 1666 4365 aliisque
1693 4298 1728 4349 Ξ
1761 4297 1917 4364 ltcg.,
1945 4296 2106 4362 Tam,

514 4376 551 4430 2
589 4375 770 4438 Colb.,
804 4372 990 4426 Baluz.
1025 4368 1083 4424 In
1127 4368 1376 4424 undecim
1406 4381 1520 4422 rec.
1550 4375 1604 4422 et
1651 4370 1702 4421 in
1731 4368 1890 4422 editis
1917 4376 2032 4432 est,
2064 4368 2109 4420 si

519 4446 734 4500 It‘ontini.

597 4515 724 4582 Quis
748 4529 851 4565 non
882 4509 1086 4582 sentiat.
1115 4509 1207 4582 §ic
1238 4508 1452 4582 reposui
1503 4525 1569 4582 cit
1599 4510 1848 4582 omnibus
1899 4523 2028 4582 mss.
2058 4519 2115 4563 et

521 4578 844 4649 vet:,cditis.
889 4581 1071 4640 Ralm,
1105 4578 1374 4648 Gymnic.,
1405 4579 1608 4644 Graph.
1641 4579 1694 4633 In
1729 4580 1976 4634 undecim
2023 4595 2112 4635 re-

524 4653 855 4714 centioribus
876 4651 1034 4706 editis
1061 4649 1277 4719 legitur,
1305 4650 1472 4702 sentit.
1506 4649 1659 4704 Prior
1685 4651 1844 4706 lectio
1888 4651 2116 4706 Lactan—

527 4730 670 4784 tiana
699 4734 842 4780 recta
865 4731 966 4776 est.

603 4798 785 4864 Quem.
823 4793 895 4847 lta
946 4789 1490 4864 rescribendumeSt,
1535 4801 1686 4864 teste,
1711 4792 2027 4847 lieumanno
2051 4807 2116 4847 ex

529 4861 857 4926 editionibus
888 4863 1239 4935 “7‘2,AM_78,
1272 4861 1416 4935 1515
1470 4863 1722 4935 (11515,
1756 4865 1808 4918 in
1835 4864 1954 4919 aliis
1986 4865 2120 4935 legi-

534 4953 619 4995 tur
641 4937 899 5008 quoniam,
929 4933 1069 5003 quod
1097 4933 1272 5008 minus
1299 4932 1438 5008 bene
1466 4934 1693 5008 videtur.

609 5004 1059 5074 ΡῚιὶιοδορΙιοι-ειηι.
1117 5004 1336 5057 Scilicet
1377 5005 1632 5074 Leucippi
1689 5014 1744 5061 et
1796 5005 2120 5072 Democriti,

535 5097 669 5152 quos
711 5088 926 5152 secutus
969 5085 1048 5128 est
1086 5074 1386 5142 Epicurus,
1427 5085 1584 5143 atque
1630 5075 1860 5132 Lucretii
1901 5079 1989 5147 qui
2032 5092 2120 5133 se-

535 5147 692 5208 cutus
721 5159 803 5203 est
827 5147 1135 5215 Epicurum.

613 5219 1001 5281 lnsecubilibus,
1023 5225 1127 5270 etc.
1162 5215 1406 5280 Scilicet,
1441 5217 1654 5270 atomis.

614 5293 909 5347 Nascantur
938 5297 983 5340 et
1013 5287 1267 5357 natarsint.
1291 5286 1399 5349 Sic,
1426 5287 1799 5357 id‘jueoptinte
1828 5305 1955 5344 mss.
1990 5291 2120 5346 Bov.

540 5375 702 5431 atque
731 5362 992 5416 editiones
1017 5356 1173 5420 1472,
1211 5357 1369 5431 1476,
1408 5357 1562 5431 1478.

616 5429 742 5502 Qun:
772 5431 837 5485 ad
864 5433 1027 5494 ipsum
1071 5429 1312 5502 mundum
1337 5430 1660 5502 pertinentia.
1692 5431 1762 5483 lla
1796 5447 1914 5484 cum
1949 5433 2126 5486 ninni-

543 5497 780 5560 busft'cre
829 5502 1023 5559 ριίὶιίς,
1080 5515 1206 5551 mss.
1259 5499 1292 5549 Ξ
1337 5497 1566 5563 Bonon.,
1597 5499 1934 5565 Regio-i'tit.,
1967 5506 2123 5568 'l‘ax.,

543 5579 705 5640 Ultr.,
742 5574 882 5635 Enn,
911 5571 1148 5623 Clarom.
1183 5587 1209 5622 a
1244 5569 1408 5634 prima
1445 5587 1623 5622 manu.
1653 5572 1722 5624 At
1771 5573 2024 5627 Erasmus
2074 5577 2131 5628 in

544 5665 646 5702 IIIS.
679 5647 864 5700 codice
891 5659 918 5694 a
945 5657 1001 5696 se
1032 5641 1323 5712 viso_legit,
1370 5642 1439 5692 at!
1468 5643 1635 5712 ipsum
1680 5643 1924 5695 mundum
1973 5646 2128 5712 perri.

543 5720 715 5776 nantia
740 5757 756 5786 ,
783 5716 959 5772 deleto
994 5726 1125 5785 gate.
1155 5710 1212 5764 in
1241 5727 1333 5770 sex
1373 5726 1501 5766 vero
1526 5711 1882 5784 Colbcrtinis,
1910 5710 2130 5784 Mat-tm,

2135 4365 2355 4458 Dsieut
2398 4365 2451 4420 in
2480 4365 2779 4434 Cicerone,
2825 4368 3040 4424 Catsare
3084 4378 3138 4422 et
3186 4365 3380 4422 Livio:
3434 4365 3559 4423 ut...

2213 4447 2337 4489 ut...
2369 4431 2680 4489 confestim:
2729 4449 2852 4489 ut...
2899 4440 3136 4489 continuo
3161 4455 3179 4489 :
3220 4449 3338 4489 nt...
3375 4448 3559 4489 extenti

2213 4454 2248 4490 u

2245 3085 2542 3164 Queruntur
2588 3089 2842 3164 hominem
2898 3090 3050 3164 nimis
3088 3085 3408 3164 imbecillum
3461 3100 3509 3147 et
3544 3087 3781 3164 fragilem

2169 3159 2334 3233 nasci.
2368 3158 2587 3233 Scilicet
2616 3159 2832 3216 Lucret.
2865 3175 2916 3233 ιζ,
2951 3162 3053 3216 sub
3085 3162 3292 3216 initium
3313 3203 3327 3224 ,
3353 3162 3510 3233 Plin.
3544 3158 3779 3233 'prEefat.

2173 3244 2266 3293 vn,
2293 3229 2559 3283 immerito
2590 3242 2767 3285 tamen
2795 3241 2849 3286 et
2877 3231 3050 3297 fatue,
3082 3243 3135 3286 ut
3172 3235 3245 3286 ait
3271 3229 3610 3300 Aristoteles,
3638 3235 3689 3290 tv
3717 3237 3785 3291 de

2178 3308 2318 3376 part.
2343 3315 2462 3368 cap.
2499 3302 2588 3376 19,
2613 3302 2806 3376 Senec.
2839 3319 2892 3376 tv
2923 3303 2991 3376 de
3013 3303 3198 3358 Benef.
3228 3319 3278 3376 cf.
3315 3305 3402 3376 18,
3436 3305 3555 3376 Gal.
3591 3323 3627 3371 ι,
3661 3322 3780 3376 cap.

2173 3371 2210 3424 ‘2
2237 3379 2294 3425 et
2321 3386 2500 3440 scqq.,
2529 3372 2805 3427 Plutarch.
2847 3373 2915 3427 de
2949 3373 3203 3441 Fortuna,
3238 3375 3397 3429 Basil.
3429 3375 3706 3431 Homil.l()
3731 3371 3785 3432 in

2182 3441 2567 3515 Heuameron”
2587 3442 2977 3515 Gregor.Nyss.
3003 3445 3071 3498 de
3090 3443 3324 3500 hominis
3345 3447 3786 3515 Opificio.ls.eus.

2258 3511 2430 3565 Nimis
2452 3511 2831 3570 imbecillum...
2859 3511 3010 3583 (lnam
3040 3526 3228 3569 cwtera
3269 3511 3537 3571 animalia.
3571 3518 3626 3573 1d
3671 3529 3790 3584 est,

2195 3599 2309 3654 prae
2339 3584 2552 3657 caeteris
2597 3586 2918 3657 animalibus
2939 3626 2953 3652 ,
3008 3585 3180 3641 forma
3211 3588 3464 3657 loquendi
3495 3588 3750 3645 inusitata
3773 3630 3789 3654 ,

2151 3713 2159 3723 ,
2188 3655 2466 3726 ηιιτιηιένὶχ
2499 3655 2639 3725 apud
2688 3657 2856 3711 ullum
2902 3668 3176 3712 auctorem
3225 3655 3483 3726 reperies.
3513 3689 3586 3700 —
3619 3659 3794 3715 Nimis

2190 3724 2564 3801 imbecillum...
2635 3729 2792 3793 nasci,
2860 3745 3032 3798 quam.
3084 3724 3342 3801 Sparkius
3379 3745 3602 3801 quoque
3660 3733 3798 3786 hanc

2196 3796 2444 3873 loquendi
2516 3799 2739 3873 for_mam
2786 3796 2940 3873 vocat
2994 3796 3320 3873 inusitatam.
3373 3796 3636 3856 Keiherus
3683 3802 3801 3873 qui-

2196 3869 2323 3942 dem
2352 3868 2403 3921 in
2428 3882 2549 3942 suo
2572 3868 2807 3924 Theatro
2850 3871 3043 3936 Plauti,
3096 3872 3245 3924 nimis
3268 3888 3422 3938 quant
3461 3874 3612 3942 cupio
3634 3914 3651 3939 ,
3701 3868 3801 3928 ex-

2201 3939 2355 4008 ponit
2384 3939 2501 4012 plus
2529 3957 2682 4012 quam
2706 3942 2857 4011 cupio
2885 3958 2902 3995 :
2947 3941 3041 3996 sed
3091 3941 3356 4010 significat
3405 3939 3582 4012 potius
3612 3943 3759 4010 vglde
3783 3985 3801 4011 ,

2201 4010 2499 4084 admodum.
2564 4011 2727 4084 Plura
2775 4010 2944 4066 etiam
3002 4014 3069 4067 de
3123 4014 3348 4067 formula
3404 4010 3557 4068 nimis
3607 4010 3800 4084 quant,

2202 4080 2508 4155 Gronovius
2535 4081 2603 4155 ad
2623 4081 2743 4155 Cel.
2775 4084 2869 4138 lih.
2898 4100 2949 4148 v,
2981 4099 3102 4155 cap.
3136 4084 3203 4138 14
3227 4126 3242 4152 ,
3276 4084 3532 4155 ρεις.528
3581 4080 3635 4141 et
3665 4080 3804 4155 Bur-

2207 4167 2391 4206 mann.
2419 4151 2487 4207 ad
2532 4151 2756 4220 Quintil.
2805 4156 2898 4211 lib.
2953 4171 3004 4210 tv
3050 4151 3367 4225 lnst.,eap.'
3391 4154 3443 4222 2,
3501 4172 3620 4279 [ἐπε.
3673 4153 3801 4211 336.

3547 4243 3631 4279 ua.

3547 4243 3612 4281 UN

3581 4259 3631 4281 Π.

2289 4291 2357 4348 Ut
2399 4303 2518 4367 sunt
2554 4296 2759 4352 edita...
2791 4297 3041 4366 protinus.
3079 4297 3366 4366 Eleganter
3393 4305 3517 4352 ut...
3552 4297 3806 4367 protinus,

3606 4371 3776 4423 statim
3792 4383 3812 4432 ,'

2278 4475 2337 4510 ...
2369 4431 2636 4510 confestim
2661 4455 2680 4503 ;
2729 4431 2852 4495 ut...
2884 4440 3179 4510 continuo;
3220 4443 3666 4510 nt...,e.ttempto;
3692 4431 3815 4494 ut...

2217 4509 2402 4583 subito.
2440 4506 2573 4563 Vide
2589 4508 2831 4583 _Tursell.
2863 4509 2931 4567 de
2962 4521 3097 4581 part.
3131 4512 3218 4566 ed.
3244 4525 3277 4564 tt
3304 4552 3318 4576 ,
3345 4506 3626 4566 Schwartz
3647 4554 3662 4580 ,
3693 4527 3813 4583 pag.

2222 4579 2361 4634 1099
2389 4595 2402 4642 ;
2433 4595 2550 4650 seq.
2586 4581 2720 4635 Bun.

2296 4650 2600 4724 §tatint.....
2641 4653 2826 4707 idonea
2860 4670 2988 4720 esse,
3033 4655 3187 4724 quod.
3236 4652 3412 4724 Subl.,
3449 4653 3624 4718 liosl.,
3660 4652 3816 4718 Ven.,

2221 4719 2387 4793 1471,
2419 4721 2519 4787 7'2,
2565 4733 2792 4792 utraque
2821 4719 3080 4793 78-15-15,
3117 4727 3284 4778 Paris.
3305 4766 3318 4788 ,
3349 4723 3520 4791 Crat.,
3554 4724 3737 4787 Frob.,
3767 4734 3824 4776 et

2223 4791 2460 4862 Gymn.:
2491 4791 2780 4847 statim.
2828 4797 3012 4848 idonea
3047 4791 3174 4857 esse,
3207 4812 3377 4863 quant.
3435 4795 3631 4849 lteram
3674 4809 3820 4857 nove,

2224 4865 2399 4936 inquit
2427 4863 2703 4936 Erasmus,
2748 4868 3010 4936 usurpavit
3056 4868 3189 4918 hanc
3224 4881 3392 4918 vocem
3435 4868 3613 4920 statim
3641 4879 3821 4934 quam,

2227 4951 2321 5004 pro
2348 4934 2506 4987 simul
2530 4945 2708 5005 atque.
2739 4937 2852 4990 Non
2874 4934 3252 5005 adspernarer,
3278 4953 3429 5005 quant
3453 4936 3679 4992 Erasmo
3700 4948 3827 4987 nove

2227 5016 2529 5074 usurpatam
2569 5006 2762 5060 dictam
2793 5008 3053 5070 vocnlam,
3086 5021 3313 5067 memor,
3361 5019 3600 5062 nostrum
3626 5007 3828 5059 dixisse

2229 5076 2324 5130 lib.
2366 5091 2436 5130 vn
2467 5077 2699 5131 lnstitut.
2742 5093 2862 5148 cap.
2909 5079 2977 5132 5:
3016 5095 3116 5131 non
3147 5080 3340 5143 statim,
3368 5094 3519 5147 quam
3554 5085 3703 5201 natus
3731 5087 3824 5131 est.

3631 5162 3719 5201 UN.

3631 5162 3719 5202 ΠΝ.

2313 5217 2580 5272 llatninem
2630 5229 2843 5285 contra,
2900 5221 3134 5287 nudum,
3188 5228 3292 5276 etc.
3346 5218 3710 5272 Tertullianus
3764 5215 3834 5273 de

2233 5292 2409 5344 Carne
2437 5288 2635 5362 Christi
2661 5308 2671 5341 :
2706 5289 2899 5345 Horres
2920 5294 3092 5362 utique
3118 5293 3364 5361 infantem
3393 5305 3507 5362 cum
3534 5290 3639 5362 suis
3668 5291 3835 5361 impe-

2237 5361 2474 5414 dimentis
2507 5363 2773 5431 profusum
2821 5373 2868 5416 rt
2911 5359 3142 5418 oblitum.
3175 5359 3380 5418 Seneca
3428 5359 3493 5412 ad
3544 5359 3835 5414 Marciani:

2240 5433 2379 5496 Quid
2410 5443 2480 5484 est
2510 5433 2704 5485 homo?
2753 5434 3061 5488 imbecillum
3102 5450 3283 5504 corpus
3308 5442 3353 5483 et
3382 5431 3591 5504 fragile,
3619 5432 3848 5502 nudum,

2239 5517 2285 5556 et
2319 5515 2495 5573 suapte
2526 5513 2711 5555 natura
2751 5507 2962 5558 inerme.
3469 5503 3730 5556 Putemus.

2320 5575 2416 5627 Ubi
2444 5573 2633 5638 e/fusus
2673 5587 2766 5646 est.
2819 5580 3007 5631 l’arlns
3035 5578 3308 5646 eleganter
3349 5573 3543 5627 dicitur
3567 5573 3846 5644 [undi,'ef-

2247 5645 2413 5718 fundi.
2444 5647 2561 5699 Lib.
2604 5661 2661 5699 ιιι
2704 5645 2857 5715 lnst.,
2891 5666 2941 5704 c.
2969 5650 3065 5706 i9:
3099 5645 3262 5716 locus,
3307 5646 3357 5699 in
3393 5661 3492 5715 quo
3523 5646 3733 5718 quisque
3776 5648 3848 5698 est

2245 5716 2437 5785 effusus
2466 5732 2530 5770 ex
2559 5727 2721 5771 utero.
