  <div class='ocr_page' id='page_1' title='image "/cluster/home/n/w/nwhite01/storage/ocr_20150623/7/hvd.32044096580352/014.png"; bbox 0 0 4138 6190; ppageno 0'>
   <div class='ocr_carea' id='block_1_1' title="bbox 357 266 3676 372">
    <p class='ocr_par' dir='ltr' id='par_1_1' title="bbox 357 266 3676 372">
     <span class='ocr_line' id='line_1_1' title="bbox 357 266 3676 372; baseline 0.005 -18"><span class='ocrx_word' id='word_1_1' title='bbox 357 296 430 354; x_wconf 68' lang='grc'><strong>17</strong></span> <span class='ocrx_word' id='word_1_2' title='bbox 1197 300 1351 356; x_wconf 86' lang='lat' dir='ltr'><strong>CAP.</strong></span> <span class='ocrx_word' id='word_1_3' title='bbox 1393 299 1478 355; x_wconf 91' lang='lat' dir='ltr'><strong>lll.</strong></span> <span class='ocrx_word' id='word_1_4' title='bbox 1524 298 1612 355; x_wconf 80' lang='lat' dir='ltr'><strong>DE</strong></span> <span class='ocrx_word' id='word_1_5' title='bbox 1647 297 2060 357; x_wconf 76' lang='lat' dir='ltr'><strong>CONDITIONE</strong></span> <span class='ocrx_word' id='word_1_6' title='bbox 2103 301 2349 360; x_wconf 88' lang='lat' dir='ltr'><strong>PECUD.</strong></span> <span class='ocrx_word' id='word_1_7' title='bbox 2383 266 2484 362; x_wconf 10' lang='grc' dir='ltr'><strong>»ΕΤ</strong></span> <span class='ocrx_word' id='word_1_8' title='bbox 2527 307 2827 365; x_wconf 82' lang='lat' dir='ltr'><strong>HOMlNlS.</strong></span> <span class='ocrx_word' id='word_1_9' title='bbox 3605 317 3676 372; x_wconf 84' lang='lat' dir='ltr'><strong>l8</strong></span> 
     </span>
    </p>
   </div>
   <div class='ocr_carea' id='block_1_2' title="bbox 357 389 3678 492">
    <p class='ocr_par' dir='ltr' id='par_1_2' title="bbox 357 413 3678 492">
     <span class='ocr_line' id='line_1_2' title="bbox 357 413 3678 492; baseline 0.005 -23"><span class='ocrx_word' id='word_1_10' title='bbox 357 413 664 471; x_wconf 88' lang='lat' dir='ltr'><strong>liberaliter</strong></span> <span class='ocrx_word' id='word_1_11' title='bbox 698 428 758 470; x_wconf 84' lang='lat' dir='ltr'><strong>se</strong></span> <span class='ocrx_word' id='word_1_12' title='bbox 785 415 1040 486; x_wconf 89' lang='lat' dir='ltr'><strong>gesserit,</strong></span> <span class='ocrx_word' id='word_1_13' title='bbox 1087 414 1362 471; x_wconf 85' lang='lat' dir='ltr'><strong>hominem</strong></span> <span class='ocrx_word' id='word_1_14' title='bbox 1402 431 1533 472; x_wconf 91' lang='lat' dir='ltr'><strong>vero</strong></span> <span class='ocrx_word' id='word_1_15' title='bbox 1575 415 1653 470; x_wconf 89' lang='lat' dir='ltr'><strong>sic</strong></span> <span class='ocrx_word' id='word_1_16' title='bbox 1696 415 1962 482; x_wconf 76' lang='lat' dir='ltr'><strong>effuderit,</strong></span> <span class='ocrx_word' id='word_1_17' title='bbox 1993 421 2042 480; x_wconf 84' lang='grc' dir='ltr'>Α</span> <span class='ocrx_word' id='word_1_18' title='bbox 2072 432 2249 473; x_wconf 88' lang='lat' dir='ltr'><strong>nonne</strong></span> <span class='ocrx_word' id='word_1_19' title='bbox 2281 421 2543 475; x_wconf 80' lang='lat' dir='ltr'><strong>maximos</strong></span> <span class='ocrx_word' id='word_1_20' title='bbox 2573 424 2872 492; x_wconf 88' lang='lat' dir='ltr'><strong>suscipiunt</strong></span> <span class='ocrx_word' id='word_1_21' title='bbox 2913 425 2966 479; x_wconf 90' lang='lat' dir='ltr'><strong>in</strong></span> <span class='ocrx_word' id='word_1_22' title='bbox 3017 425 3295 482; x_wconf 89' lang='lat' dir='ltr'><strong>educando</strong></span> <span class='ocrx_word' id='word_1_23' title='bbox 3334 428 3589 485; x_wconf 78' lang='lat' dir='ltr'><strong>labores?</strong></span> <span class='ocrx_word' id='word_1_24' title='bbox 3618 440 3678 485; x_wconf 91' lang='lat' dir='ltr'><strong>ut</strong></span> 
     </span>
    </p>
   </div>
   <div class='ocr_carea' id='block_1_3' title="bbox 358 507 1968 579">
    <p class='ocr_par' dir='ltr' id='par_1_3' title="bbox 358 507 1968 579">
     <span class='ocr_line' id='line_1_3' title="bbox 358 507 1968 579; baseline -0.001 -17"><span class='ocrx_word' id='word_1_25' title='bbox 358 519 418 562; x_wconf 91' lang='lat' dir='ltr'><strong>ut</strong></span> <span class='ocrx_word' id='word_1_26' title='bbox 444 511 619 576; x_wconf 86' lang='lat' dir='ltr'><strong>inops,</strong></span> <span class='ocrx_word' id='word_1_27' title='bbox 659 516 716 562; x_wconf 90' lang='lat' dir='ltr'><strong>et</strong></span> <span class='ocrx_word' id='word_1_28' title='bbox 754 507 1021 574; x_wconf 87' lang='lat' dir='ltr'><strong>infirmus,</strong></span> <span class='ocrx_word' id='word_1_29' title='bbox 1051 518 1104 564; x_wconf 91' lang='lat' dir='ltr'><strong>et</strong></span> <span class='ocrx_word' id='word_1_30' title='bbox 1135 510 1280 564; x_wconf 92' lang='lat' dir='ltr'><strong>omni</strong></span> <span class='ocrx_word' id='word_1_31' title='bbox 1313 510 1513 564; x_wconf 81' lang='lat' dir='ltr'><strong>auxilio</strong></span> <span class='ocrx_word' id='word_1_32' title='bbox 1541 508 1806 579; x_wconf 79' lang='lat' dir='ltr'><strong>indigens,</strong></span> <span class='ocrx_word' id='word_1_33' title='bbox 1835 507 1968 561; x_wconf 88' lang='lat' dir='ltr'><strong>nihil</strong></span> 
     </span>
    </p>
   </div>
   <div class='ocr_carea' id='block_1_4' title="bbox 352 598 1967 670">
    <p class='ocr_par' dir='ltr' id='par_1_4' title="bbox 352 598 1967 670">
     <span class='ocr_line' id='line_1_4' title="bbox 352 598 1967 670; baseline -0.001 -17"><span class='ocrx_word' id='word_1_34' title='bbox 352 600 505 654; x_wconf 83' lang='lat' dir='ltr'><strong>aliud</strong></span> <span class='ocrx_word' id='word_1_35' title='bbox 549 599 737 668; x_wconf 90' lang='lat' dir='ltr'><strong>possit,</strong></span> <span class='ocrx_word' id='word_1_36' title='bbox 779 615 938 669; x_wconf 86' lang='lat' dir='ltr'><strong>quam</strong></span> <span class='ocrx_word' id='word_1_37' title='bbox 985 599 1286 670; x_wconf 76' lang='lat' dir='ltr'><strong>fragilitatis</strong></span> <span class='ocrx_word' id='word_1_38' title='bbox 1315 615 1427 655; x_wconf 75' lang='lat' dir='ltr'><strong>sua:</strong></span> <span class='ocrx_word' id='word_1_39' title='bbox 1457 600 1821 655; x_wconf 86' lang='lat' dir='ltr'><strong>conditionem</strong></span> <span class='ocrx_word' id='word_1_40' title='bbox 1850 598 1967 669; x_wconf 89' lang='lat' dir='ltr'><strong>plo-</strong></span> 
     </span>
    </p>
   </div>
   <div class='ocr_carea' id='block_1_5' title="bbox 353 692 1496 763">
    <p class='ocr_par' dir='ltr' id='par_1_5' title="bbox 353 692 1496 763">
     <span class='ocr_line' id='line_1_5' title="bbox 353 692 1496 763; baseline -0.003 -14"><span class='ocrx_word' id='word_1_41' title='bbox 353 703 480 749; x_wconf 85' lang='lat' dir='ltr'><strong>ratu</strong></span> <span class='ocrx_word' id='word_1_42' title='bbox 510 709 576 763; x_wconf 81' lang='lat' dir='ltr'><strong>ac</strong></span> <span class='ocrx_word' id='word_1_43' title='bbox 604 692 819 748; x_wconf 90' lang='lat' dir='ltr'><strong>fletibus</strong></span> <span class='ocrx_word' id='word_1_44' title='bbox 845 694 957 746; x_wconf 89' lang='lat' dir='ltr'><strong>suis</strong></span> <span class='ocrx_word' id='word_1_45' title='bbox 986 693 1245 748; x_wconf 88' lang='lat' dir='ltr'><strong>ominari:</strong></span> <span class='ocrx_word' id='word_1_46' title='bbox 1269 693 1496 759; x_wconf 81' lang='lat' dir='ltr'><strong>scilicet,</strong></span> 
     </span>
    </p>
   </div>
   <div class='ocr_carea' id='block_1_6' title="bbox 516 784 1703 835">
    <p class='ocr_par' dir='ltr' id='par_1_6' title="bbox 516 784 1703 835">
     <span class='ocr_line' id='line_1_6' title="bbox 516 784 1703 835; baseline 0 -1"><span class='ocrx_word' id='word_1_47' title='bbox 516 785 602 835; x_wconf 85' lang='lat' dir='ltr'><strong>Cui</strong></span> <span class='ocrx_word' id='word_1_48' title='bbox 627 791 815 833; x_wconf 88' lang='lat' dir='ltr'><strong>tantum</strong></span> <span class='ocrx_word' id='word_1_49' title='bbox 839 787 890 834; x_wconf 89' lang='lat' dir='ltr'><strong>in</strong></span> <span class='ocrx_word' id='word_1_50' title='bbox 917 787 1014 835; x_wconf 82' lang='lat' dir='ltr'><strong>vita</strong></span> <span class='ocrx_word' id='word_1_51' title='bbox 1039 789 1200 835; x_wconf 86' lang='lat' dir='ltr'><strong>restet</strong></span> <span class='ocrx_word' id='word_1_52' title='bbox 1217 786 1430 835; x_wconf 87' lang='lat' dir='ltr'><strong>transire</strong></span> <span class='ocrx_word' id='word_1_53' title='bbox 1445 784 1703 834; x_wconf 87' lang='lat' dir='ltr'><strong>malorum.</strong></span> 
     </span>
    </p>
   </div>
   <div class='ocr_carea' id='block_1_7' title="bbox 352 875 1961 948">
    <p class='ocr_par' dir='ltr' id='par_1_7' title="bbox 352 875 1961 948">
     <span class='ocr_line' id='line_1_7' title="bbox 352 875 1961 948; baseline 0 -18"><span class='ocrx_word' id='word_1_54' title='bbox 352 879 488 944; x_wconf 77' lang='lat' dir='ltr'><strong>Qua:</strong></span> <span class='ocrx_word' id='word_1_55' title='bbox 530 892 652 930; x_wconf 82' lang='lat' dir='ltr'><strong>eum</strong></span> <span class='ocrx_word' id='word_1_56' title='bbox 702 875 921 942; x_wconf 90' lang='lat' dir='ltr'><strong>dicunt,</strong></span> <span class='ocrx_word' id='word_1_57' title='bbox 983 878 1332 933; x_wconf 81' lang='lat' dir='ltr'><strong>vehementer</strong></span> <span class='ocrx_word' id='word_1_58' title='bbox 1377 891 1570 948; x_wconf 83' lang='lat' dir='ltr'><strong>sapere</strong></span> <span class='ocrx_word' id='word_1_59' title='bbox 1621 875 1961 943; x_wconf 90' lang='lat' dir='ltr'><strong>creduntur,</strong></span> 
     </span>
    </p>
   </div>
   <div class='ocr_carea' id='block_1_8' title="bbox 355 973 1961 1045">
    <p class='ocr_par' dir='ltr' id='par_1_8' title="bbox 355 973 1961 1045">
     <span class='ocr_line' id='line_1_8' title="bbox 355 973 1961 1045; baseline 0.003 -23"><span class='ocrx_word' id='word_1_60' title='bbox 355 983 639 1042; x_wconf 76' lang='lat' dir='ltr'><strong>propterea</strong></span> <span class='ocrx_word' id='word_1_61' title='bbox 670 973 814 1042; x_wconf 91' lang='lat' dir='ltr'><strong>quod</strong></span> <span class='ocrx_word' id='word_1_62' title='bbox 845 974 1208 1045; x_wconf 88' lang='lat' dir='ltr'><strong>unusquisque</strong></span> <span class='ocrx_word' id='word_1_63' title='bbox 1256 974 1653 1030; x_wconf 84' lang='lat' dir='ltr'><strong>inconsiderate</strong></span> <span class='ocrx_word' id='word_1_64' title='bbox 1680 988 1793 1028; x_wconf 70' lang='lat' dir='ltr'><strong>sum</strong></span> <span class='ocrx_word' id='word_1_65' title='bbox 1827 988 1961 1028; x_wconf 89' lang='lat' dir='ltr'><strong>con-</strong></span> 
     </span>
    </p>
   </div>
   <div class='ocr_carea' id='block_1_9' title="bbox 351 1066 1968 1140">
    <p class='ocr_par' dir='ltr' id='par_1_9' title="bbox 351 1066 1968 1140">
     <span class='ocr_line' id='line_1_9' title="bbox 351 1066 1968 1140; baseline 0.001 -19"><span class='ocrx_word' id='word_1_66' title='bbox 351 1066 554 1121; x_wconf 85' lang='lat' dir='ltr'><strong>ditioni</strong></span> <span class='ocrx_word' id='word_1_67' title='bbox 580 1068 819 1138; x_wconf 90' lang='lat' dir='ltr'><strong>ingratus</strong></span> <span class='ocrx_word' id='word_1_68' title='bbox 849 1077 966 1124; x_wconf 88' lang='lat' dir='ltr'><strong>est:</strong></span> <span class='ocrx_word' id='word_1_69' title='bbox 999 1083 1101 1140; x_wconf 90' lang='lat' dir='ltr'><strong>ego</strong></span> <span class='ocrx_word' id='word_1_70' title='bbox 1128 1083 1256 1125; x_wconf 89' lang='lat' dir='ltr'><strong>vero</strong></span> <span class='ocrx_word' id='word_1_71' title='bbox 1283 1069 1406 1124; x_wconf 87' lang='lat' dir='ltr'><strong>illos</strong></span> <span class='ocrx_word' id='word_1_72' title='bbox 1436 1083 1708 1139; x_wconf 88' lang='lat' dir='ltr'><strong>nunquam</strong></span> <span class='ocrx_word' id='word_1_73' title='bbox 1741 1078 1848 1122; x_wconf 89' lang='lat' dir='ltr'><strong>tam</strong></span> <span class='ocrx_word' id='word_1_74' title='bbox 1877 1067 1968 1122; x_wconf 89' lang='lat' dir='ltr'><strong>de-</strong></span> 
     </span>
    </p>
   </div>
   <div class='ocr_carea' id='block_1_10' title="bbox 354 1160 1964 1232">
    <p class='ocr_par' dir='ltr' id='par_1_10' title="bbox 354 1160 1964 1232">
     <span class='ocr_line' id='line_1_10' title="bbox 354 1160 1964 1232; baseline 0.001 -19"><span class='ocrx_word' id='word_1_75' title='bbox 354 1161 540 1229; x_wconf 90' lang='lat' dir='ltr'><strong>sipere</strong></span> <span class='ocrx_word' id='word_1_76' title='bbox 565 1160 856 1228; x_wconf 90' lang='lat' dir='ltr'><strong>contendo,</strong></span> <span class='ocrx_word' id='word_1_77' title='bbox 881 1176 1040 1232; x_wconf 90' lang='lat' dir='ltr'><strong>quam</strong></span> <span class='ocrx_word' id='word_1_78' title='bbox 1071 1175 1194 1218; x_wconf 89' lang='lat' dir='ltr'><strong>cum</strong></span> <span class='ocrx_word' id='word_1_79' title='bbox 1223 1161 1338 1216; x_wconf 75' lang='lat' dir='ltr'><strong>lucc</strong></span> <span class='ocrx_word' id='word_1_80' title='bbox 1365 1162 1675 1232; x_wconf 91' lang='lat' dir='ltr'><strong>loquuntur.</strong></span> <span class='ocrx_word' id='word_1_81' title='bbox 1699 1160 1932 1216; x_wconf 89' lang='lat' dir='ltr'><strong>Conside</strong></span> <span class='ocrx_word' id='word_1_82' title='bbox 1948 1191 1964 1202; x_wconf 86' lang='lat'><strong>-</strong></span> 
     </span>
    </p>
   </div>
   <div class='ocr_carea' id='block_1_11' title="bbox 354 1252 1964 1323">
    <p class='ocr_par' dir='ltr' id='par_1_11' title="bbox 354 1252 1964 1323">
     <span class='ocr_line' id='line_1_11' title="bbox 354 1252 1964 1323; baseline 0.001 -16"><span class='ocrx_word' id='word_1_83' title='bbox 354 1267 485 1307; x_wconf 74' lang='lat' dir='ltr'><strong>rans</strong></span> <span class='ocrx_word' id='word_1_84' title='bbox 528 1254 673 1309; x_wconf 88' lang='lat' dir='ltr'><strong>enim</strong></span> <span class='ocrx_word' id='word_1_85' title='bbox 721 1253 1084 1309; x_wconf 90' lang='lat' dir='ltr'><strong>conditionem</strong></span> <span class='ocrx_word' id='word_1_86' title='bbox 1129 1269 1330 1321; x_wconf 90' lang='lat' dir='ltr'><strong>rerum,</strong></span> <span class='ocrx_word' id='word_1_87' title='bbox 1375 1253 1612 1323; x_wconf 82' lang='lat' dir='ltr'><strong>intelligo</strong></span> <span class='ocrx_word' id='word_1_88' title='bbox 1659 1253 1790 1309; x_wconf 87' lang='lat' dir='ltr'><strong>nihil</strong></span> <span class='ocrx_word' id='word_1_89' title='bbox 1849 1252 1964 1309; x_wconf 90' lang='lat' dir='ltr'><strong>fieri</strong></span> 
     </span>
    </p>
   </div>
   <div class='ocr_carea' id='block_1_12' title="bbox 347 1345 1963 1417">
    <p class='ocr_par' dir='ltr' id='par_1_12' title="bbox 347 1345 1963 1417">
     <span class='ocr_line' id='line_1_12' title="bbox 347 1345 1963 1417; baseline 0.003 -20"><span class='ocrx_word' id='word_1_90' title='bbox 347 1345 512 1400; x_wconf 84' lang='lat' dir='ltr'><strong>aliter</strong></span> <span class='ocrx_word' id='word_1_91' title='bbox 555 1345 827 1411; x_wconf 87' lang='lat' dir='ltr'><strong>debuisse,</strong></span> <span class='ocrx_word' id='word_1_92' title='bbox 872 1355 929 1400; x_wconf 92' lang='lat' dir='ltr'><strong>ut</strong></span> <span class='ocrx_word' id='word_1_93' title='bbox 965 1360 1070 1401; x_wconf 92' lang='lat' dir='ltr'><strong>non</strong></span> <span class='ocrx_word' id='word_1_94' title='bbox 1115 1345 1311 1410; x_wconf 90' lang='lat' dir='ltr'><strong>dicam,</strong></span> <span class='ocrx_word' id='word_1_95' title='bbox 1361 1347 1620 1416; x_wconf 87' lang='lat' dir='ltr'><strong>potuisse,</strong></span> <span class='ocrx_word' id='word_1_96' title='bbox 1651 1347 1771 1417; x_wconf 85' lang='lat' dir='ltr'><strong>quia</strong></span> <span class='ocrx_word' id='word_1_97' title='bbox 1823 1347 1963 1402; x_wconf 89' lang='lat' dir='ltr'><strong>Deus</strong></span> 
     </span>
    </p>
   </div>
   <div class='ocr_carea' id='block_1_13' title="bbox 349 1437 1961 1508">
    <p class='ocr_par' dir='ltr' id='par_1_13' title="bbox 349 1437 1961 1508">
     <span class='ocr_line' id='line_1_13' title="bbox 349 1437 1961 1508; baseline 0.002 -17"><span class='ocrx_word' id='word_1_98' title='bbox 349 1447 534 1507; x_wconf 84' lang='lat' dir='ltr'><strong>potest</strong></span> <span class='ocrx_word' id='word_1_99' title='bbox 553 1439 766 1504; x_wconf 88' lang='lat' dir='ltr'><strong>omnia;</strong></span> <span class='ocrx_word' id='word_1_100' title='bbox 795 1437 890 1493; x_wconf 90' lang='lat' dir='ltr'><strong>sed</strong></span> <span class='ocrx_word' id='word_1_101' title='bbox 913 1452 1138 1495; x_wconf 89' lang='lat' dir='ltr'><strong>necesse</strong></span> <span class='ocrx_word' id='word_1_102' title='bbox 1158 1449 1263 1504; x_wconf 90' lang='lat' dir='ltr'><strong>est,</strong></span> <span class='ocrx_word' id='word_1_103' title='bbox 1297 1447 1353 1492; x_wconf 93' lang='lat' dir='ltr'><strong>ut</strong></span> <span class='ocrx_word' id='word_1_104' title='bbox 1379 1439 1844 1508; x_wconf 74' lang='lat' dir='ltr'><strong>providentissime</strong></span> <span class='ocrx_word' id='word_1_105' title='bbox 1872 1440 1961 1496; x_wconf 89' lang='lat' dir='ltr'><strong>illa</strong></span> 
     </span>
    </p>
   </div>
   <div class='ocr_carea' id='block_1_14' title="bbox 347 1531 1851 1602">
    <p class='ocr_par' dir='ltr' id='par_1_14' title="bbox 347 1531 1851 1602">
     <span class='ocr_line' id='line_1_14' title="bbox 347 1531 1851 1602; baseline 0 -16"><span class='ocrx_word' id='word_1_106' title='bbox 347 1533 611 1601; x_wconf 81' lang='lat' dir='ltr'><strong>majestas</strong></span> <span class='ocrx_word' id='word_1_107' title='bbox 640 1531 691 1586; x_wconf 93' lang='lat' dir='ltr'><strong>id</strong></span> <span class='ocrx_word' id='word_1_108' title='bbox 723 1531 982 1600; x_wconf 86' lang='lat' dir='ltr'><strong>effecerit,</strong></span> <span class='ocrx_word' id='word_1_109' title='bbox 1015 1532 1159 1602; x_wconf 88' lang='lat' dir='ltr'><strong>quod</strong></span> <span class='ocrx_word' id='word_1_110' title='bbox 1187 1541 1303 1588; x_wconf 90' lang='lat' dir='ltr'><strong>erat</strong></span> <span class='ocrx_word' id='word_1_111' title='bbox 1328 1533 1520 1588; x_wconf 83' lang='lat' dir='ltr'><strong>melius</strong></span> <span class='ocrx_word' id='word_1_112' title='bbox 1549 1543 1602 1588; x_wconf 91' lang='lat' dir='ltr'><strong>et</strong></span> <span class='ocrx_word' id='word_1_113' title='bbox 1634 1533 1851 1589; x_wconf 88' lang='lat' dir='ltr'><strong>rectius.</strong></span> 
     </span>
    </p>
   </div>
   <div class='ocr_carea' id='block_1_15' title="bbox 417 1623 1958 1697">
    <p class='ocr_par' dir='ltr' id='par_1_15' title="bbox 417 1623 1958 1697">
     <span class='ocr_line' id='line_1_15' title="bbox 417 1623 1958 1697; baseline 0.001 -18"><span class='ocrx_word' id='word_1_114' title='bbox 417 1624 583 1680; x_wconf 87' lang='lat' dir='ltr'><strong>Libet</strong></span> <span class='ocrx_word' id='word_1_115' title='bbox 625 1623 787 1696; x_wconf 81' lang='lat' dir='ltr'><strong>igitur</strong></span> <span class='ocrx_word' id='word_1_116' title='bbox 833 1625 1167 1696; x_wconf 88' lang='lat' dir='ltr'><strong>interrogare</strong></span> <span class='ocrx_word' id='word_1_117' title='bbox 1198 1625 1332 1680; x_wconf 90' lang='lat' dir='ltr'><strong>istos</strong></span> <span class='ocrx_word' id='word_1_118' title='bbox 1375 1625 1682 1681; x_wconf 90' lang='lat' dir='ltr'><strong>divinorum</strong></span> <span class='ocrx_word' id='word_1_119' title='bbox 1733 1641 1958 1697; x_wconf 88' lang='lat' dir='ltr'><strong>operum</strong></span> 
     </span>
    </p>
   </div>
   <div class='ocr_carea' id='block_1_16' title="bbox 348 1716 1957 1788">
    <p class='ocr_par' dir='ltr' id='par_1_16' title="bbox 348 1716 1957 1788">
     <span class='ocr_line' id='line_1_16' title="bbox 348 1716 1957 1788; baseline 0.001 -16"><span class='ocrx_word' id='word_1_120' title='bbox 348 1716 797 1786; x_wconf 82' lang='lat' dir='ltr'><strong>reprehensores,</strong></span> <span class='ocrx_word' id='word_1_121' title='bbox 830 1717 958 1787; x_wconf 89' lang='lat' dir='ltr'><strong>quid</strong></span> <span class='ocrx_word' id='word_1_122' title='bbox 989 1717 1040 1771; x_wconf 93' lang='lat' dir='ltr'><strong>in</strong></span> <span class='ocrx_word' id='word_1_123' title='bbox 1069 1716 1288 1772; x_wconf 87' lang='lat' dir='ltr'><strong>homine</strong></span> <span class='ocrx_word' id='word_1_124' title='bbox 1322 1717 1530 1783; x_wconf 87' lang='lat' dir='ltr'><strong>deesse,</strong></span> <span class='ocrx_word' id='word_1_125' title='bbox 1565 1719 1687 1788; x_wconf 84' lang='lat' dir='ltr'><strong>quia</strong></span> <span class='ocrx_word' id='word_1_126' title='bbox 1712 1718 1957 1773; x_wconf 88' lang='lat' dir='ltr'><strong>imbecil-</strong></span> 
     </span>
    </p>
   </div>
   <div class='ocr_carea' id='block_1_17' title="bbox 2071 512 3675 591">
    <p class='ocr_par' dir='ltr' id='par_1_17' title="bbox 2071 512 3675 591">
     <span class='ocr_line' id='line_1_17' title="bbox 2071 512 3675 591; baseline 0.007 -24"><span class='ocrx_word' id='word_1_127' title='bbox 2071 512 2340 569; x_wconf 89' lang='lat' dir='ltr'><strong>interdum</strong></span> <span class='ocrx_word' id='word_1_128' title='bbox 2362 516 2563 586; x_wconf 82' lang='lat' dir='ltr'><strong>aliquid</strong></span> <span class='ocrx_word' id='word_1_129' title='bbox 2583 518 2830 576; x_wconf 67' lang='lat' dir='ltr'><strong>humana:</strong></span> <span class='ocrx_word' id='word_1_130' title='bbox 2855 521 3216 591; x_wconf 71' lang='lat' dir='ltr'><strong>intelligentia:</strong></span> <span class='ocrx_word' id='word_1_131' title='bbox 3235 523 3437 580; x_wconf 87' lang='lat' dir='ltr'><strong>habere</strong></span> <span class='ocrx_word' id='word_1_132' title='bbox 3451 527 3675 583; x_wconf 85' lang='lat' dir='ltr'><strong>videan-</strong></span> 
     </span>
    </p>
   </div>
   <div class='ocr_carea' id='block_1_18' title="bbox 2071 607 3677 688">
    <p class='ocr_par' dir='ltr' id='par_1_18' title="bbox 2071 607 3677 688">
     <span class='ocr_line' id='line_1_18' title="bbox 2071 607 3677 688; baseline 0.01 -30"><span class='ocrx_word' id='word_1_133' title='bbox 2071 614 2156 658; x_wconf 88' lang='lat' dir='ltr'><strong>tur</strong></span> <span class='ocrx_word' id='word_1_134' title='bbox 2188 624 2198 657; x_wconf 95' lang='lat'>:</span> <span class='ocrx_word' id='word_1_135' title='bbox 2230 607 2383 662; x_wconf 92' lang='lat' dir='ltr'><strong>nidos</strong></span> <span class='ocrx_word' id='word_1_136' title='bbox 2422 610 2564 663; x_wconf 90' lang='lat' dir='ltr'><strong>enim</strong></span> <span class='ocrx_word' id='word_1_137' title='bbox 2588 652 2601 675; x_wconf 97' lang='lat'><strong>,</strong></span> <span class='ocrx_word' id='word_1_138' title='bbox 2630 621 2721 666; x_wconf 88' lang='lat' dir='ltr'><strong>aut</strong></span> <span class='ocrx_word' id='word_1_139' title='bbox 2748 612 2858 666; x_wconf 93' lang='lat' dir='ltr'><strong>Into</strong></span> <span class='ocrx_word' id='word_1_140' title='bbox 2902 614 3199 681; x_wconf 79' lang='lat' dir='ltr'><strong>aedificant,</strong></span> <span class='ocrx_word' id='word_1_141' title='bbox 3229 627 3320 671; x_wconf 89' lang='lat' dir='ltr'><strong>aut</strong></span> <span class='ocrx_word' id='word_1_142' title='bbox 3347 619 3591 688; x_wconf 82' lang='lat' dir='ltr'><strong>virgultis</strong></span> <span class='ocrx_word' id='word_1_143' title='bbox 3620 627 3677 674; x_wconf 83' lang='lat' dir='ltr'><strong>et</strong></span> 
     </span>
    </p>
   </div>
   <div class='ocr_carea' id='block_1_19' title="bbox 2070 699 3676 778">
    <p class='ocr_par' dir='ltr' id='par_1_19' title="bbox 2070 699 3676 778">
     <span class='ocr_line' id='line_1_19' title="bbox 2070 699 3676 778; baseline 0.011 -29"><span class='ocrx_word' id='word_1_144' title='bbox 2070 699 2344 755; x_wconf 83' lang='lat' dir='ltr'><strong>frondibus</strong></span> <span class='ocrx_word' id='word_1_145' title='bbox 2386 714 2735 768; x_wconf 83' lang='lat' dir='ltr'><strong>construunt;</strong></span> <span class='ocrx_word' id='word_1_146' title='bbox 2768 715 2823 759; x_wconf 90' lang='lat' dir='ltr'><strong>et</strong></span> <span class='ocrx_word' id='word_1_147' title='bbox 2857 706 3096 761; x_wconf 84' lang='lat' dir='ltr'><strong>ciborum</strong></span> <span class='ocrx_word' id='word_1_148' title='bbox 3140 717 3390 778; x_wconf 80' lang='lat' dir='ltr'><strong>expertes</strong></span> <span class='ocrx_word' id='word_1_149' title='bbox 3421 711 3676 766; x_wconf 83' lang='lat' dir='ltr'><strong>incubant</strong></span> 
     </span>
    </p>
   </div>
   <div class='ocr_carea' id='block_1_20' title="bbox 2069 791 3678 869">
    <p class='ocr_par' dir='ltr' id='par_1_20' title="bbox 2069 791 3678 869">
     <span class='ocr_line' id='line_1_20' title="bbox 2069 791 3678 869; baseline 0.011 -27"><span class='ocrx_word' id='word_1_150' title='bbox 2069 791 2212 855; x_wconf 90' lang='lat' dir='ltr'><strong>ovis;</strong></span> <span class='ocrx_word' id='word_1_151' title='bbox 2244 801 2297 845; x_wconf 89' lang='lat' dir='ltr'><strong>et</strong></span> <span class='ocrx_word' id='word_1_152' title='bbox 2325 795 2575 862; x_wconf 86' lang='lat' dir='ltr'><strong>quoniam</strong></span> <span class='ocrx_word' id='word_1_153' title='bbox 2610 796 2766 850; x_wconf 59' lang='lat' dir='ltr'><strong>laetus</strong></span> <span class='ocrx_word' id='word_1_154' title='bbox 2792 797 2859 851; x_wconf 87' lang='lat' dir='ltr'><strong>de</strong></span> <span class='ocrx_word' id='word_1_155' title='bbox 2890 799 3001 859; x_wconf 88' lang='lat' dir='ltr'><strong>suis</strong></span> <span class='ocrx_word' id='word_1_156' title='bbox 3042 800 3359 869; x_wconf 89' lang='lat' dir='ltr'><strong>corporibus</strong></span> <span class='ocrx_word' id='word_1_157' title='bbox 3401 803 3547 857; x_wconf 89' lang='lat' dir='ltr'><strong>alere</strong></span> <span class='ocrx_word' id='word_1_158' title='bbox 3571 804 3678 858; x_wconf 79' lang='lat' dir='ltr'><strong>da-</strong></span> 
     </span>
    </p>
   </div>
   <div class='ocr_carea' id='block_1_21' title="bbox 2069 888 3674 966">
    <p class='ocr_par' dir='ltr' id='par_1_21' title="bbox 2069 888 3674 966">
     <span class='ocr_line' id='line_1_21' title="bbox 2069 888 3674 966; baseline 0.009 -30"><span class='ocrx_word' id='word_1_159' title='bbox 2069 895 2180 938; x_wconf 91' lang='lat' dir='ltr'><strong>tum</strong></span> <span class='ocrx_word' id='word_1_160' title='bbox 2207 900 2310 940; x_wconf 93' lang='lat' dir='ltr'><strong>non</strong></span> <span class='ocrx_word' id='word_1_161' title='bbox 2339 895 2442 952; x_wconf 90' lang='lat' dir='ltr'><strong>est,</strong></span> <span class='ocrx_word' id='word_1_162' title='bbox 2471 888 2622 943; x_wconf 91' lang='lat' dir='ltr'><strong>cibos</strong></span> <span class='ocrx_word' id='word_1_163' title='bbox 2649 889 2974 956; x_wconf 90' lang='lat' dir='ltr'><strong>convehunt,</strong></span> <span class='ocrx_word' id='word_1_164' title='bbox 3024 901 3078 947; x_wconf 90' lang='lat' dir='ltr'><strong>et</strong></span> <span class='ocrx_word' id='word_1_165' title='bbox 3103 901 3240 946; x_wconf 91' lang='lat' dir='ltr'><strong>totos</strong></span> <span class='ocrx_word' id='word_1_166' title='bbox 3262 893 3378 950; x_wconf 91' lang='lat' dir='ltr'><strong>dies</strong></span> <span class='ocrx_word' id='word_1_167' title='bbox 3405 895 3456 948; x_wconf 93' lang='lat' dir='ltr'><strong>in</strong></span> <span class='ocrx_word' id='word_1_168' title='bbox 3482 895 3674 966; x_wconf 81' lang='lat' dir='ltr'><strong>hujus-</strong></span> 
     </span>
    </p>
   </div>
   <div class='ocr_carea' id='block_1_22' title="bbox 2077 977 3676 1052">
    <p class='ocr_par' dir='ltr' id='par_1_22' title="bbox 2077 977 3676 1052">
     <span class='ocr_line' id='line_1_22' title="bbox 2077 977 3676 1052; baseline 0.01 -23"><span class='ocrx_word' id='word_1_169' title='bbox 2077 977 2222 1031; x_wconf 92' lang='lat' dir='ltr'><strong>modi</strong></span> <span class='ocrx_word' id='word_1_170' title='bbox 2269 978 2661 1036; x_wconf 87' lang='lat' dir='ltr'><strong>diseursatione</strong></span> <span class='ocrx_word' id='word_1_171' title='bbox 2706 993 3060 1052; x_wconf 91' lang='lat' dir='ltr'><strong>consumunt,</strong></span> <span class='ocrx_word' id='word_1_172' title='bbox 3108 986 3355 1041; x_wconf 91' lang='lat' dir='ltr'><strong>noctibus</strong></span> <span class='ocrx_word' id='word_1_173' title='bbox 3401 1003 3529 1043; x_wconf 88' lang='lat' dir='ltr'><strong>vero</strong></span> <span class='ocrx_word' id='word_1_174' title='bbox 3580 991 3676 1044; x_wconf 85' lang='lat' dir='ltr'><strong>de-</strong></span> 
     </span>
    </p>
   </div>
   <div class='ocr_carea' id='block_1_23' title="bbox 2067 1067 3675 1147">
    <p class='ocr_par' dir='ltr' id='par_1_23' title="bbox 2067 1067 3675 1147">
     <span class='ocr_line' id='line_1_23' title="bbox 2067 1067 3675 1147; baseline 0.007 -24"><span class='ocrx_word' id='word_1_175' title='bbox 2067 1067 2324 1137; x_wconf 87' lang='lat' dir='ltr'><strong>fendunt,</strong></span> <span class='ocrx_word' id='word_1_176' title='bbox 2375 1072 2592 1136; x_wconf 88' lang='lat' dir='ltr'><strong>fovent.</strong></span> <span class='ocrx_word' id='word_1_177' title='bbox 2659 1084 2961 1145; x_wconf 83' lang='lat' dir='ltr'><strong>protegunt.</strong></span> <span class='ocrx_word' id='word_1_178' title='bbox 3027 1076 3165 1143; x_wconf 86' lang='lat' dir='ltr'><strong>Quid</strong></span> <span class='ocrx_word' id='word_1_179' title='bbox 3221 1078 3448 1147; x_wconf 88' lang='lat' dir='ltr'><strong>amplius</strong></span> <span class='ocrx_word' id='word_1_180' title='bbox 3500 1078 3675 1135; x_wconf 89' lang='lat' dir='ltr'><strong>facere</strong></span> 
     </span>
    </p>
   </div>
   <div class='ocr_carea' id='block_1_24' title="bbox 2070 1159 3671 1240">
    <p class='ocr_par' dir='ltr' id='par_1_24' title="bbox 2070 1159 3671 1240">
     <span class='ocr_line' id='line_1_24' title="bbox 2070 1159 3671 1240; baseline 0.007 -25"><span class='ocrx_word' id='word_1_181' title='bbox 2070 1159 2313 1216; x_wconf 87' lang='lat' dir='ltr'><strong>homines</strong></span> <span class='ocrx_word' id='word_1_182' title='bbox 2335 1165 2594 1234; x_wconf 89' lang='lat' dir='ltr'><strong>possunt?</strong></span> <span class='ocrx_word' id='word_1_183' title='bbox 2625 1167 2725 1220; x_wconf 89' lang='lat' dir='ltr'><strong>nisi</strong></span> <span class='ocrx_word' id='word_1_184' title='bbox 2764 1167 2864 1221; x_wconf 92' lang='lat' dir='ltr'><strong>hoc</strong></span> <span class='ocrx_word' id='word_1_185' title='bbox 2899 1167 3069 1222; x_wconf 89' lang='lat' dir='ltr'><strong>solum</strong></span> <span class='ocrx_word' id='word_1_186' title='bbox 3114 1168 3360 1237; x_wconf 83' lang='lat' dir='ltr'><strong>fortasse,</strong></span> <span class='ocrx_word' id='word_1_187' title='bbox 3398 1171 3538 1240; x_wconf 89' lang='lat' dir='ltr'><strong>quod</strong></span> <span class='ocrx_word' id='word_1_188' title='bbox 3567 1187 3671 1226; x_wconf 88' lang='lat' dir='ltr'><strong>non</strong></span> 
     </span>
    </p>
   </div>
   <div class='ocr_carea' id='block_1_25' title="bbox 2067 1253 3674 1329">
    <p class='ocr_par' dir='ltr' id='par_1_25' title="bbox 2067 1253 3674 1329">
     <span class='ocr_line' id='line_1_25' title="bbox 2067 1253 3674 1329; baseline 0.007 -21"><span class='ocrx_word' id='word_1_189' title='bbox 2067 1253 2344 1323; x_wconf 80' lang='lat' dir='ltr'><strong>expellunt</strong></span> <span class='ocrx_word' id='word_1_190' title='bbox 2391 1256 2642 1322; x_wconf 88' lang='lat' dir='ltr'><strong>adultos,</strong></span> <span class='ocrx_word' id='word_1_191' title='bbox 2694 1259 2787 1314; x_wconf 91' lang='lat' dir='ltr'><strong>scd</strong></span> <span class='ocrx_word' id='word_1_192' title='bbox 2845 1271 3102 1329; x_wconf 87' lang='lat' dir='ltr'><strong>perpetua</strong></span> <span class='ocrx_word' id='word_1_193' title='bbox 3155 1263 3554 1320; x_wconf 85' lang='lat' dir='ltr'><strong>necessitudine</strong></span> <span class='ocrx_word' id='word_1_194' title='bbox 3609 1281 3674 1321; x_wconf 88' lang='lat' dir='ltr'><strong>ac</strong></span> 
     </span>
    </p>
   </div>
   <div class='ocr_carea' id='block_1_26' title="bbox 2068 1347 3672 1427">
    <p class='ocr_par' dir='ltr' id='par_1_26' title="bbox 2068 1347 3672 1427">
     <span class='ocr_line' id='line_1_26' title="bbox 2068 1347 3672 1427; baseline 0.009 -29"><span class='ocrx_word' id='word_1_195' title='bbox 2068 1347 2286 1402; x_wconf 89' lang='lat' dir='ltr'><strong>vinculo</strong></span> <span class='ocrx_word' id='word_1_196' title='bbox 2308 1348 2582 1404; x_wconf 88' lang='lat' dir='ltr'><strong>cbaritatis</strong></span> <span class='ocrx_word' id='word_1_197' title='bbox 2613 1350 2896 1420; x_wconf 71' lang='lat' dir='ltr'><strong>adiunctos</strong></span> <span class='ocrx_word' id='word_1_198' title='bbox 2922 1352 3142 1409; x_wconf 86' lang='lat' dir='ltr'><strong>habent.</strong></span> <span class='ocrx_word' id='word_1_199' title='bbox 3162 1355 3324 1423; x_wconf 88' lang='lat' dir='ltr'><strong>Quid,</strong></span> <span class='ocrx_word' id='word_1_200' title='bbox 3339 1358 3478 1427; x_wconf 91' lang='lat' dir='ltr'><strong>quod</strong></span> <span class='ocrx_word' id='word_1_201' title='bbox 3495 1357 3672 1413; x_wconf 78' lang='lat' dir='ltr'><strong>avium</strong></span> 
     </span>
    </p>
   </div>
   <div class='ocr_carea' id='block_1_27' title="bbox 2065 1438 3670 1520">
    <p class='ocr_par' dir='ltr' id='par_1_27' title="bbox 2065 1438 3670 1520">
     <span class='ocr_line' id='line_1_27' title="bbox 2065 1438 3670 1520; baseline 0.008 -28"><span class='ocrx_word' id='word_1_202' title='bbox 2065 1438 2225 1494; x_wconf 71' lang='lat' dir='ltr'><strong>fmtus</strong></span> <span class='ocrx_word' id='word_1_203' title='bbox 2251 1441 2418 1495; x_wconf 90' lang='lat' dir='ltr'><strong>multo</strong></span> <span class='ocrx_word' id='word_1_204' title='bbox 2456 1442 2695 1513; x_wconf 83' lang='lat' dir='ltr'><strong>fragilior</strong></span> <span class='ocrx_word' id='word_1_205' title='bbox 2731 1453 2834 1510; x_wconf 89' lang='lat' dir='ltr'><strong>est,</strong></span> <span class='ocrx_word' id='word_1_206' title='bbox 2878 1461 3034 1515; x_wconf 93' lang='lat' dir='ltr'><strong>quam</strong></span> <span class='ocrx_word' id='word_1_207' title='bbox 3068 1446 3302 1502; x_wconf 91' lang='lat' dir='ltr'><strong>hominis</strong></span> <span class='ocrx_word' id='word_1_208' title='bbox 3337 1467 3350 1503; x_wconf 88' lang='lat'><strong>:</strong></span> <span class='ocrx_word' id='word_1_209' title='bbox 3397 1451 3523 1520; x_wconf 89' lang='lat' dir='ltr'><strong>quia</strong></span> <span class='ocrx_word' id='word_1_210' title='bbox 3563 1467 3670 1505; x_wconf 91' lang='lat' dir='ltr'><strong>non</strong></span> 
     </span>
    </p>
   </div>
   <div class='ocr_carea' id='block_1_28' title="bbox 2067 1535 3673 1611">
    <p class='ocr_par' dir='ltr' id='par_1_28' title="bbox 2067 1535 3673 1611">
     <span class='ocr_line' id='line_1_28' title="bbox 2067 1535 3673 1611; baseline 0.009 -28"><span class='ocrx_word' id='word_1_211' title='bbox 2067 1538 2312 1586; x_wconf 86' lang='lat' dir='ltr'><strong>materno</strong></span> <span class='ocrx_word' id='word_1_212' title='bbox 2337 1546 2563 1598; x_wconf 87' lang='lat' dir='ltr'><strong>corpore</strong></span> <span class='ocrx_word' id='word_1_213' title='bbox 2592 1535 2767 1603; x_wconf 92' lang='lat' dir='ltr'><strong>ipsum</strong></span> <span class='ocrx_word' id='word_1_214' title='bbox 2799 1536 2994 1591; x_wconf 86' lang='lat' dir='ltr'><strong>animal</strong></span> <span class='ocrx_word' id='word_1_215' title='bbox 3026 1537 3218 1603; x_wconf 91' lang='lat' dir='ltr'><strong>edunt;</strong></span> <span class='ocrx_word' id='word_1_216' title='bbox 3250 1539 3344 1595; x_wconf 91' lang='lat' dir='ltr'><strong>sed</strong></span> <span class='ocrx_word' id='word_1_217' title='bbox 3382 1541 3524 1611; x_wconf 91' lang='lat' dir='ltr'><strong>quod</strong></span> <span class='ocrx_word' id='word_1_218' title='bbox 3558 1557 3673 1596; x_wconf 87' lang='lat' dir='ltr'><strong>ma-</strong></span> 
     </span>
    </p>
   </div>
   <div class='ocr_carea' id='block_1_29' title="bbox 2067 1622 3673 1699">
    <p class='ocr_par' dir='ltr' id='par_1_29' title="bbox 2067 1622 3673 1699">
     <span class='ocr_line' id='line_1_29' title="bbox 2067 1622 3673 1699; baseline 0.009 -24"><span class='ocrx_word' id='word_1_219' title='bbox 2067 1622 2205 1678; x_wconf 86' lang='lat' dir='ltr'><strong>terni</strong></span> <span class='ocrx_word' id='word_1_220' title='bbox 2233 1625 2478 1695; x_wconf 90' lang='lat' dir='ltr'><strong>corporis</strong></span> <span class='ocrx_word' id='word_1_221' title='bbox 2517 1625 2627 1680; x_wconf 90' lang='lat' dir='ltr'><strong>fotu</strong></span> <span class='ocrx_word' id='word_1_222' title='bbox 2661 1635 2714 1681; x_wconf 91' lang='lat' dir='ltr'><strong>et</strong></span> <span class='ocrx_word' id='word_1_223' title='bbox 2738 1627 2918 1683; x_wconf 86' lang='lat' dir='ltr'><strong>calore</strong></span> <span class='ocrx_word' id='word_1_224' title='bbox 2950 1630 3295 1699; x_wconf 86' lang='lat' dir='ltr'><strong>tepefactum,</strong></span> <span class='ocrx_word' id='word_1_225' title='bbox 3329 1634 3525 1688; x_wconf 87' lang='lat' dir='ltr'><strong>animal</strong></span> <span class='ocrx_word' id='word_1_226' title='bbox 3556 1634 3673 1689; x_wconf 85' lang='lat' dir='ltr'><strong>effi-</strong></span> 
     </span>
    </p>
   </div>
   <div class='ocr_carea' id='block_1_30' title="bbox 2063 1716 3673 1790">
    <p class='ocr_par' dir='ltr' id='par_1_30' title="bbox 2063 1716 3673 1790">
     <span class='ocr_line' id='line_1_30' title="bbox 2063 1716 3673 1790; baseline 0.007 -20"><span class='ocrx_word' id='word_1_227' title='bbox 2063 1716 2186 1782; x_wconf 90' lang='lat' dir='ltr'><strong>ciat,</strong></span> <span class='ocrx_word' id='word_1_228' title='bbox 2213 1717 2354 1787; x_wconf 90' lang='lat' dir='ltr'><strong>quod</strong></span> <span class='ocrx_word' id='word_1_229' title='bbox 2387 1726 2563 1773; x_wconf 89' lang='lat' dir='ltr'><strong>tamen</strong></span> <span class='ocrx_word' id='word_1_230' title='bbox 2587 1734 2707 1773; x_wconf 92' lang='lat' dir='ltr'><strong>cum</strong></span> <span class='ocrx_word' id='word_1_231' title='bbox 2731 1721 2921 1790; x_wconf 88' lang='lat' dir='ltr'><strong>spiritu</strong></span> <span class='ocrx_word' id='word_1_232' title='bbox 2943 1722 3101 1777; x_wconf 87' lang='lat' dir='ltr'><strong>fuerit</strong></span> <span class='ocrx_word' id='word_1_233' title='bbox 3129 1723 3443 1790; x_wconf 89' lang='lat' dir='ltr'><strong>animatum,</strong></span> <span class='ocrx_word' id='word_1_234' title='bbox 3468 1725 3521 1780; x_wconf 92' lang='lat' dir='ltr'><strong>id</strong></span> <span class='ocrx_word' id='word_1_235' title='bbox 3544 1739 3673 1782; x_wconf 89' lang='lat' dir='ltr'><strong>vero</strong></span> 
     </span>
    </p>
   </div>
   <div class='ocr_carea' id='block_1_31' title="bbox 351 1808 3672 1892">
    <p class='ocr_par' dir='ltr' id='par_1_31' title="bbox 351 1808 3672 1892">
     <span class='ocr_line' id='line_1_31' title="bbox 351 1808 3672 1892; baseline 0.003 -29"><span class='ocrx_word' id='word_1_236' title='bbox 351 1808 462 1864; x_wconf 90' lang='lat' dir='ltr'><strong>lior</strong></span> <span class='ocrx_word' id='word_1_237' title='bbox 490 1809 744 1873; x_wconf 86' lang='lat' dir='ltr'><strong>nascitur,</strong></span> <span class='ocrx_word' id='word_1_238' title='bbox 777 1808 1036 1864; x_wconf 86' lang='lat' dir='ltr'><strong>credant?</strong></span> <span class='ocrx_word' id='word_1_239' title='bbox 1063 1809 1199 1864; x_wconf 83' lang='lat' dir='ltr'><strong>Num</strong></span> <span class='ocrx_word' id='word_1_240' title='bbox 1228 1809 1428 1865; x_wconf 90' lang='lat' dir='ltr'><strong>idcirco</strong></span> <span class='ocrx_word' id='word_1_241' title='bbox 1459 1811 1634 1865; x_wconf 91' lang='lat' dir='ltr'><strong>minus</strong></span> <span class='ocrx_word' id='word_1_242' title='bbox 1660 1811 1957 1867; x_wconf 89' lang='lat' dir='ltr'><strong>educentur</strong></span> <span class='ocrx_word' id='word_1_243' title='bbox 1985 1832 2033 1892; x_wconf 84' lang='lat' dir='ltr'><strong>B</strong></span> <span class='ocrx_word' id='word_1_244' title='bbox 2061 1808 2318 1878; x_wconf 91' lang='lat' dir='ltr'><strong>implume</strong></span> <span class='ocrx_word' id='word_1_245' title='bbox 2343 1825 2404 1863; x_wconf 88' lang='lat' dir='ltr'><strong>ac</strong></span> <span class='ocrx_word' id='word_1_246' title='bbox 2438 1819 2702 1875; x_wconf 90' lang='lat' dir='ltr'><strong>tenerum,</strong></span> <span class='ocrx_word' id='word_1_247' title='bbox 2733 1827 2837 1865; x_wconf 94' lang='lat' dir='ltr'><strong>non</strong></span> <span class='ocrx_word' id='word_1_248' title='bbox 2871 1813 3030 1866; x_wconf 93' lang='lat' dir='ltr'><strong>modo</strong></span> <span class='ocrx_word' id='word_1_249' title='bbox 3072 1814 3314 1880; x_wconf 85' lang='lat' dir='ltr'><strong>volandi,</strong></span> <span class='ocrx_word' id='word_1_250' title='bbox 3349 1815 3447 1870; x_wconf 86' lang='lat' dir='ltr'><strong>sed</strong></span> <span class='ocrx_word' id='word_1_251' title='bbox 3477 1816 3672 1872; x_wconf 92' lang='lat' dir='ltr'><strong>ambu-</strong></span> 
     </span>
    </p>
   </div>
   <div class='ocr_carea' id='block_1_32' title="bbox 345 1903 1951 1977">
    <p class='ocr_par' dir='ltr' id='par_1_32' title="bbox 345 1903 1951 1977">
     <span class='ocr_line' id='line_1_32' title="bbox 345 1903 1951 1977; baseline 0.001 -19"><span class='ocrx_word' id='word_1_252' title='bbox 345 1903 636 1960; x_wconf 81' lang='lat' dir='ltr'><strong>homines?</strong></span> <span class='ocrx_word' id='word_1_253' title='bbox 662 1919 792 1959; x_wconf 92' lang='lat' dir='ltr'><strong>num</strong></span> <span class='ocrx_word' id='word_1_254' title='bbox 834 1903 1012 1959; x_wconf 90' lang='lat' dir='ltr'><strong>minus</strong></span> <span class='ocrx_word' id='word_1_255' title='bbox 1039 1903 1106 1959; x_wconf 87' lang='lat' dir='ltr'><strong>ad</strong></span> <span class='ocrx_word' id='word_1_256' title='bbox 1133 1919 1399 1960; x_wconf 89' lang='lat' dir='ltr'><strong>summum</strong></span> <span class='ocrx_word' id='word_1_257' title='bbox 1429 1906 1595 1960; x_wconf 89' lang='lat' dir='ltr'><strong>robur</strong></span> <span class='ocrx_word' id='word_1_258' title='bbox 1627 1907 1801 1960; x_wconf 67' lang='lat' dir='ltr'><strong>aetatis</strong></span> <span class='ocrx_word' id='word_1_259' title='bbox 1827 1922 1951 1977; x_wconf 87' lang='lat' dir='ltr'><strong>pro-</strong></span> 
     </span>
    </p>
   </div>
   <div class='ocr_carea' id='block_1_33' title="bbox 346 1996 1952 2069">
    <p class='ocr_par' dir='ltr' id='par_1_33' title="bbox 346 1996 1952 2069">
     <span class='ocr_line' id='line_1_33' title="bbox 346 1996 1952 2069; baseline 0.004 -20"><span class='ocrx_word' id='word_1_260' title='bbox 346 1997 651 2062; x_wconf 80' lang='lat' dir='ltr'><strong>vehantur;</strong></span> <span class='ocrx_word' id='word_1_261' title='bbox 700 2012 825 2050; x_wconf 93' lang='lat' dir='ltr'><strong>num</strong></span> <span class='ocrx_word' id='word_1_262' title='bbox 877 1996 1212 2052; x_wconf 87' lang='lat' dir='ltr'><strong>imbecillitas</strong></span> <span class='ocrx_word' id='word_1_263' title='bbox 1237 2007 1329 2052; x_wconf 89' lang='lat' dir='ltr'><strong>aut</strong></span> <span class='ocrx_word' id='word_1_264' title='bbox 1359 1999 1744 2053; x_wconf 89' lang='lat' dir='ltr'><strong>incrementum</strong></span> <span class='ocrx_word' id='word_1_265' title='bbox 1783 2000 1952 2069; x_wconf 87' lang='lat' dir='ltr'><strong>impe-</strong></span> 
     </span>
    </p>
   </div>
   <div class='ocr_carea' id='block_1_34' title="bbox 340 2074 1951 2160">
    <p class='ocr_par' dir='ltr' id='par_1_34' title="bbox 340 2074 1951 2160">
     <span class='ocr_line' id='line_1_34' title="bbox 340 2074 1951 2160; baseline 0.002 -17"><span class='ocrx_word' id='word_1_266' title='bbox 340 2088 478 2153; x_wconf 91' lang='lat' dir='ltr'><strong>diat,</strong></span> <span class='ocrx_word' id='word_1_267' title='bbox 531 2099 626 2143; x_wconf 88' lang='lat' dir='ltr'><strong>aut</strong></span> <span class='ocrx_word' id='word_1_268' title='bbox 661 2074 931 2143; x_wconf 77' lang='lat' dir='ltr'><strong>salutem?</strong></span> <span class='ocrx_word' id='word_1_269' title='bbox 983 2089 1234 2160; x_wconf 91' lang='lat' dir='ltr'><strong>quoniam</strong></span> <span class='ocrx_word' id='word_1_270' title='bbox 1285 2105 1405 2160; x_wconf 58' lang='lat' dir='ltr'><strong>quae</strong></span> <span class='ocrx_word' id='word_1_271' title='bbox 1436 2090 1648 2155; x_wconf 88' lang='lat' dir='ltr'><strong>desunt,</strong></span> <span class='ocrx_word' id='word_1_272' title='bbox 1692 2092 1828 2144; x_wconf 90' lang='lat' dir='ltr'><strong>ratio</strong></span> <span class='ocrx_word' id='word_1_273' title='bbox 1859 2091 1951 2146; x_wconf 92' lang='lat' dir='ltr'><strong>de-</strong></span> 
     </span>
    </p>
   </div>
   <div class='ocr_carea' id='block_1_35' title="bbox 341 2179 1951 2250">
    <p class='ocr_par' dir='ltr' id='par_1_35' title="bbox 341 2179 1951 2250">
     <span class='ocr_line' id='line_1_35' title="bbox 341 2179 1951 2250; baseline 0.003 -16"><span class='ocrx_word' id='word_1_274' title='bbox 341 2180 552 2250; x_wconf 83' lang='lat' dir='ltr'><strong>pendit.</strong></span> <span class='ocrx_word' id='word_1_275' title='bbox 609 2179 680 2235; x_wconf 84' lang='lat' dir='ltr'><strong>At</strong></span> <span class='ocrx_word' id='word_1_276' title='bbox 736 2179 990 2244; x_wconf 87' lang='lat' dir='ltr'><strong>hominis,</strong></span> <span class='ocrx_word' id='word_1_277' title='bbox 1053 2181 1343 2249; x_wconf 83' lang='lat' dir='ltr'><strong>inquiunt,</strong></span> <span class='ocrx_word' id='word_1_278' title='bbox 1407 2181 1653 2236; x_wconf 90' lang='lat' dir='ltr'><strong>educatio</strong></span> <span class='ocrx_word' id='word_1_279' title='bbox 1702 2183 1951 2239; x_wconf 81' lang='lat' dir='ltr'><strong>maximis</strong></span> 
     </span>
    </p>
   </div>
   <div class='ocr_carea' id='block_1_36' title="bbox 341 2273 1949 2343">
    <p class='ocr_par' dir='ltr' id='par_1_36' title="bbox 341 2273 1949 2343">
     <span class='ocr_line' id='line_1_36' title="bbox 341 2273 1949 2343; baseline 0.002 -16"><span class='ocrx_word' id='word_1_280' title='bbox 341 2273 625 2328; x_wconf 79' lang='lat' dir='ltr'><strong>laboribus</strong></span> <span class='ocrx_word' id='word_1_281' title='bbox 657 2282 902 2328; x_wconf 87' lang='lat' dir='ltr'><strong>constat:</strong></span> <span class='ocrx_word' id='word_1_282' title='bbox 942 2273 1204 2343; x_wconf 91' lang='lat' dir='ltr'><strong>pecudum</strong></span> <span class='ocrx_word' id='word_1_283' title='bbox 1239 2274 1444 2329; x_wconf 89' lang='lat' dir='ltr'><strong>scilicet</strong></span> <span class='ocrx_word' id='word_1_284' title='bbox 1476 2275 1711 2330; x_wconf 91' lang='lat' dir='ltr'><strong>conditio</strong></span> <span class='ocrx_word' id='word_1_285' title='bbox 1735 2276 1949 2342; x_wconf 89' lang='lat' dir='ltr'><strong>melior,</strong></span> 
     </span>
    </p>
   </div>
   <div class='ocr_carea' id='block_1_37' title="bbox 337 2365 1952 2438">
    <p class='ocr_par' dir='ltr' id='par_1_37' title="bbox 337 2365 1952 2438">
     <span class='ocr_line' id='line_1_37' title="bbox 337 2365 1952 2438; baseline 0.001 -17"><span class='ocrx_word' id='word_1_286' title='bbox 337 2365 488 2436; x_wconf 87' lang='lat' dir='ltr'><strong>quod</strong></span> <span class='ocrx_word' id='word_1_287' title='bbox 514 2366 600 2420; x_wconf 75' lang='lat' dir='ltr'><strong>ha:</strong></span> <span class='ocrx_word' id='word_1_288' title='bbox 626 2380 836 2434; x_wconf 88' lang='lat' dir='ltr'><strong>omnes,</strong></span> <span class='ocrx_word' id='word_1_289' title='bbox 864 2381 985 2421; x_wconf 92' lang='lat' dir='ltr'><strong>cum</strong></span> <span class='ocrx_word' id='word_1_290' title='bbox 1011 2368 1197 2422; x_wconf 69' lang='lat' dir='ltr'><strong>fmtum</strong></span> <span class='ocrx_word' id='word_1_291' title='bbox 1236 2367 1522 2433; x_wconf 90' lang='lat' dir='ltr'><strong>ediderint,</strong></span> <span class='ocrx_word' id='word_1_292' title='bbox 1551 2385 1658 2423; x_wconf 91' lang='lat' dir='ltr'><strong>non</strong></span> <span class='ocrx_word' id='word_1_293' title='bbox 1695 2369 1796 2423; x_wconf 89' lang='lat' dir='ltr'><strong>nisi</strong></span> <span class='ocrx_word' id='word_1_294' title='bbox 1824 2385 1952 2438; x_wconf 82' lang='lat' dir='ltr'><strong>pas-</strong></span> 
     </span>
    </p>
   </div>
   <div class='ocr_carea' id='block_1_38' title="bbox 339 2458 1952 2528">
    <p class='ocr_par' dir='ltr' id='par_1_38' title="bbox 339 2458 1952 2528">
     <span class='ocr_line' id='line_1_38' title="bbox 339 2458 1952 2528; baseline 0.002 -17"><span class='ocrx_word' id='word_1_295' title='bbox 339 2466 427 2512; x_wconf 84' lang='lat' dir='ltr'><strong>tus</strong></span> <span class='ocrx_word' id='word_1_296' title='bbox 455 2458 542 2513; x_wconf 89' lang='lat' dir='ltr'><strong>sui</strong></span> <span class='ocrx_word' id='word_1_297' title='bbox 585 2472 768 2512; x_wconf 89' lang='lat' dir='ltr'><strong>curam</strong></span> <span class='ocrx_word' id='word_1_298' title='bbox 799 2467 1018 2528; x_wconf 86' lang='lat' dir='ltr'><strong>gerunt;</strong></span> <span class='ocrx_word' id='word_1_299' title='bbox 1049 2473 1117 2512; x_wconf 85' lang='lat' dir='ltr'><strong>ex</strong></span> <span class='ocrx_word' id='word_1_300' title='bbox 1160 2473 1265 2528; x_wconf 90' lang='lat' dir='ltr'><strong>quo</strong></span> <span class='ocrx_word' id='word_1_301' title='bbox 1293 2459 1545 2525; x_wconf 81' lang='lat' dir='ltr'><strong>efficitur,</strong></span> <span class='ocrx_word' id='word_1_302' title='bbox 1594 2469 1652 2515; x_wconf 93' lang='lat' dir='ltr'><strong>ut</strong></span> <span class='ocrx_word' id='word_1_303' title='bbox 1694 2460 1952 2516; x_wconf 86' lang='lat' dir='ltr'><strong>uberibus</strong></span> 
     </span>
    </p>
   </div>
   <div class='ocr_carea' id='block_1_39' title="bbox 343 2549 1956 2620">
    <p class='ocr_par' dir='ltr' id='par_1_39' title="bbox 343 2549 1956 2620">
     <span class='ocr_line' id='line_1_39' title="bbox 343 2549 1956 2620; baseline 0 -14"><span class='ocrx_word' id='word_1_304' title='bbox 343 2565 447 2606; x_wconf 86' lang='lat' dir='ltr'><strong>sua</strong></span> <span class='ocrx_word' id='word_1_305' title='bbox 478 2558 673 2620; x_wconf 92' lang='lat' dir='ltr'><strong>sponte</strong></span> <span class='ocrx_word' id='word_1_306' title='bbox 698 2549 969 2614; x_wconf 87' lang='lat' dir='ltr'><strong>distentis,</strong></span> <span class='ocrx_word' id='word_1_307' title='bbox 996 2549 1310 2604; x_wconf 88' lang='lat' dir='ltr'><strong>alimentum</strong></span> <span class='ocrx_word' id='word_1_308' title='bbox 1344 2550 1497 2605; x_wconf 88' lang='lat' dir='ltr'><strong>laetis</strong></span> <span class='ocrx_word' id='word_1_309' title='bbox 1525 2551 1743 2606; x_wconf 69' lang='lat' dir='ltr'><strong>{cratibus</strong></span> <span class='ocrx_word' id='word_1_310' title='bbox 1769 2551 1956 2606; x_wconf 88' lang='lat' dir='ltr'><strong>minis-</strong></span> 
     </span>
    </p>
   </div>
   <div class='ocr_carea' id='block_1_40' title="bbox 338 2643 1953 2714">
    <p class='ocr_par' dir='ltr' id='par_1_40' title="bbox 338 2643 1953 2714">
     <span class='ocr_line' id='line_1_40' title="bbox 338 2643 1953 2714; baseline -0.002 -14"><span class='ocrx_word' id='word_1_311' title='bbox 338 2652 542 2712; x_wconf 89' lang='lat' dir='ltr'><strong>tretur,</strong></span> <span class='ocrx_word' id='word_1_312' title='bbox 571 2653 626 2698; x_wconf 87' lang='lat' dir='ltr'><strong>et</strong></span> <span class='ocrx_word' id='word_1_313' title='bbox 665 2643 717 2699; x_wconf 90' lang='lat' dir='ltr'><strong>id</strong></span> <span class='ocrx_word' id='word_1_314' title='bbox 757 2652 984 2714; x_wconf 77' lang='lat' dir='ltr'><strong>cogente</strong></span> <span class='ocrx_word' id='word_1_315' title='bbox 1009 2653 1220 2709; x_wconf 90' lang='lat' dir='ltr'><strong>natura,</strong></span> <span class='ocrx_word' id='word_1_316' title='bbox 1260 2643 1378 2699; x_wconf 90' lang='lat' dir='ltr'><strong>sine</strong></span> <span class='ocrx_word' id='word_1_317' title='bbox 1417 2654 1648 2698; x_wconf 91' lang='lat' dir='ltr'><strong>matrum</strong></span> <span class='ocrx_word' id='word_1_318' title='bbox 1691 2644 1953 2699; x_wconf 91' lang='lat' dir='ltr'><strong>sollicitu-</strong></span> 
     </span>
    </p>
   </div>
   <div class='ocr_carea' id='block_1_41' title="bbox 339 2735 1952 2809">
    <p class='ocr_par' dir='ltr' id='par_1_41' title="bbox 339 2735 1952 2809">
     <span class='ocr_line' id='line_1_41' title="bbox 339 2735 1952 2809; baseline -0.004 -15"><span class='ocrx_word' id='word_1_319' title='bbox 339 2737 476 2795; x_wconf 83' lang='lat' dir='ltr'><strong>dine</strong></span> <span class='ocrx_word' id='word_1_320' title='bbox 503 2745 774 2809; x_wconf 84' lang='lat' dir='ltr'><strong>appetant.</strong></span> <span class='ocrx_word' id='word_1_321' title='bbox 806 2735 946 2805; x_wconf 85' lang='lat' dir='ltr'><strong>Quid</strong></span> <span class='ocrx_word' id='word_1_322' title='bbox 991 2750 1142 2802; x_wconf 89' lang='lat' dir='ltr'><strong>aves,</strong></span> <span class='ocrx_word' id='word_1_323' title='bbox 1170 2751 1397 2808; x_wconf 90' lang='lat' dir='ltr'><strong>quarum</strong></span> <span class='ocrx_word' id='word_1_324' title='bbox 1443 2737 1580 2792; x_wconf 87' lang='lat' dir='ltr'><strong>ratio</strong></span> <span class='ocrx_word' id='word_1_325' title='bbox 1609 2737 1820 2791; x_wconf 87' lang='lat' dir='ltr'><strong>diversa</strong></span> <span class='ocrx_word' id='word_1_326' title='bbox 1849 2745 1952 2803; x_wconf 89' lang='lat' dir='ltr'><strong>est,</strong></span> 
     </span>
    </p>
   </div>
   <div class='ocr_carea' id='block_1_42' title="bbox 2057 1899 3669 1978">
    <p class='ocr_par' dir='ltr' id='par_1_42' title="bbox 2057 1899 3669 1978">
     <span class='ocr_line' id='line_1_42' title="bbox 2057 1899 3669 1978; baseline 0.007 -23"><span class='ocrx_word' id='word_1_327' title='bbox 2057 1900 2202 1955; x_wconf 90' lang='lat' dir='ltr'><strong>landi</strong></span> <span class='ocrx_word' id='word_1_328' title='bbox 2233 1912 2444 1971; x_wconf 88' lang='lat' dir='ltr'><strong>quoque</strong></span> <span class='ocrx_word' id='word_1_329' title='bbox 2475 1918 2573 1957; x_wconf 93' lang='lat' dir='ltr'><strong>usu</strong></span> <span class='ocrx_word' id='word_1_330' title='bbox 2601 1914 2768 1959; x_wconf 86' lang='lat' dir='ltr'><strong>caret.</strong></span> <span class='ocrx_word' id='word_1_331' title='bbox 2795 1903 2913 1960; x_wconf 88' lang='lat' dir='ltr'><strong>Non</strong></span> <span class='ocrx_word' id='word_1_332' title='bbox 2931 1920 3073 1976; x_wconf 84' lang='lat' dir='ltr'><strong>.ergo</strong></span> <span class='ocrx_word' id='word_1_333' title='bbox 3100 1906 3469 1978; x_wconf 90' lang='lat' dir='ltr'><strong>ineptissimus</strong></span> <span class='ocrx_word' id='word_1_334' title='bbox 3496 1910 3588 1975; x_wconf 87' lang='lat' dir='ltr'><strong>sit,</strong></span> <span class='ocrx_word' id='word_1_335' title='bbox 3619 1899 3669 1967; x_wconf 83' lang='lat' dir='ltr'><strong>si</strong></span> 
     </span>
    </p>
   </div>
   <div class='ocr_carea' id='block_1_43' title="bbox 2058 1992 3668 2072">
    <p class='ocr_par' dir='ltr' id='par_1_43' title="bbox 2058 1992 3668 2072">
     <span class='ocr_line' id='line_1_43' title="bbox 2058 1992 3668 2072; baseline 0.006 -26"><span class='ocrx_word' id='word_1_336' title='bbox 2058 1992 2180 2060; x_wconf 89' lang='lat' dir='ltr'><strong>quis</strong></span> <span class='ocrx_word' id='word_1_337' title='bbox 2213 2001 2362 2063; x_wconf 89' lang='lat' dir='ltr'><strong>putet</strong></span> <span class='ocrx_word' id='word_1_338' title='bbox 2386 1994 2528 2050; x_wconf 89' lang='lat' dir='ltr'><strong>male</strong></span> <span class='ocrx_word' id='word_1_339' title='bbox 2553 2009 2674 2050; x_wconf 91' lang='lat' dir='ltr'><strong>cum</strong></span> <span class='ocrx_word' id='word_1_340' title='bbox 2706 1996 3016 2052; x_wconf 90' lang='lat' dir='ltr'><strong>volucribus</strong></span> <span class='ocrx_word' id='word_1_341' title='bbox 3041 1999 3216 2070; x_wconf 87' lang='lat' dir='ltr'><strong>egisse</strong></span> <span class='ocrx_word' id='word_1_342' title='bbox 3255 2010 3521 2067; x_wconf 89' lang='lat' dir='ltr'><strong>naturam,</strong></span> <span class='ocrx_word' id='word_1_343' title='bbox 3552 2001 3668 2072; x_wconf 88' lang='lat' dir='ltr'><strong>pri-</strong></span> 
     </span>
    </p>
   </div>
   <div class='ocr_carea' id='block_1_44' title="bbox 2061 2085 3670 2161">
    <p class='ocr_par' dir='ltr' id='par_1_44' title="bbox 2061 2085 3670 2161">
     <span class='ocr_line' id='line_1_44' title="bbox 2061 2085 3670 2161; baseline 0.006 -21"><span class='ocrx_word' id='word_1_344' title='bbox 2061 2100 2206 2141; x_wconf 90' lang='lat' dir='ltr'><strong>mum</strong></span> <span class='ocrx_word' id='word_1_345' title='bbox 2222 2085 2364 2155; x_wconf 91' lang='lat' dir='ltr'><strong>quod</strong></span> <span class='ocrx_word' id='word_1_346' title='bbox 2382 2087 2462 2142; x_wconf 85' lang='lat' dir='ltr'><strong>bis</strong></span> <span class='ocrx_word' id='word_1_347' title='bbox 2481 2099 2802 2156; x_wconf 89' lang='lat' dir='ltr'><strong>nascuntur;</strong></span> <span class='ocrx_word' id='word_1_348' title='bbox 2822 2090 3039 2158; x_wconf 91' lang='lat' dir='ltr'><strong>deinde,</strong></span> <span class='ocrx_word' id='word_1_349' title='bbox 3059 2093 3198 2161; x_wconf 90' lang='lat' dir='ltr'><strong>quod</strong></span> <span class='ocrx_word' id='word_1_350' title='bbox 3219 2102 3325 2147; x_wconf 89' lang='lat' dir='ltr'><strong>tam</strong></span> <span class='ocrx_word' id='word_1_351' title='bbox 3345 2093 3592 2160; x_wconf 63' lang='lat' dir='ltr'><strong>infirmae,</strong></span> <span class='ocrx_word' id='word_1_352' title='bbox 3609 2106 3670 2150; x_wconf 88' lang='lat' dir='ltr'><strong>ut</strong></span> 
     </span>
    </p>
   </div>
   <div class='ocr_carea' id='block_1_45' title="bbox 2060 2161 3668 2253">
    <p class='ocr_par' dir='ltr' id='par_1_45' title="bbox 2060 2161 3668 2253">
     <span class='ocr_line' id='line_1_45' title="bbox 2060 2161 3668 2253; baseline 0.004 -20"><span class='ocrx_word' id='word_1_353' title='bbox 2060 2179 2169 2233; x_wconf 90' lang='lat' dir='ltr'><strong>sint</strong></span> <span class='ocrx_word' id='word_1_354' title='bbox 2185 2179 2423 2249; x_wconf 71' lang='lat' dir='ltr'><strong>qumsitis</strong></span> <span class='ocrx_word' id='word_1_355' title='bbox 2447 2195 2541 2250; x_wconf 88' lang='lat' dir='ltr'><strong>per</strong></span> <span class='ocrx_word' id='word_1_356' title='bbox 2558 2181 2796 2238; x_wconf 89' lang='lat' dir='ltr'><strong>laborem</strong></span> <span class='ocrx_word' id='word_1_357' title='bbox 2815 2182 2948 2237; x_wconf 86' lang='lat' dir='ltr'><strong>cibis</strong></span> <span class='ocrx_word' id='word_1_358' title='bbox 2965 2199 2994 2236; x_wconf 91' lang='lat' dir='ltr'><strong>a</strong></span> <span class='ocrx_word' id='word_1_359' title='bbox 3014 2161 3668 2253; x_wconf 46' lang='lat' dir='ltr'><strong>parentibus&#39;nutriendte.</strong></span> 
     </span>
    </p>
   </div>
   <div class='ocr_carea' id='block_1_46' title="bbox 2059 2273 3524 2348">
    <p class='ocr_par' dir='ltr' id='par_1_46' title="bbox 2059 2273 3524 2348">
     <span class='ocr_line' id='line_1_46' title="bbox 2059 2273 3524 2348; baseline 0.003 -20"><span class='ocrx_word' id='word_1_360' title='bbox 2059 2273 2164 2328; x_wconf 88' lang='lat' dir='ltr'><strong>Sed</strong></span> <span class='ocrx_word' id='word_1_361' title='bbox 2194 2274 2267 2327; x_wconf 93' lang='lat' dir='ltr'><strong>illi</strong></span> <span class='ocrx_word' id='word_1_362' title='bbox 2297 2273 2517 2328; x_wconf 86' lang='lat' dir='ltr'><strong>fortiora</strong></span> <span class='ocrx_word' id='word_1_363' title='bbox 2548 2275 2770 2345; x_wconf 85' lang='lat' dir='ltr'><strong>eligunt,</strong></span> <span class='ocrx_word' id='word_1_364' title='bbox 2799 2276 3148 2332; x_wconf 87' lang='lat' dir='ltr'><strong>imbecilliora</strong></span> <span class='ocrx_word' id='word_1_365' title='bbox 3177 2287 3524 2348; x_wconf 66' lang='lat' dir='ltr'><strong>praetereunt.</strong></span> 
     </span>
    </p>
   </div>
   <div class='ocr_carea' id='block_1_47' title="bbox 2128 2365 3669 2440">
    <p class='ocr_par' dir='ltr' id='par_1_47' title="bbox 2128 2365 3669 2440">
     <span class='ocr_line' id='line_1_47' title="bbox 2128 2365 3669 2440; baseline 0.006 -22"><span class='ocrx_word' id='word_1_366' title='bbox 2128 2365 2322 2433; x_wconf 81' lang='lat' dir='ltr'><strong>Quer</strong></span> <span class='ocrx_word' id='word_1_367' title='bbox 2348 2365 2508 2436; x_wconf 85' lang='lat' dir='ltr'><strong>igitur</strong></span> <span class='ocrx_word' id='word_1_368' title='bbox 2532 2367 2602 2421; x_wconf 90' lang='lat' dir='ltr'><strong>ab</strong></span> <span class='ocrx_word' id='word_1_369' title='bbox 2639 2368 2724 2434; x_wconf 91' lang='lat' dir='ltr'><strong>iis,</strong></span> <span class='ocrx_word' id='word_1_370' title='bbox 2752 2369 2840 2438; x_wconf 91' lang='lat' dir='ltr'><strong>qui</strong></span> <span class='ocrx_word' id='word_1_371' title='bbox 2863 2367 3227 2425; x_wconf 88' lang='lat' dir='ltr'><strong>conditionem</strong></span> <span class='ocrx_word' id='word_1_372' title='bbox 3254 2371 3521 2440; x_wconf 89' lang='lat' dir='ltr'><strong>pecudum</strong></span> <span class='ocrx_word' id='word_1_373' title='bbox 3553 2386 3669 2428; x_wconf 77' lang='lat' dir='ltr'><strong>suze</strong></span> 
     </span>
    </p>
   </div>
   <div class='ocr_carea' id='block_1_48' title="bbox 2059 2457 3670 2534">
    <p class='ocr_par' dir='ltr' id='par_1_48' title="bbox 2059 2457 3670 2534">
     <span class='ocr_line' id='line_1_48' title="bbox 2059 2457 3670 2534; baseline 0.005 -23"><span class='ocrx_word' id='word_1_374' title='bbox 2059 2457 2376 2528; x_wconf 72' lang='lat' dir='ltr'><strong>praeferunt,</strong></span> <span class='ocrx_word' id='word_1_375' title='bbox 2403 2459 2531 2528; x_wconf 90' lang='lat' dir='ltr'><strong>quid</strong></span> <span class='ocrx_word' id='word_1_376' title='bbox 2584 2458 2807 2530; x_wconf 86' lang='lat' dir='ltr'><strong>eligant,</strong></span> <span class='ocrx_word' id='word_1_377' title='bbox 2841 2461 2886 2516; x_wconf 92' lang='lat' dir='ltr'><strong>si</strong></span> <span class='ocrx_word' id='word_1_378' title='bbox 2934 2461 3075 2516; x_wconf 89' lang='lat' dir='ltr'><strong>Deus</strong></span> <span class='ocrx_word' id='word_1_379' title='bbox 3114 2461 3198 2516; x_wconf 88' lang='lat' dir='ltr'><strong>his</strong></span> <span class='ocrx_word' id='word_1_380' title='bbox 3242 2461 3450 2518; x_wconf 90' lang='lat' dir='ltr'><strong>deferat</strong></span> <span class='ocrx_word' id='word_1_381' title='bbox 3491 2464 3670 2534; x_wconf 90' lang='lat' dir='ltr'><strong>optio-</strong></span> 
     </span>
    </p>
   </div>
   <div class='ocr_carea' id='block_1_49' title="bbox 2060 2551 3671 2622">
    <p class='ocr_par' dir='ltr' id='par_1_49' title="bbox 2060 2551 3671 2622">
     <span class='ocr_line' id='line_1_49' title="bbox 2060 2551 3671 2622; baseline 0.004 -19"><span class='ocrx_word' id='word_1_382' title='bbox 2060 2563 2219 2615; x_wconf 88' lang='lat' dir='ltr'><strong>nem;</strong></span> <span class='ocrx_word' id='word_1_383' title='bbox 2245 2560 2422 2605; x_wconf 86' lang='lat' dir='ltr'><strong>utrum</strong></span> <span class='ocrx_word' id='word_1_384' title='bbox 2455 2551 2644 2605; x_wconf 90' lang='lat' dir='ltr'><strong>malint</strong></span> <span class='ocrx_word' id='word_1_385' title='bbox 2683 2551 2973 2606; x_wconf 90' lang='lat' dir='ltr'><strong>humanam</strong></span> <span class='ocrx_word' id='word_1_386' title='bbox 3011 2553 3330 2622; x_wconf 86' lang='lat' dir='ltr'><strong>sapientiam</strong></span> <span class='ocrx_word' id='word_1_387' title='bbox 3352 2569 3474 2609; x_wconf 90' lang='lat' dir='ltr'><strong>cum</strong></span> <span class='ocrx_word' id='word_1_388' title='bbox 3500 2554 3671 2610; x_wconf 90' lang='lat' dir='ltr'><strong>imbe-</strong></span> 
     </span>
    </p>
   </div>
   <div class='ocr_carea' id='block_1_50' title="bbox 2058 2641 3665 2712">
    <p class='ocr_par' dir='ltr' id='par_1_50' title="bbox 2058 2641 3665 2712">
     <span class='ocr_line' id='line_1_50' title="bbox 2058 2641 3665 2712; baseline 0.002 -16"><span class='ocrx_word' id='word_1_389' title='bbox 2058 2641 2304 2708; x_wconf 91' lang='lat' dir='ltr'><strong>cillitate,</strong></span> <span class='ocrx_word' id='word_1_390' title='bbox 2324 2658 2392 2697; x_wconf 88' lang='lat' dir='ltr'><strong>an</strong></span> <span class='ocrx_word' id='word_1_391' title='bbox 2412 2643 2673 2712; x_wconf 89' lang='lat' dir='ltr'><strong>pecudum</strong></span> <span class='ocrx_word' id='word_1_392' title='bbox 2700 2645 3007 2700; x_wconf 85' lang='lat' dir='ltr'><strong>firmitatem</strong></span> <span class='ocrx_word' id='word_1_393' title='bbox 3038 2661 3160 2700; x_wconf 92' lang='lat' dir='ltr'><strong>cum</strong></span> <span class='ocrx_word' id='word_1_394' title='bbox 3190 2646 3403 2702; x_wconf 90' lang='lat' dir='ltr'><strong>illarum</strong></span> <span class='ocrx_word' id='word_1_395' title='bbox 3432 2649 3665 2702; x_wconf 83' lang='lat' dir='ltr'><strong>natura?</strong></span> 
     </span>
    </p>
   </div>
   <div class='ocr_carea' id='block_1_51' title="bbox 2059 2734 3669 2806">
    <p class='ocr_par' dir='ltr' id='par_1_51' title="bbox 2059 2734 3669 2806">
     <span class='ocr_line' id='line_1_51' title="bbox 2059 2734 3669 2806; baseline 0.001 -14"><span class='ocrx_word' id='word_1_396' title='bbox 2059 2734 2280 2792; x_wconf 87' lang='lat' dir='ltr'><strong>Scilicet</strong></span> <span class='ocrx_word' id='word_1_397' title='bbox 2308 2751 2414 2790; x_wconf 90' lang='lat' dir='ltr'><strong>non</strong></span> <span class='ocrx_word' id='word_1_398' title='bbox 2439 2744 2544 2791; x_wconf 90' lang='lat' dir='ltr'><strong>tam</strong></span> <span class='ocrx_word' id='word_1_399' title='bbox 2574 2735 2806 2806; x_wconf 90' lang='lat' dir='ltr'><strong>pecudes</strong></span> <span class='ocrx_word' id='word_1_400' title='bbox 2835 2747 2979 2806; x_wconf 90' lang='lat' dir='ltr'><strong>sunt,</strong></span> <span class='ocrx_word' id='word_1_401' title='bbox 3007 2747 3067 2792; x_wconf 92' lang='lat' dir='ltr'><strong>ut</strong></span> <span class='ocrx_word' id='word_1_402' title='bbox 3093 2752 3199 2793; x_wconf 90' lang='lat' dir='ltr'><strong>non</strong></span> <span class='ocrx_word' id='word_1_403' title='bbox 3227 2738 3417 2794; x_wconf 83' lang='lat' dir='ltr'><strong>malint</strong></span> <span class='ocrx_word' id='word_1_404' title='bbox 3444 2739 3531 2795; x_wconf 90' lang='lat' dir='ltr'><strong>vel</strong></span> <span class='ocrx_word' id='word_1_405' title='bbox 3560 2738 3669 2794; x_wconf 87' lang='lat' dir='ltr'><strong>fra-</strong></span> 
     </span>
    </p>
   </div>
   <div class='ocr_carea' id='block_1_52' title="bbox 1676 2848 2315 2907">
    <p class='ocr_par' dir='ltr' id='par_1_52' title="bbox 1676 2848 2315 2907">
     <span class='ocr_line' id='line_1_52' title="bbox 1676 2848 2315 2907; baseline 0.002 -4"><span class='ocrx_word' id='word_1_406' title='bbox 1676 2848 2044 2907; x_wconf 83' lang='lat' dir='ltr'><strong>VARIORUM</strong></span> <span class='ocrx_word' id='word_1_407' title='bbox 2083 2848 2315 2907; x_wconf 72' lang='grc' dir='ltr'><strong>ΝΟΤᾸΞ.</strong></span> 
     </span>
    </p>
   </div>
   <div class='ocr_carea' id='block_1_53' title="bbox 418 2966 1944 3039">
    <p class='ocr_par' dir='ltr' id='par_1_53' title="bbox 418 2966 1944 3039">
     <span class='ocr_line' id='line_1_53' title="bbox 418 2966 1944 3039; baseline -0.003 -15"><span class='ocrx_word' id='word_1_408' title='bbox 418 2969 549 3024; x_wconf 80' lang='lat' dir='ltr'><strong>Tam</strong></span> <span class='ocrx_word' id='word_1_409' title='bbox 579 2970 852 3025; x_wconf 80' lang='lat' dir='ltr'><strong>liberaliter</strong></span> <span class='ocrx_word' id='word_1_410' title='bbox 876 2985 932 3024; x_wconf 78' lang='lat' dir='ltr'><strong>se</strong></span> <span class='ocrx_word' id='word_1_411' title='bbox 966 2971 1194 3039; x_wconf 83' lang='lat' dir='ltr'><strong>gesserit.</strong></span> <span class='ocrx_word' id='word_1_412' title='bbox 1228 2969 1390 3024; x_wconf 78' lang='lat' dir='ltr'><strong>AbeSt</strong></span> <span class='ocrx_word' id='word_1_413' title='bbox 1419 2987 1470 3024; x_wconf 85' lang='lat' dir='ltr'><strong>se</strong></span> <span class='ocrx_word' id='word_1_414' title='bbox 1508 2985 1538 3023; x_wconf 90' lang='lat' dir='ltr'><strong>a</strong></span> <span class='ocrx_word' id='word_1_415' title='bbox 1567 2984 1698 3024; x_wconf 84' lang='lat' dir='ltr'><strong>mss.</strong></span> <span class='ocrx_word' id='word_1_416' title='bbox 1723 2968 1756 3021; x_wconf 89' lang='lat'>7</span> <span class='ocrx_word' id='word_1_417' title='bbox 1784 2966 1944 3037; x_wconf 87' lang='lat' dir='ltr'><strong>Reg.,</strong></span> 
     </span>
    </p>
   </div>
   <div class='ocr_carea' id='block_1_54' title="bbox 341 3037 2022 3136">
    <p class='ocr_par' dir='ltr' id='par_1_54' title="bbox 341 3037 2022 3136">
     <span class='ocr_line' id='line_1_54' title="bbox 341 3037 2022 3136; baseline 0 -43"><span class='ocrx_word' id='word_1_418' title='bbox 341 3037 1225 3136; x_wconf 50' lang='lat' dir='ltr'><strong>glgo‘lber‘t‘..£larom.,&#39;Christ.,</strong></span> <span class='ocrx_word' id='word_1_419' title='bbox 1250 3039 1475 3096; x_wconf 85' lang='lat' dir='ltr'><strong>Merton.</strong></span> <span class='ocrx_word' id='word_1_420' title='bbox 1509 3049 1565 3095; x_wconf 90' lang='lat' dir='ltr'><strong>et</strong></span> <span class='ocrx_word' id='word_1_421' title='bbox 1602 3039 1760 3096; x_wconf 90' lang='lat' dir='ltr'><strong>editis</strong></span> <span class='ocrx_word' id='word_1_422' title='bbox 1787 3039 1944 3094; x_wconf 93' lang='lat' dir='ltr'><strong>Rom.</strong></span> <span class='ocrx_word' id='word_1_423' title='bbox 1977 3072 2022 3136; x_wconf 67' lang='grc' dir='ltr'>Ο</span> 
     </span>
    </p>
   </div>
   <div class='ocr_carea' id='block_1_55' title="bbox 344 3112 800 3182">
    <p class='ocr_par' dir='ltr' id='par_1_55' title="bbox 344 3112 800 3182">
     <span class='ocr_line' id='line_1_55' title="bbox 344 3112 800 3182; baseline -0.002 -14"><span class='ocrx_word' id='word_1_424' title='bbox 344 3113 490 3168; x_wconf 79' lang='lat' dir='ltr'><strong>mo</strong></span> <span class='ocrx_word' id='word_1_425' title='bbox 512 3121 568 3167; x_wconf 86' lang='lat' dir='ltr'><strong>et</strong></span> <span class='ocrx_word' id='word_1_426' title='bbox 595 3112 800 3182; x_wconf 74' lang='lat' dir='ltr'><strong>Graph.</strong></span> 
     </span>
    </p>
   </div>
   <div class='ocr_carea' id='block_1_56' title="bbox 416 3180 1950 3239">
    <p class='ocr_par' dir='ltr' id='par_1_56' title="bbox 416 3180 1950 3239">
     <span class='ocr_line' id='line_1_56' title="bbox 416 3180 1950 3239; baseline -0.004 0"><span class='ocrx_word' id='word_1_427' title='bbox 416 3183 566 3239; x_wconf 81' lang='lat' dir='ltr'><strong>Suis.</strong></span> <span class='ocrx_word' id='word_1_428' title='bbox 607 3180 776 3238; x_wconf 80' lang='lat' dir='ltr'><strong>Abest</strong></span> <span class='ocrx_word' id='word_1_429' title='bbox 802 3197 831 3236; x_wconf 89' lang='lat' dir='ltr'><strong>a</strong></span> <span class='ocrx_word' id='word_1_430' title='bbox 871 3183 1000 3238; x_wconf 84' lang='lat' dir='ltr'><strong>Mss.</strong></span> <span class='ocrx_word' id='word_1_431' title='bbox 1051 3191 1188 3239; x_wconf 89' lang='lat' dir='ltr'><strong>teste</strong></span> <span class='ocrx_word' id='word_1_432' title='bbox 1220 3182 1484 3238; x_wconf 85' lang='lat' dir='ltr'><strong>lleuman.</strong></span> <span class='ocrx_word' id='word_1_433' title='bbox 1523 3181 1692 3238; x_wconf 81' lang='lat' dir='ltr'><strong>Abest</strong></span> <span class='ocrx_word' id='word_1_434' title='bbox 1731 3180 1891 3236; x_wconf 88' lang='lat' dir='ltr'><strong>etiam</strong></span> <span class='ocrx_word' id='word_1_435' title='bbox 1918 3194 1950 3233; x_wconf 90' lang='lat' dir='ltr'><strong>a</strong></span> 
     </span>
    </p>
   </div>
   <div class='ocr_carea' id='block_1_57' title="bbox 341 3253 1268 3324">
    <p class='ocr_par' dir='ltr' id='par_1_57' title="bbox 341 3253 1268 3324">
     <span class='ocr_line' id='line_1_57' title="bbox 341 3253 1268 3324; baseline -0.003 -14"><span class='ocrx_word' id='word_1_436' title='bbox 341 3268 449 3310; x_wconf 76' lang='lat' dir='ltr'><strong>m5.</strong></span> <span class='ocrx_word' id='word_1_437' title='bbox 483 3255 616 3309; x_wconf 88' lang='lat' dir='ltr'><strong>Bov.</strong></span> <span class='ocrx_word' id='word_1_438' title='bbox 647 3254 788 3324; x_wconf 93' lang='lat' dir='ltr'><strong>quod</strong></span> <span class='ocrx_word' id='word_1_439' title='bbox 814 3254 1014 3310; x_wconf 89' lang='lat' dir='ltr'><strong>rectius</strong></span> <span class='ocrx_word' id='word_1_440' title='bbox 1039 3253 1268 3309; x_wconf 90' lang='lat' dir='ltr'><strong>videtur.</strong></span> 
     </span>
    </p>
   </div>
   <div class='ocr_carea' id='block_1_58' title="bbox 419 3322 1947 3396">
    <p class='ocr_par' dir='ltr' id='par_1_58' title="bbox 419 3322 1947 3396">
     <span class='ocr_line' id='line_1_58' title="bbox 419 3322 1947 3396; baseline -0.002 -18"><span class='ocrx_word' id='word_1_441' title='bbox 419 3322 702 3396; x_wconf 81' lang='lat' dir='ltr'><strong>Nunquam</strong></span> <span class='ocrx_word' id='word_1_442' title='bbox 725 3325 1096 3396; x_wconf 17' lang='lat' dir='ltr'><strong>tantidesipere.</strong></span> <span class='ocrx_word' id='word_1_443' title='bbox 1126 3324 1216 3380; x_wconf 86' lang='lat' dir='ltr'><strong>Sic</strong></span> <span class='ocrx_word' id='word_1_444' title='bbox 1242 3325 1450 3380; x_wconf 90' lang='lat' dir='ltr'><strong>restitui</strong></span> <span class='ocrx_word' id='word_1_445' title='bbox 1482 3339 1545 3396; x_wconf 76' lang='lat' dir='ltr'><strong>ex</strong></span> <span class='ocrx_word' id='word_1_446' title='bbox 1571 3323 1695 3396; x_wconf 68' lang='lat' dir='ltr'><strong>Mss.</strong></span> <span class='ocrx_word' id='word_1_447' title='bbox 1726 3323 1759 3377; x_wconf 71' lang='grc' dir='ltr'><strong>Ι»</strong></span> <span class='ocrx_word' id='word_1_448' title='bbox 1792 3322 1947 3392; x_wconf 83' lang='lat' dir='ltr'><strong>Reg..</strong></span> 
     </span>
    </p>
   </div>
   <div class='ocr_carea' id='block_1_59' title="bbox 342 3394 1953 3464">
    <p class='ocr_par' dir='ltr' id='par_1_59' title="bbox 342 3394 1953 3464">
     <span class='ocr_line' id='line_1_59' title="bbox 342 3394 1953 3464; baseline -0.003 -12"><span class='ocrx_word' id='word_1_449' title='bbox 342 3394 585 3460; x_wconf 47' lang='lat' dir='ltr'><strong>Bononi,</strong></span> <span class='ocrx_word' id='word_1_450' title='bbox 614 3397 802 3461; x_wconf 90' lang='lat' dir='ltr'><strong>Canc.,</strong></span> <span class='ocrx_word' id='word_1_451' title='bbox 822 3395 859 3448; x_wconf 75' lang='lat'><strong>2</strong></span> <span class='ocrx_word' id='word_1_452' title='bbox 879 3394 1031 3452; x_wconf 87' lang='lat' dir='ltr'><strong>Colb.</strong></span> <span class='ocrx_word' id='word_1_453' title='bbox 1065 3397 1218 3451; x_wconf 71' lang='lat' dir='ltr'><strong>bona:</strong></span> <span class='ocrx_word' id='word_1_454' title='bbox 1243 3404 1405 3456; x_wconf 68' lang='lat' dir='ltr'><strong>notae.</strong></span> <span class='ocrx_word' id='word_1_455' title='bbox 1434 3395 1616 3449; x_wconf 83' lang='lat' dir='ltr'><strong>Baluz.</strong></span> <span class='ocrx_word' id='word_1_456' title='bbox 1651 3395 1834 3464; x_wconf 89' lang='lat' dir='ltr'><strong>anue</strong></span> <span class='ocrx_word' id='word_1_457' title='bbox 1856 3396 1953 3462; x_wconf 89' lang='lat' dir='ltr'><strong>(ut</strong></span> 
     </span>
    </p>
   </div>
   <div class='ocr_carea' id='block_1_60' title="bbox 340 3465 1948 3537">
    <p class='ocr_par' dir='ltr' id='par_1_60' title="bbox 340 3465 1948 3537">
     <span class='ocr_line' id='line_1_60' title="bbox 340 3465 1948 3537; baseline -0.002 -17"><span class='ocrx_word' id='word_1_458' title='bbox 340 3465 561 3537; x_wconf 87' lang='lat' dir='ltr'><strong>opinor)</strong></span> <span class='ocrx_word' id='word_1_459' title='bbox 591 3469 823 3537; x_wconf 80' lang='lat' dir='ltr'><strong>genuina</strong></span> <span class='ocrx_word' id='word_1_460' title='bbox 852 3476 937 3522; x_wconf 85' lang='lat' dir='ltr'><strong>est</strong></span> <span class='ocrx_word' id='word_1_461' title='bbox 967 3465 1231 3522; x_wconf 85' lang='lat' dir='ltr'><strong>Lactantii</strong></span> <span class='ocrx_word' id='word_1_462' title='bbox 1270 3467 1450 3532; x_wconf 88' lang='lat' dir='ltr'><strong>lectio,</strong></span> <span class='ocrx_word' id='word_1_463' title='bbox 1498 3466 1587 3534; x_wconf 87' lang='lat' dir='ltr'><strong>qui</strong></span> <span class='ocrx_word' id='word_1_464' title='bbox 1618 3481 1723 3520; x_wconf 92' lang='lat' dir='ltr'><strong>non</strong></span> <span class='ocrx_word' id='word_1_465' title='bbox 1758 3465 1948 3537; x_wconf 14' lang='lat' dir='ltr'><strong>unogin</strong></span> 
     </span>
    </p>
   </div>
   <div class='ocr_carea' id='block_1_61' title="bbox 341 3535 1952 3594">
    <p class='ocr_par' dir='ltr' id='par_1_61' title="bbox 341 3535 1952 3594">
     <span class='ocr_line' id='line_1_61' title="bbox 341 3535 1952 3594; baseline -0.002 -1"><span class='ocrx_word' id='word_1_466' title='bbox 341 3535 470 3593; x_wconf 74' lang='lat' dir='ltr'><strong>loco</strong></span> <span class='ocrx_word' id='word_1_467' title='bbox 500 3535 688 3593; x_wconf 78' lang='lat' dir='ltr'><strong>vncula</strong></span> <span class='ocrx_word' id='word_1_468' title='bbox 732 3550 836 3592; x_wconf 87' lang='lat' dir='ltr'><strong>tam</strong></span> <span class='ocrx_word' id='word_1_469' title='bbox 865 3539 1031 3592; x_wconf 87' lang='lat' dir='ltr'><strong>utitur</strong></span> <span class='ocrx_word' id='word_1_470' title='bbox 1073 3553 1193 3594; x_wconf 90' lang='lat' dir='ltr'><strong>eum</strong></span> <span class='ocrx_word' id='word_1_471' title='bbox 1239 3539 1424 3594; x_wconf 89' lang='lat' dir='ltr'><strong>verbo.</strong></span> <span class='ocrx_word' id='word_1_472' title='bbox 1474 3537 1563 3592; x_wconf 89' lang='lat' dir='ltr'><strong>Sic</strong></span> <span class='ocrx_word' id='word_1_473' title='bbox 1595 3537 1831 3591; x_wconf 88' lang='lat' dir='ltr'><strong>Divinar.</strong></span> <span class='ocrx_word' id='word_1_474' title='bbox 1867 3535 1952 3589; x_wconf 91' lang='lat' dir='ltr'><strong>ln-</strong></span> 
     </span>
    </p>
   </div>
   <div class='ocr_carea' id='block_1_62' title="bbox 341 3607 1949 3680">
    <p class='ocr_par' dir='ltr' id='par_1_62' title="bbox 341 3607 1949 3680">
     <span class='ocr_line' id='line_1_62' title="bbox 341 3607 1949 3680; baseline -0.003 -17"><span class='ocrx_word' id='word_1_475' title='bbox 341 3610 528 3680; x_wconf 84' lang='lat' dir='ltr'><strong>stitut.</strong></span> <span class='ocrx_word' id='word_1_476' title='bbox 550 3609 640 3680; x_wconf 76' lang='lat' dir='ltr'><strong>lib.</strong></span> <span class='ocrx_word' id='word_1_477' title='bbox 673 3625 688 3663; x_wconf 93' lang='grc' dir='ltr'><strong>ι</strong></span> <span class='ocrx_word' id='word_1_478' title='bbox 718 3625 838 3680; x_wconf 88' lang='lat' dir='ltr'><strong>cap.</strong></span> <span class='ocrx_word' id='word_1_479' title='bbox 870 3610 933 3665; x_wconf 88' lang='lat'><strong>7:</strong></span> <span class='ocrx_word' id='word_1_480' title='bbox 961 3608 1093 3663; x_wconf 87' lang='lat' dir='ltr'><strong>Tam</strong></span> <span class='ocrx_word' id='word_1_481' title='bbox 1117 3626 1220 3664; x_wconf 88' lang='lat' dir='ltr'><strong>non</strong></span> <span class='ocrx_word' id='word_1_482' title='bbox 1245 3611 1462 3664; x_wconf 88' lang='lat' dir='ltr'><strong>multum</strong></span> <span class='ocrx_word' id='word_1_483' title='bbox 1503 3625 1537 3661; x_wconf 89' lang='lat' dir='ltr'><strong>a</strong></span> <span class='ocrx_word' id='word_1_484' title='bbox 1569 3609 1718 3662; x_wconf 83' lang='lat' dir='ltr'><strong>mutis</strong></span> <span class='ocrx_word' id='word_1_485' title='bbox 1746 3607 1949 3662; x_wconf 81' lang='lat' dir='ltr'><strong>anima-</strong></span> 
     </span>
    </p>
   </div>
   <div class='ocr_carea' id='block_1_63' title="bbox 343 3679 810 3746">
    <p class='ocr_par' dir='ltr' id='par_1_63' title="bbox 343 3679 810 3746">
     <span class='ocr_line' id='line_1_63' title="bbox 343 3679 810 3746; baseline -0.002 -13"><span class='ocrx_word' id='word_1_486' title='bbox 343 3679 486 3734; x_wconf 82' lang='lat' dir='ltr'><strong>libus</strong></span> <span class='ocrx_word' id='word_1_487' title='bbox 506 3679 810 3746; x_wconf 65' lang='lat' dir='ltr'><strong>differentes.</strong></span> 
     </span>
    </p>
   </div>
   <div class='ocr_carea' id='block_1_64' title="bbox 419 3750 1954 3821">
    <p class='ocr_par' dir='ltr' id='par_1_64' title="bbox 419 3750 1954 3821">
     <span class='ocr_line' id='line_1_64' title="bbox 419 3750 1954 3821; baseline -0.003 -17"><span class='ocrx_word' id='word_1_488' title='bbox 419 3750 685 3805; x_wconf 74' lang='lat' dir='ltr'><strong>Debuisse.</strong></span> <span class='ocrx_word' id='word_1_489' title='bbox 731 3752 862 3806; x_wconf 89' lang='lat' dir='ltr'><strong>Post</strong></span> <span class='ocrx_word' id='word_1_490' title='bbox 908 3753 1046 3806; x_wconf 83' lang='lat' dir='ltr'><strong>hanc</strong></span> <span class='ocrx_word' id='word_1_491' title='bbox 1068 3766 1276 3816; x_wconf 90' lang='lat' dir='ltr'><strong>vocem,</strong></span> <span class='ocrx_word' id='word_1_492' title='bbox 1309 3750 1542 3821; x_wconf 83' lang='lat' dir='ltr'><strong>expunxi</strong></span> <span class='ocrx_word' id='word_1_493' title='bbox 1573 3765 1724 3820; x_wconf 81' lang='lat' dir='ltr'><strong>quant</strong></span> <span class='ocrx_word' id='word_1_494' title='bbox 1761 3753 1954 3819; x_wconf 77' lang='lat' dir='ltr'><strong>factum</strong></span> 
     </span>
    </p>
   </div>
   <div class='ocr_carea' id='block_1_65' title="bbox 340 3820 1949 3893">
    <p class='ocr_par' dir='ltr' id='par_1_65' title="bbox 340 3820 1949 3893">
     <span class='ocr_line' id='line_1_65' title="bbox 340 3820 1949 3893; baseline -0.002 -18"><span class='ocrx_word' id='word_1_495' title='bbox 340 3833 446 3882; x_wconf 80' lang='lat' dir='ltr'><strong>est,</strong></span> <span class='ocrx_word' id='word_1_496' title='bbox 474 3832 531 3876; x_wconf 90' lang='lat' dir='ltr'><strong>ut</strong></span> <span class='ocrx_word' id='word_1_497' title='bbox 551 3823 816 3893; x_wconf 82' lang='lat' dir='ltr'><strong>glossema</strong></span> <span class='ocrx_word' id='word_1_498' title='bbox 839 3824 1049 3889; x_wconf 90' lang='lat' dir='ltr'><strong>inutile,</strong></span> <span class='ocrx_word' id='word_1_499' title='bbox 1076 3823 1217 3893; x_wconf 93' lang='lat' dir='ltr'><strong>quod</strong></span> <span class='ocrx_word' id='word_1_500' title='bbox 1247 3820 1398 3876; x_wconf 83' lang='lat' dir='ltr'><strong>abest</strong></span> <span class='ocrx_word' id='word_1_501' title='bbox 1424 3839 1458 3893; x_wconf 10' lang='lat' dir='ltr'><strong>a7</strong></span> <span class='ocrx_word' id='word_1_502' title='bbox 1480 3820 1791 3876; x_wconf 83' lang='lat' dir='ltr'><strong>melioribus</strong></span> <span class='ocrx_word' id='word_1_503' title='bbox 1817 3833 1949 3873; x_wconf 88' lang='lat' dir='ltr'><strong>mss.</strong></span> 
     </span>
    </p>
   </div>
   <div class='ocr_carea' id='block_1_66' title="bbox 343 3892 1630 3963">
    <p class='ocr_par' dir='ltr' id='par_1_66' title="bbox 343 3892 1630 3963">
     <span class='ocr_line' id='line_1_66' title="bbox 343 3892 1630 3963; baseline -0.002 -15"><span class='ocrx_word' id='word_1_504' title='bbox 343 3894 420 3948; x_wconf 70' lang='grc'><strong>14</strong></span> <span class='ocrx_word' id='word_1_505' title='bbox 449 3903 502 3947; x_wconf 89' lang='lat' dir='ltr'><strong>et</strong></span> <span class='ocrx_word' id='word_1_506' title='bbox 533 3892 699 3947; x_wconf 86' lang='lat' dir='ltr'><strong>avet.</strong></span> <span class='ocrx_word' id='word_1_507' title='bbox 728 3894 885 3949; x_wconf 87' lang='lat' dir='ltr'><strong>editis</strong></span> <span class='ocrx_word' id='word_1_508' title='bbox 915 3892 1104 3958; x_wconf 80' lang='lat' dir='ltr'><strong>Rom.,</strong></span> <span class='ocrx_word' id='word_1_509' title='bbox 1125 3894 1326 3963; x_wconf 84' lang='lat' dir='ltr'><strong>Graph.</strong></span> <span class='ocrx_word' id='word_1_510' title='bbox 1359 3902 1412 3948; x_wconf 93' lang='lat' dir='ltr'><strong>et</strong></span> <span class='ocrx_word' id='word_1_511' title='bbox 1434 3892 1630 3963; x_wconf 69' lang='lat' dir='ltr'><strong>Cellar.</strong></span> 
     </span>
    </p>
   </div>
   <div class='ocr_carea' id='block_1_67' title="bbox 421 3962 1954 4034">
    <p class='ocr_par' dir='ltr' id='par_1_67' title="bbox 421 3962 1954 4034">
     <span class='ocr_line' id='line_1_67' title="bbox 421 3962 1954 4034; baseline -0.003 -16"><span class='ocrx_word' id='word_1_512' title='bbox 421 3964 580 4018; x_wconf 79' lang='lat' dir='ltr'><strong>Nihil</strong></span> <span class='ocrx_word' id='word_1_513' title='bbox 634 3965 747 4032; x_wconf 80' lang='lat' dir='ltr'><strong>ﬁeri</strong></span> <span class='ocrx_word' id='word_1_514' title='bbox 809 3965 960 4018; x_wconf 81' lang='lat' dir='ltr'><strong>aliter</strong></span> <span class='ocrx_word' id='word_1_515' title='bbox 1022 3962 1368 4019; x_wconf 79' lang='lat' dir='ltr'><strong>debuisse.....</strong></span> <span class='ocrx_word' id='word_1_516' title='bbox 1425 3964 1545 4034; x_wconf 84' lang='lat' dir='ltr'><strong>quia</strong></span> <span class='ocrx_word' id='word_1_517' title='bbox 1596 3962 1736 4015; x_wconf 86' lang='lat' dir='ltr'><strong>Dens</strong></span> <span class='ocrx_word' id='word_1_518' title='bbox 1793 3968 1954 4034; x_wconf 86' lang='lat' dir='ltr'><strong>potest</strong></span> 
     </span>
    </p>
   </div>
   <div class='ocr_carea' id='block_1_68' title="bbox 339 4033 1953 4105">
    <p class='ocr_par' dir='ltr' id='par_1_68' title="bbox 339 4033 1953 4105">
     <span class='ocr_line' id='line_1_68' title="bbox 339 4033 1953 4105; baseline -0.004 -14"><span class='ocrx_word' id='word_1_519' title='bbox 339 4037 559 4095; x_wconf 81' lang='lat' dir='ltr'><strong>omnia.</strong></span> <span class='ocrx_word' id='word_1_520' title='bbox 603 4046 708 4090; x_wconf 90' lang='lat' dir='ltr'><strong>etc.</strong></span> <span class='ocrx_word' id='word_1_521' title='bbox 762 4037 842 4090; x_wconf 83' lang='lat' dir='ltr'><strong>An</strong></span> <span class='ocrx_word' id='word_1_522' title='bbox 889 4037 1032 4090; x_wconf 89' lang='lat' dir='ltr'><strong>Deus</strong></span> <span class='ocrx_word' id='word_1_523' title='bbox 1062 4036 1261 4105; x_wconf 88' lang='lat' dir='ltr'><strong>aliquid</strong></span> <span class='ocrx_word' id='word_1_524' title='bbox 1310 4033 1502 4089; x_wconf 85' lang='lat' dir='ltr'><strong>melius</strong></span> <span class='ocrx_word' id='word_1_525' title='bbox 1539 4034 1717 4088; x_wconf 86' lang='lat' dir='ltr'><strong>facere</strong></span> <span class='ocrx_word' id='word_1_526' title='bbox 1762 4033 1953 4101; x_wconf 85' lang='lat' dir='ltr'><strong>possit,</strong></span> 
     </span>
    </p>
   </div>
   <div class='ocr_carea' id='block_1_69' title="bbox 340 4105 1955 4176">
    <p class='ocr_par' dir='ltr' id='par_1_69' title="bbox 340 4105 1955 4176">
     <span class='ocr_line' id='line_1_69' title="bbox 340 4105 1955 4176; baseline -0.005 -14"><span class='ocrx_word' id='word_1_527' title='bbox 340 4123 514 4176; x_wconf 84' lang='lat' dir='ltr'><strong>quam</strong></span> <span class='ocrx_word' id='word_1_528' title='bbox 539 4108 747 4170; x_wconf 86' lang='lat' dir='ltr'><strong>fecerit,</strong></span> <span class='ocrx_word' id='word_1_529' title='bbox 771 4116 824 4161; x_wconf 90' lang='lat' dir='ltr'><strong>et</strong></span> <span class='ocrx_word' id='word_1_530' title='bbox 852 4123 918 4161; x_wconf 89' lang='lat' dir='ltr'><strong>an</strong></span> <span class='ocrx_word' id='word_1_531' title='bbox 948 4108 1204 4161; x_wconf 91' lang='lat' dir='ltr'><strong>mundum</strong></span> <span class='ocrx_word' id='word_1_532' title='bbox 1234 4106 1410 4161; x_wconf 87' lang='lat' dir='ltr'><strong>facere</strong></span> <span class='ocrx_word' id='word_1_533' title='bbox 1439 4105 1715 4160; x_wconf 88' lang='lat' dir='ltr'><strong>meliorem</strong></span> <span class='ocrx_word' id='word_1_534' title='bbox 1764 4113 1955 4176; x_wconf 88' lang='lat' dir='ltr'><strong>potue-</strong></span> 
     </span>
    </p>
   </div>
   <div class='ocr_carea' id='block_1_70' title="bbox 341 4175 1954 4248">
    <p class='ocr_par' dir='ltr' id='par_1_70' title="bbox 341 4175 1954 4248">
     <span class='ocr_line' id='line_1_70' title="bbox 341 4175 1954 4248; baseline -0.004 -15"><span class='ocrx_word' id='word_1_535' title='bbox 341 4175 455 4241; x_wconf 79' lang='lat' dir='ltr'><strong>rit,</strong></span> <span class='ocrx_word' id='word_1_536' title='bbox 503 4187 559 4232; x_wconf 90' lang='lat' dir='ltr'><strong>et</strong></span> <span class='ocrx_word' id='word_1_537' title='bbox 598 4181 803 4247; x_wconf 90' lang='lat' dir='ltr'><strong>possit,</strong></span> <span class='ocrx_word' id='word_1_538' title='bbox 831 4194 990 4248; x_wconf 87' lang='lat' dir='ltr'><strong>quam</strong></span> <span class='ocrx_word' id='word_1_539' title='bbox 1022 4177 1229 4248; x_wconf 86' lang='lat' dir='ltr'><strong>fecerit,</strong></span> <span class='ocrx_word' id='word_1_540' title='bbox 1263 4177 1539 4248; x_wconf 82' lang='lat' dir='ltr'><strong>disputant</strong></span> <span class='ocrx_word' id='word_1_541' title='bbox 1563 4175 1798 4244; x_wconf 88' lang='lat' dir='ltr'><strong>theologi</strong></span> <span class='ocrx_word' id='word_1_542' title='bbox 1831 4189 1954 4227; x_wconf 92' lang='lat' dir='ltr'><strong>cum</strong></span> 
     </span>
    </p>
   </div>
   <div class='ocr_carea' id='block_1_71' title="bbox 339 4247 1950 4319">
    <p class='ocr_par' dir='ltr' id='par_1_71' title="bbox 339 4247 1950 4319">
     <span class='ocr_line' id='line_1_71' title="bbox 339 4247 1950 4319; baseline -0.004 -15"><span class='ocrx_word' id='word_1_543' title='bbox 339 4250 608 4319; x_wconf 70' lang='lat' dir='ltr'><strong>ﬂagistro</strong></span> <span class='ocrx_word' id='word_1_544' title='bbox 624 4265 641 4304; x_wconf 84' lang='lat'>1</span> <span class='ocrx_word' id='word_1_545' title='bbox 656 4247 915 4314; x_wconf 73' lang='lat' dir='ltr'><strong>sentent,</strong></span> <span class='ocrx_word' id='word_1_546' title='bbox 939 4248 1176 4302; x_wconf 90' lang='lat' dir='ltr'><strong>distinct.</strong></span> <span class='ocrx_word' id='word_1_547' title='bbox 1196 4247 1287 4311; x_wconf 71' lang='grc' dir='ltr'><em>Μ,</em></span> <span class='ocrx_word' id='word_1_548' title='bbox 1306 4249 1391 4301; x_wconf 87' lang='lat' dir='ltr'><strong>ubi</strong></span> <span class='ocrx_word' id='word_1_549' title='bbox 1409 4248 1466 4303; x_wconf 90' lang='lat' dir='ltr'><strong>S.</strong></span> <span class='ocrx_word' id='word_1_550' title='bbox 1485 4247 1738 4319; x_wconf 65' lang='lat' dir='ltr'><strong>Thomas,</strong></span> <span class='ocrx_word' id='word_1_551' title='bbox 1751 4255 1950 4319; x_wconf 77' lang='lat' dir='ltr'><strong>quaest.</strong></span> 
     </span>
    </p>
   </div>
   <div class='ocr_carea' id='block_1_72' title="bbox 340 4315 1954 4388">
    <p class='ocr_par' dir='ltr' id='par_1_72' title="bbox 340 4315 1954 4388">
     <span class='ocr_line' id='line_1_72' title="bbox 340 4315 1954 4388; baseline -0.005 -12"><span class='ocrx_word' id='word_1_552' title='bbox 340 4315 525 4384; x_wconf 65' lang='lat' dir='ltr'><strong>unie,</strong></span> <span class='ocrx_word' id='word_1_553' title='bbox 551 4329 653 4373; x_wconf 89' lang='lat' dir='ltr'><strong>art.</strong></span> <span class='ocrx_word' id='word_1_554' title='bbox 681 4321 781 4374; x_wconf 85' lang='lat' dir='ltr'><strong>let</strong></span> <span class='ocrx_word' id='word_1_555' title='bbox 805 4322 874 4385; x_wconf 73' lang='lat'><strong>2;</strong></span> <span class='ocrx_word' id='word_1_556' title='bbox 899 4321 957 4375; x_wconf 92' lang='lat' dir='ltr'><strong>S.</strong></span> <span class='ocrx_word' id='word_1_557' title='bbox 978 4319 1202 4386; x_wconf 87' lang='lat' dir='ltr'><strong>Bonav.,</strong></span> <span class='ocrx_word' id='word_1_558' title='bbox 1226 4319 1453 4388; x_wconf 74' lang='lat' dir='ltr'><strong>quaestio</strong></span> <span class='ocrx_word' id='word_1_559' title='bbox 1477 4319 1503 4380; x_wconf 82' lang='grc'><strong>1</strong></span> <span class='ocrx_word' id='word_1_560' title='bbox 1532 4327 1585 4372; x_wconf 89' lang='lat' dir='ltr'><strong>ct</strong></span> <span class='ocrx_word' id='word_1_561' title='bbox 1610 4317 1672 4382; x_wconf 78' lang='lat'>5;</span> <span class='ocrx_word' id='word_1_562' title='bbox 1698 4315 1954 4388; x_wconf 82' lang='lat' dir='ltr'><strong>Richard.</strong></span> 
     </span>
    </p>
   </div>
   <div class='ocr_carea' id='block_1_73' title="bbox 342 4386 1954 4460">
    <p class='ocr_par' dir='ltr' id='par_1_73' title="bbox 342 4386 1954 4460">
     <span class='ocr_line' id='line_1_73' title="bbox 342 4386 1954 4460; baseline -0.002 -17"><span class='ocrx_word' id='word_1_563' title='bbox 342 4402 546 4460; x_wconf 67' lang='lat' dir='ltr'><strong>quaest.</strong></span> <span class='ocrx_word' id='word_1_564' title='bbox 583 4391 608 4445; x_wconf 82' lang='lat' dir='ltr'><strong>l</strong></span> <span class='ocrx_word' id='word_1_565' title='bbox 635 4407 649 4453; x_wconf 92' lang='lat'>;</span> <span class='ocrx_word' id='word_1_566' title='bbox 681 4393 867 4446; x_wconf 79' lang='lat' dir='ltr'><strong>Albert</strong></span> <span class='ocrx_word' id='word_1_567' title='bbox 896 4405 949 4460; x_wconf 89' lang='lat' dir='ltr'><strong>p.</strong></span> <span class='ocrx_word' id='word_1_568' title='bbox 981 4407 1058 4458; x_wconf 85' lang='lat' dir='ltr'><strong>p.,</strong></span> <span class='ocrx_word' id='word_1_569' title='bbox 1087 4386 1276 4459; x_wconf 68' lang='lat' dir='ltr'><strong>quaist.</strong></span> <span class='ocrx_word' id='word_1_570' title='bbox 1311 4391 1400 4456; x_wconf 89' lang='lat'><strong>77,</strong></span> <span class='ocrx_word' id='word_1_571' title='bbox 1427 4391 1627 4443; x_wconf 89' lang='lat' dir='ltr'><strong>memb.</strong></span> <span class='ocrx_word' id='word_1_572' title='bbox 1664 4388 1738 4460; x_wconf 20' lang='lat'><strong>7&#39;5;</strong></span> <span class='ocrx_word' id='word_1_573' title='bbox 1767 4386 1954 4442; x_wconf 86' lang='lat' dir='ltr'><strong>Alens.</strong></span> 
     </span>
    </p>
   </div>
   <div class='ocr_carea' id='block_1_74' title="bbox 341 4459 1851 4531">
    <p class='ocr_par' dir='ltr' id='par_1_74' title="bbox 341 4459 1851 4531">
     <span class='ocr_line' id='line_1_74' title="bbox 341 4459 1851 4531; baseline -0.004 -14"><span class='ocrx_word' id='word_1_574' title='bbox 341 4459 408 4518; x_wconf 72' lang='lat' dir='ltr'><strong>in</strong></span> <span class='ocrx_word' id='word_1_575' title='bbox 441 4479 518 4524; x_wconf 70' lang='lat'><strong>9.,</strong></span> <span class='ocrx_word' id='word_1_576' title='bbox 547 4472 739 4531; x_wconf 71' lang='lat' dir='ltr'><strong>quzest.</strong></span> <span class='ocrx_word' id='word_1_577' title='bbox 763 4462 858 4529; x_wconf 81' lang='lat'><strong>‘26,</strong></span> <span class='ocrx_word' id='word_1_578' title='bbox 887 4459 1081 4516; x_wconf 86' lang='lat' dir='ltr'><strong>memb.</strong></span> <span class='ocrx_word' id='word_1_579' title='bbox 1115 4463 1167 4515; x_wconf 80' lang='lat'><strong>5.</strong></span> <span class='ocrx_word' id='word_1_580' title='bbox 1411 4530 1420 4531; x_wconf 16' lang='grc' dir='ltr'>ί</span> <span class='ocrx_word' id='word_1_581' title='bbox 1662 4459 1851 4531; x_wconf 14' lang='grc' dir='ltr'><strong>Ιεγιευε.</strong></span> 
     </span>
    </p>
   </div>
   <div class='ocr_carea' id='block_1_75' title="bbox 429 4527 1954 4602">
    <p class='ocr_par' dir='ltr' id='par_1_75' title="bbox 429 4527 1954 4602">
     <span class='ocr_line' id='line_1_75' title="bbox 429 4527 1954 4602; baseline -0.005 -14"><span class='ocrx_word' id='word_1_582' title='bbox 429 4531 502 4588; x_wconf 84' lang='lat' dir='ltr'><strong>Ut</strong></span> <span class='ocrx_word' id='word_1_583' title='bbox 524 4527 963 4601; x_wconf 75' lang='lat' dir='ltr'><strong>providentissima</strong></span> <span class='ocrx_word' id='word_1_584' title='bbox 992 4532 1084 4585; x_wconf 87' lang='lat' dir='ltr'><strong>illa</strong></span> <span class='ocrx_word' id='word_1_585' title='bbox 1112 4534 1372 4602; x_wconf 83' lang='lat' dir='ltr'><strong>majestas.</strong></span> <span class='ocrx_word' id='word_1_586' title='bbox 1400 4530 1488 4586; x_wconf 90' lang='lat' dir='ltr'><strong>Sic</strong></span> <span class='ocrx_word' id='word_1_587' title='bbox 1508 4530 1724 4602; x_wconf 67' lang='lat' dir='ltr'><strong>reposui</strong></span> <span class='ocrx_word' id='word_1_588' title='bbox 1764 4544 1830 4582; x_wconf 80' lang='lat' dir='ltr'><strong>ex</strong></span> <span class='ocrx_word' id='word_1_589' title='bbox 1861 4527 1954 4582; x_wconf 81' lang='lat' dir='ltr'><strong>de-</strong></span> 
     </span>
    </p>
   </div>
   <div class='ocr_carea' id='block_1_76' title="bbox 339 4599 1956 4672">
    <p class='ocr_par' dir='ltr' id='par_1_76' title="bbox 339 4599 1956 4672">
     <span class='ocr_line' id='line_1_76' title="bbox 339 4599 1956 4672; baseline -0.007 -12"><span class='ocrx_word' id='word_1_590' title='bbox 339 4620 473 4660; x_wconf 88' lang='lat' dir='ltr'><strong>cem</strong></span> <span class='ocrx_word' id='word_1_591' title='bbox 522 4599 911 4672; x_wconf 77' lang='lat' dir='ltr'><strong>antiquioribus</strong></span> <span class='ocrx_word' id='word_1_592' title='bbox 957 4612 1011 4658; x_wconf 90' lang='lat' dir='ltr'><strong>et</strong></span> <span class='ocrx_word' id='word_1_593' title='bbox 1068 4599 1364 4671; x_wconf 85' lang='lat' dir='ltr'><strong>potioribus</strong></span> <span class='ocrx_word' id='word_1_594' title='bbox 1419 4599 1654 4656; x_wconf 33' lang='lat' dir='ltr'><strong>mss.’ln</strong></span> <span class='ocrx_word' id='word_1_595' title='bbox 1697 4599 1832 4672; x_wconf 75' lang='lat' dir='ltr'><strong>Pen.</strong></span> <span class='ocrx_word' id='word_1_596' title='bbox 1873 4608 1956 4672; x_wconf 72' lang='lat' dir='ltr'><strong>est</strong></span> 
     </span>
    </p>
   </div>
   <div class='ocr_carea' id='block_1_77' title="bbox 339 4669 1956 4746">
    <p class='ocr_par' dir='ltr' id='par_1_77' title="bbox 339 4669 1956 4746">
     <span class='ocr_line' id='line_1_77' title="bbox 339 4669 1956 4746; baseline -0.003 -18"><span class='ocrx_word' id='word_1_597' title='bbox 339 4669 791 4746; x_wconf 81' lang='lat' dir='ltr'><strong>prudentissima;</strong></span> <span class='ocrx_word' id='word_1_598' title='bbox 833 4675 884 4729; x_wconf 88' lang='lat' dir='ltr'><strong>itt</strong></span> <span class='ocrx_word' id='word_1_599' title='bbox 931 4677 962 4728; x_wconf 92' lang='lat'><strong>7</strong></span> <span class='ocrx_word' id='word_1_600' title='bbox 1001 4669 1086 4729; x_wconf 80' lang='lat' dir='ltr'><strong>est</strong></span> <span class='ocrx_word' id='word_1_601' title='bbox 1121 4675 1259 4744; x_wconf 86' lang='lat' dir='ltr'><strong>quod</strong></span> <span class='ocrx_word' id='word_1_602' title='bbox 1304 4673 1427 4740; x_wconf 86' lang='lat' dir='ltr'><strong>illa,</strong></span> <span class='ocrx_word' id='word_1_603' title='bbox 1461 4688 1582 4743; x_wconf 75' lang='lat' dir='ltr'><strong>qua:</strong></span> <span class='ocrx_word' id='word_1_604' title='bbox 1619 4684 1781 4725; x_wconf 89' lang='lat' dir='ltr'><strong>voces</strong></span> <span class='ocrx_word' id='word_1_605' title='bbox 1823 4671 1876 4724; x_wconf 92' lang='lat' dir='ltr'><strong>in</strong></span> <span class='ocrx_word' id='word_1_606' title='bbox 1922 4669 1956 4723; x_wconf 85' lang='lat'><strong>5</strong></span> 
     </span>
    </p>
   </div>
   <div class='ocr_carea' id='block_1_78' title="bbox 337 4749 577 4802">
    <p class='ocr_par' dir='ltr' id='par_1_78' title="bbox 337 4749 577 4802">
     <span class='ocr_line' id='line_1_78' title="bbox 337 4749 577 4802; baseline -0.038 0"><span class='ocrx_word' id='word_1_607' title='bbox 337 4749 577 4802; x_wconf 80' lang='lat' dir='ltr'><strong>desunt.</strong></span> 
     </span>
    </p>
   </div>
   <div class='ocr_carea' id='block_1_79' title="bbox 419 4815 1592 4883">
    <p class='ocr_par' dir='ltr' id='par_1_79' title="bbox 419 4815 1592 4883">
     <span class='ocr_line' id='line_1_79' title="bbox 419 4815 1592 4883; baseline -0.003 -13"><span class='ocrx_word' id='word_1_608' title='bbox 419 4815 806 4870; x_wconf 81' lang='lat' dir='ltr'><strong>Provehantur.</strong></span> <span class='ocrx_word' id='word_1_609' title='bbox 831 4817 886 4870; x_wconf 89' lang='lat' dir='ltr'><strong>In</strong></span> <span class='ocrx_word' id='word_1_610' title='bbox 912 4831 1012 4869; x_wconf 91' lang='lat' dir='ltr'><strong>ms.</strong></span> <span class='ocrx_word' id='word_1_611' title='bbox 1046 4816 1200 4882; x_wconf 87' lang='lat' dir='ltr'><strong>Bov.,</strong></span> <span class='ocrx_word' id='word_1_612' title='bbox 1233 4815 1592 4883; x_wconf 83' lang='lat' dir='ltr'><strong>prove/tentur.</strong></span> 
     </span>
    </p>
   </div>
   <div class='ocr_carea' id='block_1_80' title="bbox 423 4882 1955 4957">
    <p class='ocr_par' dir='ltr' id='par_1_80' title="bbox 423 4882 1955 4957">
     <span class='ocr_line' id='line_1_80' title="bbox 423 4882 1955 4957; baseline -0.003 -16"><span class='ocrx_word' id='word_1_613' title='bbox 423 4888 703 4957; x_wconf 85' lang='lat' dir='ltr'><strong>Dependit.</strong></span> <span class='ocrx_word' id='word_1_614' title='bbox 737 4887 804 4941; x_wconf 91' lang='lat' dir='ltr'><strong>Ita</strong></span> <span class='ocrx_word' id='word_1_615' title='bbox 825 4903 954 4942; x_wconf 90' lang='lat' dir='ltr'><strong>mss.</strong></span> <span class='ocrx_word' id='word_1_616' title='bbox 974 4887 1008 4942; x_wconf 86' lang='lat'><strong>5</strong></span> <span class='ocrx_word' id='word_1_617' title='bbox 1030 4887 1157 4957; x_wconf 83' lang='lat' dir='ltr'><strong>Reg.</strong></span> <span class='ocrx_word' id='word_1_618' title='bbox 1172 4929 1185 4948; x_wconf 89' lang='lat'><strong>,</strong></span> <span class='ocrx_word' id='word_1_619' title='bbox 1204 4882 1364 4942; x_wconf 84' lang='lat' dir='ltr'><strong>Goth.</strong></span> <span class='ocrx_word' id='word_1_620' title='bbox 1384 4885 1607 4957; x_wconf 74' lang='lat' dir='ltr'><strong>Tornes.</strong></span> <span class='ocrx_word' id='word_1_621' title='bbox 1622 4925 1634 4946; x_wconf 91' lang='lat'><strong>,</strong></span> <span class='ocrx_word' id='word_1_622' title='bbox 1659 4882 1955 4957; x_wconf 70' lang='lat' dir='ltr'><strong>Colomes.,</strong></span> 
     </span>
    </p>
   </div>
   <div class='ocr_carea' id='block_1_81' title="bbox 339 4953 1952 5025">
    <p class='ocr_par' dir='ltr' id='par_1_81' title="bbox 339 4953 1952 5025">
     <span class='ocr_line' id='line_1_81' title="bbox 339 4953 1952 5025; baseline -0.006 -9"><span class='ocrx_word' id='word_1_623' title='bbox 339 4953 595 5020; x_wconf 79' lang='lat' dir='ltr'><strong>Balliol.,</strong></span> <span class='ocrx_word' id='word_1_624' title='bbox 631 4959 772 5022; x_wconf 59' lang='lat' dir='ltr'><strong>Enn,</strong></span> <span class='ocrx_word' id='word_1_625' title='bbox 805 4960 980 5023; x_wconf 83' lang='lat' dir='ltr'><strong>Cant.,</strong></span> <span class='ocrx_word' id='word_1_626' title='bbox 1014 4956 1048 5010; x_wconf 72' lang='grc'>4</span> <span class='ocrx_word' id='word_1_627' title='bbox 1076 4953 1254 5023; x_wconf 70' lang='lat' dir='ltr'><strong>Cblb.,</strong></span> <span class='ocrx_word' id='word_1_628' title='bbox 1286 4958 1459 5025; x_wconf 91' lang='lat' dir='ltr'><strong>Lips.,</strong></span> <span class='ocrx_word' id='word_1_629' title='bbox 1493 4954 1752 5021; x_wconf 87' lang='lat' dir='ltr'><strong>Clarom.,</strong></span> <span class='ocrx_word' id='word_1_630' title='bbox 1789 4953 1952 5007; x_wconf 87' lang='lat' dir='ltr'><strong>Bruu.</strong></span> 
     </span>
    </p>
   </div>
   <div class='ocr_carea' id='block_1_82' title="bbox 339 5024 1955 5098">
    <p class='ocr_par' dir='ltr' id='par_1_82' title="bbox 339 5024 1955 5098">
     <span class='ocr_line' id='line_1_82' title="bbox 339 5024 1955 5098; baseline -0.006 -12"><span class='ocrx_word' id='word_1_631' title='bbox 339 5040 402 5086; x_wconf 72' lang='lat' dir='ltr'><strong>et</strong></span> <span class='ocrx_word' id='word_1_632' title='bbox 434 5029 573 5083; x_wconf 83' lang='lat' dir='ltr'><strong>edit.</strong></span> <span class='ocrx_word' id='word_1_633' title='bbox 596 5029 754 5084; x_wconf 91' lang='lat' dir='ltr'><strong>Rom.</strong></span> <span class='ocrx_word' id='word_1_634' title='bbox 797 5029 955 5089; x_wconf 76' lang='grc'><strong>1470,</strong></span> <span class='ocrx_word' id='word_1_635' title='bbox 987 5029 1132 5082; x_wconf 84' lang='lat' dir='ltr'><strong>Crat.</strong></span> <span class='ocrx_word' id='word_1_636' title='bbox 1168 5031 1217 5082; x_wconf 93' lang='lat' dir='ltr'><strong>in</strong></span> <span class='ocrx_word' id='word_1_637' title='bbox 1252 5024 1421 5098; x_wconf 82' lang='lat' dir='ltr'><strong>marg.</strong></span> <span class='ocrx_word' id='word_1_638' title='bbox 1453 5036 1504 5081; x_wconf 90' lang='lat' dir='ltr'><strong>et</strong></span> <span class='ocrx_word' id='word_1_639' title='bbox 1534 5026 1734 5095; x_wconf 83' lang='lat' dir='ltr'><strong>Graph.</strong></span> <span class='ocrx_word' id='word_1_640' title='bbox 1771 5024 1820 5078; x_wconf 88' lang='lat' dir='ltr'><strong>id</strong></span> <span class='ocrx_word' id='word_1_641' title='bbox 1853 5034 1955 5086; x_wconf 84' lang='lat' dir='ltr'><strong>est,</strong></span> 
     </span>
    </p>
   </div>
   <div class='ocr_carea' id='block_1_83' title="bbox 341 5098 1956 5169">
    <p class='ocr_par' dir='ltr' id='par_1_83' title="bbox 341 5098 1956 5169">
     <span class='ocr_line' id='line_1_83' title="bbox 341 5098 1956 5169; baseline -0.004 -13"><span class='ocrx_word' id='word_1_642' title='bbox 341 5102 610 5169; x_wconf 81' lang='lat' dir='ltr'><strong>rependit,</strong></span> <span class='ocrx_word' id='word_1_643' title='bbox 639 5101 782 5168; x_wconf 84' lang='lat' dir='ltr'><strong>quod</strong></span> <span class='ocrx_word' id='word_1_644' title='bbox 812 5110 893 5154; x_wconf 90' lang='lat' dir='ltr'><strong>est</strong></span> <span class='ocrx_word' id='word_1_645' title='bbox 927 5100 979 5153; x_wconf 89' lang='lat' dir='ltr'><strong>in</strong></span> <span class='ocrx_word' id='word_1_646' title='bbox 1009 5098 1329 5169; x_wconf 77' lang='lat' dir='ltr'><strong>Regio-Plit.</strong></span> <span class='ocrx_word' id='word_1_647' title='bbox 1360 5114 1454 5153; x_wconf 92' lang='lat' dir='ltr'><strong>seu</strong></span> <span class='ocrx_word' id='word_1_648' title='bbox 1481 5105 1792 5169; x_wconf 74' lang='lat' dir='ltr'><strong>compensat,</strong></span> <span class='ocrx_word' id='word_1_649' title='bbox 1821 5105 1875 5149; x_wconf 90' lang='lat' dir='ltr'><strong>ut</strong></span> <span class='ocrx_word' id='word_1_650' title='bbox 1906 5098 1956 5150; x_wconf 92' lang='lat' dir='ltr'><strong>in</strong></span> 
     </span>
    </p>
   </div>
   <div class='ocr_carea' id='block_1_84' title="bbox 340 5168 1958 5239">
    <p class='ocr_par' dir='ltr' id='par_1_84' title="bbox 340 5168 1958 5239">
     <span class='ocr_line' id='line_1_84' title="bbox 340 5168 1958 5239; baseline -0.004 -12"><span class='ocrx_word' id='word_1_651' title='bbox 340 5168 487 5227; x_wconf 86' lang='lat' dir='ltr'><strong>edit.</strong></span> <span class='ocrx_word' id='word_1_652' title='bbox 522 5172 698 5226; x_wconf 88' lang='lat' dir='ltr'><strong>Betul.</strong></span> <span class='ocrx_word' id='word_1_653' title='bbox 735 5171 788 5224; x_wconf 87' lang='lat' dir='ltr'><strong>ltt</strong></span> <span class='ocrx_word' id='word_1_654' title='bbox 826 5171 860 5226; x_wconf 81' lang='lat'><strong>&#39;5</strong></span> <span class='ocrx_word' id='word_1_655' title='bbox 909 5170 1068 5239; x_wconf 84' lang='lat' dir='ltr'><strong>Reg.,</strong></span> <span class='ocrx_word' id='word_1_656' title='bbox 1101 5168 1144 5224; x_wconf 54' lang='grc'><strong>⁷2</strong></span> <span class='ocrx_word' id='word_1_657' title='bbox 1173 5170 1353 5235; x_wconf 89' lang='lat' dir='ltr'><strong>Colb.,</strong></span> <span class='ocrx_word' id='word_1_658' title='bbox 1383 5169 1565 5223; x_wconf 85' lang='lat' dir='ltr'><strong>Balnz.</strong></span> <span class='ocrx_word' id='word_1_659' title='bbox 1597 5168 1735 5239; x_wconf 88' lang='lat' dir='ltr'><strong>etin</strong></span> <span class='ocrx_word' id='word_1_660' title='bbox 1767 5182 1958 5220; x_wconf 87' lang='lat' dir='ltr'><strong>novem</strong></span> 
     </span>
    </p>
   </div>
   <div class='ocr_carea' id='block_1_85' title="bbox 339 5238 1958 5368">
    <p class='ocr_par' dir='ltr' id='par_1_85' title="bbox 339 5238 1958 5368">
     <span class='ocr_line' id='line_1_85' title="bbox 339 5238 1958 5368; baseline -0.003 -71"><span class='ocrx_word' id='word_1_661' title='bbox 339 5244 589 5368; x_wconf 50' lang='lat' dir='ltr'><strong>vulbg‘atis</strong></span> <span class='ocrx_word' id='word_1_662' title='bbox 615 5241 968 5312; x_wconf 81' lang='lat' dir='ltr'><strong>deprehendit,</strong></span> <span class='ocrx_word' id='word_1_663' title='bbox 995 5238 1217 5297; x_wconf 89' lang='lat' dir='ltr'><strong>vitiose:</strong></span> <span class='ocrx_word' id='word_1_664' title='bbox 1247 5240 1588 5312; x_wconf 80' lang='lat' dir='ltr'><strong>reprehendit,</strong></span> <span class='ocrx_word' id='word_1_665' title='bbox 1615 5238 1792 5292; x_wconf 89' lang='lat' dir='ltr'><strong>adhuc</strong></span> <span class='ocrx_word' id='word_1_666' title='bbox 1808 5238 1958 5307; x_wconf 85' lang='lat' dir='ltr'><strong>pejus</strong></span> 
     </span>
     <span class='ocr_line' id='line_1_86' title="bbox 341 5329 630 5368; baseline -0.007 0"><span class='ocrx_word' id='word_1_667' title='bbox 341 5330 402 5368; x_wconf 80' lang='lat' dir='ltr'><strong>in</strong></span> <span class='ocrx_word' id='word_1_668' title='bbox 493 5329 630 5367; x_wconf 90' lang='lat' dir='ltr'><strong>arm.</strong></span> 
     </span>
    </p>
   </div>
   <div class='ocr_carea' id='block_1_86' title="bbox 341 5329 630 5370">
    <p class='ocr_par' dir='ltr' id='par_1_86' title="bbox 341 5329 630 5370">
     <span class='ocr_line' id='line_1_87' title="bbox 341 5329 630 5370; baseline -0.014 0"><span class='ocrx_word' id='word_1_669' title='bbox 341 5330 402 5370; x_wconf 79' lang='grc' dir='ltr'>ω</span> <span class='ocrx_word' id='word_1_670' title='bbox 436 5329 630 5368; x_wconf 77' lang='lat' dir='ltr'><strong>mann.</strong></span> 
     </span>
    </p>
   </div>
   <div class='ocr_carea' id='block_1_87' title="bbox 421 5379 1957 5454">
    <p class='ocr_par' dir='ltr' id='par_1_87' title="bbox 421 5379 1957 5454">
     <span class='ocr_line' id='line_1_88' title="bbox 421 5379 1957 5454; baseline -0.004 -16"><span class='ocrx_word' id='word_1_671' title='bbox 421 5382 634 5438; x_wconf 72' lang='lat' dir='ltr'><strong>Furtum</strong></span> <span class='ocrx_word' id='word_1_672' title='bbox 686 5384 958 5438; x_wconf 81' lang='lat' dir='ltr'><strong>ediderint.</strong></span> <span class='ocrx_word' id='word_1_673' title='bbox 1019 5383 1087 5439; x_wconf 88' lang='lat' dir='ltr'><strong>Ut</strong></span> <span class='ocrx_word' id='word_1_674' title='bbox 1154 5383 1250 5438; x_wconf 79' lang='lat' dir='ltr'><strong>inf.</strong></span> <span class='ocrx_word' id='word_1_675' title='bbox 1305 5382 1466 5454; x_wconf 90' lang='lat' dir='ltr'><strong>Lips._</strong></span> <span class='ocrx_word' id='word_1_676' title='bbox 1515 5388 1636 5454; x_wconf 67' lang='lat' dir='ltr'><strong>fert.</strong></span> <span class='ocrx_word' id='word_1_677' title='bbox 1698 5379 1957 5454; x_wconf 81' lang='lat' dir='ltr'><strong>Reimm.,</strong></span> 
     </span>
    </p>
   </div>
   <div class='ocr_carea' id='block_1_88' title="bbox 343 5451 1962 5526">
    <p class='ocr_par' dir='ltr' id='par_1_88' title="bbox 343 5451 1962 5526">
     <span class='ocr_line' id='line_1_89' title="bbox 343 5451 1962 5526; baseline -0.004 -14"><span class='ocrx_word' id='word_1_678' title='bbox 343 5456 536 5526; x_wconf 72' lang='lat' dir='ltr'><strong>{cetum</strong></span> <span class='ocrx_word' id='word_1_679' title='bbox 565 5457 840 5509; x_wconf 80' lang='lat' dir='ltr'><strong>emiserint.</strong></span> <span class='ocrx_word' id='word_1_680' title='bbox 872 5456 1076 5510; x_wconf 81' lang='lat' dir='ltr'><strong>Arnob.</strong></span> <span class='ocrx_word' id='word_1_681' title='bbox 1107 5454 1198 5510; x_wconf 88' lang='lat' dir='ltr'><strong>lib.</strong></span> <span class='ocrx_word' id='word_1_682' title='bbox 1230 5470 1290 5522; x_wconf 87' lang='lat' dir='ltr'><strong>tt,</strong></span> <span class='ocrx_word' id='word_1_683' title='bbox 1321 5451 1383 5524; x_wconf 72' lang='lat' dir='ltr'><strong>p.</strong></span> <span class='ocrx_word' id='word_1_684' title='bbox 1407 5451 1498 5518; x_wconf 63' lang='grc' dir='ltr'><strong>Μ,</strong></span> <span class='ocrx_word' id='word_1_685' title='bbox 1535 5451 1616 5506; x_wconf 76' lang='lat' dir='ltr'><strong>Ea:</strong></span> <span class='ocrx_word' id='word_1_686' title='bbox 1662 5451 1788 5526; x_wconf 60' lang='lat' dir='ltr'><strong>algis</strong></span> <span class='ocrx_word' id='word_1_687' title='bbox 1841 5454 1962 5522; x_wconf 79' lang='lat' dir='ltr'><strong>fun-</strong></span> 
     </span>
    </p>
   </div>
   <div class='ocr_carea' id='block_1_89' title="bbox 343 5523 1850 5597">
    <p class='ocr_par' dir='ltr' id='par_1_89' title="bbox 343 5523 1850 5597">
     <span class='ocr_line' id='line_1_90' title="bbox 343 5523 1850 5597; baseline -0.004 -15"><span class='ocrx_word' id='word_1_688' title='bbox 343 5523 532 5582; x_wconf 66' lang='lat' dir='ltr'><strong>tlimur</strong></span> <span class='ocrx_word' id='word_1_689' title='bbox 557 5536 704 5597; x_wconf 78' lang='lat' dir='ltr'><strong>atque</strong></span> <span class='ocrx_word' id='word_1_690' title='bbox 731 5527 1007 5579; x_wconf 81' lang='lat' dir='ltr'><strong>entittimur</strong></span> <span class='ocrx_word' id='word_1_691' title='bbox 1036 5536 1276 5597; x_wconf 78' lang='lat' dir='ltr'><strong>matrum.</strong></span> <span class='ocrx_word' id='word_1_692' title='bbox 1325 5523 1333 5524; x_wconf 24' lang='grc' dir='ltr'>ί</span> <span class='ocrx_word' id='word_1_693' title='bbox 1719 5523 1850 5577; x_wconf 80' lang='lat' dir='ltr'><strong>BUN.</strong></span> 
     </span>
    </p>
   </div>
   <div class='ocr_carea' id='block_1_90' title="bbox 428 5595 1264 5651">
    <p class='ocr_par' dir='ltr' id='par_1_90' title="bbox 428 5595 1264 5651">
     <span class='ocr_line' id='line_1_91' title="bbox 428 5595 1264 5651; baseline -0.004 0"><span class='ocrx_word' id='word_1_694' title='bbox 428 5595 647 5651; x_wconf 63' lang='lat' dir='ltr'><strong>(ierunt.</strong></span> <span class='ocrx_word' id='word_1_695' title='bbox 679 5596 733 5650; x_wconf 90' lang='lat' dir='ltr'><strong>ln</strong></span> <span class='ocrx_word' id='word_1_696' title='bbox 764 5613 864 5651; x_wconf 92' lang='lat' dir='ltr'><strong>ms.</strong></span> <span class='ocrx_word' id='word_1_697' title='bbox 893 5597 1020 5650; x_wconf 87' lang='lat' dir='ltr'><strong>Bov.</strong></span> <span class='ocrx_word' id='word_1_698' title='bbox 1055 5595 1264 5650; x_wconf 82' lang='lat' dir='ltr'><strong>Gerant.</strong></span> 
     </span>
    </p>
   </div>
   <div class='ocr_carea' id='block_1_91' title="bbox 427 5664 1963 5738">
    <p class='ocr_par' dir='ltr' id='par_1_91' title="bbox 427 5664 1963 5738">
     <span class='ocr_line' id='line_1_92' title="bbox 427 5664 1963 5738; baseline -0.003 -15"><span class='ocrx_word' id='word_1_699' title='bbox 427 5669 560 5724; x_wconf 83' lang='lat' dir='ltr'><strong>Sine</strong></span> <span class='ocrx_word' id='word_1_700' title='bbox 600 5678 822 5721; x_wconf 85' lang='lat' dir='ltr'><strong>matrum</strong></span> <span class='ocrx_word' id='word_1_701' title='bbox 861 5669 1220 5722; x_wconf 77' lang='lat' dir='ltr'><strong>sollicitudine.</strong></span> <span class='ocrx_word' id='word_1_702' title='bbox 1265 5668 1353 5724; x_wconf 88' lang='lat' dir='ltr'><strong>Sic</strong></span> <span class='ocrx_word' id='word_1_703' title='bbox 1382 5669 1562 5738; x_wconf 81' lang='lat' dir='ltr'><strong>legunt</strong></span> <span class='ocrx_word' id='word_1_704' title='bbox 1600 5665 1726 5720; x_wconf 82' lang='lat' dir='ltr'><strong>Mss.</strong></span> <span class='ocrx_word' id='word_1_705' title='bbox 1754 5664 1963 5738; x_wconf 66' lang='lat' dir='ltr'><strong>Regio-</strong></span> 
     </span>
    </p>
   </div>
   <div class='ocr_carea' id='block_1_92' title="bbox 345 5736 1960 5810">
    <p class='ocr_par' dir='ltr' id='par_1_92' title="bbox 345 5736 1960 5810">
     <span class='ocr_line' id='line_1_93' title="bbox 345 5736 1960 5810; baseline -0.005 -15"><span class='ocrx_word' id='word_1_706' title='bbox 345 5743 506 5804; x_wconf 88' lang='lat' dir='ltr'><strong>Put.,</strong></span> <span class='ocrx_word' id='word_1_707' title='bbox 550 5739 604 5810; x_wconf 15' lang='grc' dir='ltr'><strong>’Ξῖ</strong></span> <span class='ocrx_word' id='word_1_708' title='bbox 631 5739 700 5793; x_wconf 86' lang='lat' dir='ltr'><strong>al.</strong></span> <span class='ocrx_word' id='word_1_709' title='bbox 745 5739 903 5810; x_wconf 65' lang='lat' dir='ltr'><strong>Reg,</strong></span> <span class='ocrx_word' id='word_1_710' title='bbox 949 5739 1180 5802; x_wconf 85' lang='lat' dir='ltr'><strong>Bonon.,</strong></span> <span class='ocrx_word' id='word_1_711' title='bbox 1209 5739 1242 5792; x_wconf 73' lang='grc'>2</span> <span class='ocrx_word' id='word_1_712' title='bbox 1281 5736 1460 5802; x_wconf 73' lang='lat' dir='ltr'><strong>Colb.,</strong></span> <span class='ocrx_word' id='word_1_713' title='bbox 1489 5739 1722 5801; x_wconf 79' lang='lat' dir='ltr'><strong>Erasm.,</strong></span> <span class='ocrx_word' id='word_1_714' title='bbox 1753 5736 1960 5810; x_wconf 49' lang='lat' dir='ltr'><strong>Batus,</strong></span> 
     </span>
    </p>
   </div>
   <div class='ocr_carea' id='block_1_93' title="bbox 351 5807 1963 5880">
    <p class='ocr_par' dir='ltr' id='par_1_93' title="bbox 351 5807 1963 5880">
     <span class='ocr_line' id='line_1_94' title="bbox 351 5807 1963 5880; baseline -0.004 -11"><span class='ocrx_word' id='word_1_715' title='bbox 351 5814 556 5879; x_wconf 80' lang='lat' dir='ltr'><strong>Canc.,</strong></span> <span class='ocrx_word' id='word_1_716' title='bbox 589 5809 732 5880; x_wconf 82' lang='lat' dir='ltr'><strong>Lips.</strong></span> <span class='ocrx_word' id='word_1_717' title='bbox 767 5807 1020 5866; x_wconf 40' lang='lat' dir='ltr'><strong>ct‘cuncxi</strong></span> <span class='ocrx_word' id='word_1_718' title='bbox 1051 5810 1163 5866; x_wconf 89' lang='lat' dir='ltr'><strong>fere</strong></span> <span class='ocrx_word' id='word_1_719' title='bbox 1192 5810 1340 5868; x_wconf 89' lang='lat' dir='ltr'><strong>editi.</strong></span> <span class='ocrx_word' id='word_1_720' title='bbox 1377 5811 1543 5867; x_wconf 77' lang='lat' dir='ltr'><strong>Abest</strong></span> <span class='ocrx_word' id='word_1_721' title='bbox 1571 5818 1785 5863; x_wconf 83' lang='lat' dir='ltr'><strong>matrum</strong></span> <span class='ocrx_word' id='word_1_722' title='bbox 1811 5822 1841 5862; x_wconf 90' lang='lat' dir='ltr'><strong>a</strong></span> <span class='ocrx_word' id='word_1_723' title='bbox 1870 5807 1963 5862; x_wconf 89' lang='lat' dir='ltr'><strong>dc-</strong></span> 
     </span>
    </p>
   </div>
   <div class='ocr_carea' id='block_1_94' title="bbox 2055 2968 3099 3024">
    <p class='ocr_par' dir='ltr' id='par_1_94' title="bbox 2055 2968 3099 3024">
     <span class='ocr_line' id='line_1_95' title="bbox 2055 2968 3099 3024; baseline -0.004 0"><span class='ocrx_word' id='word_1_724' title='bbox 2055 2982 2174 3024; x_wconf 89' lang='lat' dir='ltr'><strong>cem</strong></span> <span class='ocrx_word' id='word_1_725' title='bbox 2202 2983 2332 3022; x_wconf 90' lang='lat' dir='ltr'><strong>mss.</strong></span> <span class='ocrx_word' id='word_1_726' title='bbox 2364 2983 2475 3023; x_wconf 90' lang='lat' dir='ltr'><strong>rec.</strong></span> <span class='ocrx_word' id='word_1_727' title='bbox 2509 2977 2563 3022; x_wconf 92' lang='lat' dir='ltr'><strong>et</strong></span> <span class='ocrx_word' id='word_1_728' title='bbox 2592 2968 2720 3022; x_wconf 88' lang='lat' dir='ltr'><strong>edit.</strong></span> <span class='ocrx_word' id='word_1_729' title='bbox 2749 2968 2906 3022; x_wconf 88' lang='lat' dir='ltr'><strong>Rom.</strong></span> <span class='ocrx_word' id='word_1_730' title='bbox 2942 2969 3099 3024; x_wconf 71' lang='lat' dir='ltr'><strong>M70.</strong></span> 
     </span>
    </p>
   </div>
   <div class='ocr_carea' id='block_1_95' title="bbox 2127 3038 3364 3096">
    <p class='ocr_par' dir='ltr' id='par_1_95' title="bbox 2127 3038 3364 3096">
     <span class='ocr_line' id='line_1_96' title="bbox 2127 3038 3364 3096; baseline 0.003 -5"><span class='ocrx_word' id='word_1_731' title='bbox 2127 3038 2198 3092; x_wconf 85' lang='lat' dir='ltr'><strong>Et</strong></span> <span class='ocrx_word' id='word_1_732' title='bbox 2227 3040 2471 3092; x_wconf 88' lang='lat' dir='ltr'><strong>ciborum.</strong></span> <span class='ocrx_word' id='word_1_733' title='bbox 2505 3038 2562 3092; x_wconf 88' lang='lat' dir='ltr'><strong>ln</strong></span> <span class='ocrx_word' id='word_1_734' title='bbox 2587 3039 2683 3094; x_wconf 81' lang='lat' dir='ltr'><strong>Ms.</strong></span> <span class='ocrx_word' id='word_1_735' title='bbox 2721 3039 2880 3096; x_wconf 90' lang='lat' dir='ltr'><strong>Bov..</strong></span> <span class='ocrx_word' id='word_1_736' title='bbox 2915 3038 3086 3092; x_wconf 87' lang='lat' dir='ltr'><strong>Etiam</strong></span> <span class='ocrx_word' id='word_1_737' title='bbox 3117 3039 3364 3095; x_wconf 86' lang='lat' dir='ltr'><strong>ciborum.</strong></span> 
     </span>
    </p>
   </div>
   <div class='ocr_carea' id='block_1_96' title="bbox 2127 3109 3670 3177">
    <p class='ocr_par' dir='ltr' id='par_1_96' title="bbox 2127 3109 3670 3177">
     <span class='ocr_line' id='line_1_97' title="bbox 2127 3109 3670 3177; baseline 0.004 -15"><span class='ocrx_word' id='word_1_738' title='bbox 2127 3109 2536 3164; x_wconf 85' lang='lat' dir='ltr'><strong>Discursatione.</strong></span> <span class='ocrx_word' id='word_1_739' title='bbox 2566 3110 2641 3164; x_wconf 88' lang='lat' dir='ltr'><strong>ita</strong></span> <span class='ocrx_word' id='word_1_740' title='bbox 2668 3110 2884 3177; x_wconf 79' lang='lat' dir='ltr'><strong>reposui</strong></span> <span class='ocrx_word' id='word_1_741' title='bbox 2905 3125 2970 3165; x_wconf 80' lang='lat' dir='ltr'><strong>ex</strong></span> <span class='ocrx_word' id='word_1_742' title='bbox 3001 3111 3250 3166; x_wconf 91' lang='lat' dir='ltr'><strong>omnibus</strong></span> <span class='ocrx_word' id='word_1_743' title='bbox 3271 3111 3384 3166; x_wconf 87' lang='lat' dir='ltr'><strong>fere</strong></span> <span class='ocrx_word' id='word_1_744' title='bbox 3413 3126 3544 3167; x_wconf 91' lang='lat' dir='ltr'><strong>mss.</strong></span> <span class='ocrx_word' id='word_1_745' title='bbox 3576 3127 3670 3168; x_wconf 82' lang='lat' dir='ltr'><strong>co-</strong></span> 
     </span>
    </p>
   </div>
   <div class='ocr_carea' id='block_1_97' title="bbox 2054 3180 3668 3252">
    <p class='ocr_par' dir='ltr' id='par_1_97' title="bbox 2054 3180 3668 3252">
     <span class='ocr_line' id='line_1_98' title="bbox 2054 3180 3668 3252; baseline 0.003 -18"><span class='ocrx_word' id='word_1_746' title='bbox 2054 3180 2262 3236; x_wconf 90' lang='lat' dir='ltr'><strong>dicibus</strong></span> <span class='ocrx_word' id='word_1_747' title='bbox 2301 3190 2355 3235; x_wconf 91' lang='lat' dir='ltr'><strong>et</strong></span> <span class='ocrx_word' id='word_1_748' title='bbox 2397 3191 2506 3235; x_wconf 90' lang='lat' dir='ltr'><strong>vet.</strong></span> <span class='ocrx_word' id='word_1_749' title='bbox 2543 3182 2700 3236; x_wconf 89' lang='lat' dir='ltr'><strong>editis</strong></span> <span class='ocrx_word' id='word_1_750' title='bbox 2728 3182 2924 3252; x_wconf 86' lang='lat' dir='ltr'><strong>Rom.,</strong></span> <span class='ocrx_word' id='word_1_751' title='bbox 2981 3181 3203 3252; x_wconf 60' lang='lat' dir='ltr'><strong>Gymn,</strong></span> <span class='ocrx_word' id='word_1_752' title='bbox 3258 3181 3486 3252; x_wconf 62' lang='lat' dir='ltr'><strong>Graph,</strong></span> <span class='ocrx_word' id='word_1_753' title='bbox 3527 3184 3668 3239; x_wconf 87' lang='lat' dir='ltr'><strong>Tor-</strong></span> 
     </span>
    </p>
   </div>
   <div class='ocr_carea' id='block_1_98' title="bbox 2056 3251 3672 3319">
    <p class='ocr_par' dir='ltr' id='par_1_98' title="bbox 2056 3251 3672 3319">
     <span class='ocr_line' id='line_1_99' title="bbox 2056 3251 3672 3319; baseline 0.003 -13"><span class='ocrx_word' id='word_1_754' title='bbox 2056 3267 2201 3317; x_wconf 90' lang='lat' dir='ltr'><strong>nes.,</strong></span> <span class='ocrx_word' id='word_1_755' title='bbox 2243 3252 2416 3306; x_wconf 89' lang='lat' dir='ltr'><strong>Betul.</strong></span> <span class='ocrx_word' id='word_1_756' title='bbox 2469 3267 2680 3307; x_wconf 91' lang='lat' dir='ltr'><strong>necnon</strong></span> <span class='ocrx_word' id='word_1_757' title='bbox 2709 3251 2908 3307; x_wconf 89' lang='lat' dir='ltr'><strong>Cellar.</strong></span> <span class='ocrx_word' id='word_1_758' title='bbox 2954 3261 3008 3306; x_wconf 89' lang='lat' dir='ltr'><strong>et</strong></span> <span class='ocrx_word' id='word_1_759' title='bbox 3035 3251 3246 3307; x_wconf 84' lang='lat' dir='ltr'><strong>Walch.</strong></span> <span class='ocrx_word' id='word_1_760' title='bbox 3282 3253 3351 3308; x_wconf 88' lang='lat' dir='ltr'><strong>Et</strong></span> <span class='ocrx_word' id='word_1_761' title='bbox 3401 3264 3566 3319; x_wconf 89' lang='lat' dir='ltr'><strong>recte,</strong></span> <span class='ocrx_word' id='word_1_762' title='bbox 3613 3265 3672 3311; x_wconf 88' lang='lat' dir='ltr'><strong>ut</strong></span> 
     </span>
    </p>
   </div>
   <div class='ocr_carea' id='block_1_99' title="bbox 2054 3321 3668 3395">
    <p class='ocr_par' dir='ltr' id='par_1_99' title="bbox 2054 3321 3668 3395">
     <span class='ocr_line' id='line_1_100' title="bbox 2054 3321 3668 3395; baseline 0.002 -18"><span class='ocrx_word' id='word_1_763' title='bbox 2054 3331 2203 3392; x_wconf 89' lang='lat' dir='ltr'><strong>puto.</strong></span> <span class='ocrx_word' id='word_1_764' title='bbox 2231 3321 2367 3395; x_wconf 69' lang='lat' dir='ltr'><strong>Vide</strong></span> <span class='ocrx_word' id='word_1_765' title='bbox 2400 3321 2537 3395; x_wconf 78' lang='lat' dir='ltr'><strong>infra</strong></span> <span class='ocrx_word' id='word_1_766' title='bbox 2564 3323 2630 3377; x_wconf 90' lang='lat' dir='ltr'><strong>ad</strong></span> <span class='ocrx_word' id='word_1_767' title='bbox 2671 3324 2830 3395; x_wconf 84' lang='lat' dir='ltr'><strong>finem</strong></span> <span class='ocrx_word' id='word_1_768' title='bbox 2861 3322 3094 3395; x_wconf 79' lang='lat' dir='ltr'><strong>hujusce</strong></span> <span class='ocrx_word' id='word_1_769' title='bbox 3122 3324 3335 3395; x_wconf 86' lang='lat' dir='ltr'><strong>capitis,</strong></span> <span class='ocrx_word' id='word_1_770' title='bbox 3379 3325 3550 3378; x_wconf 87' lang='lat' dir='ltr'><strong>avium</strong></span> <span class='ocrx_word' id='word_1_771' title='bbox 3575 3343 3668 3395; x_wconf 87' lang='lat' dir='ltr'><strong>per</strong></span> 
     </span>
    </p>
   </div>
   <div class='ocr_carea' id='block_1_100' title="bbox 2055 3389 3668 3459">
    <p class='ocr_par' dir='ltr' id='par_1_100' title="bbox 2055 3389 3668 3459">
     <span class='ocr_line' id='line_1_101' title="bbox 2055 3389 3668 3459; baseline 0.004 -13"><span class='ocrx_word' id='word_1_772' title='bbox 2055 3389 2224 3448; x_wconf 78' lang='lat' dir='ltr'><strong>aerem</strong></span> <span class='ocrx_word' id='word_1_773' title='bbox 2254 3389 2410 3447; x_wconf 81' lang='lat' dir='ltr'><strong>libera</strong></span> <span class='ocrx_word' id='word_1_774' title='bbox 2430 3393 2764 3459; x_wconf 75' lang='lat' dir='ltr'><strong>discursatio.</strong></span> <span class='ocrx_word' id='word_1_775' title='bbox 2794 3393 2850 3446; x_wconf 91' lang='lat' dir='ltr'><strong>ln</strong></span> <span class='ocrx_word' id='word_1_776' title='bbox 2883 3389 2982 3447; x_wconf 77' lang='lat' dir='ltr'><strong>ms.</strong></span> <span class='ocrx_word' id='word_1_777' title='bbox 3013 3409 3026 3447; x_wconf 87' lang='grc' dir='ltr'><strong>ι</strong></span> <span class='ocrx_word' id='word_1_778' title='bbox 3057 3389 3210 3448; x_wconf 62' lang='grc' dir='ltr'><strong>(ἐοΙΙῇ</strong></span> <span class='ocrx_word' id='word_1_779' title='bbox 3257 3389 3369 3450; x_wconf 86' lang='lat' dir='ltr'><strong>rec.</strong></span> <span class='ocrx_word' id='word_1_780' title='bbox 3401 3405 3456 3450; x_wconf 91' lang='lat' dir='ltr'><strong>ct</strong></span> <span class='ocrx_word' id='word_1_781' title='bbox 3482 3396 3515 3450; x_wconf 90' lang='lat'><strong>9</strong></span> <span class='ocrx_word' id='word_1_782' title='bbox 3554 3389 3668 3452; x_wconf 82' lang='lat' dir='ltr'><strong>edi-</strong></span> 
     </span>
    </p>
   </div>
   <div class='ocr_carea' id='block_1_101' title="bbox 2056 3463 3232 3532">
    <p class='ocr_par' dir='ltr' id='par_1_101' title="bbox 2056 3463 3232 3532">
     <span class='ocr_line' id='line_1_102' title="bbox 2056 3463 3232 3532; baseline 0.002 -14"><span class='ocrx_word' id='word_1_783' title='bbox 2056 3465 2127 3519; x_wconf 88' lang='lat' dir='ltr'><strong>tis</strong></span> <span class='ocrx_word' id='word_1_784' title='bbox 2156 3474 2241 3520; x_wconf 92' lang='lat' dir='ltr'><strong>est</strong></span> <span class='ocrx_word' id='word_1_785' title='bbox 2260 3466 2609 3529; x_wconf 80' lang='lat' dir='ltr'><strong>discursione;</strong></span> <span class='ocrx_word' id='word_1_786' title='bbox 2637 3465 2689 3518; x_wconf 88' lang='lat' dir='ltr'><strong>in</strong></span> <span class='ocrx_word' id='word_1_787' title='bbox 2719 3481 2734 3518; x_wconf 89' lang='grc' dir='ltr'>ι</span> <span class='ocrx_word' id='word_1_788' title='bbox 2760 3463 2896 3532; x_wconf 81' lang='lat' dir='ltr'><strong>Reg.</strong></span> <span class='ocrx_word' id='word_1_789' title='bbox 2925 3465 3232 3520; x_wconf 78' lang='lat' dir='ltr'><strong>conlatione.</strong></span> 
     </span>
    </p>
   </div>
   <div class='ocr_carea' id='block_1_102' title="bbox 2059 3535 3667 3605">
    <p class='ocr_par' dir='ltr' id='par_1_102' title="bbox 2059 3535 3667 3605">
     <span class='ocr_line' id='line_1_103' title="bbox 2059 3535 3667 3605; baseline 0 -15"><span class='ocrx_word' id='word_1_790' title='bbox 2059 3555 2062 3558; x_wconf 64' lang='lat'><strong><em>&#39;</em></strong></span> <span class='ocrx_word' id='word_1_791' title='bbox 2131 3537 2265 3602; x_wconf 86' lang='lat' dir='ltr'><strong>Quia</strong></span> <span class='ocrx_word' id='word_1_792' title='bbox 2290 3552 2392 3589; x_wconf 89' lang='lat' dir='ltr'><strong>non</strong></span> <span class='ocrx_word' id='word_1_793' title='bbox 2415 3546 2644 3589; x_wconf 87' lang='lat' dir='ltr'><strong>materno</strong></span> <span class='ocrx_word' id='word_1_794' title='bbox 2676 3551 2923 3605; x_wconf 35' lang='lat' dir='ltr'><strong>corpore.‘</strong></span> <span class='ocrx_word' id='word_1_795' title='bbox 2953 3535 3076 3590; x_wconf 64' lang='lat' dir='ltr'><strong>litec</strong></span> <span class='ocrx_word' id='word_1_796' title='bbox 3100 3535 3209 3589; x_wconf 93' lang='lat' dir='ltr'><strong>duo</strong></span> <span class='ocrx_word' id='word_1_797' title='bbox 3236 3545 3477 3591; x_wconf 80' lang='lat' dir='ltr'><strong>extrema</strong></span> <span class='ocrx_word' id='word_1_798' title='bbox 3507 3551 3667 3592; x_wconf 86' lang='lat' dir='ltr'><strong>voca-</strong></span> 
     </span>
    </p>
   </div>
   <div class='ocr_carea' id='block_1_103' title="bbox 2055 3599 3662 3676">
    <p class='ocr_par' dir='ltr' id='par_1_103' title="bbox 2055 3599 3662 3676">
     <span class='ocr_line' id='line_1_104' title="bbox 2055 3599 3662 3676; baseline -0.001 -14"><span class='ocrx_word' id='word_1_799' title='bbox 2055 3599 2180 3662; x_wconf 74' lang='lat' dir='ltr'><strong>bula</strong></span> <span class='ocrx_word' id='word_1_800' title='bbox 2207 3607 2401 3662; x_wconf 89' lang='lat' dir='ltr'><strong>absunt</strong></span> <span class='ocrx_word' id='word_1_801' title='bbox 2427 3622 2455 3660; x_wconf 92' lang='lat' dir='ltr'><strong>a</strong></span> <span class='ocrx_word' id='word_1_802' title='bbox 2488 3621 2618 3660; x_wconf 89' lang='lat' dir='ltr'><strong>mss.</strong></span> <span class='ocrx_word' id='word_1_803' title='bbox 2640 3623 2655 3660; x_wconf 91' lang='grc' dir='ltr'>ι</span> <span class='ocrx_word' id='word_1_804' title='bbox 2679 3599 2839 3670; x_wconf 87' lang='lat' dir='ltr'><strong>Bon.,</strong></span> <span class='ocrx_word' id='word_1_805' title='bbox 2867 3599 3030 3660; x_wconf 75' lang='lat' dir='ltr'><strong>C&#39;auc.</strong></span> <span class='ocrx_word' id='word_1_806' title='bbox 3059 3615 3116 3660; x_wconf 91' lang='lat' dir='ltr'><strong>et</strong></span> <span class='ocrx_word' id='word_1_807' title='bbox 3143 3607 3373 3676; x_wconf 84' lang='lat' dir='ltr'><strong>vulgatis</strong></span> <span class='ocrx_word' id='word_1_808' title='bbox 3396 3608 3662 3675; x_wconf 88' lang='lat' dir='ltr'><strong>quinque:</strong></span> 
     </span>
    </p>
   </div>
   <div class='ocr_carea' id='block_1_104' title="bbox 2055 3677 3660 3800">
    <p class='ocr_par' dir='ltr' id='par_1_104' title="bbox 2055 3677 3660 3800">
     <span class='ocr_line' id='line_1_105' title="bbox 2055 3677 3660 3800; baseline -0.002 -66"><span class='ocrx_word' id='word_1_809' title='bbox 2055 3687 2449 3800; x_wconf 75' lang='lat' dir='ltr'><strong>extantdautem</strong></span> <span class='ocrx_word' id='word_1_810' title='bbox 2495 3677 2550 3730; x_wconf 93' lang='lat' dir='ltr'><strong>in</strong></span> <span class='ocrx_word' id='word_1_811' title='bbox 2581 3677 2793 3732; x_wconf 67' lang='lat' dir='ltr'><strong>caneris</strong></span> <span class='ocrx_word' id='word_1_812' title='bbox 2819 3677 3054 3730; x_wconf 82' lang='lat' dir='ltr'><strong>maximo</strong></span> <span class='ocrx_word' id='word_1_813' title='bbox 3088 3692 3336 3743; x_wconf 87' lang='lat' dir='ltr'><strong>numero,</strong></span> <span class='ocrx_word' id='word_1_814' title='bbox 3385 3687 3498 3732; x_wconf 91' lang='lat' dir='ltr'><strong>tum</strong></span> <span class='ocrx_word' id='word_1_815' title='bbox 3529 3692 3660 3733; x_wconf 88' lang='lat' dir='ltr'><strong>mss.</strong></span> 
     </span>
     <span class='ocr_line' id='line_1_106' title="bbox 2057 3756 3316 3800; baseline 0 0"><span class='ocrx_word' id='word_1_816' title='bbox 2057 3757 2170 3800; x_wconf 90' lang='lat' dir='ltr'><strong>tum</strong></span> <span class='ocrx_word' id='word_1_817' title='bbox 2203 3763 2232 3800; x_wconf 88' lang='lat' dir='ltr'><strong>e</strong></span> <span class='ocrx_word' id='word_1_818' title='bbox 2275 3756 2382 3800; x_wconf 78' lang='lat' dir='ltr'><strong>lllS.</strong></span> <span class='ocrx_word' id='word_1_819' title='bbox 3314 3771 3316 3773; x_wconf 73' lang='lat'><strong><em>&#39;</em></strong></span> 
     </span>
    </p>
   </div>
   <div class='ocr_carea' id='block_1_105' title="bbox 2057 3756 3316 3803">
    <p class='ocr_par' dir='ltr' id='par_1_105' title="bbox 2057 3756 3316 3803">
     <span class='ocr_line' id='line_1_107' title="bbox 2057 3756 3316 3803; baseline -0.01 0"><span class='ocrx_word' id='word_1_820' title='bbox 2057 3757 2170 3803; x_wconf 88' lang='lat' dir='ltr'><strong>tum</strong></span> <span class='ocrx_word' id='word_1_821' title='bbox 2203 3756 2382 3802; x_wconf 84' lang='lat' dir='ltr'><strong>editis.</strong></span> <span class='ocrx_word' id='word_1_822' title='bbox 3314 3771 3316 3773; x_wconf 48' lang='grc' dir='ltr'>ι</span> 
     </span>
    </p>
   </div>
   <div class='ocr_carea' id='block_1_106' title="bbox 2130 3816 3664 3890">
    <p class='ocr_par' dir='ltr' id='par_1_106' title="bbox 2130 3816 3664 3890">
     <span class='ocr_line' id='line_1_108' title="bbox 2130 3816 3664 3890; baseline -0.001 -14"><span class='ocrx_word' id='word_1_823' title='bbox 2130 3820 2236 3876; x_wconf 87' lang='lat' dir='ltr'><strong>Sed</strong></span> <span class='ocrx_word' id='word_1_824' title='bbox 2263 3820 2418 3888; x_wconf 88' lang='lat' dir='ltr'><strong>quod.</strong></span> <span class='ocrx_word' id='word_1_825' title='bbox 2445 3816 2954 3890; x_wconf 26' lang='lat' dir='ltr'><strong>Bttnemanahabet,</strong></span> <span class='ocrx_word' id='word_1_826' title='bbox 2979 3818 3069 3872; x_wconf 87' lang='lat' dir='ltr'><strong>sed</strong></span> <span class='ocrx_word' id='word_1_827' title='bbox 3095 3818 3168 3883; x_wconf 84' lang='lat' dir='ltr'><strong>id,</strong></span> <span class='ocrx_word' id='word_1_828' title='bbox 3198 3819 3368 3890; x_wconf 80' lang='lat' dir='ltr'><strong>quod,</strong></span> <span class='ocrx_word' id='word_1_829' title='bbox 3397 3827 3451 3873; x_wconf 92' lang='lat' dir='ltr'><strong>et</strong></span> <span class='ocrx_word' id='word_1_830' title='bbox 3482 3828 3664 3876; x_wconf 88' lang='lat' dir='ltr'><strong>notam</strong></span> 
     </span>
    </p>
   </div>
   <div class='ocr_carea' id='block_1_107' title="bbox 2057 3888 3665 3960">
    <p class='ocr_par' dir='ltr' id='par_1_107' title="bbox 2057 3888 3665 3960">
     <span class='ocr_line' id='line_1_109' title="bbox 2057 3888 3665 3960; baseline 0 -16"><span class='ocrx_word' id='word_1_831' title='bbox 2057 3899 2369 3960; x_wconf 89' lang='lat' dir='ltr'><strong>sequentem</strong></span> <span class='ocrx_word' id='word_1_832' title='bbox 2393 3888 2834 3945; x_wconf 81' lang='lat' dir='ltr'><strong>exltibet.-—Sed</strong></span> <span class='ocrx_word' id='word_1_833' title='bbox 2857 3889 2934 3954; x_wconf 89' lang='lat' dir='ltr'><strong>id,</strong></span> <span class='ocrx_word' id='word_1_834' title='bbox 2965 3890 3121 3960; x_wconf 84' lang='lat' dir='ltr'><strong>quod.</strong></span> <span class='ocrx_word' id='word_1_835' title='bbox 3171 3888 3328 3956; x_wconf 76' lang='lat' dir='ltr'><strong>Vén.,</strong></span> <span class='ocrx_word' id='word_1_836' title='bbox 3378 3889 3538 3957; x_wconf 68' lang='grc'><strong>1445,</strong></span> <span class='ocrx_word' id='word_1_837' title='bbox 3572 3891 3665 3957; x_wconf 89' lang='lat'><strong>97,</strong></span> 
     </span>
    </p>
   </div>
   <div class='ocr_carea' id='block_1_108' title="bbox 2059 3960 3662 4032">
    <p class='ocr_par' dir='ltr' id='par_1_108' title="bbox 2059 3960 3662 4032">
     <span class='ocr_line' id='line_1_110' title="bbox 2059 3960 3662 4032; baseline 0 -18"><span class='ocrx_word' id='word_1_838' title='bbox 2059 3961 2274 4032; x_wconf 88' lang='lat' dir='ltr'><strong>Parrh.,</strong></span> <span class='ocrx_word' id='word_1_839' title='bbox 2325 3961 2472 4024; x_wconf 88' lang='lat' dir='ltr'><strong>Ald.,</strong></span> <span class='ocrx_word' id='word_1_840' title='bbox 2523 3960 2689 4027; x_wconf 88' lang='lat' dir='ltr'><strong>Crat.,</strong></span> <span class='ocrx_word' id='word_1_841' title='bbox 2730 3960 2914 4022; x_wconf 85' lang='lat' dir='ltr'><strong>Fasit.,</strong></span> <span class='ocrx_word' id='word_1_842' title='bbox 2959 3961 3188 4032; x_wconf 83' lang='lat' dir='ltr'><strong>Grypb.,</strong></span> <span class='ocrx_word' id='word_1_843' title='bbox 3221 3960 3414 4032; x_wconf 78' lang='lat' dir='ltr'><strong>Torn.,</strong></span> <span class='ocrx_word' id='word_1_844' title='bbox 3459 3961 3662 4028; x_wconf 83' lang='lat' dir='ltr'><strong>Betul.,</strong></span> 
     </span>
    </p>
   </div>
   <div class='ocr_carea' id='block_1_109' title="bbox 2057 4031 3666 4102">
    <p class='ocr_par' dir='ltr' id='par_1_109' title="bbox 2057 4031 3666 4102">
     <span class='ocr_line' id='line_1_111' title="bbox 2057 4031 3666 4102; baseline 0 -16"><span class='ocrx_word' id='word_1_845' title='bbox 2057 4031 2314 4086; x_wconf 85' lang='lat' dir='ltr'><strong>Thomas.</strong></span> <span class='ocrx_word' id='word_1_846' title='bbox 2348 4041 2402 4087; x_wconf 92' lang='lat' dir='ltr'><strong>et</strong></span> <span class='ocrx_word' id='word_1_847' title='bbox 2437 4032 2740 4102; x_wconf 84' lang='lat' dir='ltr'><strong>scqq.,lsed</strong></span> <span class='ocrx_word' id='word_1_848' title='bbox 2769 4031 2926 4102; x_wconf 84' lang='lat' dir='ltr'><strong>quod.</strong></span> <span class='ocrx_word' id='word_1_849' title='bbox 2974 4031 3196 4086; x_wconf 87' lang='lat' dir='ltr'><strong>Plenius</strong></span> <span class='ocrx_word' id='word_1_850' title='bbox 3224 4031 3505 4102; x_wconf 85' lang='lat' dir='ltr'><strong>Anglicani</strong></span> <span class='ocrx_word' id='word_1_851' title='bbox 3537 4047 3666 4102; x_wconf 62' lang='lat' dir='ltr'><strong>sepe</strong></span> 
     </span>
    </p>
   </div>
   <div class='ocr_carea' id='block_1_110' title="bbox 2061 4101 3664 4171">
    <p class='ocr_par' dir='ltr' id='par_1_110' title="bbox 2061 4101 3664 4171">
     <span class='ocr_line' id='line_1_112' title="bbox 2061 4101 3664 4171; baseline 0.001 -15"><span class='ocrx_word' id='word_1_852' title='bbox 2061 4114 2188 4168; x_wconf 89' lang='lat' dir='ltr'><strong>lem,</strong></span> <span class='ocrx_word' id='word_1_853' title='bbox 2222 4102 2407 4167; x_wconf 73' lang='lat' dir='ltr'><strong>60th.,</strong></span> <span class='ocrx_word' id='word_1_854' title='bbox 2437 4101 2608 4171; x_wconf 82' lang='lat' dir='ltr'><strong>Lips.,</strong></span> <span class='ocrx_word' id='word_1_855' title='bbox 2640 4103 2897 4168; x_wconf 87' lang='lat' dir='ltr'><strong>Reimtn.,</strong></span> <span class='ocrx_word' id='word_1_856' title='bbox 2921 4101 3095 4162; x_wconf 87' lang='lat' dir='ltr'><strong>Subl..</strong></span> <span class='ocrx_word' id='word_1_857' title='bbox 3127 4102 3300 4167; x_wconf 86' lang='lat' dir='ltr'><strong>Rost.,</strong></span> <span class='ocrx_word' id='word_1_858' title='bbox 3335 4101 3469 4157; x_wconf 88' lang='lat' dir='ltr'><strong>Ven.</strong></span> <span class='ocrx_word' id='word_1_859' title='bbox 3502 4101 3664 4166; x_wconf 75' lang='grc'><strong>1471,</strong></span> 
     </span>
    </p>
   </div>
   <div class='ocr_carea' id='block_1_111' title="bbox 2059 4172 3666 4244">
    <p class='ocr_par' dir='ltr' id='par_1_111' title="bbox 2059 4172 3666 4244">
     <span class='ocr_line' id='line_1_113' title="bbox 2059 4172 3666 4244; baseline 0 -17"><span class='ocrx_word' id='word_1_860' title='bbox 2059 4174 2150 4238; x_wconf 69' lang='lat'><strong>72,</strong></span> <span class='ocrx_word' id='word_1_861' title='bbox 2184 4185 2408 4244; x_wconf 86' lang='lat' dir='ltr'><strong>utraque</strong></span> <span class='ocrx_word' id='word_1_862' title='bbox 2453 4176 2540 4238; x_wconf 86' lang='lat'><strong>78,</strong></span> <span class='ocrx_word' id='word_1_863' title='bbox 2585 4174 2780 4236; x_wconf 67' lang='lat' dir='ltr'><strong>Paris,</strong></span> <span class='ocrx_word' id='word_1_864' title='bbox 2813 4175 3046 4236; x_wconf 80' lang='lat' dir='ltr'><strong>Erasm.,</strong></span> <span class='ocrx_word' id='word_1_865' title='bbox 3072 4173 3235 4244; x_wconf 86' lang='lat' dir='ltr'><strong>Frob.</strong></span> <span class='ocrx_word' id='word_1_866' title='bbox 3267 4172 3426 4237; x_wconf 75' lang='grc'>1529,</span> <span class='ocrx_word' id='word_1_867' title='bbox 3455 4188 3666 4244; x_wconf 81' lang='lat' dir='ltr'><strong>gymn.,</strong></span> 
     </span>
    </p>
   </div>
   <div class='ocr_carea' id='block_1_112' title="bbox 2057 4243 3662 4367">
    <p class='ocr_par' dir='ltr' id='par_1_112' title="bbox 2057 4243 3662 4367">
     <span class='ocr_line' id='line_1_114' title="bbox 2057 4243 3662 4367; baseline -0.001 -67"><span class='ocrx_word' id='word_1_868' title='bbox 2057 4246 2146 4300; x_wconf 74' lang='lat' dir='ltr'><strong>sed</strong></span> <span class='ocrx_word' id='word_1_869' title='bbox 2195 4245 2250 4298; x_wconf 91' lang='lat' dir='ltr'><strong>id</strong></span> <span class='ocrx_word' id='word_1_870' title='bbox 2297 4243 2454 4316; x_wconf 81' lang='lat' dir='ltr'><strong>quod.</strong></span> <span class='ocrx_word' id='word_1_871' title='bbox 2507 4245 2854 4300; x_wconf 86' lang='lat' dir='ltr'><strong>lleumaunus</strong></span> <span class='ocrx_word' id='word_1_872' title='bbox 2891 4260 2958 4299; x_wconf 84' lang='lat' dir='ltr'><strong>ex</strong></span> <span class='ocrx_word' id='word_1_873' title='bbox 2992 4245 3046 4297; x_wconf 87' lang='lat' dir='ltr'><strong>id</strong></span> <span class='ocrx_word' id='word_1_874' title='bbox 3073 4243 3209 4313; x_wconf 89' lang='lat' dir='ltr'><strong>quod</strong></span> <span class='ocrx_word' id='word_1_875' title='bbox 3253 4244 3442 4367; x_wconf 55' lang='lat' dir='ltr'><strong>e/ﬁttgét</strong></span> <span class='ocrx_word' id='word_1_876' title='bbox 3491 4259 3662 4298; x_wconf 86' lang='lat' dir='ltr'><strong>ovum.</strong></span> 
     </span>
     <span class='ocr_line' id='line_1_115' title="bbox 3430 4329 3514 4367; baseline -0.012 0"><span class='ocrx_word' id='word_1_877' title='bbox 3430 4329 3514 4367; x_wconf 70' lang='lat' dir='ltr'><strong>un.</strong></span> 
     </span>
    </p>
   </div>
   <div class='ocr_carea' id='block_1_113' title="bbox 3430 4329 3514 4368">
    <p class='ocr_par' dir='ltr' id='par_1_113' title="bbox 3430 4329 3514 4368">
     <span class='ocr_line' id='line_1_116' title="bbox 3430 4329 3514 4368; baseline 0 -1"><span class='ocrx_word' id='word_1_878' title='bbox 3430 4329 3514 4368; x_wconf 72' lang='grc' dir='ltr'><strong>ΠΝ.</strong></span> 
     </span>
    </p>
   </div>
   <div class='ocr_carea' id='block_1_114' title="bbox 2135 4381 3662 4456">
    <p class='ocr_par' dir='ltr' id='par_1_114' title="bbox 2135 4381 3662 4456">
     <span class='ocr_line' id='line_1_117' title="bbox 2135 4381 3662 4456; baseline -0.003 -16"><span class='ocrx_word' id='word_1_879' title='bbox 2135 4387 2292 4442; x_wconf 84' lang='lat' dir='ltr'><strong>Fotu.</strong></span> <span class='ocrx_word' id='word_1_880' title='bbox 2327 4387 2382 4442; x_wconf 91' lang='lat' dir='ltr'><strong>ln</strong></span> <span class='ocrx_word' id='word_1_881' title='bbox 2409 4385 2725 4456; x_wconf 89' lang='lat' dir='ltr'><strong>quibusdam</strong></span> <span class='ocrx_word' id='word_1_882' title='bbox 2765 4398 2874 4440; x_wconf 90' lang='lat' dir='ltr'><strong>rec.</strong></span> <span class='ocrx_word' id='word_1_883' title='bbox 2906 4397 3038 4438; x_wconf 90' lang='lat' dir='ltr'><strong>mss.</strong></span> <span class='ocrx_word' id='word_1_884' title='bbox 3070 4393 3123 4438; x_wconf 88' lang='lat' dir='ltr'><strong>et</strong></span> <span class='ocrx_word' id='word_1_885' title='bbox 3147 4381 3380 4452; x_wconf 83' lang='lat' dir='ltr'><strong>volgatis</strong></span> <span class='ocrx_word' id='word_1_886' title='bbox 3409 4392 3492 4437; x_wconf 92' lang='lat' dir='ltr'><strong>est</strong></span> <span class='ocrx_word' id='word_1_887' title='bbox 3517 4386 3662 4454; x_wconf 67' lang='lat' dir='ltr'><strong>fietu,</strong></span> 
     </span>
    </p>
   </div>
   <div class='ocr_carea' id='block_1_115' title="bbox 1983 4454 2390 4527">
    <p class='ocr_par' dir='ltr' id='par_1_115' title="bbox 1983 4454 2390 4527">
     <span class='ocr_line' id='line_1_118' title="bbox 1983 4454 2390 4527; baseline -0.012 -12"><span class='ocrx_word' id='word_1_888' title='bbox 1983 4454 2038 4515; x_wconf 93' lang='lat' dir='ltr'><strong>D</strong></span> <span class='ocrx_word' id='word_1_889' title='bbox 2064 4469 2336 4527; x_wconf 87' lang='lat' dir='ltr'><strong>corrupte.</strong></span> <span class='ocrx_word' id='word_1_890' title='bbox 2381 4498 2390 4504; x_wconf 92' lang='lat'><strong>.</strong></span> 
     </span>
    </p>
   </div>
   <div class='ocr_carea' id='block_1_116' title="bbox 2133 4523 3665 4597">
    <p class='ocr_par' dir='ltr' id='par_1_116' title="bbox 2133 4523 3665 4597">
     <span class='ocr_line' id='line_1_119' title="bbox 2133 4523 3665 4597; baseline -0.001 -16"><span class='ocrx_word' id='word_1_891' title='bbox 2133 4528 2199 4581; x_wconf 83' lang='lat' dir='ltr'><strong>Id</strong></span> <span class='ocrx_word' id='word_1_892' title='bbox 2223 4523 2338 4582; x_wconf 73' lang='lat' dir='ltr'><strong>itero</strong></span> <span class='ocrx_word' id='word_1_893' title='bbox 2365 4527 2610 4597; x_wconf 85' lang='lat' dir='ltr'><strong>implume</strong></span> <span class='ocrx_word' id='word_1_894' title='bbox 2637 4543 2698 4580; x_wconf 89' lang='lat' dir='ltr'><strong>ac</strong></span> <span class='ocrx_word' id='word_1_895' title='bbox 2727 4533 2973 4579; x_wconf 87' lang='lat' dir='ltr'><strong>tenerum.</strong></span> <span class='ocrx_word' id='word_1_896' title='bbox 3017 4523 3146 4580; x_wconf 60' lang='lat' dir='ltr'><strong>Haec</strong></span> <span class='ocrx_word' id='word_1_897' title='bbox 3187 4524 3350 4580; x_wconf 78' lang='lat' dir='ltr'><strong>verba</strong></span> <span class='ocrx_word' id='word_1_898' title='bbox 3383 4523 3665 4581; x_wconf 85' lang='lat' dir='ltr'><strong>Glossema</strong></span> 
     </span>
    </p>
   </div>
   <div class='ocr_carea' id='block_1_117' title="bbox 2058 4599 2958 4662">
    <p class='ocr_par' dir='ltr' id='par_1_117' title="bbox 2058 4599 2958 4662">
     <span class='ocr_line' id='line_1_120' title="bbox 2058 4599 2958 4662; baseline 0 -12"><span class='ocrx_word' id='word_1_899' title='bbox 2058 4601 2306 4655; x_wconf 88' lang='lat' dir='ltr'><strong>videntur</strong></span> <span class='ocrx_word' id='word_1_900' title='bbox 2324 4599 2673 4662; x_wconf 82' lang='lat' dir='ltr'><strong>lleumanno;</strong></span> <span class='ocrx_word' id='word_1_901' title='bbox 2701 4612 2764 4652; x_wconf 89' lang='lat' dir='ltr'><strong>ac</strong></span> <span class='ocrx_word' id='word_1_902' title='bbox 2791 4608 2958 4651; x_wconf 87' lang='lat' dir='ltr'><strong>recte.</strong></span> 
     </span>
    </p>
   </div>
   <div class='ocr_carea' id='block_1_118' title="bbox 2135 4685 3663 4761">
    <p class='ocr_par' dir='ltr' id='par_1_118' title="bbox 2135 4685 3663 4761">
     <span class='ocr_line' id='line_1_121' title="bbox 2135 4685 3663 4761; baseline -0.003 -15"><span class='ocrx_word' id='word_1_903' title='bbox 2135 4692 2256 4746; x_wconf 83' lang='lat' dir='ltr'><strong>Non</strong></span> <span class='ocrx_word' id='word_1_904' title='bbox 2302 4706 2442 4761; x_wconf 89' lang='lat' dir='ltr'><strong>ergo.</strong></span> <span class='ocrx_word' id='word_1_905' title='bbox 2494 4690 2569 4744; x_wconf 87' lang='lat' dir='ltr'><strong>Ita</strong></span> <span class='ocrx_word' id='word_1_906' title='bbox 2624 4704 2754 4761; x_wconf 89' lang='lat' dir='ltr'><strong>mss.</strong></span> <span class='ocrx_word' id='word_1_907' title='bbox 2804 4689 2838 4742; x_wconf 85' lang='grc'>5</span> <span class='ocrx_word' id='word_1_908' title='bbox 2885 4687 3040 4755; x_wconf 85' lang='lat' dir='ltr'><strong>Reg.,</strong></span> <span class='ocrx_word' id='word_1_909' title='bbox 3085 4685 3410 4761; x_wconf 72' lang='lat' dir='ltr'><strong>4_Co|bert._,</strong></span> <span class='ocrx_word' id='word_1_910' title='bbox 3453 4687 3663 4761; x_wconf 68' lang='lat' dir='ltr'><strong>Baluz.,</strong></span> 
     </span>
    </p>
   </div>
   <div class='ocr_carea' id='block_1_119' title="bbox 2059 4756 3659 4829">
    <p class='ocr_par' dir='ltr' id='par_1_119' title="bbox 2059 4756 3659 4829">
     <span class='ocr_line' id='line_1_122' title="bbox 2059 4756 3659 4829; baseline -0.004 -11"><span class='ocrx_word' id='word_1_911' title='bbox 2059 4763 2269 4828; x_wconf 88' lang='lat' dir='ltr'><strong>Marm.,</strong></span> <span class='ocrx_word' id='word_1_912' title='bbox 2324 4756 2581 4826; x_wconf 39' lang='lat' dir='ltr'><strong>Clarum”</strong></span> <span class='ocrx_word' id='word_1_913' title='bbox 2630 4760 2804 4829; x_wconf 90' lang='lat' dir='ltr'><strong>Lips.,</strong></span> <span class='ocrx_word' id='word_1_914' title='bbox 2857 4761 3046 4818; x_wconf 82' lang='lat' dir='ltr'><strong>Brun.,</strong></span> <span class='ocrx_word' id='word_1_915' title='bbox 3107 4757 3266 4822; x_wconf 87' lang='lat' dir='ltr'><strong>Bov.,</strong></span> <span class='ocrx_word' id='word_1_916' title='bbox 3325 4758 3454 4829; x_wconf 85' lang='lat' dir='ltr'><strong>edit.</strong></span> <span class='ocrx_word' id='word_1_917' title='bbox 3499 4756 3659 4812; x_wconf 82' lang='lat' dir='ltr'><strong>Rom.</strong></span> 
     </span>
    </p>
   </div>
   <div class='ocr_carea' id='block_1_120' title="bbox 2062 4827 3660 4901">
    <p class='ocr_par' dir='ltr' id='par_1_120' title="bbox 2062 4827 3660 4901">
     <span class='ocr_line' id='line_1_123' title="bbox 2062 4827 3660 4901; baseline -0.004 -12"><span class='ocrx_word' id='word_1_918' title='bbox 2062 4836 2222 4898; x_wconf 70' lang='lat'><strong>“70,</strong></span> <span class='ocrx_word' id='word_1_919' title='bbox 2257 4827 2416 4893; x_wconf 69' lang='grc'><strong>1474,</strong></span> <span class='ocrx_word' id='word_1_920' title='bbox 2469 4827 2948 4901; x_wconf 69' lang='grc' dir='ltr'><strong>ϐτίιριι.,“(]ρ11ςπ.,</strong></span> <span class='ocrx_word' id='word_1_921' title='bbox 2993 4828 3203 4884; x_wconf 86' lang='lat' dir='ltr'><strong>Walcb.</strong></span> <span class='ocrx_word' id='word_1_922' title='bbox 3234 4830 3291 4884; x_wconf 91' lang='lat' dir='ltr'><strong>ln</strong></span> <span class='ocrx_word' id='word_1_923' title='bbox 3323 4827 3518 4884; x_wconf 90' lang='lat' dir='ltr'><strong>tColb.</strong></span> <span class='ocrx_word' id='word_1_924' title='bbox 3551 4845 3660 4885; x_wconf 87' lang='lat' dir='ltr'><strong>rec.</strong></span> 
     </span>
    </p>
   </div>
   <div class='ocr_carea' id='block_1_121' title="bbox 2061 4902 2942 4970">
    <p class='ocr_par' dir='ltr' id='par_1_121' title="bbox 2061 4902 2942 4970">
     <span class='ocr_line' id='line_1_124' title="bbox 2061 4902 2942 4970; baseline -0.008 -10"><span class='ocrx_word' id='word_1_925' title='bbox 2061 4916 2115 4960; x_wconf 92' lang='lat' dir='ltr'><strong>et</strong></span> <span class='ocrx_word' id='word_1_926' title='bbox 2141 4920 2332 4959; x_wconf 90' lang='lat' dir='ltr'><strong>novem</strong></span> <span class='ocrx_word' id='word_1_927' title='bbox 2356 4903 2512 4958; x_wconf 89' lang='lat' dir='ltr'><strong>editis</strong></span> <span class='ocrx_word' id='word_1_928' title='bbox 2533 4913 2615 4957; x_wconf 83' lang='lat' dir='ltr'><strong>est</strong></span> <span class='ocrx_word' id='word_1_929' title='bbox 2639 4902 2779 4955; x_wconf 87' lang='lat' dir='ltr'><strong>Num</strong></span> <span class='ocrx_word' id='word_1_930' title='bbox 2803 4917 2942 4970; x_wconf 84' lang='lat' dir='ltr'><strong>ergo.</strong></span> 
     </span>
    </p>
   </div>
   <div class='ocr_carea' id='block_1_122' title="bbox 2137 4971 3062 5043">
    <p class='ocr_par' dir='ltr' id='par_1_122' title="bbox 2137 4971 3062 5043">
     <span class='ocr_line' id='line_1_125' title="bbox 2137 4971 3062 5043; baseline -0.004 -15"><span class='ocrx_word' id='word_1_931' title='bbox 2137 4975 2262 5028; x_wconf 88' lang='lat' dir='ltr'><strong>Tam</strong></span> <span class='ocrx_word' id='word_1_932' title='bbox 2285 4977 2336 5028; x_wconf 87' lang='lat' dir='ltr'><strong>in</strong></span> <span class='ocrx_word' id='word_1_933' title='bbox 2342 4976 2522 5043; x_wconf 75' lang='lat' dir='ltr'><strong>limite.</strong></span> <span class='ocrx_word' id='word_1_934' title='bbox 2556 4973 2708 5028; x_wconf 84' lang='lat' dir='ltr'><strong>Adde</strong></span> <span class='ocrx_word' id='word_1_935' title='bbox 2739 4971 3062 5025; x_wconf 85' lang='lat' dir='ltr'><strong>Nascuntur.</strong></span> 
     </span>
    </p>
   </div>
   <div class='ocr_carea' id='block_1_123' title="bbox 2136 5061 3664 5138">
    <p class='ocr_par' dir='ltr' id='par_1_123' title="bbox 2136 5061 3664 5138">
     <span class='ocr_line' id='line_1_126' title="bbox 2136 5061 3664 5138; baseline -0.002 -15"><span class='ocrx_word' id='word_1_936' title='bbox 2136 5069 2321 5138; x_wconf 85' lang='lat' dir='ltr'><strong>Igitur.</strong></span> <span class='ocrx_word' id='word_1_937' title='bbox 2357 5068 2411 5123; x_wconf 92' lang='lat' dir='ltr'><strong>ln</strong></span> <span class='ocrx_word' id='word_1_938' title='bbox 2453 5082 2554 5122; x_wconf 92' lang='lat' dir='ltr'><strong>ms.</strong></span> <span class='ocrx_word' id='word_1_939' title='bbox 2589 5067 2717 5122; x_wconf 87' lang='lat' dir='ltr'><strong>Bov.</strong></span> <span class='ocrx_word' id='word_1_940' title='bbox 2751 5082 2904 5138; x_wconf 84' lang='lat' dir='ltr'><strong>ergo;</strong></span> <span class='ocrx_word' id='word_1_941' title='bbox 2940 5079 3013 5138; x_wconf 18' lang='lat' dir='ltr'><strong>Aac</strong></span> <span class='ocrx_word' id='word_1_942' title='bbox 3055 5061 3169 5118; x_wconf 85' lang='lat' dir='ltr'><strong>fere</strong></span> <span class='ocrx_word' id='word_1_943' title='bbox 3221 5078 3453 5134; x_wconf 87' lang='lat' dir='ltr'><strong>semper,</strong></span> <span class='ocrx_word' id='word_1_944' title='bbox 3491 5065 3578 5120; x_wconf 91' lang='lat' dir='ltr'><strong>ubi</strong></span> <span class='ocrx_word' id='word_1_945' title='bbox 3613 5065 3664 5120; x_wconf 92' lang='lat' dir='ltr'><strong>in</strong></span> 
     </span>
    </p>
   </div>
   <div class='ocr_carea' id='block_1_124' title="bbox 2063 5136 3398 5210">
    <p class='ocr_par' dir='ltr' id='par_1_124' title="bbox 2063 5136 3398 5210">
     <span class='ocr_line' id='line_1_127' title="bbox 2063 5136 3398 5210; baseline -0.008 -14"><span class='ocrx_word' id='word_1_946' title='bbox 2063 5136 2222 5197; x_wconf 81' lang='lat' dir='ltr'><strong>editis</strong></span> <span class='ocrx_word' id='word_1_947' title='bbox 2252 5149 2334 5194; x_wconf 88' lang='lat' dir='ltr'><strong>est</strong></span> <span class='ocrx_word' id='word_1_948' title='bbox 2359 5139 2531 5210; x_wconf 88' lang='lat' dir='ltr'><strong>igitur,</strong></span> <span class='ocrx_word' id='word_1_949' title='bbox 2562 5152 2660 5192; x_wconf 89' lang='lat' dir='ltr'><strong>ms.</strong></span> <span class='ocrx_word' id='word_1_950' title='bbox 2688 5136 2818 5191; x_wconf 83' lang='lat' dir='ltr'><strong>Bov.</strong></span> <span class='ocrx_word' id='word_1_951' title='bbox 2849 5136 2976 5204; x_wconf 80' lang='lat' dir='ltr'><strong>legit</strong></span> <span class='ocrx_word' id='word_1_952' title='bbox 3005 5150 3145 5204; x_wconf 87' lang='lat' dir='ltr'><strong>ergo.</strong></span> <span class='ocrx_word' id='word_1_953' title='bbox 3195 5204 3242 5210; x_wconf 30' lang='grc' dir='ltr'><strong>,Δ</strong></span> <span class='ocrx_word' id='word_1_954' title='bbox 3383 5187 3398 5204; x_wconf 47' lang='grc' dir='ltr'>ι</span> 
     </span>
    </p>
   </div>
   <div class='ocr_carea' id='block_1_125' title="bbox 2139 5204 3662 5277">
    <p class='ocr_par' dir='ltr' id='par_1_125' title="bbox 2139 5204 3662 5277">
     <span class='ocr_line' id='line_1_128' title="bbox 2139 5204 3662 5277; baseline -0.003 -10"><span class='ocrx_word' id='word_1_955' title='bbox 2139 5211 2322 5267; x_wconf 86' lang='lat' dir='ltr'><strong>Utrum</strong></span> <span class='ocrx_word' id='word_1_956' title='bbox 2348 5204 2522 5264; x_wconf 66' lang='lat' dir='ltr'><strong>nialint</strong></span> <span class='ocrx_word' id='word_1_957' title='bbox 2544 5211 2820 5262; x_wconf 87' lang='lat' dir='ltr'><strong>humanam</strong></span> <span class='ocrx_word' id='word_1_958' title='bbox 2841 5210 3160 5277; x_wconf 80' lang='lat' dir='ltr'><strong>sapientiam.</strong></span> <span class='ocrx_word' id='word_1_959' title='bbox 3191 5204 3278 5259; x_wconf 87' lang='lat' dir='ltr'><strong>Sic</strong></span> <span class='ocrx_word' id='word_1_960' title='bbox 3296 5214 3504 5260; x_wconf 85' lang='lat' dir='ltr'><strong>veteres</strong></span> <span class='ocrx_word' id='word_1_961' title='bbox 3533 5206 3662 5261; x_wconf 79' lang='lat' dir='ltr'><strong>cdi&#39;i</strong></span> 
     </span>
    </p>
   </div>
   <div class='ocr_carea' id='block_1_126' title="bbox 2065 5277 3666 5351">
    <p class='ocr_par' dir='ltr' id='par_1_126' title="bbox 2065 5277 3666 5351">
     <span class='ocr_line' id='line_1_129' title="bbox 2065 5277 3666 5351; baseline -0.004 -12"><span class='ocrx_word' id='word_1_962' title='bbox 2065 5295 2118 5339; x_wconf 90' lang='lat' dir='ltr'><strong>et</strong></span> <span class='ocrx_word' id='word_1_963' title='bbox 2146 5298 2274 5337; x_wconf 90' lang='lat' dir='ltr'><strong>mss.</strong></span> <span class='ocrx_word' id='word_1_964' title='bbox 2299 5291 2490 5351; x_wconf 84' lang='lat' dir='ltr'><strong>praeter</strong></span> <span class='ocrx_word' id='word_1_965' title='bbox 2515 5295 2530 5334; x_wconf 84' lang='lat'>1</span> <span class='ocrx_word' id='word_1_966' title='bbox 2553 5281 2758 5333; x_wconf 86' lang='lat' dir='ltr'><strong>Bonon.</strong></span> <span class='ocrx_word' id='word_1_967' title='bbox 2789 5289 2880 5332; x_wconf 85' lang='lat' dir='ltr'><strong>ett</strong></span> <span class='ocrx_word' id='word_1_968' title='bbox 2909 5277 3062 5341; x_wconf 69' lang='grc' dir='ltr'><strong>ωριι).</strong></span> <span class='ocrx_word' id='word_1_969' title='bbox 3089 5291 3152 5330; x_wconf 91' lang='lat' dir='ltr'><strong>ac</strong></span> <span class='ocrx_word' id='word_1_970' title='bbox 3179 5291 3284 5330; x_wconf 88' lang='lat' dir='ltr'><strong>rec.</strong></span> <span class='ocrx_word' id='word_1_971' title='bbox 3311 5277 3440 5332; x_wconf 85' lang='lat' dir='ltr'><strong>edit.</strong></span> <span class='ocrx_word' id='word_1_972' title='bbox 3469 5278 3666 5346; x_wconf 84' lang='lat' dir='ltr'><strong>quibus</strong></span> 
     </span>
    </p>
   </div>
   <div class='ocr_carea' id='block_1_127' title="bbox 2065 5351 2861 5419">
    <p class='ocr_par' dir='ltr' id='par_1_127' title="bbox 2065 5351 2861 5419">
     <span class='ocr_line' id='line_1_130' title="bbox 2065 5351 2861 5419; baseline -0.011 -8"><span class='ocrx_word' id='word_1_973' title='bbox 2065 5366 2147 5411; x_wconf 84' lang='lat' dir='ltr'><strong>est</strong></span> <span class='ocrx_word' id='word_1_974' title='bbox 2172 5357 2512 5408; x_wconf 78' lang='lat' dir='ltr'><strong>humanamne</strong></span> <span class='ocrx_word' id='word_1_975' title='bbox 2541 5351 2861 5419; x_wconf 79' lang='lat' dir='ltr'><strong>sapientiam.</strong></span> 
     </span>
    </p>
   </div>
   <div class='ocr_carea' id='block_1_128' title="bbox 2137 5437 3666 5503">
    <p class='ocr_par' dir='ltr' id='par_1_128' title="bbox 2137 5437 3666 5503">
     <span class='ocr_line' id='line_1_131' title="bbox 2137 5437 3666 5503; baseline -0.006 -1"><span class='ocrx_word' id='word_1_976' title='bbox 2137 5447 2267 5503; x_wconf 88' lang='lat' dir='ltr'><strong>Cum</strong></span> <span class='ocrx_word' id='word_1_977' title='bbox 2291 5445 2499 5500; x_wconf 86' lang='lat' dir='ltr'><strong>illarum</strong></span> <span class='ocrx_word' id='word_1_978' title='bbox 2540 5452 2743 5496; x_wconf 89' lang='lat' dir='ltr'><strong>natura.</strong></span> <span class='ocrx_word' id='word_1_979' title='bbox 2785 5438 3085 5495; x_wconf 86' lang='lat' dir='ltr'><strong>lrrationali</strong></span> <span class='ocrx_word' id='word_1_980' title='bbox 3114 5437 3336 5493; x_wconf 87' lang='lat' dir='ltr'><strong>scilicet.</strong></span> <span class='ocrx_word' id='word_1_981' title='bbox 3386 5439 3442 5492; x_wconf 87' lang='lat' dir='ltr'><strong>In</strong></span> <span class='ocrx_word' id='word_1_982' title='bbox 3470 5453 3601 5493; x_wconf 91' lang='lat' dir='ltr'><strong>mss.</strong></span> <span class='ocrx_word' id='word_1_983' title='bbox 3633 5439 3666 5493; x_wconf 87' lang='lat'><strong>6</strong></span> 
     </span>
    </p>
   </div>
   <div class='ocr_carea' id='block_1_129' title="bbox 2064 5509 3667 5577">
    <p class='ocr_par' dir='ltr' id='par_1_129' title="bbox 2064 5509 3667 5577">
     <span class='ocr_line' id='line_1_132' title="bbox 2064 5509 3667 5577; baseline -0.016 -2"><span class='ocrx_word' id='word_1_984' title='bbox 2064 5535 2177 5575; x_wconf 90' lang='lat' dir='ltr'><strong>rec.</strong></span> <span class='ocrx_word' id='word_1_985' title='bbox 2204 5515 2454 5573; x_wconf 73' lang='lat' dir='ltr'><strong>etedit.2</strong></span> <span class='ocrx_word' id='word_1_986' title='bbox 2473 5516 2626 5569; x_wconf 89' lang='lat' dir='ltr'><strong>Rom.</strong></span> <span class='ocrx_word' id='word_1_987' title='bbox 2649 5522 2730 5568; x_wconf 90' lang='lat' dir='ltr'><strong>est</strong></span> <span class='ocrx_word' id='word_1_988' title='bbox 2751 5513 2996 5576; x_wconf 83' lang='lat' dir='ltr'><strong>illorum;</strong></span> <span class='ocrx_word' id='word_1_989' title='bbox 3020 5511 3111 5564; x_wconf 85' lang='lat' dir='ltr'><strong>int</strong></span> <span class='ocrx_word' id='word_1_990' title='bbox 3140 5509 3314 5577; x_wconf 85' lang='lat' dir='ltr'><strong>Colb.,</strong></span> <span class='ocrx_word' id='word_1_991' title='bbox 3344 5527 3536 5566; x_wconf 86' lang='lat' dir='ltr'><strong>eorum.</strong></span> <span class='ocrx_word' id='word_1_992' title='bbox 3564 5510 3667 5562; x_wconf 82' lang='lat' dir='ltr'><strong>Ex.</strong></span> 
     </span>
    </p>
   </div>
   <div class='ocr_carea' id='block_1_130' title="bbox 2069 5580 3668 5660">
    <p class='ocr_par' dir='ltr' id='par_1_130' title="bbox 2069 5580 3668 5660">
     <span class='ocr_line' id='line_1_133' title="bbox 2069 5580 3668 5660; baseline -0.01 -15"><span class='ocrx_word' id='word_1_993' title='bbox 2069 5592 2229 5660; x_wconf 84' lang='lat' dir='ltr'><strong>punxi</strong></span> <span class='ocrx_word' id='word_1_994' title='bbox 2258 5589 2446 5660; x_wconf 83' lang='lat' dir='ltr'><strong>spuria</strong></span> <span class='ocrx_word' id='word_1_995' title='bbox 2469 5597 2696 5660; x_wconf 75' lang='lat' dir='ltr'><strong>quatuor</strong></span> <span class='ocrx_word' id='word_1_996' title='bbox 2713 5583 2994 5660; x_wconf 61' lang='lat' dir='ltr'><strong>voeabula,</strong></span> <span class='ocrx_word' id='word_1_997' title='bbox 3031 5580 3166 5644; x_wconf 83' lang='lat' dir='ltr'><strong>Quid</strong></span> <span class='ocrx_word' id='word_1_998' title='bbox 3193 5580 3668 5660; x_wconf 24' lang='lat' dir='ltr'><strong>optanttqttid‘elif</strong></span> 
     </span>
    </p>
   </div>
   <div class='ocr_carea' id='block_1_131' title="bbox 2067 5652 3667 5732">
    <p class='ocr_par' dir='ltr' id='par_1_131' title="bbox 2067 5652 3667 5732">
     <span class='ocr_line' id='line_1_134' title="bbox 2067 5652 3667 5732; baseline -0.007 -16"><span class='ocrx_word' id='word_1_999' title='bbox 2067 5652 2230 5732; x_wconf 56' lang='lat' dir='ltr'><strong>bunt?</strong></span> <span class='ocrx_word' id='word_1_1000' title='bbox 2259 5652 2377 5728; x_wconf 74' lang='lat' dir='ltr'><strong>quae</strong></span> <span class='ocrx_word' id='word_1_1001' title='bbox 2404 5652 2645 5732; x_wconf 75' lang='lat' dir='ltr'><strong>absunta</strong></span> <span class='ocrx_word' id='word_1_1002' title='bbox 2666 5655 2736 5732; x_wconf 65' lang='lat'><strong>‘26</strong></span> <span class='ocrx_word' id='word_1_1003' title='bbox 2763 5669 2895 5732; x_wconf 78' lang='lat' dir='ltr'><strong>mss.</strong></span> <span class='ocrx_word' id='word_1_1004' title='bbox 2921 5663 3018 5707; x_wconf 83' lang='lat' dir='ltr'><strong>cta</strong></span> <span class='ocrx_word' id='word_1_1005' title='bbox 3051 5660 3157 5732; x_wconf 86' lang='lat' dir='ltr'><strong>v_et.</strong></span> <span class='ocrx_word' id='word_1_1006' title='bbox 3177 5652 3362 5732; x_wconf 77' lang='lat' dir='ltr'><strong>editis.</strong></span> <span class='ocrx_word' id='word_1_1007' title='bbox 3392 5653 3460 5705; x_wconf 88' lang='lat' dir='ltr'><strong>At</strong></span> <span class='ocrx_word' id='word_1_1008' title='bbox 3485 5656 3667 5705; x_wconf 74' lang='lat' dir='ltr'><strong>extant</strong></span> 
     </span>
    </p>
   </div>
   <div class='ocr_carea' id='block_1_132' title="bbox 2068 5721 3261 5791">
    <p class='ocr_par' dir='ltr' id='par_1_132' title="bbox 2068 5721 3261 5791">
     <span class='ocr_line' id='line_1_135' title="bbox 2068 5721 3261 5791; baseline -0.013 -1"><span class='ocrx_word' id='word_1_1009' title='bbox 2068 5721 2121 5790; x_wconf 73' lang='lat' dir='ltr'><strong>in</strong></span> <span class='ocrx_word' id='word_1_1010' title='bbox 2154 5746 2258 5786; x_wconf 90' lang='lat' dir='ltr'><strong>uno</strong></span> <span class='ocrx_word' id='word_1_1011' title='bbox 2278 5721 2614 5786; x_wconf 76' lang='lat' dir='ltr'><strong>Bononiensi</strong></span> <span class='ocrx_word' id='word_1_1012' title='bbox 2640 5737 2694 5783; x_wconf 91' lang='lat' dir='ltr'><strong>et</strong></span> <span class='ocrx_word' id='word_1_1013' title='bbox 2724 5728 2775 5781; x_wconf 91' lang='lat' dir='ltr'><strong>in</strong></span> <span class='ocrx_word' id='word_1_1014' title='bbox 2805 5725 2838 5778; x_wconf 82' lang='lat'><strong>5</strong></span> <span class='ocrx_word' id='word_1_1015' title='bbox 2866 5739 2977 5780; x_wconf 88' lang='lat' dir='ltr'><strong>rec.</strong></span> <span class='ocrx_word' id='word_1_1016' title='bbox 3009 5721 3261 5791; x_wconf 86' lang='lat' dir='ltr'><strong>vulgatis.</strong></span> 
     </span>
    </p>
   </div>
   <div class='ocr_carea' id='block_1_133' title="bbox 2140 5801 3091 5867">
    <p class='ocr_par' dir='ltr' id='par_1_133' title="bbox 2140 5801 3091 5867">
     <span class='ocr_line' id='line_1_136' title="bbox 2140 5801 3091 5867; baseline -0.012 -8"><span class='ocrx_word' id='word_1_1017' title='bbox 2140 5803 2365 5859; x_wconf 85' lang='lat' dir='ltr'><strong>Scilicet.</strong></span> <span class='ocrx_word' id='word_1_1018' title='bbox 2398 5801 2495 5858; x_wconf 89' lang='lat' dir='ltr'><strong>llic</strong></span> <span class='ocrx_word' id='word_1_1019' title='bbox 2525 5801 2773 5866; x_wconf 88' lang='lat' dir='ltr'><strong>sumitur,</strong></span> <span class='ocrx_word' id='word_1_1020' title='bbox 2817 5812 2912 5867; x_wconf 86' lang='lat' dir='ltr'><strong>pro</strong></span> <span class='ocrx_word' id='word_1_1021' title='bbox 2941 5804 3091 5850; x_wconf 85' lang='lat' dir='ltr'><strong>certe.</strong></span> 
     </span>
    </p>
   </div>
  </div>
