4138 6190
456 324 531 381 25
1454 331 1638 388 FIRM.
1681 331 2046 388 LACTANTII
2089 331 2106 386 1

2212 373 2219 386 .
2263 332 2350 386 DE
2388 330 2680 387 OPlFlClO
2721 331 2846 388 DEI.
3680 333 3749 388 24

457 444 684 517 poribus
711 446 879 508 nasci,
914 454 969 500 et
1005 445 1132 501 item
1168 459 1288 500 cum
1324 445 1642 514 corporibus
1670 444 1929 515 extingui.
1959 443 2055 498 Αε-
2086 450 2134 508 Α
2164 443 2367 498 auxilio
2410 443 2690 513 indigeret,
2721 458 2840 514 quae
2870 444 3102 499 societas
3141 445 3323 515 esset?
3361 459 3548 515 qumve
3585 445 3757 500 ratio?

461 547 808 605 sumpserant
861 537 1005 591 enim
1057 537 1188 592 nihil
1241 537 1355 591 fieri
1413 549 1592 591 mente
1649 536 1849 590 divina.
1907 535 2060 603 Quod
2165 553 2285 609 qua:
2317 539 2664 594 humanitas?
2692 547 2782 593 aut
2810 538 2934 610 qttid
2957 549 3101 594 esset
3130 540 3318 594 tetrius
3349 539 3604 594 homine?
3633 539 3760 608 quid

462 629 640 699 ipsum
666 644 771 682 non
800 629 959 685 aliter
991 629 1220 700 probare
1250 637 1518 697 poterant,
1551 644 1709 698 quam
1733 629 1776 684 si
1805 628 2060 683 ostendc-
2167 633 2484 688 ell‘eracius?
2509 633 2636 702 qttid
2681 632 3004 687 immanius?
3036 632 3145 688 Sed
3188 632 3438 704 quoniam
3483 632 3764 688 imbecillis

463 731 589 778 nent
633 736 754 776 esse
803 724 999 793 aliqua,
1049 723 1102 776 in
1147 721 1341 790 quibus
1391 720 1665 776 videretur
1713 720 2064 790 providentiae
2147 725 2270 790 'est,
2301 739 2398 778 nec
2431 723 2526 793 p'er
2551 739 2609 779 se
2640 733 2813 793 potest
2833 723 2952 779 sine
2979 723 3195 779 homine
3217 724 3416 788 vivere,
3443 725 3764 781 societatem

463 813 604 868 ratio
623 814 950 869 claudicare.
985 813 1470 882 Reprehettderunt
1493 812 1653 881 igitur
1675 827 1760 878 ca,
1787 812 1842 866 in
1872 811 2065 881 quibus
2169 817 2393 885 appetit,
2431 826 2487 870 ut
2515 817 2619 870 vita
2650 817 2956 871 communis
2996 825 3052 871 ct
3080 815 3322 870 ornatior
3349 814 3461 882 fiat,
3492 825 3541 870 et
3579 815 3763 870 tutior.

466 907 559 961 vel
589 909 820 963 maxime
841 909 1180 963 divinitatem
1211 921 1362 961 suam
1388 907 1720 977 providentia
1749 905 2068 960 mirabiliter
2171 909 2334 963 Vides
2389 909 2548 978 igitur
2597 924 2812 964 omnem
2858 909 3094 964 hominis
3147 910 3407 964 rationem
3461 909 3512 963 in
3562 923 3628 962 eo
3686 911 3768 963 vel

466 1001 760 1070 expressit,
792 1011 848 1053 ιιι
880 1000 988 1066 illa,
1026 1015 1144 1069 qua:
1174 1000 1329 1053 retuli
1361 999 1429 1052 tle
1461 999 1662 1054 morbis
1689 1007 1742 1052 et
1785 999 2068 1052 immatura
2172 1002 2403 1056 maxime
2427 1011 2588 1068 stare,
2622 1002 2762 1073 qttod
2793 1001 2966 1056 nudus
2995 1002 3304 1072 fragilisque
3333 1002 3592 1064 nascitur,
3625 1000 3769 1069 quod

471 1102 675 1152 morte.
709 1107 832 1146 cum
869 1091 1156 1146 debuerint
1185 1091 1440 1160 cogitare,
1483 1092 1566 1145 his
1603 1091 1913 1160 assumptis,
1943 1089 2070 1158 quid
2173 1093 2377 1148 morbis
2399 1094 2654 1163 afficitur,
2678 1095 2820 1165 quod
2843 1095 3126 1150 immatura
3147 1102 3318 1149 morte
3342 1095 3615 1148 multatur.
3641 1093 3772 1160 Qu.e

470 1186 782 1239 necessario
828 1192 1146 1253 sequeretur
1192 1182 1516 1255 (sequuntur
1559 1192 1739 1238 autem
1793 1183 1909 1248 illa,
1950 1197 2072 1252 qua:
2173 1186 2218 1240 si
2250 1186 2452 1241 homini
2495 1188 2870 1255 detrahantur,
2910 1189 3174 1243 rationem
3202 1203 3418 1258 quoque
3459 1203 3523 1243 ac
3549 1187 3774 1256 sapien-

472 1276 606 1348 dixi)
639 1278 684 1330 si
717 1277 960 1331 morbum
1008 1291 1113 1330 non
1144 1276 1429 1347 reciperet,
1465 1289 1638 1346 neque
1690 1276 1867 1341 tectis,
1899 1290 2074 1345 neque
2179 1279 2302 1332 tiam
2337 1278 2576 1346 detrahi,
2615 1294 2838 1338 necesse
2875 1290 2976 1336 est.
3020 1280 3129 1335 Sed
3175 1280 3334 1334 nimis
3372 1280 3461 1334 ditt
3505 1280 3571 1334 de
3612 1279 3778 1335 rebus

471 1369 718 1424 vestibus
766 1369 1050 1439 indigeret.
1099 1369 1237 1434 Quid
1289 1369 1431 1424 enim
1477 1376 1685 1431 ventos,
1721 1377 1813 1421 aut
1852 1367 2069 1430 imbres,
2177 1371 2380 1440 apertis
2417 1370 2655 1441 disputo,
2689 1387 2811 1427 cum
2860 1371 2932 1427 sit
2969 1371 3252 1442 liquidum,
3292 1369 3423 1424 nihil
3457 1369 3570 1425 sine
3599 1371 3776 1440 provi-

438 1471 567 1516 .attt
587 1461 784 1530 frigora
810 1471 1094 1525 metueret,
1126 1475 1352 1532 quorum
1376 1461 1455 1515 vis
1482 1460 1534 1515 in
1563 1475 1629 1516 eo
1651 1468 1753 1525 est,
1778 1469 1836 1514 ut
1857 1457 2077 1514 morbos
2179 1461 2382 1528 dentia,
2413 1478 2514 1518 nec
2543 1463 2740 1518 factum
2769 1478 2890 1519 esse
2929 1478 3185 1533 unquam,
3222 1478 3322 1518 nec
3352 1461 3466 1516 fieri
3513 1460 3777 1530 potuisse.

473 1554 744 1610 afferant?
776 1554 979 1610 Idcirco
1017 1556 1160 1610 enim
1185 1555 1392 1624 accepit
1429 1555 1771 1624 sapientiam,
1805 1562 1862 1607 ut
1888 1552 2080 1608 adver—
2185 1553 2259 1610 De
2284 1555 2435 1625 cujus
2466 1556 2720 1624 operibus
2747 1555 3034 1621 universis,
3069 1555 3115 1610 si
3144 1569 3288 1610 nunc
3317 1555 3478 1610 libeat
3499 1553 3786 1626 disputare

477 1662 572 1702 sus
603 1648 852 1702 nocentia
880 1646 1224 1718 fragilitatem
1253 1662 1406 1702 suam
1439 1647 1662 1701 muniat.
1693 1645 1962 1716 Sequatur
1987 1660 2082 1701 ne-
2184 1660 2280 1715 per
2313 1645 2582 1712 ordinem,
2616 1646 2823 1701 inﬁnita
2869 1647 3094 1701 materia
3132 1656 3238 1701 est.
3280 1645 3389 1701 Sed
3421 1659 3522 1714 ego
3562 1643 3630 1699 de
3677 1660 3788 1697 uno

476 1753 632 1795 eesse
660 1749 764 1806 est,
795 1750 852 1793 ιιι
880 1740 1132 1809 quoniam
1166 1738 1464 1794 retinendae
1490 1738 1716 1792 rationis
1747 1752 1910 1792 causa
1937 1753 2083 1792 mor-
2185 1752 2414 1806 corpore
2457 1738 2691 1792 hominis
2721 1747 2928 1793 tantum
2956 1736 3161 1792 institui
3192 1736 3397 1802 dicere,
3429 1745 3486 1790 ιιι
3522 1733 3575 1790 in
3605 1750 3675 1789 co
3707 1733 3792 1789 di-

411 1844 416 1848 '
475 1831 581 1887 bos
610 1831 776 1900 capit,
808 1831 969 1885 etiam
1002 1839 1230 1884 mortem
1263 1843 1476 1898 semper
1504 1829 1764 1898 accipiat;
1789 1828 1913 1898 quia
1942 1827 1986 1880 is
2014 1825 2080 1881 ad
2111 1849 2159 1908 Β
2186 1829 2326 1884 vina;
2370 1829 2724 1899 providentize
2756 1837 3100 1900 potestatem,
3145 1836 3345 1899 quanta
3391 1827 3570 1890 fuerit,
3601 1836 3790 1881 osten-

479 1938 641 1992 quem
675 1938 824 1977 mors
861 1937 968 1977 non
997 1922 1162 1987 venit,
1193 1921 1379 1976 firmus
1409 1921 1479 1974 sit
1517 1935 1742 1975 necesse
1771 1930 1855 1974 est
1888 1938 1899 1971 :
1931 1919 2080 1974 infir-

481 2017 643 2070 mitas
663 2024 842 2070 autem
865 2014 1026 2070 habet
1057 2014 1194 2068 inse
1223 2014 1412 2067 mortis
1437 2011 1836 2076 conditionem;
1861 2011 2084 2066 firmitas

483 2124 616 2164 vero
645 2109 734 2164 ubi
781 2107 960 2172 fuerit,
1006 2121 1106 2162 nec
1141 2116 1391 2161 senectus
1429 2105 1603 2160 locum
1647 2112 1817 2175 potest
1863 2103 2082 2169 habere,

486 2217 590 2259 nec
616 2216 785 2264 mors,
815 2216 933 2271 qua:
959 2198 1202 2270 sequitur
1227 2207 1579 2254 senectutem.

563 2295 852 2356 Praeterea,
877 2293 921 2346 si
949 2307 1098 2346 mors
1123 2299 1286 2346 certae
1307 2291 1594 2344 constituta
1623 2298 1771 2345 esset
1797 2290 1964 2354 tetati,
1995 2289 2088 2345 lie-

491 2398 580 2444 ret
609 2389 771 2441 homo
811 2385 1288 2448 insolentissimus,
1321 2394 1377 2438 et
1405 2383 1738 2437 humanitate
1765 2383 1910 2436 omni
1936 2383 2088 2437 care-

496 2491 601 2537 ret.
632 2479 763 2534 Nam
795 2478 906 2552 fet'e
943 2478 1064 2548 jura
1103 2476 1282 2532 omnia
1324 2475 1691 2543 humanitatis,
1729 2477 1924 2546 quibus
1955 2477 2095 2532 inter

494 2589 600 2629 nos
635 2573 997 2636 cohaeremus,
1041 2583 1108 2624 ex
1138 2580 1307 2633 metu,
1338 2579 1392 2623 et
1423 2569 1750 2624 conscientia
1797 2568 2097 2640 fragilitatis

496 2666 768 2722 oriuntur.
799 2662 1041 2733 Denique
1079 2660 1449 2726 imbecilliora,
1483 2671 1537 2715 ct
1565 2661 1831 2716 timidiora
1871 2677 2098 2733 qumque

501 2758 753 2814 animalia
781 2761 1197 2825 congregantur,
1234 2765 1294 2807 ut
1338 2753 1592 2826 quoniam
1624 2754 1828 2808 viribus
1861 2755 1998 2809 tueri
2039 2767 2098 2809 se

501 2859 800 2920 nequeunt,
834 2847 1180 2901 multitudine
1208 2856 1460 2900 tueantur
1491 2864 1502 2898 :
1543 2846 1762 2900 fortiora
1797 2860 1928 2900 vero
1965 2846 2098 2900 soli-

504 2941 723 2996 tudines
749 2946 1029 3010 appetunt,
1067 2937 1320 3007 quoniam
1350 2937 1546 2991 robore
1587 2937 1897 3006 viribusque
1933 2939 2102 2992 conli-

505 3033 663 3089 dunt.
694 3031 866 3087 Homo
891 3044 1106 3100 quoque
1133 3029 1178 3082 si
1203 3029 1394 3083 eodem
1439 3028 1600 3083 modo
1627 3028 1848 3085 haberet
1873 3029 1938 3083 ad
1973 3045 2100 3099 pro-

2192 1922 2313 1978 dam
2343 1922 2426 1976 his
2451 1923 2731 1978 dumtaxat
2773 1923 2825 1978 itt
2855 1922 3038 1988 rebus,
3070 1936 3189 1991 qum
3223 1930 3352 1975 sunt
3385 1917 3796 1989 comprehensi-

2193 2015 2328 2072 biles
2369 2025 2424 2071 et
2452 2025 2682 2084 apertae;
2715 2031 2836 2070 nam
2864 2015 2954 2070 illa
2982 2030 3101 2084 qua:
3126 2022 3254 2068 sunt
3293 2013 3508 2076 animae,
3539 2027 3643 2067 nec
3665 2009 3798 2065 sub-

2189 2108 2281 2178 jici
2312 2108 2518 2173 oculis,
2562 2123 2661 2163 nec
2700 2105 3087 2178 comprehendi
3128 2115 3352 2176 queunt.
3386 2105 3540 2160 Nunc
3577 2104 3649 2160 de
3683 2104 3801 2175 ipso

2193 2215 2322 2256 vase
2355 2200 2589 2256 hominis
2617 2201 2904 2270 loquimur,
2934 2199 3078 2270 quod
3109 2197 3375 2254 videmus.

2828 2291 3054 2348 CAPUT
3093 2290 3159 2346 γ.

2517 2385 2596 2439 De
2621 2385 2800 2455 ﬁguris
2825 2385 3128 2438 animalium
3151 2392 3198 2436 et
3212 2382 3470 2436 membris.

2272 2479 2328 2533 lu
2361 2479 2642 2548 principio,
2666 2493 2787 2532 cum
2825 2477 2964 2532 Deus
2989 2477 3214 2545 lingeret
3241 2475 3514 2537 animalia,
3545 2473 3726 2528 noluit
3749 2489 3811 2529 ea

2200 2571 2255 2624 in
2273 2571 2553 2624 rotundam
2571 2570 2757 2641 tortum.
2771 2568 3006 2638 speciem
3019 2567 3343 2636 conglobare
3360 2575 3516 2636 atque
3529 2584 3544 2618 (
3559 2565 3812 2634 olligere,

2198 2673 2254 2716 ut
2279 2671 2334 2717 et
2358 2662 2562 2718 moveri
2588 2663 2654 2717 ad
2677 2661 3085 2728 ambulandum,
3117 2671 3172 2716 et
3201 2659 3422 2715 ﬂectere
3443 2675 3504 2714 se
3533 2661 3588 2714 in
3628 2675 3817 2730 quam-

2203 2754 2332 2810 libet
2369 2738 2574 2824 partem
2621 2754 2779 2810 facile
2824 2762 3076 2824 possent:
3135 2753 3230 2808 sed
3284 2768 3354 2807 ex
3408 2752 3521 2822 ipsa
3562 2752 3818 2822 corporis

2202 2860 2411 2900 summa
2444 2845 2695 2916 produxit
2732 2855 2924 2914 caput;
2952 2846 3081 2900 item
3109 2843 3360 2913 produxit
3391 2843 3646 2900 membra
3675 2858 3822 2914 quaa-

2203 2941 2325 2997 datn
2359 2941 2589 3013 longius,
2608 2957 2728 3011 quae
2750 2947 3010 2995 vocantur
3028 2939 3213 3008 pedes,
3241 2947 3300 2992 ut
3327 2937 3552 2994 alternis
3574 2939 3824 2994 motibus

2205 3035 2321 3089 solo
2347 3033 2450 3088 fixa
2498 3032 2857 3102 producerent
2879 3031 3098 3096 animal,
3122 3043 3232 3098 quo
3277 3044 3431 3085 mens
3465 3029 3715 3095 tulisset,
3738 3038 3828 3084 aut

508 3123 770 3198 pulsanda
801 3121 1035 3193 pericula
1054 3127 1345 3191 suppetens
1367 3118 1552 3185 robur,
1583 3134 1683 3175 nec
1703 3120 1864 3176 ullius
1885 3123 2108 3178 alterius
2134 3113 2179 3176 C
2213 3141 2321 3196 quo
2350 3123 2569 3196 petendi
2599 3122 2707 3179 cibi
2749 3121 3044 3179 necessitas
3072 3129 3438 3192 provocasset.
3469 3119 3552 3175 Ex
3581 3121 3713 3191 ipso
3736 3137 3828 3176 au-

1824 3255 2190 3316 VARIORUM
2227 3259 2457 3318 ΝΟΤᾺΕ.

514 3414 609 3462 tat.
644 3405 825 3473 Itaque
853 3402 1028 3458 tertius
1053 3401 1258 3472 quidem
1286 3408 1454 3473 motus
1475 3398 1642 3473 oritur
1661 3407 1805 3473 extra
1833 3399 2034 3473 pondus
2063 3409 2111 3453 et

515 3469 751 3548 plagam,
775 3491 889 3528 cum
905 3469 1126 3548 declinat
1152 3483 1352 3526 atomus
1373 3469 1639 3524 intervallo
1662 3471 1888 3524 minimo.
1909 3470 2110 3526 Lucre-

517 3545 647 3614 tius,
680 3548 773 3602 lib.
803 3563 864 3613 tt,
884 3562 934 3598 v.
959 3545 1053 3600 551
1095 3559 1109 3596 :
1587 3607 1590 3612 ν

646 3661 877 3724 Undique
902 3671 989 3722 pro
1011 3657 1112 3708 telo
1136 3657 1389 3720 plagarum
1415 3653 1714 3715 continuato,

522 3777 582 3825 ot
605 3767 698 3822 lib.
729 3783 802 3832 tv,
822 3783 874 3820 v.
903 3765 1028 3832 188,
1066 3764 1169 3820 190
1195 3780 1207 3814 :

652 3884 773 3941 Qua:
795 3881 935 3943 quasi
956 3877 1238 3929 truduntur.
1283 3917 1292 3925 .
1335 3916 1346 3925 .
1386 3910 1400 3924 .
1439 3915 1450 3924 .
1492 3917 1503 3927 .

859 3995 874 4009 .
913 4002 924 4011 .
965 3999 975 4009 .
1015 3997 1027 4008 .
1069 4000 1080 4010 .
1121 3996 1134 4009 .
1169 3961 1398 4021 sequenti
1423 3962 1611 4009 concita
1637 3958 1796 4020 plaga.
1994 3960 2120 4011 Bos.

602 4069 931 4126 Divinitatem
961 4081 1105 4119 suam
1129 4063 1463 4132 providentia.
1492 4062 1645 4116 Haud
1666 4077 1821 4116 secus
1848 4061 2040 4132 legitur
2065 4064 2119 4119 in

525 4161 660 4203 mss.
693 4140 874 4205 Sch.
905 4133 1308 4200 vetustioribus,
1328 4134 1513 4205 caue,
1535 4133 1770 4205 5Colb.,
1799 4133 2115 4205 Ultr.,Em.,

527 4202 781 4275 Cantab,
804 4202 1030 4272 Christ”
1064 4206 1284 4260 Mcrlon.
1313 4247 1326 4268 ,
1358 4204 1570 4268 Marm.,
1607 4204 1793 4267 Brun.,
1823 4202 2058 4275 Clarom.
2087 4223 2119 4262 a

527 4289 700 4358 prima
736 4274 1001 4358 tuantt_,_et
1029 4279 1077 4330 in
1107 4277 1313 4358 cunctis
1339 4275 1707 4358 fortiteeditis.
1734 4278 1798 4328 At
1835 4274 1871 4327 2
1898 4275 2051 4358 Βοιιῖ,
2086 4277 2120 4330 6

529 4347 620 4416 alii
667 4365 721 4412 et
757 4354 790 4407 3
817 4351 945 4405 editi
976 4363 1084 4403 rec.
1123 4347 1320 4401 habent
1365 4347 1603 4399 divinitas
1652 4362 1796 4398 suunt
1850 4347 2119 4413 providen-

529 4433 672 4486 tiam.
721 4425 954 4493 Utraque
1007 4419 1165 4493 lectio
1199 4421 1356 4472 bona.
1411 4416 1573 4472 Nobis
1618 4416 1824 4471 ﬁrmior
1852 4427 1905 4471 ct
1933 4418 2113 4473 verior

531 4503 643 4557 visa
673 4507 756 4552 est
787 4492 933 4563 prior
963 4492 1249 4558 scriptura.

607 4569 674 4623 Ut
704 4565 815 4619 illa.
843 4563 940 4616 Ms.
968 4565 1120 4622 Bov.,
1147 4570 1200 4612 ut
1226 4577 1303 4613 ea.

550 4677 555 4682 .
607 4640 655 4693 Η
665 4642 705 4691 is
719 4634 1015 4702 assumptis,
1031 4633 1150 4700 quid
1170 4631 1455 4702 necessario
1468 4641 1774 4697 sequeretur.
1799 4631 2012 4688 Scilicet
2028 4634 2115 4688 illa

571 4701 901 4768 rovidcntia.
926 4703 1160 4774 limeiest
1188 4701 1347 4774 lectio
1374 4701 1407 4752 2
1426 4701 1753 4774 pottottiett.,
1777 4702 1812 4754 2
1852 4706 1921 4757 al.
1960 4707 2113 4774 ltcg.,

581 4800 693 4846 ax.,
721 4778 755 4831 ‘2
781 4775 959 4837 Colb.,
978 4772 1401 4846 Baluz.;_in_ms_.
1425 4771 1770 4846 Regio-Put”
1799 4776 2002 4844 quidem
2030 4771 2118 4829 ne-

533 4841 750 4910 cessario
768 4855 1075 4916 sequeretur,
1103 4841 1459 4916 tnale_._Nullus
1482 4842 1626 4916 enim
1651 4853 1777 4916 tunc
1800 4841 2008 4912 phrasis
2035 4847 2117 4901 itt-

531 4935 698 4995 tegrae
741 4912 928 4995 uerius.
982 4915 1096 4995 ln4
1125 4916 1194 4967 al.
1226 4912 1394 4995 Reg.
1421 4913 1454 4966 4
1484 4914 1838 4995 Colb.,.lﬂmq
1861 4916 2112 4982 Cantab.,

533 4985 794 5050 Clitrom”
817 4989 980 5041 Brttn.
1005 4994 1060 5040 et
1081 4985 1290 5039 cunctis
1315 4986 1482 5038 ferme
1505 4986 1731 5053 vulgatis
1759 4997 1859 5048 est,
1889 5004 2003 5053 qth
2023 5006 2114 5041 ne-

533 5065 753 5120 cessario
781 5068 1124 5128 sequerentur,
1149 5057 1204 5109 In
1228 5055 1386 5110 editis
1413 5055 1534 5109 Ald.
1553 5069 1600 5110 et
1628 5055 1798 5111 Paris.
1825 5058 1984 5120 1525,
2003 5075 2116 5128 qua:

536 5132 822 5192 necessario
852 5138 1139 5196 sequentur.

611 5208 673 5259 Si
695 5201 921 5256 morbum
967 5215 1068 5250 non
1095 5199 1358 5264 reciperet,
1384 5213 1540 5265 neque
1566 5198 1777 5252 vestibus
1798 5199 2113 5263 indigeret...

535 5289 625 5331 aut
658 5276 850 5344 frigora
872 5277 1128 5344 metueret.
1151 5268 1240 5344 Sto
1266 5268 1643 5344 castigavimus
1669 5286 1731 5323 ex
1755 5285 1892 5344 tuss.
1920 5272 2112 5340 Regio.

533 5337 777 5404 Ριιιέειιῖο
806 5337 1434 5411 tribusque,“Nisaee,
1469 5344 1500 5392 4
1531 5340 1710 5402 Colb.,
1745 5340 1932 5407 θυαμ,
1966 5337 2111 5411 Lips.

533 5435 599 5474 ac
630 5411 1004 5471 vetustioribus
1029 5409 1207 5464 editis.
1255 5409 1381 5463 llaec
1419 5412 1560 5464 enim
1594 5413 1902 5466 referuntur
1921 5413 1987 5466 ad
2022 5409 2114 5464 [ιο.

535 5491 739 5546 mittem
769 5487 836 5537 de
859 5497 967 5551 quo
991 5496 1170 5549 supra,
1207 5491 1260 5531 ut
1284 5481 1346 5532 sit
1373 5481 1424 5532 in
1447 5481 1666 5549 qualibet
1695 5491 1842 5536 (etate
1863 5483 2113 5548 mortalis,

534 5571 589 5616 ct
619 5573 742 5612 mox
765 5553 898 5609 infra
926 5553 1116 5618 accepit
1139 5551 1510 5618 sapientium...
1537 5553 1731 5604 muniat
1756 5569 1770 5613 ;
1803 5555 2000 5607 morbos
2029 5569 2118 5607 ca-

537 5633 645 5702 pit,
678 5628 830 5702 etiam
871 5633 1080 5702 mortem
1111 5637 1308 5702 semper
1350 5623 1586 5702 (lCCl-Hitil.
1630 5622 1684 5674 Ιιι
1728 5625 2116 5702 recentioribus

537 5691 718 5756 insi").
736 5696 893 5765 Reg.,
912 5693 946 5746 ‘2
967 5691 1148 5755 Colb.,
1173 5691 1432 5765 Clarum,
1455 5692 1630 5743 llrtlttz.
1657 5703 1709 5746 ct
1729 5694 1859 5748 edit.
1886 5695 1916 5748 1
1941 5696 2118 5762 plura-

536 5773 648 5826 ατο
671 5761 896 5822 ηωηέτο
918 5765 1216 5832 reciperem,
1242 5761 1545 5830 indigerent,
1566 5775 1836 5818 metuerent
1859 5783 1875 5830 ;
1903 5766 2111 5820 vitiose.

609 5840 861 5907 Sequatur
879 5850 1074 5890 necesse
1093 5844 1182 5889 est.
1204 5833 1422 5888 Phrasis
1437 5833 1802 5891 Lactantiana.
1821 5837 1910 5892 Sic
1927 5851 2111 5894 emen-

2216 3403 2398 3457 datum
2429 3419 2496 3458 ex
2523 3418 2653 3460 mss.
2682 3412 2736 3458 et
2764 3393 3146 3475 vetustioribus
3167 3401 3348 3458 editis.
3376 3402 3629 3475 Sequitur
3659 3421 3828 3460 neces-

2218 3475 2390 3556 sario,
2422 3475 2824 3599 ithvulgaribus
2851 3475 3023 3532 libris.
3080 3474 3186 3530 Sed
3236 3491 3438 3529 necesse
3463 3474 3540 3530 est
3597 3487 3669 3531 tet
3707 3493 3830 3547 quo-

2223 3561 2429 3598 ntamtn
2517 3561 2595 3599 ar.
3013 3580 3018 3584 -

2223 3561 2362 3598 utam
2381 3562 2429 3598 111
2452 3561 2595 3600 utar.

2293 3615 2375 3688 Ad
2411 3633 2561 3688 quem
2585 3633 2721 3670 mors
2751 3633 2852 3670 non
2869 3618 3022 3688 venit.
3050 3616 3127 3672 Ita
3159 3615 3570 3672 emettdavimus
3595 3631 3675 3673 ex
3698 3632 3833 3682 mss;

2225 3687 2259 3742 5
2289 3686 2443 3757 Reg.’,
2477 3689 2510 3742 5
2535 3686 2716 3753 Colb.,
2746 3688 2934 3754 Goth.,
2968 3687 3424 3758 Lips.,Clarom.,
3456 3689 3598 3752 Em.,
3637 3688 3826 3754 Cant.,

2229 3760 2422 3822 Brun.,
2451 3759 2582 3814 Bov.
2613 3768 2667 3814 et
2687 3759 2923 3827 vulgatis
2967 3759 3124 3813 Rom.
3159 3759 3320 3823 1470,
3359 3759 3824 3824 M74,l’arrbas..

2226 3827 2320 3899 Is.,
2381 3831 2600 3891 Cellar.,
2659 3828 2872 3885 Waleh.
2927 3830 2983 3886 ιιι
3059 3831 3447 3884 recentissimis
3488 3830 3524 3883 2
3577 3829 3743 3899 Reg.,
3797 3832 3821 3886 1

2159 3925 2166 3930 ·
2225 3897 2486 3966 Colbert.,
2512 3901 2692 3956 Baluz.
2739 3912 2794 3957 et
2838 3910 3044 3957 recent.
3097 3901 3249 3967 edd.,
3281 3901 3484 3955 morbus
3516 3917 3620 3956 non
3670 3897 3822 3956 uenit.

2224 3969 2347 4024 Vid.
2380 3987 2530 4025 seua.

2298 3988 2642 4096 [ὶὲιιῗὲῗῧῖἱονα
2657 4052 2705 4098 et
2726 4043 2986 4097 timidiora
3005 4059 3234 4113 qumque.
3257 4043 3477 4097 Rariora
3496 4053 3619 4113 sunt
3639 4058 3825 4098 exem-

2223 4111 2308 4181 pla
2343 4153 2358 4178 ,
2425 4114 2512 4184 ubi
2566 4115 2793 4183 quisque
2844 4111 3225 4184 Comparativis
3275 4115 3536 4184 jungitur.
3588 4112 3822 4179 lterum,

2222 4197 2349 4255 cap.
2381 4183 2468 4255 14,
2502 4184 2786 4252 placidiora
2823 4183 3052 4255 quicque.
3085 4185 3165 4240 Ad
3205 4183 3499 4241 seetionem
3531 4185 3818 4252 integram,

2221 4253 2366 4308 conf.
2394 4253 2488 4308 lib.
2522 4271 2604 4320 ιιι,
2633 4257 2798 4310 0.15.
2834 4253 2963 4311 ΒυΝζ

2296 4324 2490 4398 Quisve
2509 4329 2662 4398 ratio.
2689 4326 2762 4380 Ita
2791 4328 3006 4398 reposui
3048 4342 3113 4381 ex
3143 4327 3547 4398 vetustioribus
3572 4323 3744 4398 editis
3763 4332 3820 4378 ct

2221 4411 2353 4451 mss.
2387 4397 2588 4456 multis.
2621 4399 2832 4465 rejectis
2857 4395 2966 4462 'iis,
3017 4412 3135 4467 quae
3163 4397 3214 4449 itt
3246 4395 3634 4452 recentioribus
3659 4397 3820 4461 quiu-

2221 4483 2324 4536 qtte
2352 4477 2404 4522 et
2433 4469 2483 4522 in
2511 4469 2738 4536 vulgatis
2761 4481 2951 4522 novem
2982 4469 3394 4530 ittterseruntur,
3439 4480 3553 4536 qtae
3579 4471 3818 4519 νεμέτω.

2221 4540 2292 4591 tia
2340 4539 2470 4592 inter
2493 4539 2585 4591 se?
2611 4541 2724 4608 quis
2755 4539 2881 4592 ordo
2901 4539 2926 4591 ?
2954 4543 3021 4592 At
3047 4539 3099 4592 in
3124 4552 3225 4608 ms.
3274 4538 3431 4602 Bov.,
3459 4545 3572 4606 qua:
3607 4537 3827 4594 societas

2220 4621 2346 4691 esset
2374 4625 2487 4691 qua:
2513 4607 3008 4691 reverentianquarve
3035 4607 3329 4691 rationem.

2294 4676 2433 4745 Quid
2452 4691 2577 4734 esset
2606 4679 2781 4734 tetrius
2809 4676 3034 4733 nomine.
3070 4678 3158 4733 Sic
3184 4679 3256 4733 25
3277 4693 3408 4733 mss.
3441 4687 3494 4731 et
3517 4677 3550 4731 6
3568 4676 3730 4744 editi;
3766 4688 3822 4734 et

2222 4753 2362 4819 apud
2385 4751 2720 4816 Ciceronem,
2743 4751 2833 4806 lib.
2864 4749 3158 4806 ttOflicior.
3175 4767 3228 4803 ιι.
3249 4751 3341 4817 77,
3365 4759 3415 4803 et
3434 4750 3525 4803 lih.
3547 4765 3622 4806 ιιι.
3649 4765 3699 4801 ιι.
3731 4749 3820 4804 56.

2221 4821 2276 4875 In
2301 4825 2511 4876 czetcris
2534 4822 2759 4891 vulgatis
2779 4831 2832 4874 et
2851 4833 3056 4890 septem
3081 4835 3211 4874 mss.
3241 4836 3354 4875 rec.
3375 4820 3571 4888 legitur
3595 4821 3822 4874 deterius

2224 4893 2442 4946 homine.
2469 4894 2558 4948 Sic
2587 4891 2721 4946 infra
2765 4892 2818 4946 in
2842 4891 2946 4948 fine
2971 4891 3166 4961 capitis
3202 4891 3236 4946 5
3261 4909 3276 4947 :
3306 4891 3550 4946 horribile
3577 4901 3726 4961 atque
3753 4901 3828 4944 te-

2220 4974 2372 5018 trum.

2291 5056 2419 5112 Sine
2449 5056 2668 5110 homine.
2693 5055 2914 5126 Sttpple,
2949 5057 3112 5126 altero
3141 5057 3334 5125 aliqua.
3369 5057 3658 5112 Fassaws.

2291 5127 2596 5196 Loquimur,
2625 5129 2763 5195 quod
2776 5125 3037 5180 uidemus.
3065 5125 3138 5181 Ita
3169 5129 3378 5182 restitui
3409 5143 3478 5183 ex
3509 5126 3826 5181 vetustiori-

2220 5200 2318 5253 bus
2337 5210 2444 5252 tum
2467 5198 2641 5261 editis,
2656 5209 2776 5268 tum
2797 5212 2927 5251 mss.
2951 5199 2984 5252 Is
3001 5197 3155 5268 Reg.,
3177 5197 3212 5252 ‘2
3233 5197 3465 5263 Bonou.,
3481 5197 3639 5260 Tam.
3663 5197 3826 5261 Peu.,

2219 5269 2406 5328 Caue..
2428 5268 2615 5325 Goth..
2638 5267 2673 5320 4
2691 5267 2873 5332 Colb.,
2892 5267 3101 5335 Balttz.,
3125 5270 3267 5334 Em.,
3285 5268 3468 5335 Cant.,
3495 5268 3655 5322 Brun.
3681 5269 3748 5321 At
3770 5268 3824 5322 in

2221 5356 2330 5395 rec.
2350 5340 2384 5394 2
2403 5340 2557 5409 Reg,
2581 5341 2616 5393 ‘2
2637 5340 2904 5403 Colbert.,
2926 5338 3161 5395 Clarom.
3181 5351 3235 5394 et
3261 5356 3369 5395 rec.
3391 5338 3606 5394 excusis
3623 5347 3728 5398 est,
3750 5338 3830 5392 lo-

2219 5423 2462 5479 quantur.
2497 5410 2853 5482 Thomasiana
2874 5411 3040 5466 editio
3068 5413 3356 5482 loquamur.
3381 5438 3454 5451 ——
3478 5409 3632 5464 Nunc
3660 5411 3830 5478 loqui-

2221 5499 2353 5534 mur.
2387 5481 2622 5542 Rectior,
2657 5481 2710 5534 ni
2761 5479 2940 5546 fallor,
2984 5479 3236 5550 respectu
3287 5482 3707 5550 przccedcntium
3741 5490 3828 5535 est

2222 5552 2490 5606 indicandi
2517 5551 2738 5616 modus;
2795 5551 3118 5608 determinat
3175 5553 3318 5606 enim
3371 5562 3425 5605 et
3464 5550 3699 5620 explicat
3741 5550 3826 5604 Itis

2223 5623 2399 5678 verbis
2428 5623 2730 5677 distinctius
2753 5623 3174 5692 propositionem
3207 5623 3320 5675 sive
3343 5621 3522 5676 thema
3557 5621 3678 5675 libri
3722 5621 3822 5692 hu-

2215 5695 2324 5764 jus,
2349 5695 2586 5764 etipsant
2605 5691 2822 5764 demum
2848 5691 3220 5750 tractationem
3243 5691 3312 5747 de
3341 5707 3573 5762 cori-ore
3591 5691 3827 5746 hominis

2219 5763 2440 5834 Suscipit
2467 5779 2586 5830 cap.
2615 5763 2669 5817 8.
2697 5765 2832 5819 Buu.

2292 5829 2638 5891 Producet‘ent
2669 5836 2882 5889 animal.
2931 5834 3018 5894 Sic
3065 5834 3279 5904 reposui
3330 5849 3394 5894 ex
3438 5829 3822 5896 vetustioribus
