4138 6190
406 288 491 351 25

1380 295 1532 350 CAP.
1577 294 1641 352 V.
1685 293 1771 350 DE
1815 294 1944 350 FIG.
1989 293 2264 350 .\.Vl\l.-\L.
2305 295 2397 351 ΕΤ
2435 296 2756 354 MEMBRIS.
3651 299 3724 356 26

413 414 531 462 tem
561 403 780 460 vasculo
798 403 1041 475 corporis
1063 414 1289 475 quatuor
1319 405 1689 461 fecitcxtantia
1714 428 1726 461 ;
1759 407 1877 462 bina
1898 421 2022 477 pos-
2048 411 2094 468 Α
2128 407 2348 462 nimimn
2378 407 2664 472 brevibus,
2713 419 2931 480 propter
2961 408 3269 467 ﬁrmitatem
3291 450 3307 476 ,
3340 410 3434 468 sed
3463 419 3516 468 et
3542 413 3726 482 paucis

411 498 613 564 terius,
642 511 763 566 qum
793 506 920 551 sunt
949 497 1001 550 in
1049 499 1296 551 omnibus
1326 499 1523 567 pedes;
1556 502 1680 553 item
1715 500 1834 553 bina
1863 499 2023 569 capiti

410 600 470 646 et
501 590 650 645 collo
678 589 949 659 proxima,
983 605 1102 659 qua:
1134 591 1312 644 varios
1339 591 1703 645 animantibus
1737 607 1867 646 usus
1890 607 2023 660 prie-

413 681 576 738 bent.
613 682 669 736 In
702 681 1003 752 pecudibus
1032 683 1175 736 enim
1203 697 1265 736 ac
1296 681 1426 738 feris
1465 691 1591 738 sunt
1634 685 2023 753 posterioribus

414 774 588 846 pedes
603 773 833 836 similes,
861 774 914 827 in
941 773 1160 829 homine
1177 783 1353 828 autem
1385 789 1604 838 manus;
1625 791 1744 846 qua:
1770 791 1878 830 non
1901 784 2026 832 sunt

417 866 488 922 ad
515 866 922 933 ambulandum,
949 865 1047 921 sed
1077 866 1142 920 ad
1175 866 1473 921 faciendum
1508 867 2026 938 temperandumque

417 969 548 1015 sunt
569 969 730 1014 naue.
761 959 858 1014 Est
886 967 940 1014 et
987 959 1201 1014 tertium
1250 976 1442 1030 genus,
1491 961 1543 1014 in
1571 976 1676 1030 quo
1707 961 1885 1031 priora
1913 960 2022 1030 illa,

420 1067 602 1122 neque
631 1052 816 1123 pedes,
851 1067 1026 1122 neque
1056 1067 1244 1107 manus
1265 1062 1410 1119 sunt,
1439 1054 1532 1108 sed
1582 1054 1704 1120 alae,
1737 1054 1786 1109 in
1831 1054 2026 1123 quibus

422 1161 615 1218 penna:
645 1161 738 1215 per
766 1145 1011 1201 ordinem
1040 1145 1161 1201 ﬁxm
1190 1146 1405 1201 volandi
1436 1147 1696 1202 exhibent
1741 1163 1918 1202 usum.
1948 1133 2024 1202 lla

420 1253 526 1293 una
559 1238 706 1293 ﬁctio
733 1238 977 1294 diversas
1007 1240 1219 1308 Species
1247 1251 1299 1294 et
1332 1256 1460 1295 usus
1515 1241 1698 1296 habet.
1738 1241 1914 1311 Atque
1969 1251 2026 1296 ut

420 1330 601 1401 ipsam
630 1331 875 1400 corporis
901 1330 1315 1386 crassitudinem
1349 1332 1574 1386 ﬁrmiter
1601 1333 2027 1404 comprehende-

415 1432 526 1489 ret,
560 1423 858 1506 majo’ribus
883 1431 937 1478 et
963 1423 1215 1478 brevibus
1237 1425 1450 1478 ossibus
1483 1425 1708 1480 invicem
1736 1426 2022 1496 colligatis,

418 1513 578 1587 quasi
604 1515 848 1569 carinam
873 1515 1163 1585 compegit,
1193 1532 1351 1585 quant
1378 1532 1476 1570 nos
1521 1518 1730 1588 spinam
1773 1517 2022 1581 dicimus,

415 1622 650 1679 eamque
676 1608 851 1663 noluit
879 1624 943 1663 ex
976 1624 1083 1664 uno
1109 1619 1477 1680 perpetuoque
1513 1626 1636 1667 osse
1660 1612 1917 1675 formare,
1958 1628 2027 1668 ne

420 1700 702 1774 gradiendi
731 1702 1087 1773 ﬁectendique
1105 1717 1164 1757 se
1194 1686 1500 1761 facultatem
1517 1703 1713 1757 animal
1739 1719 1842 1757 non
1864 1703 2026 1759 habe-

2125 510 2180 555 et
2229 501 2681 570 magnisgossibns
2720 513 2969 556 constare
3008 503 3196 558 voluit.
3247 503 3355 558 Aut
3404 504 3545 558 enim
3598 504 3722 560 bina

2125 603 2327 648 suntut
2357 595 2407 648 in
2433 595 2801 660 homine;aut
2825 605 3106 665 quaterna,
3137 604 3195 650 ut
3242 597 3292 650 in
3341 596 3722 668 quadrupede:

2126 703 2245 758 qua:
2292 695 2469 741 tamen
2493 703 2598 742 non
2639 687 2765 742 fecit
2794 687 2986 751 solida,
3012 704 3078 744 ne
3107 688 3158 742 in
3184 688 3483 758 gradiendo
3512 691 3724 761 pigritia

2127 787 2177 830 et
2206 778 2438 847 gravitas
2473 779 2797 846 retardaret,
2824 778 2917 833 sed
2940 789 3127 833 cavata
3158 787 3211 834 et
3237 780 3303 833 ad
3334 780 3570 850 vigorem
3601 795 3725 836 cor-

2127 869 2272 938 poris
2289 870 2718 924 conservandum
2741 870 2990 925 medullis
3004 870 3327 926 intrinsecus
3347 872 3500 940 plena
3519 887 3534 937 ;
3553 886 3725 942 eaque

2127 974 2312 1014 rursus
2340 975 2445 1015 non
2489 960 2769 1032 aequaliter
2811 970 3055 1028 porrecta
3107 962 3312 1017 linivit:
3342 961 3439 1018 sed
3487 977 3725 1019 summas

2127 1068 2310 1108 eorum
2361 1063 2539 1124 partes
2569 1055 2924 1111 crassioribus
2969 1055 3126 1111 nodis
3174 1057 3534 1128 conglobavit,
3586 1064 3728 1113 utet

2127 1144 2417 1216 substringi
2445 1150 2627 1201 nervis
2650 1145 2883 1212 facilius,
2902 1156 2957 1202 et
2973 1147 3110 1202 verti
3132 1148 3295 1203 tutius
3318 1157 3558 1219 possent,
3581 1147 3724 1204 unde

2127 1247 2252 1292 sunt
2287 1239 2549 1294 vertibula
2576 1239 2868 1294 nominata.
2896 1240 3003 1296 Eos
3029 1240 3202 1295 nodos
3224 1241 3450 1296 ﬁrmiter
3464 1239 3726 1296 solidatas

2129 1331 2236 1388 leni
2262 1333 2492 1403 quodam
2536 1335 2793 1405 operculo
2824 1335 2976 1402 texit,
3034 1334 3178 1406 quod
3207 1335 3404 1390 dicitur
3440 1333 3722 1404 cartilago;

2127 1427 2352 1494 scilicet,
2386 1436 2444 1483 ιιι
2469 1428 2588 1484 sine
2612 1429 2795 1484 attritu
2847 1437 2900 1483 ct
2931 1429 3049 1484 sine
3089 1443 3251 1483 sensu
3289 1428 3496 1484 doloris
3541 1427 3724 1498 aliquo

2129 1517 2491 1576 ﬂecterentur.
2524 1521 2754 1576 Eosdem
2785 1531 2962 1577 tamen
2987 1522 3166 1576 nonin
3197 1536 3361 1576 unum
3393 1520 3611 1576 modum
3639 1520 3724 1575 in-

2130 1613 2416 1668 formavit:
2447 1615 2582 1669 alios
2611 1615 2756 1668 enim
2790 1612 3242 1688 fecitgsimplices,
3275 1623 3330 1669 et
3351 1614 3403 1667 in
3425 1612 3610 1668 orbem
3633 1628 3726 1669 ro-

2131 1707 2348 1772 tundos,
2382 1707 2435 1761 in
2466 1707 2530 1761 iis
2561 1707 2840 1762 dumtaxat
2895 1707 3156 1773 articulis,
3200 1706 3253 1760 in
3284 1705 3480 1776 quibus
3521 1704 3727 1760 moveri

422 1802 532 1849 ret.
553 1793 626 1848 Ex
647 1793 764 1863 ejus
783 1803 936 1864 parte
958 1795 1106 1864 quasi
1128 1795 1302 1849 media
1332 1795 2021 1859 costas,idesttransversa
2052 1792 2099 1852 B
2128 1800 2368 1855 membra
2403 1799 2454 1854 in
2487 1815 2678 1854 omnes
2709 1808 2891 1869 partes
2935 1797 3238 1869 oportebat,
3267 1808 3326 1852 ut
3377 1798 3430 1852 in
3460 1797 3726 1867 scapulis;

423 1893 480 1942 et
499 1885 652 1954 plana
685 1899 806 1942 ossa
835 1887 1074 1957 porrexit
1096 1887 1145 1941 in
1173 1887 1467 1955 diversum,
1500 1889 1693 1960 quibus
1733 1890 2028 1946 clementer

415 1977 682 2044 curvatis,
711 1987 764 2032 et
792 1978 844 2032 itt
876 1993 936 2033 se
972 1979 1122 2034 velut
1154 1979 1205 2033 in
1246 1980 1507 2035 circulum
1559 1995 1694 2051 pene
1720 1981 2022 2051 conductis,

412 2069 628 2125 interna
657 2071 870 2126 viscera
917 2081 1290 2142 contegantur,
1345 2080 1514 2139 utea,
1574 2087 1693 2143 quae
1739 2073 1921 2129 mollia
1968 2082 2024 2129 et

411 2163 600 2217 minus
627 2163 799 2218 valida
842 2162 958 2218 ﬁeri
985 2179 1119 2233 opus
1150 2173 1287 2230 erat,
1320 2164 1460 2218 illius
1486 2164 1672 2219 solidm
1699 2166 1863 2221 cratis
1907 2180 2023 2222 am-

415 2257 586 2327 plexu
608 2265 825 2327 possent
853 2273 974 2312 esse
1011 2259 1234 2313 munita.
1261 2258 1316 2318 In
1348 2274 1558 2314 summa
1590 2273 1719 2314 vero
1739 2269 2022 2316 construc-

410 2347 578 2402 tionis
597 2349 736 2418 ejus,
752 2365 913 2419 quam
939 2349 1169 2405 similem
1197 2353 1348 2404 navis
1369 2351 1566 2405 carinae
1583 2349 1840 2419 diximus,
1860 2360 2022 2422 caput

405 2439 721 2506 collocavit,
753 2441 806 2494 in
835 2456 939 2511 quo
964 2451 1110 2498 esset
1136 2441 1375 2512 regimen
1399 2444 1560 2498 totius
1579 2444 1890 2510 animantis;
1924 2444 2020 2499 da-

409 2542 639 2602 tumque
665 2533 738 2589 illi
771 2533 871 2588 hoc
893 2549 1087 2590 nomen
1109 2545 1184 2592 cst
1199 2578 1212 2600 ,
1235 2536 1518 2606 utquidem
1539 2536 1702 2592 Varro
1717 2537 1782 2591 ad
1796 2537 2018 2592 Cicero-

409 2639 541 2679 nem
559 2624 765 2689 scribit,
781 2625 922 2695 quod
942 2626 1073 2682 hinc
1088 2628 1299 2697 capiant
1321 2628 1531 2683 initium
1547 2643 1736 2684 sensus
1761 2645 1824 2684 ac
1843 2630 2016 2685 nervi.

489 2717 568 2771 Ea
594 2733 740 2783 vero,
762 2734 882 2789 qua:
911 2719 1150 2774 diximus
1169 2720 1235 2776 de
1264 2736 1516 2791 corpore,
1548 2721 1634 2776 vel
1686 2721 2014 2788 ambulandi,

415 2806 508 2861 vel
539 2805 775 2872 faciendi,
801 2810 884 2864 vel
916 2810 1131 2865 volandi
1171 2826 1332 2867 causa
1363 2827 1483 2868 esse
1526 2813 1809 2883 producta,
1840 2829 2016 2885 neque

2127 1891 2382 1962 quoniam
2416 1907 2607 1947 manus
2645 1893 2903 1948 utrolibet
2944 1891 3134 1964 agitari
3171 1899 3225 1946 et
3253 1891 3597 1960 contorqueri
3625 1905 3727 1947 ne-

2127 1984 2421 2040 cessarium
2440 1984 2720 2039 estzalios
2749 1993 2930 2040 autem
2959 1985 3118 2048 latos,
3160 1993 3214 2039 et
3258 1983 3518 2054 :equales,
3566 1990 3622 2037 et
3671 1980 3728 2038 in

2126 2091 2288 2131 unam
2318 2086 2524 2147 partem
2568 2078 2852 2145 rotundos,
2903 2085 2958 2133 et
3002 2077 3055 2132 in
3086 2076 3169 2132 his
3195 2075 3380 2147 utique
3435 2075 3589 2140 locis,
3634 2074 3727 2130 ubi

2127 2167 2716 2224 tantummodocurvari
2741 2169 2979 2224 membra
3004 2167 3306 2238 oportebat,
3340 2167 3472 2222 utin
3498 2165 3728 2237 genibus

2123 2262 2249 2318 etin
2271 2262 2486 2326 cubitis,
2504 2273 2559 2318 et
2585 2262 2637 2317 in
2667 2263 2913 2318 manibus
2937 2261 3089 2332 ipsis.
3121 2260 3254 2316 Nam
3285 2262 3425 2317 sicut
3453 2273 3645 2315 manus
3659 2274 3730 2316 ex

2121 2369 2187 2410 eo
2217 2355 2357 2423 loco,
2383 2355 2525 2411 unde
2557 2355 2838 2420 .orinntur,
2879 2355 3080 2424 ubique
3111 2369 3301 2408 versus
3339 2353 3571 2415 moveri,
3594 2340 3727 2422 Vspe-

2122 2447 2328 2503 ciosum
2355 2448 2517 2502 simul
2546 2456 2599 2503 et
2627 2449 2757 2503 utile
2784 2448 2881 2502 fuit
2914 2467 2926 2502 :
2956 2448 3034 2502 sic
3063 2447 3306 2517 profecto
3327 2488 3342 2512 ,
3372 2445 3417 2501 si
3450 2444 3553 2501 hoc
3583 2444 3725 2501 idem

2123 2543 2284 2598 etiam
2316 2542 2514 2598 cubitis
2543 2543 2852 2607 accideret,
2903 2551 2958 2596 et
2993 2554 3364 2611 supervacuus
3412 2547 3558 2594 esset
3609 2539 3727 2610 ejus

2123 2635 2269 2690 modi
2300 2645 2498 2702 motus,
2521 2644 2576 2690 et
2603 2635 2791 2703 turpis.

2190 2726 2306 2783 Jam
2335 2726 2480 2783 enim
2508 2741 2697 2783 manus
2736 2725 2932 2780 amissa
2956 2723 3214 2794 dignitate
3237 2765 3251 2788 ,
3283 2737 3442 2793 quam
3467 2737 3610 2778 nunc
3631 2721 3729 2777 ha-

2118 2816 2233 2886 bet,
2279 2818 2577 2875 mobilitate
2625 2818 2788 2873 nimia
2839 2815 3144 2887 proboscidi
3195 2813 3387 2869 similis
3429 2813 3724 2880 videretur,

414 2899 644 2956 nimium
682 2901 876 2974 longis,
911 2912 1129 2976 propter
1148 2903 1380 2962 celerem
1412 2906 1788 2974 mobilitatem,
1836 2924 2011 2981 neque
2036 2900 2082 2963 C
2115 2919 2364 2983 essetque
2385 2911 2547 2968 homo
2570 2911 2726 2983 plane
2751 2909 3110 2980 anguimanus
3137 2924 3151 2962 :
3181 2905 3323 2978 quod
3364 2919 3534 2978 genus
3553 2904 3727 2962 in‘illa

1736 3041 2101 3101 VARIORUM
2139 3044 2369 3102 NOTAE.

406 3155 572 3213 editis
602 3156 928 3228 et‘omnibus
955 3171 1087 3212 mss.
1116 3157 1414 3222 codicibus,
1440 3172 1548 3214 uno
1576 3157 1798 3228 dempto
1821 3175 2012 3216 recen-

406 3228 621 3301 tissimo
649 3224 987 3301 Colbertino,
1014 3229 1088 3301 fin
1119 3245 1250 3300 quo,
1286 3230 1425 3284 sicut
1458 3238 1513 3284 et
1553 3231 1604 3284 in
1654 3224 1899 3301 vulgatis,
1930 3241 2015 3288 est

408 3299 786 3371 perducerent:
815 3299 957 3371 quod
977 3300 1117 3355 idem
1142 3299 1250 3356 est.
1269 3301 1472 3356 Eodem
1500 3315 1663 3356 sensu
1705 3299 2007 3371 producere,

405 3385 509 3440 pro
533 3370 838 3442 perducere,
862 3371 1002 3440 apud
1034 3371 1371 3442 Terentium.
1393 3372 1500 3428 Nec
1522 3371 1707 3427 dubito
1735 3374 1864 3442 quin
1894 3375 2013 3430 haec

409 3441 753 3514 genuinasit
779 3441 1040 3514 Lactantii
1070 3441 1246 3514 lectio.
1277 3442 1481 3498 Eodem
1513 3458 1678 3497 sensu
1707 3441 2010 3514 producere,

408 3511 554 3579 apud
585 3513 957 3584 Columellam.
985 3512 1117 3580 Quis
1137 3513 1278 3568 enim
1307 3514 1556 3568 librarius
1577 3515 1629 3568 in
1653 3511 2011 3584 producerent,

412 3591 797 3639 commutasset
820 3583 1178 3650 perducerent,
1204 3599 1392 3639 vocem
1417 3585 1667 3640 omnibus
1690 3587 1906 3640 notant?

486 3652 645 3708 Enim
672 3670 730 3708 ac
756 3656 899 3726 feris.
934 3655 1268 3711 Desunthaec
1294 3656 1344 3711 in
1377 3672 1478 3712 ms.
1513 3656 1642 3711 Bov.

485 3745 598 3801 Sed
622 3745 690 3798 ad
727 3747 1020 3815 faciendum
1048 3747 1550 3815 temperantiamque.
1585 3745 1743 3812 Vera,
1780 3756 1835 3800 ut
1887 3763 2010 3803 cum

409 3815 650 3888 Cellario
679 3819 888 3887 opinor,
917 3817 1178 3888 Lactantii
1211 3817 1388 3880 lectio,
1417 3833 1534 3887 qua:
1566 3828 1647 3874 est
1673 3821 2011 3888 manuscrip-

408 3887 644 3943 torumd
672 3886 825 3957 Reg.,
882 3888 1072 3953 Cauc.,
1114 3886 1300 3951 Colb.,
1341 3891 1374 3944 5
1402 3886 1579 3953 Colb.,
1637 3889 1795 3954 Nav.,
1848 3886 2006 3956 Vict},

409 3959 546 4026 Ult.,
576 3958 728 4028 Lips.
761 3975 779 4014 ι
825 3959 990 4013 Brun.
1021 3975 1082 4012 ac
1103 3959 1227 4014 edd.
1253 3961 1410 4015 Rom.
1439 3962 1600 4022 H70,
1632 3959 1796 4026 1474,
1825 3970 1877 4014 et
1906 3962 2008 4016 Be-

405 4032 506 4085 tul.
541 4045 665 4085 cum
695 4045 827 4085 mss.
851 4031 877 4085 1
914 4031 1063 4085 Colb.
1091 4040 1144 4085 et
1170 4030 1382 4093 Marm.,
1409 4032 1459 4083 in
1489 4033 1682 4100 quibus
1712 4042 1793 4085 est
1823 4041 2012 4097 tempe-

402 4102 755 4171 randumque,
780 4102 995 4155 omissis
1021 4103 1111 4156 sed
1136 4102 1202 4155 ad
1228 4103 1542 4170 faciendum.
1565 4103 1665 4158 Ed.
1687 4102 1843 4156 Rom.
1873 4103 2010 4158 1468

403 4172 572 4228 habet
593 4172 1054 4244 reparandamque,
1082 4189 1178 4242 pro
1196 4174 1714 4244 tempermtdumque;
1737 4174 1876 4242 quod
1893 4191 2012 4228 ver-

404 4245 535 4298 bum
565 4258 671 4298 non
696 4243 1061 4314 intelligentes
1082 4245 1263 4314 plures
1287 4245 1511 4309 librarii,
1535 4247 1581 4298 ei
1615 4246 2013 4300 substituerunt

405 4314 803 4384 tenendumque,
828 4324 886 4367 ut
911 4313 946 4366 2
974 4313 1130 4378 Βοιι.,
1156 4315 1191 4368 ‘2
1211 4315 1368 4382 Reg.,
1389 4316 1424 4367 2
1451 4315 1626 4379 Colb.,
1650 4316 1808 4380 Tax.,
1833 4315 2009 4383 Bold.,

406 4386 845 4458 tSorb.,(21a_r.,
894 4385 1102 4452 Baluz.,
1148 4386 1368 4458 errun.
1394 4386 1537 4458 quod
1579 4387 1718 4440 idem
1767 4396 1869 4441 est.
1905 4388 2010 4442 Sed

406 4457 536 4527 quid
559 4457 660 4511 sibi
685 4456 872 4510 volunt
897 4459 1076 4510 cmtcri
1102 4457 1230 4511 editi
1259 4453 1588 4523 complures,
1610 4458 1659 4511 in
1691 4458 1885 4527 quibus
1905 4466 2008 4522 est,
2038 4453 2093 4513 D

404 4530 499 4599 sed
524 4529 591 4581 ad
616 4528 912 4595 faciendum
959 4528 1409 4599 operandumque?
1453 4530 1604 4598 quasi
1653 4527 1854 4594 facere,
1908 4545 2016 4585 non

404 4598 555 4652 idem
576 4600 645 4652 sit
669 4614 732 4654 ac
752 4599 984 4668 operari.

495 4668 780 4740 Majoribus
805 4681 850 4723 et
893 4672 1123 4726 brevibus
1153 4671 1372 4726 ossibus.
1404 4670 1532 4726 Mss.
1567 4671 1734 4726 Brun.
1776 4681 1830 4727 et
1883 4671 2014 4727 edit.

405 4739 594 4810 Belin].
623 4742 900 4810 majoribus
923 4752 967 4794 et
994 4743 1304 4796 brevioribus
1335 4742 1552 4796 ossibus.

487 4809 842 4884 biollia.’lilss.
873 4814 895 4866 1
937 4814 1168 4877 Bonon.,
1198 4814 1232 4868 2
1263 4814 1426 4884 Reg,
1454 4816 1488 4866 τι
1536 4811 1800 4875 Colbert.,
1831 4815 2016 4870 Balnz.

404 4882 675 4936 molliora.
706 4883 891 4940 Caeteri
915 4899 1036 4939 cum
1063 4885 1312 4941 omnibus
1339 4882 1518 4951 editis,
1544 4895 1604 4939 ut
1628 4885 1681 4940 in
1717 4894 1865 4942 textu
1895 4901 2018 4943 nos-

403 4961 514 5010 tto.

484 5025 686 5079 Solidrc
705 5028 880 5080 cratis.
910 5026 1128 5096 Virgil.,
1159 5042 1230 5081 xu
1261 5026 1387 5082 ιΕιι.
1422 5043 1474 5081 ν.
1507 5028 1643 5083 508:

656 5118 970 5181 'l‘ransadigit
994 5129 1156 5171 costas
1179 5128 1232 5170 et
1265 5126 1433 5171 crates
1452 5120 1668 5183 pectoris
1694 5133 1888 5171 ensem.

482 5200 638 5256 Ovid.
668 5200 765 5256 lib.
792 5217 886 5257 vnt
908 5202 1123 5257 Metam.
1160 5218 1301 5256 vers.
1328 5203 1468 5259 806:

660 5295 846 5346 Pectus
869 5302 921 5346 et
943 5310 971 5346 a
996 5297 1148 5360 spinze
1173 5296 1503 5346 tantummodo
1525 5303 1661 5348 crate
1687 5300 1872 5349 teneri.

400 5399 530 5456 Lib.
556 5416 629 5454 xtt
653 5399 868 5456 Metam.
899 5416 1040 5457 vers.
1061 5402 1199 5458 570:

547 5487 556 5492 ’
661 5493 780 5550 Quae
806 5490 988 5555 (hasta)
1013 5492 1225 5542 laterum
1249 5498 1433 5544 cratem
1453 5497 1696 5558 perrupit.
1792 5495 1918 5547 Bua.

489 5572 588 5628 Vel
607 5573 854 5642 faciendi.
888 5573 1145 5630 Additum
1174 5591 1244 5631 ex
1259 5577 1469 5632 cunctis
1486 5594 1616 5633 mss.
1649 5590 1704 5635 et
1731 5581 1798 5636 M
1821 5581 2008 5637 editis:

398 5645 564 5717 deest
589 5661 718 5700 vero
747 5647 796 5699 in
815 5647 998 5717 i'l‘hys.
1025 5657 1078 5702 et
1105 5647 1242 5703 Gali.

479 5716 551 5769 Et
583 5717 778 5782 paucis.
803 5716 1062 5774 Similiter
1077 5719 1316 5774 additum
1343 5735 1410 5775 ex
1431 5719 1495 5774 11
1521 5721 1733 5775 excusis
1755 5730 1809 5776 et
1832 5723 2013 5778 omni-

393 5788 508 5844 bus
540 5801 670 5844 mss.
700 5788 919 5858 dempto
949 5806 1056 5847 uno
1085 5789 1420 5855 Colbertino,
1469 5792 1554 5846 cui
1586 5800 1664 5847 est
1722 5804 1766 5847 et
1810 5796 2007 5860 parvis.

2117 3162 2468 3219 Desideratur
2497 3162 2550 3218 in
2571 3162 2696 3218 edd.
2727 3161 2893 3235 Thys.
2929 3169 2984 3217 et
3011 3159 3153 3217 Gali.

2190 3255 2404 3310 Finivit.
2435 3254 2493 3309 In
2524 3271 2626 3310 ms.
2657 3256 2788 3311 Bov.
2813 3255 3043 3323 ﬁnirent.

2186 3348 2517 3416 lnformavit.
2549 3349 2777 3404 Restitui
2803 3363 2869 3402 ex
2902 3344 3281 3402 vetustioribus
3301 3343 3461 3400 editis
3484 3343 3724 3399 cunctis-

2116 3437 2221 3492 que
2247 3437 2406 3484 mss.,
2429 3420 2663 3490 demptis
2682 3421 2718 3472 9.
2737 3419 2891 3474 Colb.
2918 3433 3029 3492 rec.
3065 3418 3117 3471 in
3145 3418 3340 3492 quibus
3361 3423 3445 3492 est
3471 3419 3720 3492 reforma-

2118 3487 2208 3556 ait,
2237 3501 2294 3548 et
2320 3508 2428 3547 uno
2458 3487 2592 3562 Reg.
2623 3492 2749 3546 item
2777 3505 2890 3562 rec.
2917 3489 2969 3543 in
2996 3505 3124 3559 quo,
3143 3489 3296 3562 _sicut
3324 3487 3467 3562 et‘in
3491 3487 3724 3562 vulgatis

2126 3555 2238 3638 ree.
2270 3572 2369 3638 est_
2389 3555 2647 3633 formavit,
2677 3561 2818 3638 quod
2844 3560 2983 3614 idem
3015 3555 3116 3614 est.
3139 3558 3307 3638 Saepe.
3323 3557 3466 3638 enim
3491 3555 3718 3638 Lactan-

2127 3635 2229 3688 tius
2260 3628 2422 3689 verba
2449 3628 2746 3702 composita
2772 3639 2996 3698 usurpat
3023 3645 3119 3700 pro
3134 3628 3490 3702 simplicibus,
3510 3636 3566 3680 et
3589 3628 3722 3702 sim-

2127 3705 2280 3773 plicia
2315 3720 2411 3774 pro
2457 3696 2772 3774 compositis
2811 3721 2824 3756 :
2875 3696 2994 3770 qua:
3023 3696 3378 3774 'recentiorcs
3428 3696 3721 3774 emendare

2126 3769 2368 3830 volentes
2396 3769 2678 3846 perperam
2711 3769 3089 3846 immutarunt.
3111 3801 3177 3811 -——
3200 3769 3529 3846 Informauit.
3545 3769 3717 3846 90m-

2124 3848 2354 3915 positum
2376 3838 2510 3902 scite
2540 3862 2634 3915 pro
2679 3844 2905 3915 simplici
2939 3843 3136 3915 posuit,
3180 3852 3237 3915 ut
3282 3856 3401 3909 cap.
3434 3841 3498 3896 8:
3533 3838 3722 3915 Noluit

2126 3910 2262 3972 Deus
2293 3916 2502 3988 (aures)
2524 3910 2800 3971 r'rnollibtts'
2839 3914 3432 3988 pelliculisinformare;
3461 3926 3582 3988 cap.
3614 3910 3717 3965 12:

2126 3983 2352 4061 Utraque
2379 3983 2650 4060 coagulum
2678 3988 2979 4058 informari;
3009 4002 3059 4042 c.
3095 3985 3179 4050 19,
3207 3984 3441 4054 corporis
3470 3983 3724 4055 informa-

2115 4063 2206 4115 tio.
2250 4061 2382 4114 tum.

2189 4153 2402 4208 Cui-vari
2428 4155 2650 4208 membra
2683 4154 2962 4223 Oportebat.
3015 4151 3146 4206 Ven.
3184 4150 3344 4218 ιω,
3371 4159 3595 4220 utraque
3628 4149 3716 4215 78,

2116 4225 2205 4288 93,
2221 4226 2310 4290 97,
2331 4228 2495 4287 Pier.,
2512 4227 2724 4289 Parrh.,
2744 4225 2940 4286 Paris.,
2955 4224 3093 4278 Iunt.
3112 4223 3250 4278 male
3265 4223 3584 4276 interserunt
3603 4237 3722 4274 cur-

2116 4298 2225 4350 vari
2253 4297 2478 4350 membra
2523 4299 2574 4351 in
2618 4311 2806 4350 omnes
2838 4306 3016 4365 partes
3060 4293 3344 4359 Oportebat,
3380 4291 3722 4365 incommode

2117 4384 2185 4423 ex
2212 4369 2479 4438 prioribus
2508 4367 2734 4438 repetita
2755 4408 2768 4433 ,
2801 4362 2996 4436 quibus
3041 4373 3304 4434 repugnat
3349 4362 3717 4486 lattluénmodo.

3523 4448 3610 4486 un.

3523 4448 3610 4489 UN.

2197 4532 2280 4587 Ea:
2300 4550 2356 4607 _eo
2388 4534 2496 4588 loco
2523 4533 2658 4607 unde
2681 4531 2914 4586 oriuntur
2943 4530 3146 4607 ubique,
3168 4537 3272 4581 etc.
3299 4525 3625 4607 Sic‘reposni
3657 4542 3721 4607 ex

2123 4604 2501 4662 vetustioribus
2521 4604 2679 4659 editis
2701 4614 2754 4657 et
2773 4597 3178 4673 quamplurimis
3207 4613 3336 4673 mss.
3366 4597 3611 4673 Quinque
3633 4597 3721 4651 alii

2121 4685 2174 4729 et
2205 4676 2401 4745 vulgati
2435 4691 2542 4730 rec.
2572 4693 2629 4729 eo
2658 4667 3009 4741 omittunt,'ct
3040 4681 3159 4743 post
3185 4672 3417 4724 oriuntur
3443 4667 3663 4734 addunt,
3689 4685 3722 4721 a

2121 4763 2334 4812 corpore
2363 4763 2380 4800 :
2404 4747 2547 4818 quod
2575 4745 2925 4816 superﬂuum.

2192 4841 2494 4896 Proboscidi
2542 4842 2725 4895 similis
2769 4840 3041 4894 videretur.
3091 4836 3376 4893 Proboscis
3417 4849 3608 4890 manus
3638 4845 3722 4890 cst

2120 4914 2440 4980 elephantis,
2467 4927 2570 4982 qua
2597 4912 2751 4966 obvia
2779 4927 3005 4981 qumque
3034 4910 3133 4964 sibi
3163 4906 3370 4982 objecta
3402 4906 3723 4982 submovere

2121 4977 3149 5057 diciturzqum'cumserpentisuinstar
3190 4977 3724 5057 ﬂexilis-sinabbac

2120 5046 2872 5130 elephantum_anguimannm
2923 5053 3054 5130 dixit
3084 5051 3320 5130 Lucret?
3353 5046 3521 5130 ⁹111).ιί
3558 5056 3620 5130 _et
3667 5063 3722 5101 v.

2124 5119 2404 5180 De'eadem
2437 5119 2648 5191 Cicero,
2673 5142 2707 5180 ιι
2735 5126 2800 5180 de
2827 5129 2948 5179 Nat.
2977 5125 3160 5185 Deor.,
3194 5131 3246 5174 ct
3275 5119 3522 5185 Aristot.,
3556 5119 3650 5174 lib.
3680 5134 3723 5191 ιι

2121 5197 2187 5272 (_le
2216 5197 2416 5252 Pal-tib.
2438 5189 2802 5272 _anim.,‘cap.
2833 5195 2919 5258 16,
2943 5241 2948 5245 ,
2970 5195 3206 5272 lsidnrus
3258 5191 3348 5246 lib.
3383 5206 3496 5272 xit",
3521 5189 3720 5272 cap._2.

2123 5267 2374 5322 Rostrnm
2405 5261 2676 5338 elephanti
2722 5261 3019 5338 promuscis
3048 5265 3395 5338 dicitur,_qno
3446 5261 3532 5316 ille
3564 5261 3722 5328 pabu-

2121 5339 2229 5392 lum
2254 5339 2331 5393 nri
2353 5333 2624 5402 admovet,
2650 5346 2704 5394 et
2722 5333 2804 5391 est
2833 5337 2988 5407 angui
3029 5334 3241 5407 similis.
3274 5333 3716 5407 Rirrsnsnusws.

2117 5439 2191 5452 -—-
2212 5411 2337 5464 Mss.
2368 5419 2572 5479 septem
2618 5410 2818 5464 habent
2845 5405 3159 5479 proboscidi}
3188 5405 3405 5470 similis;
3432 5415 3552 5479 octo
3592 5419 3719 5458 cunt

2118 5482 2205 5537 ed.
2237 5481 2391 5536 Rom‘.
2432 5475 2597 5548 1470,
2649 5475 3020 5552 promuscidis;
3063 5477 3100 5532 2
3125 5477 3259 5548 Reg.
3291 5491 3401 5532 rec.
3422 5486 3473 5531 et
3501 5475 3717 5542 Μαι-ιιι.¹

2119 5553 2474 5624 promoscidis.
2774 5563 2780 5570 ‘

2189 5646 2562 5715 Anguimanus.
2595 5643 3104 5711 NotatLucretium,
3136 5640 3225 5712 qui
3253 5638 3590 5715 elephantum
3613 5649 3717 5687 an-

2115 5706 2412 5789 guinuinum
2453 5718 2814 5787 cognominat,
2843 5716 2933 5770 lib.
2964 5731 3021 5775 ιι,
3044 5706 3110 5789 eo
3133 5706 3278 5789 quod
3300 5706 3592 5789 prQbOSCiS;
3617 5718 3718 5767 alia

2114 5779 2298 5858 guium
2325 5779 2592 5857 instarﬁn
2623 5779 2809 5845 omnes
2837 5795 3016 5859 partes
3038 5779 3497 5847 circumflecutur,
