4138 6190
409 252 481 315 27
1452 244 1635 301 FIRM.
1677 240 2041 301 LACTANTII
2080 239 2169 298 DE
2207 239 2499 300 OPIFlCIO
2537 241 2675 300 DEI.
3635 243 3705 303 ΞΒ

402 366 789 424 immanissima
838 365 1013 423 bellua
1060 362 1375 420 mirabiliter
1413 360 1660 418 eli‘ectum
1707 368 1811 415 est.
1864 360 2002 414 Deus
2029 361 2083 422 Α
2108 356 2463 413 Providentiae
2501 357 2680 414 inesse
2723 356 3006 422 rationem,
3036 370 3157 429 qua:
3186 355 3472 429 (malum!
3504 354 3524 429 )
3558 357 3709 412 vani-

403 460 571 527 cnim,
599 461 691 531 qui
724 455 1111 531 providentiam
1151 464 1206 511 et
1253 461 1573 525 potestatem
1620 465 1770 506 suam
1811 449 2005 503 multa-

402 569 523 609 rum
570 567 749 610 rerum
796 548 1030 607 mirabili
1060 548 1318 603 varietate
1345 546 1511 601 voluit
1532 543 1839 607 ostendere,
1870 557 2005 613 quo-

403 648 545 704 niam
575 630 875 717 caputeius
901 643 1146 697 animalis
1175 657 1281 696 non
1328 649 1433 696 tam
1481 639 1637 709 longe
1666 644 2000 708 porrexerat,

403 749 462 794 ut
493 747 688 793 terram
718 744 903 807 posset
930 750 1025 791 ore
1067 735 1398 805 contingere,
1426 731 1568 803 quod
1616 739 1731 785 erat
1767 729 2003 783 futurum

402 830 663 885 horribile
688 839 849 900 atque
877 836 1095 894 tetrum,
1124 836 1178 882 et
1201 828 1323 897 quia
1341 839 1402 879 os
1430 824 1599 894 ipsum
1622 822 1848 891 profusis
1869 820 2005 876 den-

403 924 544 979 tibus
574 922 654 977 sic
681 927 1002 988 armaverat,
1032 927 1090 972 ut
1129 917 1340 973 etiamsi
1362 915 1714 987 contingeret,
1752 911 2002 982 pascendi

403 1025 586 1072 tamen
638 1014 946 1070 facultatem
986 1012 1176 1067 dentes
1218 1009 1547 1071 adimerent;
1583 1005 1831 1076 produxit
1866 1005 2005 1059 inter

403 1125 498 1165 eos
526 1124 557 1162 a
585 1122 793 1163 summa
819 1104 996 1161 fronte
1025 1103 1186 1159 molle
1204 1117 1266 1158 ac
1295 1101 1527 1157 flexibile
1550 1099 1871 1160 membrum.
1899 1112 2005 1167 quo

403 1207 691 1281 prendere,
718 1220 827 1278 quo
856 1216 1039 1261 tenere
1083 1201 1357 1274 quodlibet
1396 1207 1597 1271 posset,
1631 1213 1697 1253 ue
1741 1196 2002 1251 rationem

401 1298 575 1356 victus
601 1297 866 1369 capiendi,
897 1298 982 1353 vel
1023 1296 1261 1352 dentium
1309 1292 1616 1366 prominens
1676 1287 2001 1360 magnitudo,

402 1390 486 1448 vel
513 1390 739 1448 cervicis
763 1389 995 1446 brevitas
1016 1388 1317 1461 impediret.

1033 1502 1262 1562 CAPUT
1301 1501 1391 1558 γι.

502 1622 582 1679 De
603 1621 818 1694 Epicuri
844 1637 1044 1687 errore;
1074 1629 1118 1675 et
1145 1619 1208 1673 de
1233 1618 1466 1672 membris
1486 1633 1758 1688 eorumque
1789 1632 1905 1670 usu.

2109 458 2189 503 tas
2218 456 2336 504 erat
2376 449 2555 505 dicere
2596 447 2761 505 fuisse
2801 449 3051 505 animalia
3083 447 3406 522 prodigiosa,
3437 448 3490 505 in
3518 450 3710 522 quibus

2107 541 2363 597 nascendi
2400 542 2536 597 ratio
2560 541 2834 615 cessaret?

2108 672 2115 679 .
2179 633 2439 703 Quoniam
2484 635 2644 706 igitur
2685 633 2865 688 omnia
2911 648 3031 705 quas
3078 633 3323 689 videmus
3351 649 3471 689 cum
3502 634 3710 691 ratione

2108 738 2231 783 nata
2262 738 2404 794 sunt,
2437 729 2488 784 id
2513 730 2655 784 enim
2685 730 2859 799 ipsum
2880 729 3047 796 nasci,
3078 729 3291 785 efficere
3312 730 3410 785 nisi
3434 729 3571 785 ratio
3603 746 3711 786 non

2106 827 2305 890 potest,
2338 819 2679 875 manifestum
2709 833 2811 886 est,
2840 820 2969 874 nihil
3001 822 3220 888 omnino
3244 822 3467 877 rationis
3517 836 3712 891 expers

2108 911 2346 981 potuisse
2366 914 2633 982 generari.
2655 913 2797 969 Ante
2823 916 2964 968 enim
2992 912 3266 984 provisum
3298 924 3381 969 est
3406 914 3457 968 in
3486 913 3711 985 singulis

2108 1006 2406 1077 quibusque
2430 1007 2709 1079 fingendis,
2734 1017 2998 1077 quatenus
3029 1016 3084 1062 et
3114 1007 3412 1063 ministerio
3439 1007 3711 1063 membro-

2110 1117 2226 1155 rum
2260 1102 2326 1156 ad
2358 1102 2661 1158 necessaria
2700 1104 2824 1157 vitas
2872 1111 3137 1169 uteretur,
3167 1110 3222 1158 et
3267 1111 3532 1174 quatenus
3560 1101 3713 1171 adju-

2108 1194 2246 1263 gatis
2269 1195 2586 1264 corporibus
2644 1194 2782 1250 elata
2828 1194 3063 1262 soboles,
3091 1194 3369 1249 universas
3417 1193 3712 1265 generatim

2109 1293 2455 1341 conservaret
2495 1288 2814 1343 animantes.
2861 1286 2992 1342 Nam
3036 1287 3083 1341 si
3131 1286 3332 1358 peritus
3362 1286 3713 1354 architectus,

2110 1394 2232 1434 cum
2264 1378 2512 1451 maguum
2542 1381 2756 1452 aliquod
2787 1380 3071 1436 aediﬁcium
3099 1380 3276 1437 facere
3295 1380 3588 1446 constituit,
3608 1380 3717 1449 pri-

2112 1488 2201 1529 mo
2224 1475 2463 1529 omnium
2492 1474 2712 1545 cogitat,
2751 1490 2869 1545 qua:
2896 1489 3104 1529 summa
3134 1472 3356 1543 perfecti
3397 1470 3606 1528 aedificii
3635 1471 3717 1525 fu-

2111 1574 2231 1619 tura
2278 1567 2365 1630 sit,
2393 1575 2446 1621 et
2488 1576 2613 1621 ante
2641 1567 2911 1631 emetitur,
2942 1566 3125 1635 quem}
3146 1566 3321 1620 locum
3365 1565 3483 1620 leve
3505 1563 3717 1635 pondus

2113 1666 2377 1727 expectet,
2410 1658 2499 1712 ubi
2526 1658 2704 1728 magni
2734 1658 2914 1729 operis
2945 1668 3146 1711 statura
3166 1660 3235 1711 sit
3262 1656 3450 1722 moles,
3480 1672 3599 1727 qute
3625 1672 3718 1711 co-

474 1739 592 1795 Νοη
643 1754 859 1809 Possum
917 1738 1167 1792 1³0010εο
1220 1735 1389 1791 teneri
1414 1778 1428 1802 ι
1460 1734 1745 1805 quominus
1785 1732 2001 1802 Εβίίτυνῖ
2033 1758 2084 1818 Β
2109 1748 2412 1803 lamnarum
2454 1749 2765 1816 intervalla,
2792 1750 3018 1819 qui,aut
3066 1748 3154 1802 ubi
3207 1763 3465 1819 aqttarum
3517 1747 3717 1803 caden-

405 1832 679 1888 stnltitiam
710 1846 920 1886 rursum
949 1843 1271 1899 eoarguam;
1312 1827 1453 1881 illius
1492 1827 1634 1881 enim
1675 1833 1801 1878 sunt
1823 1822 2003 1879 omnia

406 1939 525 1996 qurc
555 1924 749 1980 delirat
793 1924 1073 1979 Lucretius
1106 1941 1118 1974 :
1151 1922 1242 1992 qui
1264 1962 1277 1987 ,
1307 1930 1363 1975 ut
1401 1919 1707 1975 ostenderet
1754 1918 2004 1974 animalia

407 2031 515 2071 non
546 2017 773 2071 artiﬁcio
802 2016 980 2086 aliquo
1009 2015 1203 2070 divinae
1230 2014 1444 2079 mentis,
1476 2014 1591 2078 sed,
1622 2022 1679 2067 ut
1706 2014 1865 2082 solet,
1893 2004 2005 2068 for-

410 2109 541 2164 tuito
566 2124 687 2164 esse
731 2117 885 2173 nata;
912 2108 1063 2173 dixit,
1091 2106 1145 2161 in
1174 2106 1433 2177 principio
1477 2106 1659 2161 mundi
1688 2106 1822 2161 alias
1849 2120 2008 2177 quas-

407 2202 531 2256 dam
563 2201 982 2256 iunumcrabiles
1001 2201 1303 2256 animantes
1333 2199 1573 2255 miranda
1596 2201 1774 2270 specie
1799 2209 1853 2254 et
1890 2215 2006 2254 tua-

407 2295 687 2367 gnitudine
726 2296 886 2350 fuisse
916 2306 1089 2361 natas,
1122 2294 1216 2350 sed
1256 2309 1349 2349 eas
1392 2309 1707 2364 permanere
1757 2310 1862 2349 non
1908 2309 2007 2367 po-

411 2388 597 2456 tuisse,
624 2388 766 2459 quod
794 2388 912 2443 illas
952 2399 1045 2443 aut
1094 2388 1338 2442 sumendi
1378 2388 1480 2443 cibi
1513 2388 1755 2454 facultas,
1779 2398 1869 2443 aut
1914 2404 2006 2445 co-

409 2480 569 2537 eundi
599 2480 998 2551 gcncrandique
1028 2480 1165 2534 ratio
1215 2479 1520 2535 defecisset.
1568 2479 1831 2535 Videlicet
1866 2490 1922 2535 ut
1952 2491 2010 2537 et

411 2576 604 2631 atomis
634 2575 745 2632 suis
765 2576 940 2631 locum
981 2574 1184 2632 faceret
1210 2592 1304 2646 per
1326 2577 1601 2631 inﬁnitum
1632 2586 1685 2632 et
1714 2578 1871 2633 inane
1911 2593 2009 2634 vo-

409 2669 715 2734 litantibus,
769 2668 1005 2723 divinam
1049 2670 1435 2740 providentiam
1483 2657 1649 2725 voluit
1696 2669 2006 2728 excludere.

409 2762 514 2821 Sed
544 2779 665 2822 cum
713 2763 922 2821 videret
945 2763 998 2819 in
1029 2764 1278 2821 omnibus
1303 2781 1424 2837 qua:
1454 2766 1677 2836 spirant.
1710 2766 2009 2822 mirabilem

2111 1844 2241 1897 tium
2269 1843 2531 1898 decursus
2556 1852 2610 1899 et
2632 1845 2829 1910 exitus,
2855 1853 2909 1898 et
2928 1844 3284 1913 receptacula,
3306 1843 3441 1908 hinc,
3474 1844 3715 1913 inquam,

2113 1937 2261 2007 prius
2287 1936 2550 2007 providet,
2584 1947 2639 1991 ut
2663 1952 3014 2009 quaecumque
3035 1945 3159 1991 sunt
3187 1938 3422 2006 perfecto
3436 1935 3542 2005 jam
3567 1935 3719 2004 operi

2111 2028 2436 2095 necessaria,
2466 2045 2586 2085 cum
2617 2028 2745 2098 ipsis
2791 2028 3150 2083 fundamentis
3195 2028 3393 2098 pariter
3434 2027 3716 2082 ordiatur:

2113 2137 2209 2177 cur
2238 2121 2404 2177 Deum
2432 2121 2712 2192 quisquam
2737 2130 2885 2192 putet
2906 2122 2957 2174 in
2998 2118 3371 2175 machinandis
3398 2116 3720 2173 animalibus

2114 2230 2220 2269 non
2261 2224 2387 2270 ante
2430 2213 2762 2284 providisse,
2797 2228 2916 2283 qua:
2964 2212 3031 2266 ad
3076 2211 3367 2266 vivendum
3416 2210 3719 2265 necessaria

2113 2315 2314 2372 essent,
2337 2320 2502 2376 .quam
2530 2306 2698 2376 ipsam
2724 2305 2881 2358 vitam
2910 2304 3097 2359 daret?
3119 2305 3250 2370 Qua:
3268 2304 3449 2374 utique
3471 2314 3720 2358 constare

2113 2416 2219 2455 non
2250 2400 2568 2470 posset,nisi
2596 2400 2741 2470 prius
2768 2398 2961 2454 efl‘ecta
2990 2407 3173 2454 essent
3197 2398 3391 2467 quibus
3413 2406 3643 2452 constat.

2187 2489 2411 2546 Videbat
2448 2490 2608 2561 igitur
2636 2490 2896 2561 Epicurus
2941 2491 2995 2544 in
3037 2489 3355 2560 corporibus
3405 2489 3717 2544 animalium

2114 2582 2307 2638 divina:
2337 2583 2559 2637 rationis
2585 2581 2859 2637 solertiam
2886 2598 2899 2633 ε
2934 2581 3027 2635 sed
3058 2591 3116 2635 ut
3140 2579 3396 2645 efﬁceret,
3428 2580 3568 2651 quod
3593 2590 3719 2636 ante

2115 2675 2487 2746 imprudenter
2509 2682 2891 2746 assumpserat.
2912 2673 3109 2742 adjecit
3133 2671 3277 2727 aliud
3304 2672 3719 2727 deliramcntum

2112 2768 2375 2838 superiori
2432 2782 2758 2840 congruens.
2812 2767 2969 2822 Dixit
3001 2767 3167 2833 enim,
3218 2781 3391 2837 neque
3431 2766 3616 2821 oculos
3651 2765 3719 2823 ad

1770 2880 2132 2939 VARIORUM
2164 2882 2399 2939 noras.
2480 2866 2492 2876 ‘

491 3016 893 3072 humanissima.
928 3017 1205 3087 Frequens
1232 3016 1508 3084 epitheton
1539 3015 1607 3070 de
1658 3015 1963 3087 elephantis
1996 3035 2008 3071 :
2040 3019 2088 3084 ο
2121 3027 2191 3071 est
2218 3018 2316 3071 ista
2353 3018 2641 3072 voluntaria
2661 3018 2910 3081 servitus;
2936 3016 3029 3071 lib.
3058 3033 3093 3071 ιι
3116 3016 3271 3072 Ofﬁc.
3303 3032 3421 3085 cap.
3452 3018 3519 3071 15
3546 3038 3557 3073 :
3593 3019 3721 3085 Qua:

412 3088 538 3144 hinc
568 3103 687 3158 cap.
719 3089 751 3145 8
781 3088 915 3143 dixit
944 3106 956 3141 :
989 3086 1149 3143 Beves
1178 3088 1317 3142 lucas
1341 3104 1456 3141 cum
1484 3086 1863 3140 immanissimis
1895 3104 2010 3140 cor-

451 3160 638 3214 oribus.
1416 3206 1421 3213 ,

413 3178 799 3296 Ροῖῗιζέηἰηι,
829 3230 935 3301 qui.
965 3228 1213 3285 Omnium
1242 3246 1371 3286 mss.
1404 3206 1460 3285 et
1488 3230 1756 3301 editorum
1788 3237 1871 3284 est
1898 3229 2012 3285 haec

416 3302 592 3369 lectio,
624 3304 668 3357 si
697 3300 935 3373 excipias
957 3318 972 3357 ι
994 3301 1129 3375 Reg,
1153 3318 1215 3357 ac
1239 3302 1326 3358 ed.
1351 3301 1488 3359 Gali.
1516 3314 1570 3358 et
1598 3300 1790 3371 Spark.
1826 3300 1877 3356 in
1903 3301 2014 3371 qui-

415 3373 516 3429 bus
541 3380 624 3429 est
651 3373 806 3429 quod.

455 3388 516 3428 US
541 3380 624 3429 εει
651 3380 806 3429 quod.

492 3390 936 3499 ῗνῗῐδῖἕῖιέὲιὶωί
967 3458 1032 3497 ex
1065 3444 1129 3499 17
1159 3460 1287 3499 mss.
1320 3452 1372 3499 et
1413 3444 1499 3500 ed.
1530 3444 1703 3501 Betul.
1729 3452 1783 3498 et
1812 3442 2008 3499 Cellar.

416 3515 476 3570 In
502 3516 536 3569 6
561 3531 687 3570 mss.
713 3514 977 3585 editisque
1000 3517 1179 3569 multis
1208 3526 1291 3571 est
1322 3525 1395 3569 ut.

490 3586 597 3642 Sed
617 3596 672 3640 ut
692 3585 1055 3641 solet.0mnes
1083 3587 1225 3650 libri,
1254 3587 1364 3653 sed,
1394 3595 1452 3640 ut
1471 3585 1636 3654 solet;
1665 3588 1732 3641 ita
1760 3586 1898 3640 solet
1926 3586 1963 3639 Ι.
1994 3603 2011 3641 ι

419 3658 617 3725 lnstit.,
636 3672 756 3730 cap.
780 3659 881 3730 12)
907 3658 1069 3730 Stoici
1088 3669 1141 3711 ut
1167 3660 1352 3722 solent;
1384 3659 1473 3713 lib.
1501 3674 1592 3723 vtt,
1620 3674 1667 3710 (ε.
1688 3659 1718 3712 7
1748 3675 1759 3710 :
1793 3656 1860 3712 Ut
1881 3657 2016 3713 Λεα-

417 3729 600 3805 demici
624 3728 805 3805 solent.
840 3728 998 3805 Ροερί
1039 3746 1161 3786 cum
1202 3730 1287 3785 ed.
1323 3730 1491 3784 Paris.
1527 3730 1684 3794 1515,
1736 3732 1789 3783 in
1819 3744 2019 3799 paren-

422 3802 558 3855 thesi
580 3799 600 3870 (
623 3799 678 3851 iit
708 3800 847 3854 solet
868 3803 907 3869 ).
936 3801 1066 3855 BUN.

493 3869 562 3926 Ut
587 3869 768 3924 atomis
790 3873 897 3943 suis
925 3874 1093 3925 locum
1120 3872 1505 3943 faceret.Vulgo
1526 3872 1727 3927 addunt
1759 3872 2013 3943 nonnulla

417 3943 580 3997 verba
603 3956 721 4010 qua:
754 3956 852 3997 nec
876 3942 928 3996 in
952 3958 1082 3999 mss.
1117 3945 1314 4008 insunt,
1358 3959 1527 4012 neque
1551 3943 1602 3996 iu
1639 3943 1725 3997 ed.
1760 3944 1915 3996 Rom.
1950 3942 2017 3998 Et

419 4030 545 4068 mox
593 4013 920 4068 recentiores
947 4055 961 4078 ,
994 4014 1049 4068 in
1085 4015 1266 4084 quibus
1311 4014 1553 4068 nascendi
1586 4015 1716 4068 ratio
1755 4023 2013 4068 cessasset.

322 4158 329 4163 λ
419 4084 537 4163 Sed
557 4099 729 4163 neque
754 4087 998 4163 nascendi
1017 4086 1079 4163 _in
1108 4096 1223 4141 vet.
1248 4085 1394 4163 libris
1422 4096 1525 4163 est.
1558 4086 1722 4163 (ξιειι.

493 4154 599 4209 Per
614 4156 875 4223 inﬁnitum
912 4164 961 4209 et
1011 4157 1164 4210 inane
1205 4156 1545 4211 volitantibus.
1583 4157 1706 4212 Haec
1756 4156 1947 4209 absunt
1986 4171 2016 4210 a

420 4228 492 4284 15
523 4241 654 4281 mss.
677 4236 732 4280 et
758 4227 1033 4282 ed.'l{om.
1069 4229 1263 4283 Extant
1287 4238 1468 4282 autem
1520 4229 1573 4282 in
1619 4228 1831 4282 cauteris
1858 4226 2017 4281 editis

419 4311 475 4353 et
524 4312 653 4370 mss.
682 4296 718 4350 2
746 4297 977 4365 Bonon.,
1029 4299 1065 4354 2
1113 4300 1330 4370 Reg.,'5
1359 4299 1535 4362 Colb.,
1591 4300 1774 4361 Suri».
1827 4297 2013 4363 flauc.,

422 4370 578 4435 'l‘ax.,
610 4369 765 4435 Peu.,
800 4342 1157 4439 Ultr.,,Baluz.
1181 4342 1376 4424 -D—’Per
1404 4342 1660 4439 inﬁnitum
1689 4381 1733 4422 et
1756 4342 1908 4422 inane
1931 4342 2018 4422 eo:
2042 4342 2094 4402 D

420 4441 701 4513 litantibus.
731 4442 855 4497 Haec
881 4444 1206 4509 restiondent
1227 4444 1365 4513 ston
1388 4441 1649 4497 Lactantii
1682 4442 1773 4495 lib.
1792 4456 1867 4505 ιιι,
1894 4455 2013 4509 cap.

421 4513 523 4570 17:
554 4511 781 4583 Nonrest
807 4515 1135 4580 providentia:
1155 4511 1306 4583 opus.
1354 4514 1489 4568 Sunt
1530 4515 1662 4567 enim
1699 4514 1894 4567 semina
1932 4528 2020 4580 per

420 4584 573 4637 inane
596 4582 896 4649 volitantia,-
923 4583 990 4638 de
1032 4583 1136 4648 Ira,
1157 4600 1279 4653 cap.
1312 4586 1411 4639 ll):
1439 4584 1499 4639 Si
1525 4585 1726 4653 quidem
1753 4600 1840 4653 per
1868 4584 2023 4645 inane

421 4654 580 4708 atomi
631 4654 860 4708 volitant.
924 4654 1267 4710 lleumannus
1311 4674 1324 4709 :
1375 4654 1479 4710 Per
1534 4657 1793 4721 inﬁnitum
1844 4655 2018 4709 inane.

1565 4727 1839 4782 Bessum.

500 4795 628 4863 Qute
653 4794 673 4869 (
684 4796 873 4869 malum
894 4797 915 4850 !
939 4795 960 4869 )
988 4798 1184 4851 vanitas
1215 4806 1345 4852 erat.
1389 4795 1479 4853 Sic
1525 4797 1707 4868 legunt
1736 4813 1865 4852 mss.
1896 4796 2017 4851 cod.

423 4868 458 4922 2
485 4867 644 4940 Bon.,
664 4867 708 4921 ‘2
734 4868 891 4939 Reg,
921 4867 1103 4931 Canc..
1139 4869 1368 4933 Erasm.,
1405 4872 1419 4922 l
1450 4869 1625 4933 Colb.,
1654 4869 1834 4940 Bzilisz.
1865 4876 1919 4923 et
1941 4877 2022 4940 ty-

425 4941 508 5009 pis
554 4939 749 5009 vulgati
796 4940 966 5001 Cral..
1012 4940 1182 4995 Betul.
1208 4982 1221 5003 ,
1264 4943 1541 5009 Autwerp.
1578 4940 1734 5005 1570,
1763 4939 2017 5003 Tornes.,

426 5012 715 5072 Soubron.,
748 5010 784 5064 2
822 5011 1016 5077 Paria,
1048 5011 1142 5077 ls.,
1177 5011 1373 5082 Spark.
1396 5053 1410 5075 ,
1454 5012 1595 5067 Gall.
1643 5027 1814 5082 eaque
1862 5010 2022 5082 lectio

427 5082 684 5153 probatur
705 5082 771 5136 ab
801 5083 1045 5145 Erasmo,
1077 5080 1557 5138 lianc‘sententiam
1586 5080 2024 5153 Tereittianzeilli

426 5151 657 5224 similem
702 5154 935 5219 dicente,
966 5154 1084 5224 qui,
1114 5155 1331 5208 malum!
1360 5155 1472 5209 alii.
1504 5154 1696 5208 Malum
1747 5157 1888 5208 enim
1924 5151 2021 5224 hic

429 5223 817 5293 i‘nterjectionis
849 5227 954 5278 vim
979 5222 1212 5279 'obtinet.
1261 5225 1457 5280 Czeteri
1503 5241 1631 5279 mss.
1664 5233 1719 5279 et
1751 5224 1879 5277 editi
1922 5222 2020 5277 ha-

430 5298 591 5359 bent,
637 5295 774 5361 quod
816 5297 1006 5349 malum
1052 5296 1287 5350 vanitatis
1338 5307 1485 5361 erat;
1520 5295 1728 5358 vitiose,
1773 5303 1830 5348 ut
1874 5302 2023 5349 recte

430 5368 598 5422 sensit
630 5365 903 5420 Erasmus.
950 5365 1003 5420 ln
1052 5366 1199 5435 Lips.
1232 5368 1354 5435 quid
1393 5370 1581 5421 malum
1626 5366 1864 5421 vanitatis
1889 5375 2024 5431 erat;

432 5442 483 5494 in
512 5455 529 5492 ι
557 5437 713 5493 Colb.
753 5438 889 5507 quod
926 5437 1143 5491 multum
1191 5440 1429 5492 vanitatis
1458 5450 1585 5492 erat.
1620 5438 1809 5507 Lectio
1839 5446 2022 5490 nostra

432 5505 783 5565 conﬁrmatur
833 5525 898 5562 ex
942 5509 1247 5562 auctoribus
1300 5510 1521 5563 Latinis.
1568 5508 1656 5563 Sic
1687 5509 1750 5575 Q.
1783 5505 2021 5570 Curtius,

435 5582 529 5635 lib.
555 5594 668 5640 vm,
702 5580 845 5643 Qum,
880 5580 1093 5632 malum!
1122 5583 1341 5633 amentia
1367 5590 1413 5633 te
1442 5583 1602 5650 coegit
1625 5580 1741 5633 belli
1765 5580 2026 5646 fortunam

436 5652 677 5718 experiri;
707 5652 783 5703 sic
807 5651 1045 5713 Plautus,
1077 5649 1316 5704 Mencch.
1348 5667 1397 5703 v.
1426 5649 1574 5704 242:
1607 5650 1732 5715 Quir
1758 5652 1887 5711 lucc,
1919 5652 2026 5700 ina-

438 5723 580 5792 lum.’
611 5721 923 5792 impudentia
968 5722 1077 5792 est?
1122 5749 1192 5761 —-
1230 5722 1375 5786 Qum,
1404 5723 1628 5783 malum,
1660 5720 1857 5773 vanitas
1897 5729 2024 5792 erat.

441 5789 517 5845 Ita
541 5789 751 5857 Cicero,
779 5792 928 5849 Orat.
965 5791 1235 5865 IPltilipp.
1260 5807 1376 5863 cap.
1413 5794 1488 5865 67:
1525 5792 1790 5859 Qutenam,
1816 5789 2026 5857 malum,

2123 3099 2189 3154 te,
2212 3090 2425 3153 malum,
2470 3089 2655 3153 inquit,
2684 3091 2814 3143 ratio
2844 3090 2899 3141 in
2946 3089 3097 3142 istaut
3140 3106 3281 3158 spem
3308 3090 3507 3143 induxit
3531 3109 3551 3155 ;
3582 3092 3719 3144 adde

2121 3176 2221 3231 pro
2246 3160 2443 3215 Roscio
2463 3158 2746 3226 Corttmdo,
2769 3162 2820 3215 in
2855 3160 2979 3214 fine.
3009 3159 3209 3231 Livius,
3236 3160 3332 3213 lib.
3367 3176 3416 3224 v,
3451 3175 3570 3231 cap.
3603 3159 3672 3215 54
3702 3177 3718 3214 :

2124 3229 2273 3297 Quas,
2296 3233 2510 3297 malum,
2547 3232 2681 3285 ratio
2720 3233 2829 3285 est?
2856 3231 3061 3286 Seneca
3087 3230 3152 3286 ad
3184 3229 3456 3299 Marciam,
3480 3229 3597 3301 cap.
3634 3234 3667 3287 5
3701 3249 3715 3286 :

2125 3303 2252 3369 Qua:
2272 3304 2427 3364 enim.
2454 3304 2664 3367 malum,
2690 3303 2913 3357 anwntia
2928 3304 3029 3355 est?
3050 3303 3180 3357 BDN.

2192 3374 2259 3428 In
2288 3374 2470 3444 quibus
2496 3375 2739 3428 nascendi
2779 3375 2932 3427 ratio.
2975 3373 3111 3428 Male
3137 3373 3336 3428 omissa
3365 3380 3451 3427 est
3479 3372 3595 3426 haec
3620 3389 3718 3427 na-

2120 3447 2294 3499 scendi
2314 3446 2481 3500 dictio
2509 3446 2563 3499 in
2604 3460 2735 3499 mss.
2764 3445 2837 3501 20
2864 3455 2918 3499 et
2940 3444 3184 3514 pluribus
3212 3444 3458 3515 vulgatis,
3486 3460 3605 3513 qua:
3638 3446 3719 3499 le-

2116 3518 2261 3587 gitur
2284 3519 2334 3570 in
2362 3532 2379 3569 ι
2410 3518 2566 3587 Reg,
2600 3516 2869 3581 tBonon.,
2900 3516 3107 3587 Tax.,_i
3131 3516 3314 3579 Colb.,
3352 3516 3532 3587 leuz.
3567 3515 3720 3587 aliis.

2118 3584 2222 3653 que
2252 3584 2508 3657 optimis;
2538 3602 2747 3642 necnon
2794 3588 2847 3642 in
2880 3588 3039 3642 editis
3067 3584 3351 3653 Thomas.,
3385 3586 3453 3640 Is.
3474 3628 3488 3653 ,
3523 3586 3713 3658 'f'hys.,

2118 3659 2282 3725 Gall.,
2306 3659 2496 3727 Spark.
3456 3662 3471 3680 '

2192 3730 2444 3786 Cessaret.
2476 3728 2551 3785 fta
2581 3729 2863 3784 emendavi
2890 3746 2957 3786 ex
2988 3745 3118 3785 mss.
3162 3730 3414 3785 tBonou.
3462 3728 3656 3797 antiq.,
3700 3744 3719 3784 ι

2118 3801 2299 3867 Colb.,
2330 3803 2518 3857 Marm.
2538 3801 2819 3868 ,.Cl:irom.
2850 3802 2978 3869 Qum
3008 3802 3167 3857 lectio
3199 3803 3355 3857 nobis
3383 3798 3575 3855 melior
3604 3802 3718 3856 visa

2119 3883 2222 3933 est,
2254 3890 2412 3936 quam
2445 3874 2496 3927 in
2522 3875 2736 3928 cmteris
2762 3883 3024 3928 cessasset.
3138 3869 3155 3881 ’

2193 3944 2343 3998 Nihil
2380 3945 2586 3998 omnino
2622 3946 2834 3998 rationis
2873 3960 3053 4012 expers
3077 3984 3091 4007 ,
3132 3943 3355 4010 potuisse
3382 3942 3632 4011 generari.
3661 3941 3718 3997 ltl

2121 4026 2221 4077 est.
2258 4016 2390 4070 niltil
2417 4017 2654 4085 potuisse
2684 4015 2948 4084 generari,
2981 4016 3032 4066 in
3063 4029 3168 4081 quo
3205 4028 3309 4066 non
3338 4014 3522 4085 aliquo
3555 4015 3716 4068 modo

2120 4087 2277 4153 ratio,
2305 4097 2356 4141 et
2388 4084 2722 4155 providentia
2742 4085 3038 4139 conditoris
3061 4086 3320 4155 eluceret.
3351 4084 3537 4155 Ismus.

2193 4159 2319 4212 Ante
2337 4160 2492 4212 enim.
2520 4157 2608 4213 Sic
2631 4158 2841 4226 reposui
2864 4171 2933 4210 ex
2955 4170 3084 4208 mss.
3113 4154 3407 4226 280mm,
3432 4155 3467 4208 2
3490 4154 3649 4224 Reg.,
3684 4154 3721 4209 ι

2119 4227 2271 4283 Colb.
2304 4230 2591 4298 multisque
2613 4225 2750 4282 aliis.
2784 4228 2840 4281 lu
2868 4243 2961 4298 sex
2988 4225 3205 4295 scriptis
3236 4225 3721 4298 totidetn_qtte_vttl-

2119 4304 2259 4368 gatis
2290 4310 2374 4355 est
2404 4303 2467 4353 At
2497 4295 2627 4353 enim
2652 4315 2668 4361 ;
2702 4300 2753 4353 in
2784 4315 2884 4353 ms.
2921 4297 3056 4353 Ultr.
3078 4338 3093 4362 ,
3125 4299 3225 4349 Aut
3254 4296 3423 4359 enim;
3452 4296 3504 4349 in
3538 4312 3551 4349 ι
3579 4295 3717 4365 lleg.

2121 4382 2173 4425 cl
2202 4388 2216 4425 ι
2242 4370 2417 4433 Colb.,
2450 4370 2587 4425 Adeo
2609 4371 2763 4424 enim.

2196 4443 2829 4515 Adjugatisgeorporibus.
2880 4439 2968 4496 Sic
2998 4453 3208 4515 omnes.
3249 4434 3477 4515 Verbum
3508 4436 3607 4515 _alii
3650 4452 3721 4515 ex

2125 4508 2360 4569 Poenino
2390 4524 2444 4568 et
2474 4508 2648 4568 Plinio
2681 4513 3003 4581 probarunt;
3039 4510 3336 4581 rarioraicx
3359 4508 3552 4577 glossis
3579 4510 3722 4564 auti-

2124 4587 2264 4656 quis,
2295 4585 2639 4657 abjugassere,
2672 4580 2939 4656 abjugare,
2970 4583 3211 4655 abjugus.
3245 4580 3377 4639 BUN.

2202 4677 2299 4733 Ubi
2346 4679 2518 4748 magni
2564 4677 2749 4742 operis.
2791 4675 2938 4748 bis}
2969 4675 3171 4727 Bonon.
3207 4672 3399 4741 antiq.,
3432 4671 3620 4725 oneris.
3651 4702 3724 4716 ..-

2133 4749 2309 4820 Magni
2338 4746 2523 4818 operis.
2558 4749 2692 4820 Bon.
2726 4747 2863 4816 apud
2887 4746 3077 4799 Ismum
3111 4759 3561 4820 prave_._magnum
3599 4759 3722 4820 one-

2126 4823 2197 4873 ris
2223 4814 2242 4874 Ξ
2270 4821 2347 4873 sic
2372 4814 2543 4873 'modo
2588 4814 2998 4887 infra,‘perfecto
3035 4816 3210 4887 operi;
3251 4814 3343 4868 lib.
3375 4830 3467 4881 vtt,
3493 4829 3610 4887 cap.
3642 4818 3663 4867 1
3701 4830 3718 4870 :

2126 4890 2485 4944 Fundamenta
2504 4891 2652 4952 ﬁrma
2665 4902 2708 4941 et
2730 4886 2978 4941 idonea...
2998 4886 3137 4958 aperi
3156 4886 3476 4958 perferendo.
3492 4886 3718 4958 Seneca,

2124 4978 2209 5029 ep.
2247 4962 2314 5015 .55
2345 4979 2358 5015 :
2396 4961 2717 5030 spelunrte...
2765 4961 2935 5029 magni
2969 4955 3161 5029 operis.
3187 4955 3345 5011 Plura
3386 4956 3622 5011 Gronov.
3653 4955 3723 5011 ad

2125 5033 2240 5087 Liv.
2269 5034 2359 5087 lib.
2397 5048 2504 5096 xxI,
2539 5047 2658 5100 cap.
2704 5032 2791 5084 57.
2826 5030 2959 5085 BUN.

2199 5126 2355 5180 Prius
2411 5127 2660 5193 providet.
2708 5126 2797 5179 Sic
2849 5124 3060 5178 restitui
3108 5138 3177 5177 ex
3228 5139 3354 5180 mss.
3405 5123 3635 5186 Bonon.,
3686 5120 3751 5175 4.

2127 5200 2283 5268 Reg,
2335 5198 2369 5253 5
2409 5196 2586 5259 Colb.,
2628 5196 2840 5262 Marm.,
2887 5195 3296 5268 Baluz.,_Brun.
3323 5237 3338 5261 ,
3371 5194 3503 5268 edit.
3537 5193 3719 5254 Rom.,

2127 5266 2299 5334 Grut,
2330 5270 2525 5323 Gellar.
2556 5269 2623 5322 Et
2650 5268 2840 5323 melius
2867 5267 3095 5337 quadrat
3120 5266 3233 5337 lucc
3261 5267 3418 5321 lectio
3439 5280 3561 5337 cum
3592 5280 3720 5337 mox

2129 5342 2473 5409 ευψιριιιξίιιις
2518 5350 2634 5392 ante
2665 5334 2960 5408 providisse,
2991 5354 3150 5407 quam
3176 5336 3211 5391 2
3242 5352 3369 5391 mss.
3397 5347 3464 5409 et
3505 5334 3539 5390 9
3586 5335 3719 5392 edit.

2130 5407 2271 5482 prius
2300 5411 2558 5480 pra’videt.
2590 5411 2644 5464 In
2675 5412 2739 5463 lO
2767 5410 2923 5463 editis
2953 5419 3036 5463 est
3065 5410 3205 5478 prius
3232 5407 3477 5479 pervidet.

2203 5502 2267 5557 In
2286 5502 2639 5555 machinandis
2656 5500 2980 5555 animalibus.
3008 5499 3072 5554 In
3096 5494 3357 5570 praeposui
3382 5514 3446 5570 ex
3469 5499 3723 5553 omnibus

2133 5591 2261 5630 mss.
2288 5583 2342 5629 et
2369 5574 2454 5629 ed.
2484 5573 2671 5639 Rom.,
2698 5574 2968 5644 Gyuntic.,
2992 5569 3202 5625 Walch.
3233 5570 3393 5623 Deest
3417 5569 3473 5623 in
3494 5570 3725 5639 vulgatis

2131 5657 2354 5771 oc‘Uixit
2392 5717 2544 5770 enim.
2580 5716 2704 5770 llaec
2731 5732 2796 5770 ex
2825 5714 3072 5769 Lucretio
3104 5712 3242 5766 libro
3270 5726 3343 5765 tv.
3377 5711 3453 5767 De
3483 5710 3587 5767 hoc
3611 5710 3724 5781 jam

2135 5788 2368 5859 loquitur
2394 5788 2700 5843 Lactantius
2727 5787 2864 5842 libro
2895 5800 2949 5839 tu
2981 5784 3213 5839 Ilivinar.
3257 5783 3487 5839 lnstitut.
3519 5798 3638 5853 cap.
3664 5782 3723 5839 ὃ.
