4138 6190
426 288 493 348 3|
1434 287 1622 345 FIRM.
1661 283 2028 343 LACTANTII
2071 283 2197 339 LIB.
2230 286 2317 341 DE
2357 287 2646 346 OPIFICIO
2686 291 2822 347 DEI.
3671 294 3744 351 52

409 418 527 477 'per
554 417 753 475 corpus
803 417 966 460 omne
1022 402 1222 458 divisas
1243 443 1257 466 ,
1286 414 1384 473 per
1422 416 1557 471 quas
1600 401 1910 455 discurrens
1939 398 2032 452 hu-
2060 400 2112 458 Α
2139 401 2427 456 viventium
2462 404 2837 472 multitudine,
2883 406 3300 478 unumquodque
3330 405 3524 462 animal
3567 407 3621 462 in
3655 409 3740 464 sui

433 512 577 562 mor,
607 506 662 552 et
687 496 935 567 sanguis,
968 495 1217 549 universa
1276 494 1513 548 membra
1559 494 1733 548 succis
1779 492 2026 545 vitalibus

432 589 711 658 irrigat-et;
744 597 797 642 et
822 600 886 641 ea
918 585 1157 650 viscera,
1201 585 1425 639 formata
1485 585 1537 637 in
1591 599 1714 640 eum
1767 582 1983 636 modum
2013 623 2028 647 ,

433 679 523 749 qui
555 677 839 746 unicuique
866 677 1049 747 generi
1097 691 1161 732 ac
1199 677 1318 731 loco
1347 686 1503 746 aptus
1555 677 1685 739 luit,
1725 674 2031 744 superjecta

429 772 570 843 pelle
597 771 867 836 contexit,
899 786 1060 842 quam
1103 772 1189 826 vel
1219 772 1332 826 sola
1365 771 1768 841 pulchritudine
1794 769 2026 825 decora-

428 866 534 932 vit,
571 864 654 920 vel
698 862 827 918 setis
853 863 1174 934 adaperuit,
1206 864 1293 918 vel
1349 863 1589 932 squamis
1647 863 1913 929 munivit,
1942 862 2030 918 vel

429 957 625 1028 plumis
653 956 955 1026 insignibus
1003 955 1302 1010 adornavit.
1329 955 1465 1009 Illud
1507 969 1636 1009 vera
1660 962 2026 1009 commentum

430 1048 524 1103 Dei
551 1047 797 1102 mirabile
818 1089 834 1114 ,
859 1047 999 1118 quod
1031 1062 1134 1100 una
1165 1032 1480 1116 dispositio,
1515 1054 1570 1100 et
1609 1061 1748 1100 unus
1775 1045 1990 1102 habitus
2011 1088 2026 1112 ,

425 1139 847 1197 innumerabiles
879 1140 1126 1211 imaginis
1175 1139 1426 1209 prmferat
1464 1139 1772 1194 varietates.
1804 1138 1938 1194 Nam
1973 1139 2026 1194 in

429 1232 682 1288 omnibus
736 1231 1030 1304 fere,qu:e
1079 1232 1320 1303 Spirant,
1352 1232 1539 1288 eadem
1568 1231 1738 1287 series
1787 1239 1843 1287 et
1894 1231 2028 1286 ordo

431 1324 1429 1410 ιηεηιιιτοτυιιξοιοεςλξιέεηυριέψὲης
1458 1319 2029 1404 mutaremm-

429 1432 568 1473 nexa
595 1394 1822 1494 cervixf’itéféoilb.Msﬂtdctuhtijei
1862 1394 1929 1470 «Si
1965 1430 2031 1470 eo

429 1507 800 1577 prominentes
851 1508 1024 1574 armi,
1075 1506 1360 1563 adhaerens
1411 1507 1614 1577 pectori
1653 1515 1862 1562 venter.
1898 1507 2029 1561 ltetn

432 1598 609 1654 ventri
641 1594 1182 1702 seiptha‘gpgigh‘a:
1204 1590 1580 1702 ζμιὶηῑεςιὸιξό

434 1706 562 1762 que.
617 1698 697 1746 ..:

2134 505 2335 559 genere
2359 502 2413 547 et
2431 495 2612 562 Specie
2632 495 3051 563 pulcherrimum
3085 497 3192 552 est?
3220 498 3333 552 utsi
3350 497 3474 568 quid
3499 497 3737 553 vicissim

2134 584 2204 638 de
2234 585 2404 639 altera
2433 586 2484 639 in
2507 586 2735 641 alterum
2770 587 3142 654 transferatur,
3178 589 3308 642 nihil
3339 587 3647 658 impedilius
3667 588 3738 643 ad

2136 675 2446 744 utilitatem,
2476 677 2609 732 nihil
2633 677 2930 734 deformius
2945 680 3008 733 ad
3022 688 3296 749 aspectum
3321 680 3489 735 videri
3509 695 3737 735 necesse

2131 768 2204 821 sit
2239 783 2250 821 :
2286 776 2343 822 ιιι
2372 771 2418 823 si
2447 769 2736 839 elephanto
2760 770 3024 826 cervicem
3079 772 3337 841 prolixam
3366 771 3593 836 tribuas,
3641 777 3738 824 aut

2131 862 2339 916 camelo
2369 861 2622 931 brevem;
2653 865 2738 919 vel
2784 864 2827 919 si
2856 865 3198 934 serpentibus
3241 864 3428 936 pedes,
3457 874 3550 920 aut
3595 865 3737 935 pilos

2133 952 2320 1019 addas,
2347 953 2398 1008 in
2431 955 2625 1024 quibus
2654 958 2890 1025 porrecti
2920 959 3201 1025 aequaliter
3228 957 3470 1027 corporis
3492 957 3734 1025 longituo

2131 1042 2202 1098 do
2228 1043 2358 1098 nihil
2390 1045 2533 1100 aliud
2549 1045 2820 1114 exhibeat,
2845 1048 2945 1102 nisi
2975 1057 3031 1102 ut
3048 1048 3273 1102 maculis
3297 1057 3444 1118 terga
3461 1047 3728 1111 distincti,

2127 1145 2181 1191 et
2208 1151 2609 1207 squammarum
2641 1140 2872 1194 laevitate
2899 1139 3102 1194 sulfulti
3125 1181 3139 1207 ,
3172 1141 3224 1194 in
3252 1140 3488 1195 lubricas
3513 1149 3720 1196 tractus
3779 1194 3786 1197 ..

2131 1228 2367 1283 sinuosis
2387 1229 2617 1286 ﬂexibus
2645 1231 2976 1287 laberentur.
2991 1232 3047 1286 In
3065 1231 3501 1302 quadrupedibus
3522 1240 3730 1297 autem,

2133 1318 2273 1374 idem
2296 1319 2475 1388 opifex
2497 1330 2808 1376 contextum
2831 1324 3000 1391 spinae
3023 1337 3053 1376 a
3083 1325 3296 1377 summa
3321 1322 3495 1392 capite
3522 1321 3732 1379 deduc-

2135 1419 2244 1465 tum
2278 1412 2485 1482 longius
2526 1421 2678 1468 extra
2704 1429 2901 1484 corpus
2945 1414 3168 1482 eduxit,
3221 1423 3276 1470 et
3317 1415 3645 1470 acuminavit
3678 1416 3732 1470 in

2133 1504 2380 1570 caudam,
2404 1503 2747 1561 utobscoenae
2776 1507 3019 1576 corporis
3047 1515 3246 1575 partes,
3274 1507 3356 1561 vel
3389 1517 3608 1577 propter
3630 1505 3735 1563 fce-

2134 1593 2355 1650 ditatem
2385 1603 2717 1665 tegerentur,
2743 1597 2826 1652 vel
2866 1607 3086 1667 propter
3112 1597 3527 1654 teneritudinem
3554 1600 3737 1654 muni-

2046 1676 2064 1720 :
2135 1697 2343 1756 rentur,
2375 1697 2436 1744 ut
2462 1689 2712 1744 animalia
2735 1690 2980 1761 quaedam
3011 1691 3214 1745 minuta
3241 1699 3297 1745 et
3329 1691 3578 1748 nocentia
3611 1707 3737 1748 mo-

503 1785 614 1840 Nec
638 1785 812 1840 solum
833 1785 1071 1841 membra
1093 1800 1247 1840 suum
1273 1795 1512 1842 tenorem
1547 1802 1610 1842 ac
1636 1787 1798 1842 situm
1825 1787 1880 1843 in
1911 1802 2029 1842 om-
2061 1791 2110 1852 Β
2135 1789 2192 1836 tu
2218 1781 2336 1851 ejus
2364 1790 2682 1837 arcerentur
2708 1796 2738 1836 a
2765 1796 2994 1852 corpore
3023 1798 3037 1835 :
3069 1781 3211 1853 quod
3243 1782 3542 1837 membrum
3571 1782 3616 1837 si
3644 1782 3742 1838 de-

438 1877 600 1932 nibus
626 1885 862 1943 servant,
885 1877 980 1933 sed
1006 1879 1166 1933 etiam
1195 1887 1372 1948 partes
1398 1880 1785 1934 membrorum.
1818 1880 1948 1936 Nam
1978 1881 2030 1937 in

436 1984 546 2024 uno
570 1969 743 2038 capite
786 1969 903 2039 ipso
929 1980 1132 2025 certam
1159 1970 1342 2026 sedem
1375 1971 1654 2042 possident
1702 1987 1883 2037 aures,
1916 1987 2035 2027 cer-

439 2069 547 2115 tam
579 2059 744 2127 oculi,
775 2075 932 2116 nares
957 2061 1105 2126 item.
1131 2076 1192 2117 os
1217 2076 1449 2132 quoque,
1480 2072 1535 2118 et
1561 2064 1613 2118 in
1651 2078 1717 2119 eo
1745 2063 1958 2129 dentes,
1981 2071 2036 2120 et

421 2152 639 2222 lingua.
671 2153 802 2220 Qua:
834 2153 1015 2208 omnia
1041 2169 1164 2209 cum
1207 2154 1315 2208 sint
1341 2155 1528 2209 eadem
1557 2155 1610 2209 in
1646 2155 1896 2210 omnibus
1923 2157 2039 2210 ani-

439 2247 731 2315 mantibus,
765 2256 942 2302 tamen
970 2247 1256 2326 infinitaqet
1285 2248 1563 2319 multiplex
1591 2249 1876 2304 diversitas
1900 2249 2036 2320 figu-

442 2347 681 2393 ratorutn
711 2347 825 2404 est;
857 2338 999 2409 quod
1029 2353 1091 2394 ea
1115 2354 1236 2408 qua:
1265 2339 1398 2405 dixi,
1428 2350 1520 2394 aut
1553 2339 1916 2408 productiora,
1947 2349 2042 2394 aut

441 2430 800 2486 contractiora
831 2431 1168 2486 lineamentis
1198 2433 1345 2487 varie
1378 2431 1749 2489 dilferentibus
1788 2448 2036 2503 compre-

442 2520 610 2580 hensa
637 2531 785 2581 sunt.
799 2521 957 2593 Quid,
982 2523 1112 2580 illud
1137 2539 1318 2582 nonne
1345 2524 1606 2594 divinum,
1633 2525 1776 2597 quod
1805 2525 1858 2581 in
1889 2535 2034 2580 tanta

2138 1873 2339 1939 trahas,
2372 1873 2744 1943 imperfectum
2774 1875 2832 1929 lit
2855 1875 3074 1943 animal,
3100 1889 3164 1930 ac
3193 1874 3396 1931 debile.
3429 1874 3530 1931 Ubi
3557 1884 3743 1931 autem

2139 1967 2309 2033 ratio,
2358 1974 2414 2021 et
2462 1980 2652 2021 manus
2695 1975 2811 2033 est,
2843 1976 2953 2021 tam
2992 1981 3100 2021 non
3127 1976 3212 2023 est
3254 1967 3307 2022 id
3334 1969 3744 2036 necessarium,

2139 2073 2296 2129 quam
2325 2058 2696 2113 indumentum
2723 2058 2952 2128 pilorum
2985 2076 2997 2112 :
3026 2059 3164 2114 adeo
3191 2059 3246 2114 in
3265 2075 3364 2115 suo
3391 2075 3626 2132 qumque
3653 2076 3750 2132 ge-

2139 2167 2269 2206 nere
2290 2150 2569 2222 aptissime
2583 2159 2910 2220 congruunt,
2937 2158 2995 2205 ut
3013 2167 3187 2222 neque
3204 2151 3350 2207 nudo
3369 2151 3749 2224 quadrupede,

2145 2259 2322 2314 neque
2376 2244 2597 2299 homine
2643 2251 2784 2299 tecto
2838 2243 3132 2314 excogitari
3184 2243 3476 2318 quidquam
3529 2246 3752 2318 turpius

2145 2339 2340 2406 possit.

2213 2426 2322 2483 Sed
2353 2436 2530 2482 tamen
2555 2441 2676 2482 cum
2699 2425 2813 2498 ipsa
2843 2428 3056 2482 nuditas
3087 2425 3321 2483 hominis
3344 2427 3481 2486 mire
3517 2429 3585 2485 ad
3625 2431 3748 2502 pul-

2141 2520 2496 2578 chritudinem
2529 2520 2723 2588 valeat,
2749 2536 2856 2576 non
2885 2528 3064 2577 tamen
3087 2520 3251 2578 etiam
3282 2521 3447 2593 capiti
3471 2537 3752 2596 congrue-

1719 2707 1726 2712 ,
1788 2639 2152 2698 VARIORUM
2193 2636 2424 2694 unus.

517 2782 620 2837 Per
647 2797 790 2853 quas.
821 2779 912 2837 Sic
935 2780 1287 2853 ireposui_ex
1335 2779 1529 2853 mss.2
1562 2779 1721 2846 Bon.,
1742 2779 1778 2834 2
1801 2779 1958 2850 Reg,
1979 2780 2028 2853 _2

441 2850 706 2919 Βοιωτίη
737 2852 896 2916 Tax.,
927 2852 1140 2917 Baluz.,
1169 2850 1382 2916 Marm.,
1426 2852 1662 2906 Claram.
1715 2866 1745 2904 a
1790 2851 2028 2906 secunda

444 2939 607 2981 manu
628 2965 642 2989 ,
673 2932 730 2979 et
756 2923 916 2978 editis
941 2923 1199 2992 quinque.
1228 2922 1397 2976 Recte
1437 2930 1501 2992 ut
1543 2929 1672 2990 puto
1692 2962 1708 2988 ,
1739 2921 2028 2977 referendo

2131 2785 2350 2848 pectunt.
2382 2767 2691 2830 Lactantius
2714 2791 2860 2848 saepe
2879 2776 3143 2846 ejusmodi
3166 2777 3433 2846 adjectiva
3463 2777 3535 2833 ita
3558 2779 3739 2848 ponit.

2135 2849 2248 2901 lloc
2298 2848 2636 2922 libro__,7cap.
2672 2849 2704 2903 8
2739 2865 2753 2902 :
2786 2847 3116 2922 Adspeciem
3142 2849 3332 2922 nullus
3356 2859 3439 2922 est
3470 2847 3754 2922 perfectior

2137 2935 2400 2972 numerus.
2432 2918 2565 2972 Ibid.
2592 2934 2604 2970 :
2637 2935 2738 2986 quo
2761 2918 2894 2971 nihil
2923 2919 2993 2970 ad
3013 2919 3232 2989 speciem
3261 2919 3468 2989 (adius,
3495 2918 3573 2972 ad
3593 2937 3755 2976 usum

447 2995 515 3050 ad
543 2988 730 3059 venas;
757 3009 856 3048 nec
904 2988 1197 3062 malefper
1237 3008 1360 3061 quos
1391 2992 1442 3046 in
1474 2988 1659 3048 decem
1702 2993 1964 3062 vulgatis,
1987 2994 2032 3048 si
2059 2989 2106 3052 C
2139 2991 2414 3062 inutiliuﬁ
2456 3003 2583 3062 cap.
2621 2988 2726 3042 1οε
2761 2989 2857 3062 Ad
2895 3005 3043 3062 usum
3074 2988 3371 3062 digitorum
3403 2991 3752 3062 tractabilis;

447 3066 654 3123 referas
673 3065 738 3120 ad
759 3066 911 3119 rivos.
947 3064 1075 3120 Mss.
1099 3064 1284 3119 decem
1308 3078 1429 3117 cum
1453 3062 1582 3119 edit.
1613 3064 1768 3118 Rom.
1795 3081 1884 3134 per
1898 3081 2031 3130 quae.

461 3197 464 3200 ,
525 3137 660 3194 Setis
702 3136 989 3206 adaperuit.
1033 3135 1288 3207 Reitntn._
1326 3149 1516 3207 prave,
1568 3139 1694 3190 satis
1747 3136 2031 3207 adoptavit.

449 3208 626 3265 Betul.
656 3205 874 3276 aperuit.
901 3207 1016 3263 Lib.
1051 3222 1120 3260 vn
1148 3248 1162 3271 ,
1190 3222 1239 3261 c.
1265 3205 1335 3259 27
1359 3221 1373 3259 :
1402 3205 1669 3276 adoperta.

521 3278 840 3351 Insignibus.
859 3279 1023 3351 Deest
1049 3278 1100 3331 iu
1134 3293 1236 3332 ms.
1259 3277 1388 3351 Bov.

523 3347 798 3422 Intayinis.
825 3349 1016 3422 5153.7
1056 3364 1179 3404 cum
1233 3347 1364 3422 edit.
1416 3347 1492 3422 Is.
1547 3349 1749 3404 habent
1775 3349 2035 3419 imaginis.

455 3424 482 3479 1
507 3419 774 3484 Colbert..
802 3421 1049 3492 imagines
1073 3462 1113 3492 ,ί
1135 3419 1414 3492 mendose.
1453 3419 1650 3492 Crateri
1692 3436 1825 3492 mss.
1855 3430 1912 3475 ct
1940 3436 2040 3475 ex-

453 3495 567 3550 cusi
591 3536 607 3560 ,
631 3490 994 3563 animantium.
1018 3491 1154 3558 Quid
1195 3491 1249 3563 si_
1273 3491 1417 3558 legas
1439 3531 1454 3556 ,
1485 3490 1882 3563 innumerabiles
1910 3492 2043 3563 ima-

453 3561 899 3637 ginttmrprteferat
927 3564 1215 3637 varietates.
1232 3561 1290 3637 ln
1315 3563 1584 3637 plerisque
1600 3563 1746 3637 enim
1762 3561 2042 3637 codicibus

455 3632 540 3692 est
563 3632 932 3700 animantium,
964 3632 1102 3690 forte
1132 3649 1228 3702 pro
1256 3633 1570 3705 imaginum;
1589 3643 1643 3688 et
1672 3632 2039 3704 legiturinfra,

455 3708 726 3776 multiplex
754 3706 1019 3760 diversitas
1049 3706 1383 3775 ﬁguratorum
1412 3713 1502 3760 est.

531 3774 805 3848 Prazferat.
837 3777 914 3830 Ita
942 3774 1150 3831 restitui
1179 3791 1244 3830 ex
1274 3777 1304 3828 7
1322 3776 1480 3831 editis
1501 3774 2041 3848 omnibusqttetnss,

457 3845 679 3919 dempto
710 3862 817 3901 uno
844 3847 1048 3919 Regia.
1075 3848 1130 3919 in
1157 3862 1266 3915 quo
1284 3886 1300 3911 ,
1333 3849 1472 3901 sicut
1499 3848 1551 3900 in
1572 3845 1764 3901 decem
1791 3846 2042 3916 vulgatis,

459 3929 545 3976 est
571 3915 828 3989 perferat;
853 3919 905 3972 in
935 3920 960 3972 1
993 3915 1233 3972 Calbert.
1269 3922 1518 3989 proferat.

534 3987 732 4046 Eadem
757 3989 913 4043 series
957 3997 1002 4042 et
1031 3989 1156 4041 ordo
1198 3987 1537 4042 membrorum
1575 3995 1667 4041 est.
1716 3987 1934 4042 Pltrasis
1964 3997 2048 4042 est

461 4061 831 4125 Lactantiana,
860 4074 983 4129 quae
1011 4058 1170 4112 simili
1199 4058 1418 4128 gaudet.
1445 4058 1583 4113 Infra
1611 4071 1732 4125 cap.
1764 4057 1832 4112 10
1857 4076 1868 4111 :
1896 4060 2047 4127 pedes

462 4135 564 4188 duo
591 4143 638 4188 et
669 4134 787 4186 item
815 4147 1016 4184 manus.
1049 4130 1199 4183 Alius
1225 4129 1484 4198 dixisset,
1507 4139 1554 4184 et
1579 4129 1712 4183 idem
1738 4130 1864 4183 ordo
1891 4145 2050 4183 mem-

463 4205 735 4259 brorum...
770 4211 816 4257 et
847 4201 964 4255 duce
984 4201 1103 4254 item
1131 4217 1332 4255 manus.

537 4275 802 4330 Subnexa.
835 4273 964 4328 Mss.
995 4271 1031 4326 2
1063 4272 1194 4326 Bon.
1221 4273 1457 4327 subnixa.

537 4345 776 4401 Femina.
800 4344 991 4400 Nullus
1016 4343 1223 4411 dubito,
1247 4344 1374 4415 quin
1402 4345 1481 4399 sic
1507 4344 1787 4412 scripserit
1814 4344 2048 4400 Lactan-

466 4419 620 4474 tius:
652 4416 771 4488 quis
823 4418 969 4472 enim
1012 4419 1247 4486 femora,
1299 4432 1486 4488 vacem
1532 4417 1675 4488 nulli
1715 4432 1819 4471 non
1868 4427 2047 4488 notam

468 4489 488 4562 (
516 4504 638 4559 qua:
669 4485 865 4562 novem
883 4501 994 4541 rec.
1023 4501 1154 4562 mss.
1183 4496 1238 4540 et
1266 4485 1532 4562 editorum
1567 4486 1972 4562 est)4mntasset
1995 4487 2051 4542 in

469 4556 662 4631 femina
682 4600 697 4625 ,
727 4558 868 4631 quod
919 4565 1014 4631 est_
1051 4557 1086 4611 5
1114 4556 1356 4631 Reg.,__2
1411 4556 1864 4631 Bonou.,'Cauc.,
1895 4559 2053 4631 Tax.,

471 4625 499 4685 1
530 4630 712 4692 Colb.,
742 4629 952 4688 Baluz.,
983 4625 1147 4698 Brun.
1175 4625 1229 4681 ln
1272 4627 1461 4681 Marm.
1503 4640 1557 4682 et
1596 4630 1835 4683 Claram.
1867 4638 1951 4683 est
1979 4630 2056 4698 fe-

469 4701 688 4755 moralia
709 4740 730 4771 ._
755 4697 1197 4771 corrupte._Vide
1242 4712 1473 4771 quoque
1510 4701 1850 4770 feminunt....
1892 4700 2058 4771 longi-

472 4771 617 4836 tudo,
652 4769 812 4829 infra.
846 4784 966 4838 cap.
1003 4768 1071 4822 15
1093 4809 1108 4831 ,
1134 4768 1293 4837 paulo
1321 4781 1442 4838 pust
1465 4768 1693 4824 initium.

544 4841 750 4896 Solum.
779 4843 848 4896 At
877 4840 930 4894 in
954 4855 1056 4894 ms.
1081 4839 1211 4893 Bov.
1241 4841 1372 4906 sola,
1403 4840 1561 4909 idque
1589 4841 1719 4895 satis
1745 4850 1887 4910 apte.

544 4912 611 4968 In
638 4930 720 4968 eo.
749 4912 891 4969 Scite
907 4911 1283 4980 quamplutimi
1307 4927 1433 4965 mss.
1461 4912 1885 4982 vetustioresque
1906 4911 2059 4967 editi.

470 4986 531 5041 In
557 4984 591 5039 5
623 4999 751 5038 mss.
784 4999 893 5040 rec.
917 4991 972 5037 et
1001 4982 1157 5036 eduis
1191 4983 1256 5038 il)
1277 4983 1327 5036 in
1351 4999 1457 5046 ore,
1483 4984 1688 5054 ingrata
1717 4983 2059 5053 repetitione,

473 5055 735 5127 siquidem
760 5054 920 5109 modo
945 5054 1235 5127 put-cessit,
1265 5070 1321 5108 os
1343 5071 1558 5127 quoque.

547 5125 1040 5199 Figttratorunt.lta
1072 5139 1305 5199 ex_mss.
1355 5126 1606 5199 4__Rrg.,_
1635 5125 1667 5180 6
1710 5125 1984 5199 Colbert.,
2025 5127 2062 5181 4

475 5194 676 5263 Oxon.,
700 5195 882 5254 Cotlt..
905 5194 1077 5263 Lips),
1105 5194 1364 5261 Claram,
1400 5194 1545 5262 EmJ,
1569 5195 1816 5264 Cantab.,
1847 5197 2060 5260 Marm.,

475 5271 664 5334 Brun.,
699 5268 1186 5335 vetustioribusque
1215 5266 1372 5321 editis
1398 5270 1610 5336 reposui
1637 5284 1651 5330 ;
1699 5268 1754 5321 in
1780 5269 1815 5321 2
1845 5268 1974 5336 Reg.
2007 5276 2064 5321 et

475 5340 660 5395 Baluz.
691 5338 979 5405 multisque
999 5337 1228 5407 vulgatis
1256 5347 1339 5390 est
1360 5340 1664 5406 ﬁgurarum.

549 5409 615 5465 In
639 5410 720 5463 sui
745 5421 926 5480 genere
969 5417 1014 5461 et
1042 5410 1227 5480 specie.
1262 5407 1616 5463 Restituitnus
1641 5409 1751 5480 sui,
1783 5423 1849 5462 ex
1878 5415 2066 5480 vetus-

476 5482 701 5540 tioribus
717 5478 873 5534 editis
899 5489 954 5534 et
975 5493 1105 5533 mss.
1130 5479 1661 5549 6Reg.,5Colbert.,
1691 5478 1880 5542 Cauc.,
1907 5479 2062 5545 Peu.,

476 5553 617 5633 μιῃς.
646 5562 701 5633 et
730 5553 755 5605 1
789 5550 923 5633 Bon.
951 5551 1118 5633 antiq.
1151 5551 1204 5633 in
1232 5568 1340 5620 qua
1369 5560 1452 5633 est
1476 5552 1633 5633 insui
1664 5551 1858 5633 generis
1879 5550 2061 5620 specie.

476 5623 534 5679 In
556 5624 590 5679 5
619 5621 728 5677 rec.
760 5630 814 5676 et
847 5622 897 5675 in
926 5621 1135 5676 cunctis
1165 5620 1331 5675 ferme
1361 5623 1615 5692 vulgatis,
1662 5620 1715 5675 in
1755 5637 1847 5674 suo
1887 5637 2068 5692 genere

478 5703 526 5748 et
546 5695 730 5762 specie.
763 5692 922 5746 Deest
946 5691 1137 5759 copula
1170 5693 1219 5746 in
1251 5694 1284 5746 ‘5
1310 5707 1440 5746 mss.
1464 5691 1520 5746 et
1540 5693 1576 5747 2
1598 5692 1776 5746 editis.

556 5765 705 5819 Nihil
731 5765 1016 5835 impcditius
1039 5765 1106 5816 ατ(
1128 5764 1414 5830 utilitatem,
1437 5764 1564 5817 nihil
1594 5764 1872 5835 deformius
1895 5765 1963 5818 ad
1983 5781 2068 5823 as-

2141 3060 2272 3134 i_b_id.
2304 3079 2323 3134 ε
2344 3059 2584 3134 Ιιιιιᾴᾲᾳᾴ
2614 3076 2761 3113 usum
2791 3060 2935 3114 miris
2963 3059 3126 3134 modis
3155 3060 3356 3134 habile;
3383 3060 3452 3134 de
3484 3062 3586 3134 Ira,
3622 3077 3750 3134 cap.

2143 3131 2211 3186 10
2242 3150 2254 3184 :
2288 3130 2401 3199 Quo
2429 3130 2559 3184 nihil
2585 3139 2744 3199 potest
2776 3147 2882 3185 esse
2909 3146 3000 3184 nec
3046 3130 3347 3199 dispositius
3376 3132 3445 3184 ad
3467 3130 3713 3188 ordinem
3735 3173 3754 3201 ,

2142 3219 2234 3256 nec
2253 3204 2425 3269 aptius
2439 3201 2507 3255 ad
2524 3203 2810 3266 utilitatem,
2836 3217 2926 3255 nec
2949 3202 3180 3256 ornatius
3194 3202 3260 3255 ad
3283 3201 3748 3273 pulchritudinem,

2142 3289 2234 3327 nec
2256 3275 2426 3341 majus
2455 3274 2526 3326 ad
2545 3273 2746 3326 molem.
2774 3273 2908 3327 Bon.

2215 3343 2491 3399 Exhibeat.
2529 3343 2748 3414 Legitur
2777 3343 2918 3413 apud
2950 3345 3245 3399 Buueman.
3275 3344 3544 3414 exigebat;
3571 3352 3632 3398 et.
3662 3345 3754 3401 ille

2145 3415 2226 3471 sic
2249 3418 2512 3475 rationem
2544 3413 2720 3470 reddit
2752 3414 2913 3482 hujus
2940 3416 3216 3469 variantis.
3247 3443 3317 3454 ——
3347 3413 3620 3484 Exigebat.
3658 3417 3753 3471 Sic

2146 3486 2249 3542 edo
2279 3503 2344 3541 ex
2376 3487 2534 3552 Bon.,
2570 3485 2730 3550 Tax.,
2763 3484 2929 3550 Isaeo,
2972 3487 3117 3556 quod
3147 3485 3338 3556 Spark.
3376 3495 3431 3540 et
3471 3485 3748 3541 Heuman.

2146 3559 2519 3624 comprobant.
2546 3557 2782 3612 licitum.
2813 3565 2868 3611 et
2895 3555 3110 3626 reliqui,
3135 3555 3393 3626 exhibeat,
3426 3557 3571 3627 quod
3597 3561 3752 3614 valc-

2146 3639 2231 3684 ret
2259 3629 2398 3683 idem
2423 3629 2564 3698 quod
2597 3642 2784 3694 supra,
2819 3631 3084 3699 prxferat.
3120 3627 3255 3682 Bon.

2150 3758 2155 3762 _
2222 3697 2454 3754 Maculis’
2491 3709 2630 3769 terga
2661 3697 2905 3752 distincti.
2932 3697 3285 3755 'Graecismus
3333 3706 3418 3755 est
3447 3740 3463 3768 ,
3513 3697 3749 3754 distincti

2149 3771 2326 3842 quoad
2353 3780 2494 3841 terga
2522 3773 2732 3826 attinet.

2221 3840 2569 3913 Squamarum
2595 3842 2814 3896 (levitate
2846 3840 3066 3909 suﬂ'ulti.
3106 3840 3371 3898 Cellarius
3412 3840 3623 3896 dubitat
3678 3857 3747 3897 an

2150 3914 2382 3968 sincere.
2417 3913 2509 3968 Sic
2530 3929 2657 3968 vero
2687 3928 2895 3975 omnes.
2925 3915 2976 3966 in
3004 3914 3198 3982 quibus
3223 3913 3433 3967 meliori
3458 3913 3747 3983 orthogra‘

2152 3984 2276 4054 pltia
2302 3985 2516 4049 Parrh.,
2540 3985 2715 4038 Betul.
2741 3994 2795 4038 et
2815 3985 2979 4038 Torn.
3005 3984 3144 4038 1587
3159 3999 3488 4054 squamarum
3505 3984 3745 4050 (levitate,

2152 4053 2249 4124 per
2287 4071 2352 4109 te.
2387 4055 2477 4110 Sic
2503 4057 2569 4110 de
2596 4056 2701 4120 Ira,
2733 4070 2852 4122 cap.
2885 4055 2974 4119 10,
3003 4054 3266 4121 Ιιευὶιιιάο,
3293 4063 3353 4108 ιιι
3379 4053 3484 4120 hic,
3518 4056 3750 4110 lsevitate

2152 4125 2206 4181 in
2239 4125 2473 4181 lubricos
2505 4136 2727 4180 tractus.
2756 4125 2845 4181 Sic
2875 4125 3077 4180 Plinius
3097 4165 3112 4188 ,
3145 4125 3238 4178 lib.
3268 4141 3326 4190 ll,
3358 4139 3477 4193 cap.
3510 4125 3566 4191 5,
3597 4125 3746 4179 ιιευὶ-

2154 4205 2254 4251 tate
2291 4197 2540 4250 lubricum
2565 4213 2749 4266 corpus
2794 4195 3134 4268 serpentibus
3163 4195 3502 4268 tribuitLNec
3541 4194 3746 4268 suﬂ'ulti

2151 4268 2314 4324 debet
2333 4283 2456 4324 esse
2476 4264 2805 4340 suspectum.
2832 4264 3024 4322 Nuster
3049 4280 3170 4336 cap.
3189 4266 3246 4332 2,
3275 4264 3490 4333 suffulta
3511 4264 3741 4388 Ἕρνιξι.

3583 4351 3668 4388 UN.

3583 4351 3668 4390 ΟΝ.

2075 4376 2128 4440 D
2226 4409 2566 4464 Acuminavit.
2598 4409 2676 4466 De
2694 4411 2793 4464 hac
2845 4424 2976 4464 voce
3005 4407 3226 4464 consule
3253 4407 3580 4463 Savaronem
3602 4447 3617 4470 ,
3649 4404 3745 4473 qui

2156 4482 2309 4552 plura
2332 4484 2578 4550 exempla
2594 4481 2890 4551 collegitad
2910 4480 3095 4536 Sidon.
3121 4479 3328 4552 lib._vtt,
3353 4486 3406 4531 et
3422 4477 3487 4530 ad
3515 4476 3740 4552 “l1.qu

2231 4554 2291 4608 Si
2319 4546 2576 4607 detrahas.
2603 4553 2692 4608 Sic
2719 4546 2933 4620 r'eposui
2965 4568 3032 4606 ex
3069 4549 3318 4604 omnibus
3340 4562 3468 4603 mss.
3493 4557 3546 4602 et
3569 4547 3603 4602 5
3632 4546 3749 4603 edi-

2160 4623 2247 4678 tis.
2279 4624 2332 4678 lu
2367 4624 2612 4679 undecim
2637 4624 2863 4693 vulgatis
2887 4633 2992 4687 est,
3023 4622 3066 4675 si
3091 4620 3345 4693 detrahes.

2235 4693 2298 4749 In
2324 4711 2422 4758 sua
2441 4711 2652 4764 quisque
2679 4689 2877 4764 genere.
2907 4693 2980 4748 Ita
3011 4690 3390 4764 emendavi‘ex
3418 4689 3742 4764 IPSSLBOQq

2159 4767 2194 4819 4
2227 4766 2425 4836 ltegiis,
2455 4760 2609 4832 ‘Eml,
2642 4760 2806 4836 Brun.
2837 4766 3042 4836 etedit.
3066 4763 3252 4836 Rom,
3280 4760 3509 4836 Graph._,
3539 4761 3742 4836 Betul..

2161 4829 2414 4900 Tornés.,
2440 4829 2733 4899 Soubron.,
2754 4835 2790 4888 2
2811 4836 3005 4899 Paris.,
3025 4834 3119 4896 ls.,
3144 4829 3364 4896 Cellar.,
3389 4830 3624 4895 Walch.,
3647 4845 3745 4899 ap-

2159 4909 2512 4979 probantibus
2554 4907 2796 4962 Betulcio
2839 4916 2894 4961 et
2923 4904 3172 4960 Francia.
3207 4903 3264 4958 In
3301 4904 3514 4958 exteris
3557 4903 3746 4973 legitur

2197 4996 2376 5042 uoque.

2160 4997 2428 5105 “diligit.
2473 5048 2696 5106 Correxi
2725 5064 2790 5103 ex
2822 5063 2952 5102 mss.
2979 5057 3035 5104 et
3059 5046 3308 5102 omnibus
3329 5045 3442 5101 fere
3477 5043 3654 5099 editis.
3687 5042 3743 5096 ln

2163 5123 2197 5177 5
2221 5122 2447 5190 vulgatis
2467 5135 2576 5174 rec.
2603 5121 2828 5175 habetur
2850 5129 3033 5189 posset.

2239 5183 2345 5247 Sed
2380 5205 2545 5245 tamen
2575 5209 2709 5245 cum.
2746 5183 2992 5245 Additum
3027 5190 3164 5256 Sed,
3213 5204 3278 5245 ex
3308 5203 3442 5245 mss.
3469 5187 3503 5240 2
3531 5183 3747 5256 [ἰθεφ2

2165 5264 2400 5330 Bonon.,
2434 5263 2590 5328 Tax.,
2618 5263 2654 5316 2
2681 5263 2942 5326 Colbert.,
2965 5254 3174 5328 Baluz.‘,
3193 5259 3428 5316 Claram.
3461 5273 3490 5330 a_
3513 5254 3747 5310 secunda

2168 5348 2350 5399 manu,
2380 5327 2434 5388 et
2453 5327 2611 5387 editis
2640 5335 2896 5402 quinque.
2926 5327 3349 5388 Creterisdeest.
3385 5327 3489 5386 Sed
3519 5343 3636 5402 cum
3665 5334 3747 5378 ta-

2167 5422 2280 5479 men
2305 5405 2420 5479 ipsa
2445 5405 2646 5479 auditas
2662 5399 2910 5479 hominis,
2930 5414 3036 5479 etc.
3062 5403 3197 5479 Hinc
3213 5403 3366 5479 forte,
3391 5399 3532 5479 quod
3555 5407 3748 5479 statum

2169 5469 2557 5532 nudze'Grzecis
2588 5469 2907 5545 placuerint,
2937 5476 3060 5546 quia
3092 5473 3334 5546 illirnihil
3361 5469 3569 5546 velant.
3608 5469 3745 5524 Plin.

2167 5563 2351 5611 xxxw,
2382 5550 2414 5601 5
2447 5566 2461 5603 :
2497 5542 2764 5611 Placuere,
2797 5542 2990 5617 inquit,
3019 5556 3065 5600 et
3090 5545 3260 5617 nudat,
3294 5552 3528 5617 tenentes
3552 5542 3750 5617 hastam

2169 5623 2230 5672 ab
2259 5619 2564 5692 epheborum
2583 5635 2608 5672 e
2632 5610 2915 5692 gymnasii-sp
2934 5610 3325 5692 exemplaribus,
3342 5629 3472 5682 quas
3495 5610 3752 5692 Achilleas

2169 5680 2367 5744 vocant.
2415 5690 2596 5745 Crteca
2632 5680 2716 5745 ἷξε
2741 5701 2814 5743 est
2841 5690 2968 5744 nihil
2998 5680 3180 5761 velare.
3215 5680 3537 5761 Romanaac
3564 5680 3754 5761 milita-

2171 5763 2241 5816 ris
2271 5761 2504 5816 thoracas
2527 5763 2734 5817 addere.
2770 5761 2831 5815 Et
2873 5761 3007 5815 hanc
3028 5756 3319 5813 nuditatem
3347 5756 3400 5810 in
3431 5754 3583 5825 signa
3609 5754 3755 5808 senis
