4138 6190
364 255 448 309 '57
1203 254 1356 308 CAP.
1410 252 1547 307 VIII.
1594 250 1681 305 DE
1722 248 1887 305 IIOM.
1932 246 2293 315 PARTIBUS,
2323 249 2597 321 OCULIS,
2632 250 2955 310 AURIBUS.
3617 255 3687 312 58

374 368 521 421 cium
565 369 918 422 constitutum
967 376 1082 433 est,
1112 367 1255 423 sicut
1283 369 1334 421 in
1369 369 1542 423 oculis
1565 366 1812 429 videndi;
1843 378 1980 435 quo-
2011 368 2058 424 Α
2090 365 2425 422 manifestius
2457 377 2540 421 est
2568 376 2802 423 mentem
2832 382 2974 435 esse,
2999 383 3118 438 quae
3145 382 3242 438 per
3266 367 3454 424 oculos
3478 382 3542 426 ea
3567 383 3688 440 qua:

372 476 497 514 rum
533 463 804 531 praecipue
847 460 1240 530 inexplicabilis
1280 470 1362 515 est
1403 475 1466 514 ac
1504 460 1640 513 mira
1670 456 1939 512 subtilitas
1962 498 1978 522 ,

318 612 337 620 ,
374 559 503 624 quia
534 569 727 609 eorum
779 554 942 610 orbes
980 568 1317 624 gemmarum
1350 550 1756 606 similitudinem
1785 548 1980 618 praele-

375 657 602 708 rentes.
630 646 700 700 ab
729 661 789 701 ea
821 655 976 716 parte
1007 660 1110 716 qua
1142 642 1430 700 videndum
1479 643 1610 707 fuit,
1656 638 1984 696 membranis

375 739 790 810 perlucentibus
816 740 983 806 texit,
1024 750 1081 794 ut
1128 739 1390 810 imagines
1418 753 1597 793 rerum
1625 746 1812 792 contra
1840 734 1984 805 posi-

376 843 559 889 tarum
589 842 840 905 tanquam
871 834 925 887 in
969 833 1191 903 speculo
1237 833 1599 903 refulgentes,
1647 829 1711 883 ad
1763 842 1983 883 sensum

380 927 634 981 intimum
667 934 1036 996 penetrarent.
1069 926 1171 981 Per
1196 940 1290 979 eas
1315 926 1475 995 igitur
1502 923 1841 979 membranas
1863 937 1986 976 sen-

382 1034 486 1073 sus
509 1019 600 1073 ille
620 1061 633 1082 ,
662 1019 754 1088 qui
782 1018 984 1071 dicitur
1012 1031 1167 1071 mens
1186 1058 1199 1081 ,
1244 1032 1307 1071 ea
1337 1031 1458 1086 quae
1488 1025 1613 1070 sunt
1646 1014 1775 1069 foris
1804 1021 1986 1068 trans-

383 1113 536 1183 picit.
568 1112 644 1166 Ne
676 1112 817 1167 forte
844 1111 1159 1175 existimes,
1206 1120 1297 1164 aut
1343 1110 1636 1180 imaginum
1679 1108 1988 1162 incursione

382 1223 486 1263 nos
514 1221 739 1262 cernere
761 1206 840 1278 (ut
863 1205 1174 1276 philosophi
1203 1204 1471 1275 dixerunt)
1496 1202 1747 1274 quoniam
1769 1199 1989 1256 videndi

380 1298 625 1353 cilicium
653 1298 706 1352 in
735 1313 802 1353 eo
830 1298 992 1353 debet
1021 1311 1143 1352 esse
1168 1295 1310 1367 quod
1343 1295 1512 1362 videt,
1545 1309 1651 1349 non
1680 1294 1732 1348 in
1758 1308 1823 1348 eo
1845 1291 1990 1363 quod

379 1392 600 1447 videtur
637 1410 650 1444 :
695 1401 787 1446 aut
832 1391 1134 1446 intentione
1172 1389 1360 1459 acris.
1391 1404 1513 1444 cum
1564 1389 1682 1444 acie
1720 1398 1813 1442 aut
1858 1386 1991 1441 ellu-

382 1488 540 1542 sione
571 1486 878 1552 radiorum,
909 1488 1195 1557 quoniam,
1220 1486 1263 1539 si
1289 1486 1361 1539 ita
1392 1492 1568 1551 esset,
1598 1483 1805 1564 radium
1829 1498 1991 1554 quem

382 1580 558 1634 oculis
591 1578 955 1644 advertimus,
1003 1578 1343 1642 videremus,
1390 1576 1562 1631 donec
1611 1577 1852 1631 intentus
1899 1590 1993 1630 aer

384 1686 511 1726 cum
539 1672 653 1727 acie
671 1714 685 1737 ,
717 1679 809 1725 aut
835 1670 989 1726 ell'usi
1016 1669 1152 1725 radii
1179 1669 1247 1724 ad
1271 1668 1325 1724 id
1354 1668 1499 1739 quod
1526 1667 1815 1723 videndum
1842 1673 1989 1723 esset

387 1764 762 1833 pervenirent.

462 1855 599 1910 Cum
624 1867 803 1910 autem
830 1852 1109 1909 videamus
1153 1853 1345 1909 eodem
1390 1859 1669 1908 momento
1708 1851 1986 1922 temporis,

386 1949 713 2020 plerumque
763 1963 894 2003 vero
934 1946 1078 2002 aliud
1126 1955 1385 2018 agentes,
1416 1944 1773 2000 nihilominus
1815 1954 1993 1998 tamen

384 2044 642 2097 universa
673 2056 793 2111 quae
821 2049 1014 2096 contra
1043 2048 1169 2094 sunt
1195 2039 1367 2109 posita
1392 2038 1712 2104 intueamur,
1735 2037 1918 2091 verius
1943 2045 1999 2091 et

2086 466 2211 513 sunt
2241 460 2521 528 opposita,
2568 461 2920 531 transpiciat,
2954 463 3105 531 quasi
3152 478 3254 531 per
3297 464 3562 518 fenestras
3606 462 3691 521 lu-

2085 562 2241 608 cente
2282 555 2444 617 vitro,
2492 565 2583 608 aut
2634 555 2902 623 speculari
2954 555 3128 624 lapide
3159 555 3440 611 obductas.
3491 557 3558 610 Et
3605 555 3693 611 id-

2086 646 2233 701 circo
2261 662 2434 713 mens,
2472 656 2526 701 ct
2552 648 2799 702 voluntas
2845 663 2911 702 ex
2952 648 3123 702 oculis
3154 663 3299 718 saepe
3330 649 3689 719 dignoscitur.

2089 739 2245 808 Quod
2269 740 2484 810 quidem
2509 752 2563 795 ut
2584 741 2856 797 reielleret
2880 741 3181 805 Lucretius,
3211 742 3545 811 ineptissimo
3567 755 3695 796 usus
3784 783 3793 789 .

2088 842 2170 885 est
2198 843 2531 899 argumento.
2575 832 2630 887 Si
2659 838 2803 887 enim
2834 847 2988 887 mens
3022 830 3237 904 (inquit)
3270 848 3364 901 per
3389 833 3574 888 oculos
3605 834 3689 888 vi-

2089 922 2201 989 det,
2233 925 2399 979 erutis
2428 934 2483 979 et
2508 923 2717 979 cllossis
2748 927 2919 980 oculis
2953 927 3123 994 magis
3162 925 3406 989 videret;
3436 926 3691 997 quoniam

2091 1017 2293 1072 evulsas
2341 1033 2461 1071 cmn
2508 1019 2751 1088 postibus
2802 1019 2945 1074 iores
2994 1020 3116 1088 plus
3162 1017 3399 1075 inierunt
3444 1020 3694 1095 luminis,

2092 1115 2338 1184 quam‘si
2381 1114 2576 1168 fuerint
2622 1114 2890 1170 obduclar.
2924 1115 3185 1172 Nimirum
3228 1117 3365 1186 ipsi,
3407 1118 3491 1171 vel
3521 1117 3698 1187 potius

2093 1206 2351 1277 Epicuro,
2381 1209 2468 1277 qui
2502 1224 2625 1263 cum
2658 1208 2873 1276 docuit,
2907 1209 3090 1264 ell'ossi
3122 1210 3264 1264 oculi
3302 1218 3488 1276 erant,
3526 1224 3596 1266 ne
3620 1211 3700 1264 vi-

2094 1300 2306 1367 derent,
2332 1299 2558 1355 ell'ossos
2586 1301 2765 1367 orbes,
2799 1312 2853 1356 et
2882 1311 3067 1372 ruptas
3108 1302 3389 1356 oculorum
3423 1298 3606 1369 libras,
3644 1311 3701 1357 et

2040 1466 2043 1469 _
2096 1392 2351 1448 fluentem
2381 1407 2477 1463 per
2510 1409 2674 1447 venas
2703 1395 3042 1463 sanguinem,
3073 1404 3124 1449 et
3153 1403 3459 1451 crescentes
3488 1410 3554 1451 ex
3584 1395 3703 1450 vul-

2096 1485 2320 1539 neribus
2350 1500 2564 1551 carnes,
2614 1494 2670 1539 et
2715 1486 2976 1540 obductas
3020 1485 3085 1540 ad
3134 1487 3380 1543 ultimum
3428 1488 3706 1545 cicatrices

2097 1573 2231 1629 nihil
2261 1590 2417 1643 posse
2454 1575 2588 1630 lucis
2618 1575 2926 1641 admittere,
2957 1577 3054 1630 nisi
3082 1575 3220 1632 forte
3268 1578 3489 1634 auribus
3519 1578 3707 1634 oculos

2097 1666 2300 1722 similes
2328 1668 2472 1721 nasci
2500 1666 2747 1733 volebat;
2799 1677 2855 1722 ut
2893 1682 2998 1722 non
3041 1677 3149 1722 tam
3194 1666 3386 1734 oculis,
3418 1684 3578 1738 quam
3626 1670 3709 1725 lo-

2021 1749 2073 1810 B
2102 1759 2398 1815 raminibus
2423 1775 2766 1815 cerueremus
2788 1779 2800 1813 :
2825 1776 2932 1832 quo
2959 1761 3091 1816 nihil
3119 1761 3186 1816 ad
3215 1760 3456 1832 speciem
3486 1761 3705 1833 foedius,

2098 1850 2165 1907 ad
2197 1867 2352 1906 usum
2393 1851 2633 1906 inutilius
2679 1850 2795 1906 fieri
2830 1860 3025 1921 potest.
3070 1853 3402 1922 Quantulum
3445 1854 3591 1909 enim
3621 1856 3704 1910 vi-

2102 1942 2233 1998 dere
2260 1958 2563 2012 possemus,
2593 1942 2635 1997 si
2666 1958 2822 1998 mens
2865 1943 2934 1999 ab
2980 1944 3185 1998 intimis
3219 1945 3583 2014 penetralibus
3612 1960 3709 2001 ca-

2107 2036 2232 2107 pitis
2259 2051 2353 2106 per
2394 2036 2613 2107 exiguas
2644 2050 2997 2092 cavernarum
3033 2036 3255 2093 rimulas
3282 2038 3616 2109 attenderet;
3650 2046 3711 2095 ut

1722 2174 2079 2234 VARIOIIUM
2116 2173 2347 2232 NOTAE.

390 2326 461 2381 de
493 2326 696 2389 Divin.,
737 2326 807 2382 32
833 2343 846 2379 :
876 2326 941 2381 Si
972 2326 1080 2380 sine
1118 2324 1280 2380 oculis
1306 2340 1409 2377 non
1439 2331 1605 2393 potest
1649 2329 1852 2375 exstare
1880 2319 1992 2393 o/ﬁ-

392 2400 533 2450 ciuin
580 2407 626 2451 et
673 2414 857 2470 munus
914 2390 1448 2470 oculorum._B_uN.-—¥
1466 2394 1696 2470 Quonim
1741 2390 1998 2470 principiis

378 2469 769 2536 inexplicabilis
790 2476 861 2523 est
889 2484 951 2522 ac
978 2469 1108 2520 mira
1135 2466 1391 2520 subtilitas
1412 2507 1427 2532 ,
1477 2475 1581 2520 etc.
1617 2464 1790 2530 Quam
1818 2464 1993 2536 subti-

393 2532 605 2593 litatem
632 2540 875 2604 miratur,
918 2549 970 2594 et
1000 2539 1213 2593 czetcris
1246 2538 1402 2604 longa
1434 2551 1497 2590 ac
1528 2536 1785 2602 prmclara
1811 2532 1998 2604 dispu-

393 2553 605 2593 malent
632 2553 875 2604 miratur,
918 2553 970 2594 et
1000 2553 1213 2593 czctcrts
1247 2553 1332 2590 ton
1375 2554 1402 2589 tl
1434 2553 1497 2590 ac
1528 2553 1785 2602 prmetara
1811 2553 1998 2600 tIISplI-

390 2611 605 2665 Latione
630 2610 992 2665 admirandam
1022 2609 1228 2679 prmbet
1258 2553 1448 2663 Gafen.
1484 2606 1579 2661 lib.
1613 2621 1670 2673 ι,
1704 2619 1755 2658 c.
1795 2603 1869 2668 6;
1901 2603 2001 2655 Ba-

396 2681 490 2737 sil.
507 2723 523 2746 ,
556 2681 648 2734 ubi
681 2696 858 2751 supra.
880 2681 1071 2736 lssms.

486 2771 792 2827 Mcmbranis
834 2772 1209 2841 perlucentibus
1253 2773 1396 2828 texit.
1445 2769 1559 2826 Cic.
1608 2784 1647 2824 ιι
1689 2767 1757 2824 de
1803 2766 2003 2823 Natura

401 2844 657 2900 deorum.
690 2843 864 2899 Isszus.

476 2913 549 2969 Ut
596 2916 839 2986 imagines
882 2932 1053 2970 rerum
1101 2925 1279 2969 contra
1323 2914 1605 2985 positarum
1660 2921 1901 2980 tanquam
1949 2910 2003 2963 in

396 2987 610 3056 speculo
654 2986 959 3057 refulgentes
979 3029 993 3052 ,
1027 2988 1096 3040 ad
1124 3003 1326 3040 sensum
1356 2987 1998 3057 intimum_penctrarcut_,

396 3053 509 3114 etc.
544 3053 960 3112 Nobilcm'illam
991 3068 1151 3127 atque
1181 3058 1404 3111 arduam
1431 3055 1784 3125 qurestionem
1834 3053 2003 3121 tangit

396 3130 467 3184 de
499 3128 660 3182 modo
683 3144 748 3183 ac
774 3129 982 3183 ratione
1009 3129 1223 3182 videndi
1248 3171 1262 3191 ,
1292 3129 1343 3181 in
1384 3142 1488 3196 qua
1520 3127 1790 3180 variarum
1824 3134 2001 3196 secta-

398 3217 519 3255 rum
550 3200 824 3269 principes
871 3199 1176 3269 philosophi
1210 3193 1579 3260 desudarunt,
1629 3196 1755 3269 aliis
1796 3209 1894 3269 per
1922 3193 2004 3247 in-

400 3284 492 3326 tus
517 3265 939 3339 susceptionem,
975 3265 1268 3339 rursusque
1297 3269 1415 3322 aliis
1441 3283 1539 3338 per
1569 3265 1925 3339 materialium
1951 3274 2006 3318 et

400 3335 811 3411 corporearnm,
853 3335 975 3396 aliis
1004 3357 1102 3411 per
1129 3335 1457 3407 spiritalium
1479 3348 1535 3393 et
1565 3335 2004 3411 immaterialium

402 3408 590 3468 rerum
642 3413 938 3477 intluxum,
970 3408 1059 3466 aut
1089 3413 1346 3465 ellluxum
1368 3452 1381 3473 ,
1414 3411 1676 3464 visionem
1708 3408 1820 3462 ﬁeri
1851 3421 2001 3477 asses

404 3484 672 3539 rentibus.
700 3484 814 3551 Qua
842 3476 1015 3539 dere
1054 3483 1205 3536 Plato
1231 3481 1491 3535 videndus
1531 3482 1583 3533 in
1626 3479 1868 3543 Tim:eo,
1915 3476 2007 3531 ubi

403 3556 481 3610 de
515 3556 708 3619 oculis,
741 3556 907 3609 Arist.
942 3571 978 3608 ιι
1000 3596 1015 3620 ,
1066 3555 1134 3608 de
1163 3554 1340 3607 Anim.
1375 3562 1485 3606 tea.
1531 3552 1602 3606 66
1649 3560 1703 3605 et
1748 3557 2009 3620 seqq.,et

407 3627 507 3681 lib.
539 3626 604 3679 de
630 3617 785 3680 Sens.
818 3635 869 3680 et
896 3617 1094 3681 Sensil.
1137 3640 1256 3691 cap.
1285 3625 1347 3681 2:
1382 3623 1541 3677 Lucr.
1590 3637 1678 3687 tv;
1727 3617 2004 3691 Plutarch.

400 3697 477 3752 de
504 3696 695 3751 Placit.
726 3696 818 3751 lib.
869 3713 955 3761 tv,
999 3711 1121 3764 cap.
1175 3689 1277 3759 l5;
1322 3693 1465 3749 Gell.
1514 3694 1607 3748 lib.
1658 3708 1721 3757 v,
1752 3706 1873 3759 cap.
1902 3689 2007 3764 I63

407 3768 652 3823 λίθοι-οι).
689 3783 746 3821 ιιι
787 3759 1002 3823 Saturn.
1030 3759 1148 3835 cap.
1182 3767 1275 3830 id;
1322 3765 1509 3820 Galen.
1558 3764 1652 3818 lib.
1686 3779 1756 3825 ι,
1785 3775 1907 3835 (ιξιι)ζ
1941 3759 2012 3813 12

407 3850 465 3894 ct
492 3840 565 3893 de
599 3839 824 3903 Placit.;
858 3831 1178 3907 llippncfet
1207 3838 1414 3891 Platon.
1448 3836 1537 3889 lib.
1570 3851 1675 3907 vti.
1709 3847 1849 3907 cap._
1877 3831 1912 3907 _9
1956 3841 2012 3886 et

404 3926 598 3978 ειμι(ιά
635 3901 1164 3978 Λνθηέιῖοἰὲῖἷοιιὶς.
1198 3909 1289 3961 lih.
1317 3923 1410 3971 ιιι,
1440 3922 1558 3976 cap.
1591 3905 1679 3978 '58.
1713 3902 1851 3971 Quid
1875 3901 2011 3978 Lae-

408 3975 618 4035 taritius
645 3982 874 4042 sentiat.
907 3980 1044 4034 haud
1074 3975 1203 4033 satis
1231 3975 1594 4046 perSpicuum.
1641 3977 1815 4043 Supra
1856 3975 2007 4042 posi-

404 4055 477 4107 tis
508 4051 729 4121 quidem
758 4051 936 4127 verbis
977 4051 1491 4127 videturasserere,
1539 4047 1800 4127 imagines
1818 4060 2009 4127 rerum

404 4118 706 4194 petietrare
732 4122 815 4194 ad
860 4137 1073 4178 sensum
1106 4120 1385 4194 intimum,
1438 4120 1487 4175 id
1519 4118 1832 4194 esttrecipi
1875 4118 2015 4170 inte-

404 4189 527 4250 rius
549 4236 565 4260 ,
599 4193 743 4260 quod
778 4209 881 4247 non
924 4194 1263 4248 Aristotelem
1293 4192 1466 4246 solum
1505 4189 1791 4253 docuisse,
1817 4202 2012 4260 verum

407 4258 577 4320 etiam
620 4258 903 4319 Platonem
932 4263 1228 4332 gravissimi
1256 4263 1352 4317 viri
1388 4265 1778 4330 probaverunt,
1814 4258 2009 4332 [λθρηί-

410 4352 513 4392 cus
540 4337 594 4389 in
629 4329 1242 4404 proloquiis'commeut.
1276 4333 1343 4388 ad
1387 4329 1478 4387 lib.
1504 4333 1576 4386 de
1606 4332 1763 4404 Scus.
1793 4340 1854 4404 et
1877 4329 2014 4404 Sen-

2098 2318 2155 2372 in
2180 2333 2270 2373 res
2296 2319 2436 2393 visas
2458 2321 2700 2393 impingi,
2722 2330 2885 2393 atque
2912 2320 2982 2376 ita
3010 2319 3178 2392 ipsius
3203 2320 3346 2393 aeris
3366 2319 3707 2391 adiumento,

2101 2405 2166 2445 ac
2203 2392 2370 2464 quasi
2403 2392 2605 2447 fultura
2656 2392 3031 2464 vectioneque,
3068 2402 3215 2463 putat
3260 2392 3375 2447 ﬁeri
3405 2394 3706 2457 visionem;

2103 2462 2459 2535 verberatum
2470 2466 2675 2535 quippe
2719 2481 2900 2520 aerem
2926 2462 3115 2529 illum,
3148 2465 3236 2535 qui
3285 2464 3544 2535 pupillam
3575 2480 3711 2519 con-

2108 2532 2505 2604 tingithSpclli
2537 2532 2603 2588 ad
2629 2535 2922 2604 objectum,
2953 2536 3003 2588 in
3038 2551 3145 2604 quo
3172 2532 3301 2588 illaf
3325 2532 3469 2589 basis
3514 2543 3709 2601 metae,

2109 2552 2284 2601 ungit,
2315 2552 2505 2600 aspeui
2537 2552 2603 2588 au
2629 2552 2922 2604 ODJCClum,
2953 2552 3003 2588 in
3078 2552 3145 2589 uo
3190 2552 3282 2588 nat
3325 2552 3469 2589 nasns
3514 2552 3709 2601 metae,

2107 2603 2259 2671 cuius
2288 2603 2554 2675 fastigium
2582 2607 2654 2660 sit
2678 2609 2729 2660 iu
2764 2606 2874 2672 ipsa
2898 2552 3100 2675 pupilla
3128 2604 3302 2675 :quod
3334 2614 3710 2662 commentum

2113 2688 2218 2728 non
2249 2673 2410 2729 modo
2438 2678 2595 2732 inane
2639 2676 2874 2732 ostendit
2898 2673 3360 2743 Lactantii’ratio,
3392 2676 3488 2732 sed
3510 2676 3708 2745 etiam,

2114 2746 2239 2815 quia
2290 2745 2460 2800 nihilo
2491 2747 2643 2817 pejus
2691 2747 2956 2813 videmus,
2989 2762 3109 2801 cum
3151 2756 3299 2803 retro
3344 2747 3608 2812 cedimus,
3656 2757 3715 2803 at

2115 2816 2470 2885 regrediendo
2492 2816 2753 2888 impulsio
2782 2818 2869 2873 illa
2896 2818 3011 2873 lieri
3043 2834 3149 2873 non
3204 2827 3401 2887 potest,
3430 2818 3525 2874 sed
3576 2817 3714 2875 dun-

2114 2895 2270 2943 taxat
2317 2888 2545 2952 stando,
2597 2899 2688 2943 aut
2738 2890 3106 2959 procedendo.
3159 2890 3267 2945 Aer
3311 2900 3572 2958 praeterea
3612 2891 3713 2946 sub

2107 2974 2276 3031 aquas
2303 2974 2406 3013 neu
2440 2959 2762 3028 penetrabit,
2810 2977 3033 3031 quarum
3081 2962 3132 3015 in
3178 2961 3344 3016 fundo
3387 2975 3474 3017 res
3518 2962 3711 3031 positae

2029 3017 2074 3079 C
2111 3017 2377 3084 videntur.
2404 3017 2588 3085 lessus.

2182 3103 2283 3156 Aut
2303 3101 2551 3167 eﬂaeione
2576 3103 2860 3167 radiorum.
2884 3101 3052 3171 Cujus
3070 3102 3345 3170 opinionis
3370 3103 3521 3160 alere
3538 3103 3706 3174 optici

2108 3187 2319 3239 omnes,
2360 3184 2415 3228 et
2460 3174 2699 3242 plerique
2732 3175 3175 3244 philosophorum
3207 3189 3376 3244 usque
3401 3176 3467 3230 ad
3500 3176 3711 3231 Aristo—

2112 3244 2292 3315 telem,
2316 3259 2453 3314 quos
2472 3246 2669 3300 deinde
2694 3256 2934 3300 secutum
2966 3245 3229 3302 Galeuum
3263 3247 3492 3315 castigat
3529 3248 3714 3302 Aven-

2110 3314 2260 3379 Rois,
2304 3326 2360 3369 et
2398 3331 2521 3369 cum
2573 3326 2815 3372 veterum
2848 3318 3100 3387 quolibet
3133 3314 3499 3373 conferendas
3539 3316 3717 3373 Julius

2108 3388 2291 3441 Ctesar
2315 3388 2511 3457 Scalig.
2537 3388 2605 3442 de
2627 3387 2862 3443 Subtilit.
2893 3389 3130 3444 Exercit.
3160 3388 3290 3452 298,
3320 3403 3371 3442 c.
3402 3388 3494 3444 16.
3523 3387 3713 3445 tuus.

2184 3457 2412 3511 Badium
2458 3475 2607 3526 quem
2635 3460 2798 3513 oculis
2848 3460 3182 3525 advertimus,
3231 3459 3537 3513 videremus.
3573 3459 3645 3513 Ita
3678 3459 3714 3517 ὅ

2112 3528 2268 3597 Reg.,
2312 3529 2347 3583 2
2383 3530 2623 3583 Colbert.
2666 3541 2772 3583 vet.
2821 3531 2948 3585 edd.
2994 3530 3153 3584 Rom.
3210 3529 3415 3583 Tridin.
3470 3529 3716 3587 Floreat.

2111 3600 2307 3681 Caneri
2338 3599 2478 3681 typis
2503 3600 2685 3681 excusi
2726 3610 2781 3681 et
2810 3600 3194 3681 iiiss._lprieter
3223 3601 3247 3655 1
3287 3599 3496 3681 Bonan.
3538 3600 3711 3681 antiq.

2112 3671 2197 3725 cui
2226 3681 2309 3725 ost
2336 3670 2532 3740 oeulos)
2579 3670 2795 3737 habent,
2843 3672 3043 3725 tardius
3070 3687 3227 3740 quam
3274 3670 3443 3726 oculis
3490 3670 3719 3726 adverti-

2114 3758 2226 3795 mus
2254 3743 2556 3867 tlilidtertltmus.
2583 3744 2654 3796 At
2681 3742 2837 3798 lectio
2865 3752 3062 3797 nostra-
3080 3757 3299 3799 sensum
3329 3743 3500 3801 multo
3519 3743 3722 3800 clario-

2114 3828 2229 3867 rem
2299 3829 2326 3866 a
2368 3828 2397 3867 e
2429 3853 2443 3867 .

2114 3828 2229 3868 rem
2260 3828 2443 3868 habet.

2193 3904 2416 3959 Mentem
2452 3921 2588 3972 esse,
2630 3919 2746 3976 qua:
2780 3922 2878 3976 per
2904 3907 3082 3963 oculos
3114 3922 3206 3973 ea,
3236 3914 3344 3963 etc.
3375 3906 3619 3964 Salvian.
3650 3907 3721 3965 de

2115 3975 2334 4031 Provid.
2368 3977 2459 4031 lib.
2489 3994 2566 4042 ιιι,
2594 3975 2715 4048 cap.
2748 3975 2816 4033 7':
2844 3978 3026 4033 Sciens
3066 3979 3317 4047 fenestras
3339 3978 3719 4049 quodammodo

2114 4064 2224 4102 esse
2252 4059 2541 4103 nostrarum
2566 4052 2817 4104 mentium
2852 4050 3025 4104 lumen
3052 4050 3341 4105 oculorum.
3375 4050 3484 4105 Alii
3526 4051 3720 4107 oculos

2116 4119 2276 4173 animi
2300 4129 2476 4193 portas
2521 4121 2741 4185 dixere;
2770 4121 3018 4193 Origines
3048 4122 3424 4193 Adamantius,
3459 4120 3722 4193 Physiug-

2116 4205 2273 4245 nom.
2295 4191 2389 4262 lib.
2438 4207 2480 4256 ι,
2525 4208 2647 4262 cap.
2678 4193 2738 4256 l;
2772 4192 2961 4248 Cicero
2989 4191 3058 4247 de
3101 4192 3280 4258 0rat.,
3314 4194 3477 4247 animi
3520 4191 3719 4248 indices

2118 4270 2294 4316 vocat.
2326 4261 2610 4317 ϐΑτΑιίιειι.

2192 4334 2357 4398 Quasi
2396 4351 2483 4400 per
2512 4338 2780 4404 fenestras.
2812 4332 2901 4388 Sic
2938 4332 3052 4388 Cic.
3083 4349 3101 4389 ι
3131 4330 3484 4392 Tusculanar.
3517 4332 3587 4389 Ut
3631 4337 3716 4405 fa-

415 4409 514 4462 sil.
544 4418 596 4461 et
626 4400 693 4460 ad
732 4407 768 4459 2
798 4400 1036 4476 ejusdem
1069 4406 1161 4459 lib.
1196 4405 1393 4473 Scalig.
1424 4404 1491 4476 de
1516 4403 1749 4458 Sttbtilit.
1791 4401 1857 4455 ad
1887 4400 2018 4456 Car-
2040 4407 2095 4469 1)
2121 4403 2239 4469 cile,
2275 4405 2466 4471 inquit,
2495 4400 2717 4474 intelligi
2768 4405 2927 4472 possit
2970 4406 3219 4470 animum,
3251 4414 3298 4459 et
3322 4405 3521 4470 audire,
3557 4415 3607 4460 et
3631 4400 3713 4459 ui-

418 4479 556 4533 dan.
587 4474 875 4533 Exercitat.
905 4476 1030 4539 525,
1059 4492 1178 4545 cap.
1207 4478 1259 4540 5,
1284 4476 1394 4529 alii.
1427 4474 1605 4530 Ismus.

506 4548 695 4601 Sensus
733 4548 855 4609 ille,
887 4548 971 4617 qui
1001 4542 1189 4602 dicitur
1210 4564 1384 4609 mens,
1418 4555 1525 4600 etc.
1558 4545 1715 4617 Juxta
1747 4542 1875 4617 illud
1902 4542 2019 4617 vul-

417 4635 493 4691 ga
504 4629 615 4672 tum
628 4618 883 4691 lleracliti
897 4614 918 4682 ⁷,
939 4619 1143 4691 deiquo
1160 4618 1415 4691 meminit
1441 4616 1780 4691 Aristoteles
1794 4614 2019 4670 Proble-

417 4686 596 4747 {natis
622 4690 852 4744 Section.
890 4692 975 4755 ll»,
1011 4686 1338 4745 Problemat.
1370 4690 1439 4744 53
1474 4706 1486 4740 :
1523 4688 1666 4742 Mens
1696 4686 1850 4749 uidet,
1879 4701 2020 4740 mens

414 4762 596 4815 audit.
630 4761 729 4815 Sed
762 4762 955 4816 melius
993 4761 1248 4825 dixisset,
1288 4761 1496 4822 anima,
1541 4760 1653 4814 sive
1694 4759 1926 4817 animus.
1959 4765 2019 4811 ut

421 4832 540 4888 Cic.
572 4849 588 4886 ι
614 4832 831 4888 'I‘uscul.
867 4849 988 4887 nam
1022 4831 1179 4901 longe
1206 4832 1362 4886 aliter
1385 4830 1552 4899 accipi
1583 4839 1796 4901 utentem
1822 4838 1876 4882 et
1899 4827 2017 4901 ani-

423 4920 586 4968 mam,
618 4919 778 4974 quam
806 4914 954 4972 putet
984 4899 1324 4969 Lactantius,
1355 4902 1467 4956 dixi
1498 4916 1678 4971 supra,
1712 4900 1803 4954 lib.
1836 4915 1906 4953 vn
1936 4899 2021 4952 ln-

420 4977 606 5032 stitut.
638 4989 761 5045 cap.
796 4975 883 5029 12.
917 4975 1100 5031 ιειευε.

502 5047 640 5114 an
666 5040 795 5117 foris
821 5056 958 5111 sunt,
991 5045 1278 5117 transpicit.
1335 5043 1484 5117 Lips.
1526 5044 1584 5117 2,
1630 5040 2023 5117 perspicit._l‘li-

424 5112 729 5173 hil-muto.
774 5118 1019 5173 Imitatur
1065 5112 1329 5183 Lucretii,
1377 5112 1472 5171 lib.
1500 5115 1589 5181 ,4,
1632 5112 1686 5169 v.
1735 5112 2018 5179 272-279;

423 5190 582 5263 fatis.
594 5232 605 5243 .
619 5230 656 5245 ..
672 5189 1117 5263 transpiciuntur.
1148 5188 1282 5243 BDN.

502 5260 805 5333 lnzaginunt
832 5255 1122 5315 incursione
1168 5275 1260 5314 nos
1302 5274 1523 5333 cernere.
1534 5330 1541 5333 _
1554 5330 1562 5333 _
1575 5257 1664 5312 Sic
1680 5256 1935 5333 .legimus
1948 5328 1958 5333 _
1969 5255 2022 5310 in

426 5328 688 5388 omnibus
710 5331 868 5387 editis
894 5341 948 5387 et
984 5347 1139 5395 mss.,
1169 5340 1364 5400 preter
1393 5333 1418 5386 I
1452 5330 1689 5385 Colbert.
1713 5330 1802 5400 cui
1835 5336 1921 5400 est
1940 5328 2023 5381 in-

428 5404 735 5469 cursiones;
766 5419 898 5459 mss.
929 5404 965 5457 2
997 5398 1226 5467 Βοηοηζ,
1272 5400 1306 5456 2
1335 5403 1490 5472 Reg,
1520 5400 1678 5467 Tax.,
1699 5399 1735 5453 2
1758 5398 2024 5467 Colbert.,

423 5475 649 5543 BaIuL,
678 5475 939 5539 Clarum,
971 5475 1347 5528 concursiones.

510 5547 580 5603 Ut
612 5541 1197 5616 philosopliitlixerunt.
1230 5545 1355 5599 Mss.
1389 5544 1425 5598 2
1465 5541 1818 5616 Colb.,_Em.,
1859 5541 2024 5600 Bruti.

426 5633 498 5673 ac
527 5614 658 5674 edit.
689 5614 885 5683 Betul.,
907 5615 1130 5681 Cellar.,
1160 5617 1433 5671 disserunt.
1466 5614 1662 5670 (Sceleri
1691 5623 1745 5667 ut
1777 5614 1828 5666 in
1854 5623 2018 5668 textu.

504 5689 608 5743 Aut
640 5689 922 5745 intentione
946 5689 1095 5754 aeris,
1127 5705 1243 5742 cum
1260 5688 1389 5741 acie.
1435 5698 1541 5741 etc.
1574 5684 1696 5739 IIch
1727 5684 1909 5752 Opinio
1939 5699 2027 5737 ra-

346 5833 363 5843 .
424 5761 555 5819 dios
580 5776 694 5819 non
723 5759 1057 5819 evocatzsed
1078 5774 1109 5816 a
1138 5759 1357 5831 pupillae
1381 5758 1551 5815 radiis
1575 5755 1813 5813 vicinum
1842 5768 2030 5811 aerem

2122 4477 2257 4543 dere,
2304 4492 2405 4528 non
2453 4492 2537 4529 eas
2576 4487 2769 4547 partes,
2815 4490 2928 4545 qua
2971 4477 3120 4544 quasi
3164 4476 3403 4602 fenestris
3438 4488 3579 4543 sunt,
3607 4488 3719 4533 etc.

3376 4562 3543 4602 smus.

3376 4562 3543 4605 ειυς.

2193 4616 2417 4673 Lucente
2440 4619 2589 4673 vitro.
2622 4617 2749 4673 Mss.
2782 4617 2819 4673 2
2865 4617 3075 4674 Bonos.
3107 4628 3161 4675 et
3197 4619 3231 4674 4
3258 4618 3371 4684 alii,
3404 4621 3718 4690 paluccnts.

2121 4690 2214 4746 Sic
2243 4691 2404 4745 etiam
2456 4690 2809 4746 Ileumanuus
2832 4701 2979 4746 amat
3002 4691 3262 4757 scribere,
3304 4706 3492 4749 verum
3539 4691 3724 4748 caeteri

2122 4762 2323 4817 habent
2346 4762 2581 4818 lucente.

2199 4833 2469 4902 Speculari
2514 4834 2705 4903 lapide.
2734 4833 2896 4903 Lapis
2934 4833 3025 4889 hic
3063 4831 3364 4902 pellucidus
3394 4833 3446 4889 in
3479 4833 3726 4890 tenuissi-

2124 4920 2240 4957 mas
2291 4905 2537 4959 bractcas
2596 4905 2797 4960 scissus
2835 4906 3085 4960 fenestris
3139 4905 3441 4961 uidebatur.
3490 4906 3569 4963 De
3619 4904 3725 4961 hoc

2125 4975 2282 5045 plena
2314 4991 2474 5031 manu
2507 4975 2738 5031 Pitisous
2766 4977 2819 5031 in
2849 4975 2983 5032 Lex.
3017 4976 3145 5032 Ant.
3176 4974 3336 5031 Rom.
3362 4975 3424 5031 Τ.
3454 4976 3509 5031 2.
3529 4975 3570 5032 ι.
3593 4975 3725 5034 826.

2196 5116 2485 5174 Lucretius.
2517 5118 2688 5189 Ilujus
2715 5119 2768 5175 bi
2792 5127 2922 5175 sunt
2944 5084 3159 5176 verens.
3347 5048 3482 5103 Bm.

2250 5236 2505 5301 Praeterea
2522 5237 2564 5286 si
2590 5251 2677 5301 pro
2700 5235 2886 5287 foribus
2908 5242 3021 5301 sunt
3043 5236 3229 5301 lumina
3254 5242 3438 5301 nostra,

2252 5300 2358 5364 Jam
2378 5302 2533 5364 magis
2558 5299 2805 5362 eitcmptis
2827 5299 3001 5364 oculis,
3028 5299 3219 5364 debere
3247 5300 3443 5349 videtur

2252 5362 2477 5413 Cernere
2498 5376 2585 5413 res
2606 5365 2809 5425 animus,
2831 5362 3035 5414 sublatis
3058 5363 3280 5424 postibus
3303 5363 3444 5426 ipsis.

2204 5468 2365 5524 Nasci
2393 5467 2610 5525 volebat.
2655 5467 2745 5524 Sic
2769 5484 2799 5522 a
2826 5483 2913 5523 me
2958 5484 3027 5525 ex
3074 5468 3327 5525 omnibus
3357 5483 3489 5524 mss.
3537 5475 3594 5524 et
3633 5466 3722 5524 ed.

2131 5542 2287 5597 Rom.
2317 5542 2545 5611 aliisque
2576 5540 2966 5611 antiquioribus
3012 5550 3095 5597 est
3123 5540 3490 5598 emendatum.
3542 5538 3601 5594 In
3655 5537 3724 5593 14

2132 5613 2362 5683 vulgatis
2387 5622 2471 5667 est
2498 5612 2750 5683 uolebant.

2203 5680 2586 5764 §4_u8!t§t.ﬂlla
2620 5684 2937 5764 resti_tui__ex
2978 5683 3178 5764 πιδελὲ
3204 5684 3436 5764 Βοῃριιλ,
3475 5680 3725 5764 ⁸ὄῆῐξεξεη

2132 5755 2166 5811 6
2191 5754 2374 5823 (3011).,
2402 5756 2440 5811 5
2462 5754 2639 5811 Oxon.
2662 5764 2720 5810 et
2740 5758 2773 5812 9
2800 5756 2940 5824 aliis,
2967 5756 3056 5813 ed.
3086 5755 3246 5810 Rom.
3278 5753 3417 5809 M70
3437 5761 3493 5809 et
3517 5751 3726 5824 cum;
