4138 6190
482 240 548 302 51
1461 238 1647 298 FIRM.
1688 238 2056 298 LACTAN'I’II
2093 234 2223 297 LIB.
2266 238 2356 296 DE
2392 237 2685 297 OPIFICIO
2723 238 2837 296 DEI
3715 238 3786 296 112

493 368 651 428 teret,
700 375 801 417 nec
842 358 1144 432 procedens
1181 372 1248 413 ex
1286 369 1354 413 eo
1390 356 1612 428 spiritus
1639 356 1858 413 efﬁcere
1898 369 2088 412 vocem
2113 350 2438 421 'Adiﬂusus.
2474 353 2659 423 irrigat
2684 352 2992 409 universum
3019 362 3238 421 corpus,
3268 361 3326 408 et
3350 362 3582 424 vegetat.

492 454 613 508 sine
641 453 835 523 linguae
866 450 1165 505 ministerio
1188 457 1389 520 posset.

558 543 784 614 Aperuit
834 543 995 613 igitur
1055 543 1196 596 viam
1250 541 1364 596 voci
1413 538 1590 595 divina
1640 539 1856 594 solertia
1899 554 1963 593 ex
1995 538 2085 595 illa

489 635 665 690 ﬁstula
730 634 995 705 Spiritali,
1048 644 1105 688 ut
1153 642 1333 703 posset
1394 633 1571 702 lingua
1632 630 1931 685 ministerio
1984 645 2084 685 suo

487 725 656 796 fungi,
685 735 739 780 et
778 725 924 779 vocis
964 724 1130 793 ipsius
1180 723 1500 779 inoffensum
1552 734 1793 777 tenorem
1842 720 2085 791 pulsibus

489 819 601 873 suis
631 818 683 871 in
715 816 878 873 verba
908 815 1217 871 concidere.
1246 814 1348 882 Qui
1380 823 1609 879 meatus,
1634 814 1678 868 si
1708 813 1894 882 aliquo
1922 812 2084 868 modo

489 912 822 980 interceptus
846 910 935 975 sit,
968 917 1174 963 mutum
1199 907 1359 962 faciat
1387 920 1608 962 necesse
1625 912 1728 960 cst.
1763 905 1918 960 Errat
1937 906 2081 960 enim

485 1001 736 1074 profecto
762 1003 1007 1073 quisquis
1043 1001 1203 1056 aliam
1237 1014 1457 1055 causam
1502 1006 1683 1069 putat,
1711 1013 1812 1053 cur
1838 999 2084 1053 homines

486 1098 621 1152 muti
653 1097 779 1152 sint.
804 1095 919 1151 Non
942 1094 1086 1150 enim
1116 1094 1198 1167 (ut
1220 1094 1379 1164 vulgo
1414 1091 1676 1163 creditur)
1718 1092 1948 1147 vinctam
1982 1106 2079 1163 ge-

487 1198 615 1245 runt
639 1190 871 1261 linguam
903 1208 916 1244 :
945 1187 1040 1243 sed
1064 1188 1097 1241 ii
1124 1188 1362 1243 vocalem
1391 1187 1539 1241 illum
1581 1185 1828 1257 spiritum
1860 1200 1959 1257 per
1986 1199 2083 1241 na-

484 1296 579 1338 res
608 1283 761 1353 quasi
786 1282 1089 1352 mnglentes
1121 1280 1472 1351 profundunt,
1499 1279 1642 1350 quod
1673 1279 1792 1334 voci
1816 1279 2085 1333 transitus

486 1376 554 1431 ad
580 1391 647 1432 os
690 1386 783 1431 aut
828 1376 1003 1430 nullus
1029 1374 1251 1430 omnino
1297 1382 1403 1439 est,
1448 1382 1539 1426 aut
1571 1386 1676 1426 non
1703 1372 1782 1426 sic
1814 1381 1999 1441 patens
2024 1382 2083 1426 ut

487 1472 701 1541 plenam
734 1484 919 1526 vocem
950 1470 1123 1539 possit
1150 1469 1416 1524 emittere.
1446 1465 1601 1532 Quod
1635 1464 1951 1535 plerumque
1986 1480 2081 1523 na-

485 1574 602 1619 tura
631 1563 723 1630 ﬁt;
757 1562 1041 1632 aliquando
1082 1562 1243 1617 etiam
1271 1576 1401 1616 casu
1431 1559 1644 1625 accidit,
1680 1568 1739 1614 ut
1758 1558 1950 1613 morbo
1977 1558 2080 1614 ali~

483 1671 591 1728 quo
620 1657 707 1712 hic
732 1655 910 1711 aditus
959 1655 1215 1723 obseptus
1256 1668 1442 1709 vocem
1492 1668 1600 1706 non
1644 1651 1973 1707 transmittat
2013 1650 2079 1706 ad

2258 446 2639 501 lntestinorum
2667 460 2883 516 quoque
2914 444 3236 514 multiplices
3278 445 3461 515 spiris,
3506 462 3572 502 ac
3613 448 3787 518 longi-

2187 541 2315 595 tudo
2336 539 2387 594 in
2410 554 2469 595 se
2485 540 2789 604 convoluta,
2817 549 2871 593 ct
2897 552 3004 592 uno
3029 547 3206 593 tamen
3228 538 3515 594 substricta
3542 541 3781 607 vinculo,

2183 646 2345 701 quam
2375 631 2656 686 miriﬁcmn
2691 632 2780 686 Dei
2808 648 2943 700 opus
2969 632 3089 688 est?
3110 630 3243 686 Nam
3273 632 3361 687 ubi
3394 644 3691 687 maceratus
3718 650 3784 690 ex

2185 740 2244 779 se
2272 725 2422 779 cibos
2447 723 2598 777 alvus
2623 725 2882 791 emiserit,
2906 724 3157 795 paulatim
3184 739 3276 793 per
3302 724 3420 780 illos
3448 724 3781 781 internorum

2186 817 2456 873 anfractus
2485 819 2865 884 extruduntur,
2901 828 2957 872 ut
2987 817 3244 889 quidquid
3276 817 3404 886 ipsis
3437 818 3579 873 inest
3608 821 3781 888 succi,

2184 924 2294 980 quo
2316 920 2516 980 corpus
2563 910 2744 975 alitur,
2794 910 3050 964 membris
3094 909 3345 965 omnibus
3387 908 3672 965 dividatur.
3719 911 3784 966 Et

2185 1009 2366 1056 tamen
2411 1000 2606 1057 necubi
2638 1000 2778 1056 forte
2822 1000 3156 1063 obhmreant,
3211 1014 3276 1054 ac
3320 1000 3593 1063 resistant.
3638 1001 3782 1071 quod

2184 1093 2301 1148 ﬁeri
2355 1102 2587 1163 poterat,
2618 1103 2838 1164 propter
2862 1094 3101 1164 ipsorum
3146 1093 3479 1148 voluminum
3523 1093 3785 1150 ﬁexiunes

2184 1189 2238 1243 in
2260 1204 2321 1245 se
2352 1203 2496 1258 stupe
2526 1189 2834 1254 redeuntes,
2864 1197 2919 1243 et
2944 1188 3065 1244 ﬁeri
3095 1190 3212 1244 sine
3234 1188 3475 1257 pernicie
3505 1204 3610 1243 non
3633 1198 3786 1257 pote-

2184 1292 2289 1345 rat.
2318 1282 2521 1338 oblevit
2542 1297 2603 1336 ea
2632 1282 2954 1338 intrinsecus
2981 1280 3247 1336 crassiore
3277 1294 3459 1345 succo,
3488 1289 3547 1334 ut
3588 1292 3786 1350 purga-

2184 1382 2365 1428 menta
2398 1374 2485 1428 illa
2517 1373 2724 1427 ventris
2750 1372 2821 1427 ad
2860 1373 3037 1427 exitus
3065 1386 3194 1426 suos
3234 1370 3442 1425 facilius
3481 1386 3575 1441 per
3622 1371 3788 1427 lubri-

2184 1483 2306 1522 cum
2353 1468 2672 1523 niterentur.
2706 1467 2800 1521 Illa
2849 1480 3065 1537 quoque
3108 1465 3247 1519 ratio
3286 1464 3636 1520 subtilissima
3676 1473 3782 1533 est,

2183 1560 2327 1630 quod
2355 1559 2555 1625 vesica,
2606 1559 2762 1629 cujus
2792 1573 2944 1612 usum
2973 1557 3223 1613 volucres
3251 1571 3359 1611 non
3406 1555 3626 1622 habent,
3654 1571 3779 1612 cum

2184 1651 2256 1706 sit
2282 1650 2352 1704 ab
2375 1650 2643 1705 intestinis
2664 1661 2936 1719 separata,
2967 1663 3066 1705 nec
3093 1651 3258 1704 ullam
3287 1648 3483 1704 habeat
3525 1647 3784 1715 ﬁstulam,

487 1748 746 1820 linguam,
780 1746 1048 1817 faciatque
1071 1746 1141 1803 de
1169 1745 1513 1817 loquentibus
1539 1754 1739 1799 mutos.
1765 1741 1918 1810 Quod
1959 1757 2079 1798 cum
2111 1753 2161 1813 Β
2186 1762 2291 1815 qua
2322 1763 2386 1801 ex
2417 1746 2521 1800 illis
2548 1746 2757 1800 urinam
2786 1744 2985 1809 trabat,
3013 1744 3316 1811 completur
3353 1751 3562 1809 tamen,
3590 1752 3646 1796 et
3685 1741 3786 1797 bu-

485 1839 761 1905 acciderit,
808 1837 1048 1893 auditum
1094 1852 1310 1910 quoque
1356 1836 1566 1892 obstrui
1609 1849 1832 1890 necesse
1864 1845 1981 1899 est;
2031 1842 2092 1889 ut

485 1932 612 2003 quia
643 1948 827 1988 vocem
859 1931 1108 1987 emittere
1135 1948 1240 1986 non
1282 1939 1491 2001 potest,
1527 1942 1593 1985 ne
1635 1928 1922 1984 admittere
1959 1927 2083 1997 qui-

485 2025 610 2080 dem
635 2024 827 2095 possit.
864 2023 1139 2095 Loquendi
1180 2037 1311 2092 crgo
1349 2037 1510 2078 causa
1555 2019 1855 2091 patefactus
1880 2028 1968 2075 est
1997 2018 2085 2074 hic

486 2124 716 2171 meatus.
762 2114 894 2169 lllud
938 2129 1151 2185 quoque
1203 2123 1451 2184 praestat,
1482 2122 1541 2167 ut
1579 2113 1631 2166 in
1672 2111 1901 2167 lavacris
1944 2110 2085 2171 Celeo

491 2205 733 2270 brandis,
762 2206 881 2278 quia
915 2220 1073 2259 nares
1101 2205 1333 2259 calorem
1371 2202 1513 2258 ferre
1562 2219 1666 2256 non
1699 2213 1961 2271 possunt,
1993 2218 2088 2258 aer

458 2297 705 2353 *Iervens
734 2312 831 2353 ore
873 2297 1136 2361 ducatur;
1173 2297 1298 2351 item
1319 2337 1333 2363 ,
1367 2296 1412 2350 si
1463 2294 1597 2348 forte
1627 2293 1955 2363 Spirameuta
1987 2308 2085 2349 tta-

489 2390 873 2463 rium'frigoris
900 2392 1084 2461 pituita
1126 2390 1490 2461 praecluserit,
1540 2404 1635 2460 per
1662 2403 1723 2443 os
1752 2403 1935 2443 auram
1971 2399 2084 2443 tra-

489 2484 621 2543 here
646 2486 936 2554 possimus,
968 2499 1035 2539 ne
1059 2486 1337 2540 obstructa
1362 2483 1576 2538 meandi
1605 2481 1879 2547 facultate,
1926 2481 2087 2552 spiri—

486 2585 573 2633 tus
599 2577 983 2647 stranguletur.
1013 2577 1126 2631 Cibi
1158 2592 1287 2631 vero
1315 2577 1367 2630 in
1393 2576 1573 2630 alvum
1618 2576 1841 2645 recepti,
1868 2584 1925 2630 et
1958 2589 2083 2629 cum

488 2676 646 2741 potus
673 2669 900 2729 humore
926 2666 1197 2741 permixti,
1228 2683 1349 2723 cum
1369 2668 1479 2739 jam
1502 2667 1683 2723 calore
1707 2667 1940 2741 percocti
1970 2668 2087 2725 tue-

487 2763 612 2829 rint,
657 2777 845 2818 eorum
889 2775 1084 2816 succus
1113 2760 1459 2815 inenarrabili
1504 2760 1665 2814 modo
1699 2774 1795 2831 per
1842 2758 2083 2817 membra

2189 1855 2340 1895 more
2363 1839 2708 1894 distenditur.
2738 1838 2794 1893 ld
2823 1836 3094 1906 quomodo
3133 1835 3252 1902 ﬁat,
3293 1852 3399 1891 non
3443 1843 3529 1891 est
3571 1833 3787 1891 difﬁcile

2186 1930 2491 2002 pervidere,
2516 1929 2899 1985 intestinorum
2925 1929 3071 1985 enim
3100 1937 3299 1998 partes,
3325 1942 3449 1998 qua:
3466 1928 3538 1984 ab
3558 1926 3678 1983 alvo
3707 1927 3786 1981 ci-

2186 2024 2315 2079 bum
2363 2030 2655 2094 potumque
2702 2021 3037 2091 suspiciunt,
3073 2020 3405 2089 potentiores
3447 2029 3576 2075 sunt
3618 2035 3783 2091 quam

2188 2124 2398 2171 aeterm
2420 2115 2603 2184 spirae,
2638 2124 2692 2171 et
2723 2114 2893 2168 multo
2939 2113 3234 2168 tenuiores.
3272 2111 3363 2165 lla:
3396 2113 3630 2166 vesicam
3678 2112 3787 2166 cir-

2191 2209 2648 2279 cumplectuntur,
2700 2217 2755 2263 et
2778 2207 3095 2262 continent:
3143 2206 3211 2261 ad
3260 2220 3393 2277 quas
3445 2216 3625 2275 partes
3663 2220 3797 2262 cum

2188 2310 2346 2372 potus
2389 2311 2443 2356 et
2481 2302 2636 2357 cibus
2689 2304 2857 2355 mixta
2915 2299 3293 2369 pervenerint,
3347 2300 3532 2353 limum
3570 2299 3789 2369 quidem

2189 2394 2426 2451 crassius
2455 2393 2515 2448 ﬁt
2543 2435 2556 2459 ,
2588 2403 2641 2447 et
2669 2401 2961 2447 transmeat
2984 2435 2997 2461 ,
3034 2393 3228 2446 humor
3264 2398 3441 2446 autem
3489 2391 3665 2444 omnis
3692 2406 3789 2461 per

2190 2487 2336 2542 illam
2372 2486 2783 2542 teneritudinem
2810 2485 3133 2555 percolatur,
3158 2500 3390 2557 eumque
3414 2483 3609 2549 vesica,
3632 2484 3788 2553 cujus

2186 2594 2346 2648 atque
2372 2578 2549 2634 tenuis
2588 2579 2906 2649 subtilisque
2934 2579 3245 2634 membrana
3274 2588 3379 2643 est,
3426 2577 3699 2641 absorbet,
3732 2586 3789 2634 et

2187 2671 2412 2747 colligit,
2432 2682 2488 2727 ut
2508 2672 2675 2738 foras,
2693 2687 2795 2745 qua
2824 2681 3012 2727 natura
3037 2669 3245 2727 exitum
3264 2670 3537 2741 patefecit,
3558 2671 3785 2727 emittat.

1818 2897 2178 2959 VARIORUM
2217 2898 2442 2957 ΝΟΤᾸΞ.

485 3014 648 3099 etiam
680 3013 846 3099 textui
874 3021 1062 3099 nostro
1083 3012 1119 3066 Ξ
1143 3012 1319 3099 polin.
1348 3010 1558 3099 B_al_ua.,
1590 3012 1779 3095 lirun.,
1800 3012 1852 3066 in
1884 3012 2079 3083 quibus
2106 3015 2151 3080 ί]
2182 3028 2302 3099 esse
2331 3024 2477 3085 patet
2503 3031 2570 3071 ex
2598 3015 3042 3099 praecedentibus.
3078 3016 3135 3070 In
3155 3017 3193 3071 2
3216 3016 3349 3087 Reg.
3378 3017 3773 3099 re_c.,5Qolb.,
3844 3064 3861 3073 -

491 3085 663 3157 solum
690 3085 890 3157 legitur
908 3084 1037 3138 sicut
1067 3084 1202 3157 gula
1222 3086 1341 3157 iter,
1370 3083 1549 3157 deleto
1574 3084 1636 3136 si.

566 3153 678 3209 Nec
707 3153 984 3224 procedens
1008 3153 1149 3207 ex'eo
1176 3155 1388 3222 spiritus
1410 3155 1610 3223 efﬁcere
1642 3169 1810 3208 uocem
1846 3154 1955 3207 sine
1979 3154 2082 3207 lin-

491 3243 605 3295 gnte
632 3225 910 3280 ministerio
955 3235 1143 3295 posset.
1180 3224 1305 3278 Haec
1355 3225 1599 3293 suppleta
1638 3236 1763 3278 sunt
1794 3240 1861 3279 ex
1892 3240 2021 3278 mss.
2047 3224 2086 3278 2

490 3285 725 3362 Bonum,
751 3301 774 3352 1
804 3285 966 3366 Βες.ζ
990 3296 1146 3359 Tax.,
1177 3295 1210 3348 3
1237 3285 1654 3366 Colb.,'lialuz..
1683 3296 1940 3360 Sorbon.,
1964 3297 2087 3349 (Ila-

491 3382 637 3439 rom.
663 3368 713 3420 in
741 3365 908 3438 marg.
938 3376 1097 3439 atque
1122 3366 1286 3439 editis
1303 3366 1370 3439 ls.
1417 3378 1469 3421 et
1501 3365 1851 3439 Spirquure
1881 3367 1933 3439 in
1963 3368 2086 3420 aliis

492 3436 893 3500 desiderantur,
924 3436 1050 3490 etin
1084 3437 1193 3506 ipsa
1225 3437 1463 3491 editione
1491 3436 1555 3491 Ο.
1582 3436 1643 3491 F.
1680 3437 1973 3492 Fritzscbe.

466 3508 471 3515 ’
570 3507 726 3567 Errat
764 3510 918 3570 enim,
952 3518 1058 3562 etc.
1089 3509 1246 3562 Errat
1272 3509 1430 3577 igitur
1457 3509 1706 3578 princeps
1730 3509 2080 3575 medicorum,

495 3578 876 3652 Hippocrates,
930 3581 1018 3649 qui
1064 3578 1305 3649 apbnris.
1339 3580 1407 3635 59
1445 3580 1481 3632 l.
1518 3594 1620 3643 vn,
1662 3581 1857 3652 nitens
1893 3581 2087 3650 quibus

488 3649 771 3705 cei-chrum
797 3651 976 3719 aliqua
1026 3664 1101 3704 ex.
1119 3663 1282 3703 causa
1311 3664 1630 3704 concussum
1660 3649 1842 3713 fuerit,
1866 3649 2087 3706 nccesse

490 3737 611 3775 esse
643 3723 825 3774 Statim
877 3730 1053 3773 llllllOS
1100 3722 1213 3773 ﬁeri
1241 3737 1256 3782 ;
1299 3731 1351 3773 et
1394 3721 1692 3789 aphnrism.
1726 3722 1758 3776 5
1788 3720 1880 3775 lib.
1916 3738 1947 3774 v
1972 3764 1985 3789 ,
2019 3738 2086 3777 ex

496 3791 757 3846 ebrietate
787 3790 889 3849 huc
912 3791 1116 3844 malum
1145 3792 1307 3845 etiam
1340 3792 1561 3859 evenire
1601 3790 1930 3858 subindicat,
1959 3804 2013 3847 et
2037 3793 2086 3846 id

496 3861 694 3921 letbale
710 3861 843 3917 adeo
861 3878 1002 3922 esse.
1026 3862 1069 3914 si
1100 3862 1389 3915 convulsus
1416 3861 1592 3926 fuerit,
1628 3863 1727 3915 nisi
1759 3862 1891 3917 febri
1921 3864 2090 3918 corri-

495 3932 689 4001 piatur.
729 3931 859 3986 Vide
886 3932 950 3984 ad
984 3930 1097 3985 hanc
1123 3931 1470 3985 Vuilicltium.
1500 3932 1699 3987 Βετυι..

573 4002 741 4056 Nares
761 4004 909 4068 quasi
931 4001 1424 4072 mugientes.Addidi
1453 4008 1598 4070 quasi
1623 4018 1689 4057 ex
1718 4004 2090 4071 mss—Quasi

496 4074 775 4143 umgientes
812 4073 1153 4143 profundunt.
1179 4073 1380 4129 Eadem
1414 4074 1524 4127 fere
1550 4089 1710 4128 causa
1740 4085 1822 4128 est
1853 4076 2090 4129 alit-ctio-

499 4144 582 4216 uis
604 4154 656 4198 et
690 4144 925 4201 hIBSimtis
952 4144 1002 4216 in
1052 4152 1198 4216 i_n_uto
1225 4155 1280 4199 et
1309 4143 1493 4216 surdo.
1526 4144 1654 4199 Vide
1692 4147 1946 4216 Aristot..
1970 4163 2089 4216 pro.

497 4215 716 4340 platani:
734 4224 781 4270 rt
798 4216 849 4281 4,
866 4215 1036 4270 sectio
1057 4214 1146 4268 55.
1167 4213 1585 4271 Alexandrinum
1602 4219 1640 4269 Α
1653 4215 1891 4286 phrodis.
1914 4213 2086 4291 prob].

571 4356 648 4410 De
689 4356 1026 4423 loquentibus.
1064 4356 1140 4411 De
1169 4372 1265 4424 pro
1310 4373 1393 4411 ex.
1420 4356 1697 4428 Frequens
1732 4357 1833 4412 hoc
1859 4358 2089 4415 Lactan-

501 4427 595 4498 tio,
626 4438 681 4480 et
712 4428 831 4482 aliis
859 4428 1073 4492 Ovidio,
1108 4428 1269 4482 Floro
1292 4469 1306 4492 ,
1340 4427 1571 4490 Justino.
1603 4444 1831 4498 quorum
1862 4432 1973 4484 loca
2004 4432 2087 4487 in-

501 4497 699 4551 dicavit
723 4498 1065 4552 Burmaunus
1095 4500 1162 4552 ad
1185 4498 1366 4563 0vid.,
1395 4500 1486 4553 lib.
1516 4516 1534 4553 1
1560 4497 1772 4567 Anton,
1800 4501 1888 4566 10,
1920 4500 1955 4553 8
1987 4519 2000 4554 :

621 4612 684 4663 Et
704 4590 943 4674 quidquid
967 4624 1145 4674 magno
1167 4612 1233 4661 de
1249 4612 1377 4662 Jove
1402 4614 1521 4664 fecit
1542 4625 1697 4663 amor.
1811 4614 1935 4666 Bon.

573 4716 816 4770 Auditum
842 4733 1056 4789 quoque.
1087 4723 1191 4772 etc.
1213 4715 1554 4786 Experientia
1581 4719 1906 4773 contrarium
1932 4712 2094 4775 testa-

504 4799 609 4843 tur.
628 4788 794 4842 Immo
820 4787 910 4856 qui
940 4790 1086 4845 surdi
1117 4798 1429 4853 nascuntur,
1449 4790 1579 4843 muti
1608 4791 1710 4843 sint
1742 4804 1963 4845 necesse
1987 4803 2089 4847 est.

499 4858 1032 4928 —Auditumquoque
1051 4859 1243 4915 obstrui
1270 4875 1471 4913 necesse
1486 4869 1579 4913 est.
1602 4859 1659 4916 Si
1692 4868 1871 4914 tamen
1901 4872 2089 4919 natura

502 4939 557 4986 et
586 4946 614 4982 a
647 4930 925 5002 nativ’itate
952 4930 1239 5002 contigerit
1271 4948 1282 4979 :
1310 4932 1449 5001 quod
1480 4932 1523 4985 si
1553 4930 1749 5002 deinde
1776 4932 1968 4986 morbo
1992 4933 2092 4989 ali-

500 5016 627 5070 quo,
658 5015 763 5055 non
814 4999 865 5054 id
915 4999 1139 5058 necesse
1192 4999 1562 5056 esse‘tradunt
1591 5001 1805 5067 medici,
1837 5011 1895 5059 ut
1922 5003 2092 5063 refert

502 5071 742 5145 Aplirod.
775 5071 863 5145 ubi
893 5087 1073 5145 supra.
1108 5073 1175 5128 Is.

573 5139 654 5195 Ne
672 5142 942 5215 admittere
961 5139 1165 5215 quidem
1193 5142 1460 5212 possit.Ex
1482 5143 1545 5197 21
1568 5158 1697 5198 mss.
1720 5154 1774 5200 et
1793 5144 1861 5200 10
1876 5155 1980 5201 vet.
1997 5146 2086 5201 ed.

499 5214 730 5285 expunxi
753 5227 937 5267 vocem
968 5214 1217 5277 auditum,
1242 5230 1361 5285 qua:
1381 5221 1465 5268 sat
1486 5215 1687 5271 inutilis
1715 5216 1946 5282 videtur,
1966 5232 2088 5272 cum

504 5283 588 5337 bic
616 5284 682 5359 de
704 5298 835 5338 voce
863 5285 1169 5359 emittenda
1187 5296 1240 5339 et
1262 5283 1492 5359 ilehvoce
1519 5286 1847 5359 admittenda
1873 5299 2084 5359 agatur,

504 5354 645 5423 quod
680 5371 785 5406 non
816 5370 974 5409 nemo
1007 5356 1272 5423 intelligit.
1308 5354 1389 5409 Ne
1428 5358 1661 5411 auditum
1683 5354 1951 5412 admittere
1970 5354 2087 5426 qui;

503 5427 614 5477 dem
648 5426 805 5494 possit
832 5441 1109 5494 perperam
1141 5427 1334 5496 legitur
1378 5428 1431 5481 in
1460 5428 1496 5479 2
1542 5427 1771 5493 BOIton.,
1806 5429 1938 5486 Tux.
1971 5443 2023 5485 et
2055 5431 2089 5486 6

502 5497 1155 5569 recentioribusvulgatis.

570 5568 766 5621 Aurum
796 5568 997 5622 (ra/tere
1012 5568 1291 5627 possimus.
1320 5568 1395 5624 Ita
1417 5568 1625 5624 restitui
1653 5584 1721 5625 ex
1750 5585 1879 5625 mss.
1915 5580 2090 5627 veter-

499 5637 653 5710 rimis
677 5640 702 5693 1
726 5637 972 5710 _Bonon.,
1014 5637 1175 5710 Reg,
1224 5639 1369 5705 Put.,
1418 5640 1608 5705 Cauc.,
1636 5640 1798 5705 Ultr.,
1833 5644 1868 5697 5
1905 5641 2083 5709 Colb.,

502 5707 890 5779 Baluz.,Vict.,
924 5707 1219 5778 Brun.,ed.
1246 5711 1403 5765 Rom.
1427 5710 1583 5766 M70.
1611 5712 1676 5767 Et
1703 5712 1780 5768 sic
1803 5707 2086 5784 legcttdutti

2180 3084 2418 3160 Clarum.
2445 3088 2764 3160 excusisque
2794 3088 2996 3160 mnl_tis.
3023 3084 3323 3160 possumus:
3343 3090 3503 3142 male.

2258 3157 2486 3223 Spiritus
2510 3158 2874 3228 stranguletur.
2900 3157 3062 3213 huius
3109 3171 3161 3213 et
3186 3159 3567 3214 Gaudeﬁ‘ridus
3599 3160 3785 3229 legen-

2184 3227 2463 3300 dum‘esse
2490 3227 2714 3300 censent
2737 3231 3135 3299 strangulantur.
3170 3232 3295 3297 quia
3323 3227 3686 3300 strangulatio
3718 3231 3788 3286 ad

2188 3297 2479 3372 hominem.
2495 3315 2600 3354 non
2624 3299 2688 3355 ad
2711 3297 2897 3354 aerem
2917 3303 3168 3368 pertinet.
3190 3302 3297 3356 Sed
3322 3297 3624 3372 repugnant
3644 3316 3781 3355 mss.

2186 3378 2241 3444 et
2266 3370 2400 3444 editi
2444 3381 2638 3444 praeter
2684 3372 2752 3424 Is.
2789 3373 2854 3444 Et
2890 3372 2993 3426 dici
3024 3381 3199 3444 potest
3228 3387 3409 3428 aerem
3441 3370 3785 3443 strangulari,

2189 3440 2238 3493 id
2266 3449 2349 3494 est
2374 3438 2617 3496 faucibus
2635 3442 2826 3509 premi.

2262 3530 2451 3584 Eorum
2476 3549 2676 3597 succus,
2699 3542 2804 3588 etc.
2850 3532 2962 3587 Non
3010 3534 3118 3588 alvi
3149 3533 3249 3589 boc
3278 3533 3515 3588 ofﬁciunt
3544 3546 3646 3599 est,
3679 3533 3775 3589 sed

2190 3600 2592 3675 intestinorum,
2622 3619 2741 3673 qua:
2793 3615 3073 3675 exceptum
3128 3621 3192 3658 ex
3223 3605 3522 3660 ventriculo
3568 3620 3788 3665 succum

2186 3674 2453 3741 tantisper
2482 3675 2681 3740 fovent,
2715 3675 2851 3746 dum
2872 3690 2969 3743 per
2994 3691 3186 3729 venam
3220 3676 3574 3731 meseraicam
3620 3676 3671 3728 in
3698 3677 3789 3746 je-

2189 3758 2285 3798 cnr
2315 3746 2636 3817 evcctnspiu
2675 3745 2986 3815 sanguinem
3037 3747 3383 3808 convertitur.
3418 3746 3649 3817 indeque
3668 3747 3790 3801 uni-

2194 3829 2344 3869 versa
2371 3815 2611 3883 corporis
2643 3818 2878 3871 membra
2912 3818 3242 3873 nutriuntur.
3270 3818 3470 3873 BETUL.

2260 3885 2629 3941 lutestinuun:
2659 3904 2856 3957 quoque
2886 3888 3194 3953 multiplices
3218 3889 3531 3952 spirw,~etc.
3559 3888 3790 3946 Maxime

2195 3956 2338 4028 illius
2388 3958 2530 4024 quinti
2579 3958 2725 4012 ιίλεοὶ
2775 3956 3049 4021 voratur,
3104 3960 3304 4028 gracile
3352 3960 3601 4015 nimirum
3632 3962 3783 4016 illud.

2194 4026 2642 4151 Elexutiéissittitis
2669 4030 2830 4084 orbes
2864 4028 3077 4085 Plinius
3097 4026 3339 4086 nominat
3371 4048 3383 4083 :
3412 4029 3602 4089 Celsus
3630 4046 3784 4100 vero,

2194 4114 2361 4151 smus.
2435 4116 2590 4151 ITUL.

2192 4114 2361 4151 8111115.
2392 4114 2590 4153 υιτυι.

2266 4187 2333 4242 Ει
2358 4207 2468 4261 uno
2508 4200 2673 4243 tamen
2720 4192 2987 4246 substricta
3014 4193 3237 4248 vinculo.
3282 4192 3354 4246 lta
3390 4194 3459 4248 15
3488 4208 3618 4248 mss.
3650 4210 3787 4261 quo-

2196 4276 2311 4314 rum
2337 4260 2444 4314 duo
2476 4274 2598 4314 sunt
2623 4264 2915 4328 veterrimi,
2938 4272 2994 4318 et
3019 4269 3052 4318 δ
3083 4264 3301 4318 editi.ln
3336 4265 3401 4318 tu
3423 4266 3637 4332 scriptis
3667 4260 3780 4320 rec.

2194 4340 2247 4383 et
2273 4332 2305 4406 7
2333 4333 2728 4406 impressisrec.
2747 4343 2908 4387 rtuno
2926 4344 3144 4390 tantum.
3168 4334 3402 4406 Utraque
3420 4334 3580 4390 lectio
3608 4337 3744 4391 bona
3765 4375 3783 4404 ,

2114 4395 2169 4459 D
2193 4411 2247 4457 et
2271 4402 2322 4456 in
2352 4395 2490 4457 idem
2515 4403 2721 4457 recidit.

2276 4472 2339 4526 Et
2361 4483 2526 4528 tamen
2553 4475 2730 4528 necubi
2752 4478 2883 4545 forte
2918 4476 3223 4531 obhareant.
3256 4474 3346 4531 Sic
3370 4492 3438 4533 ex
3479 4477 3787 4532 veterrimis

2197 4545 2500 4630 etnoptimis
2534 4560 2677 4630 ‘IIISS.
2699 4546 2745 4630 Ξ
2801 4547 3050 4630 Bonnn.,_
3076 4548 3422 4630 Regio-Put.,
3455 4550 3483 4602 1
3517 4549 3591 4630 al_.
3625 4548 3781 4618 Reg,
3871 4567 3881 4577 ·

2195 4613 2426 4689 δρυιᾲιι,
2462 4615 2668 4689 Baiae,
2699 4617 2829 4671 Tax.
2859 4613 3139 4673 emendavi
3161 4613 3364 4673 'necubi
3390 4613 3575 4689 ,quod
3620 4613 3788 4674 cst'ue

2195 4684 2423 4767 alicubi;
2455 4689 2505 4739 in
2609 4704 2715 4742 rec.
2743 4699 2843 4751 est,
2881 4705 2944 4744 ne
2982 4691 3109 4754 cui;
3141 4689 3193 4745 in
3222 4705 3318 4745 sex
3361 4684 3474 4745 rec.
3501 4702 3556 4745 et
3584 4691 3637 4746 in
3666 4689 3785 4744 vul-

2193 4768 2349 4827 galts,
2383 4774 2445 4811 ne
2469 4768 2577 4826 qut.

2270 4844 2485 4901 Oblcvit.
2508 4846 2645 4903 Vera
2671 4849 2849 4913 lectio,
2879 4865 3036 4917 quam
3061 4851 3268 4906 reSIitui
3296 4867 3359 4907 ex
3387 4866 3516 4907 mss.
3544 4850 3777 4907 Tornes.

2193 4925 2247 4970 et
2275 4917 2481 4995 Erasini.
2510 4930 2673 4995 atque
2729 4922 2886 4976 editis
2925 4920 3126 4995 Graph.
3153 4933 3208 4976 et
3258 4923 3441 4995 Betui.
3486 4922 3785 4995 eademque

2194 4990 2491 5064 sententia.“
2510 4989 2922 5064 Erasmo‘teste,
2956 4993 3221 5064 reperitur
3240 4993 3381 5064 apud
3415 4989 3707 5049 Aristoteli
3725 5002 3785 5050 et

2193 5056 2340 5135 Plin.
2372 5059 2426 5111 In
2457 5061 2491 5113 9
2521 5061 2774 5135 mss_.e16
2795 5056 3007 5117 excusis
3022 5056 3137 5119 'rec.
3166 5072 3250 5119 est
3274 5056 3518 5135 oppleuit,
3550 5065 3708 5119 male.

2272 5128 2587 5205 Νἰιεηιωῃιιιίἶ
2617 5131 2692 5186 Ex
2719 5146 2850 5205 mss.
2871 5135 3251 5205 vetustissimis
3269 5138 3291 5191 1
3308 5128 3554 5199 ’Βοηοηη
3584 5135 3788 5205 Regio-

2195 5198 2295 5273 Rttt
2325 5242 2338 5264 ,
2371 5206 2404 5254 4
2538 5202 2714 5272 'licg.,
2767 5203 2920 5267 Pun.,
2947 5204 3134 5268 Goth.,
3162 5206 3196 5260 4
3219 5205 3399 5273 Colb.,
3434 5198 3598 5270 Vict”
3624 5198 3778 5271 Gut"

2193 5270 2402 5343 plurim,
2430 5270 2689 5343 Claroutl,
2712 5274 3050 5337 Brun.,edit.
3078 5287 3184 5330 vet.
3210 5279 3246 5334 ὅ
3266 5270 3449 5343 Rom.,
3468 5276 3589 5331 Ald.
3619 5270 3781 5343 i515,

2192 5341 2364 5415 Paris.
2404 5341 2559 5415 lﬁiﬁ,
2596 5343 3151 5409 Parrbas..Flurent.,
3176 5348 3403 5415 Graph.,
3432 5341 3527 5410 ls.,
3557 5341 3781 5413 (Selium,

2192 5412 2267 5465 sit:
2305 5414 2605 5488 emendavi,
2639 5416 2835 5469 rectius
2881 5436 3034 5485 quam
3084 5412 3417 5482 initiarentur,
3471 5412 3780 5488 quod-esti)

2191 5485 2672 5553 tttattttscriptmmtt
2730 5503 2838 5541 rec.
2896 5500 2947 5541 et
2983 5495 3015 5544 ti
3043 5494 3393 5561 vulgaturum.

2273 5576 2479 5651 Vesica,
2506 5584 2650 5651 cujus
2678 5598 2823 5635 usum
2854 5584 3098 5645 volucres,
3134 5594 3237 5638 etc.
3268 5582 3407 5636 Plin.
3440 5581 3579 5638 Infra
3605 5582 3788 5640 alvum

2189 5663 2219 5702 a
2249 5650 2429 5725 priore
2455 5650 2605 5725 parte
2629 5653 2826 5725 vesica,
2843 5669 2962 5724 qua:
2984 5654 3111 5707 nulli
3140 5668 3238 5725 ova
3259 5652 3615 5724 gignentium,
3639 5669 3788 5725 prae-

2191 5728 2271 5776 ter
2311 5722 2675 5779 testitndinem
2706 5721 2988 5794 (hactenus
3034 5740 3098 5779 ex
3132 5721 3298 5781 Arisi.
3309 5721 3340 5797 Ῐ
3358 5725 3491 5782 nulli
3522 5721 3781 5783 nisi'san-
