4138 6190
335 213 417 271 57
1317 208 1470 266 CAP.
1512 207 1654 265 XIII.
1696 209 1781 264 DE
1826 205 2128 266 MEMBRIS
2168 208 2667 268 INFERIORIBUS.
3576 211 3650 271 58

332 318 461 389 ﬁeri
492 337 765 404 putantur.
787 327 922 383 Cum
954 325 1091 383 forte
1111 326 1165 381 in
1193 325 1378 381 larvam
1402 328 1539 380 uteri
1564 336 1768 397 partem
1797 340 1940 380 mas-
1966 325 2022 387 Α
2046 326 2192 381 velut
2212 327 2454 393 mollier;
2484 328 2569 382 cui
2600 337 2853 398 suscepto
2884 326 3038 397 fretu,
3086 343 3206 386 eum
3234 337 3418 401 partus
3447 345 3644 403 appro-

334 425 541 481 culinze
569 421 758 493 stirpis
783 434 970 477 semen
1008 418 1277 481 inciderit,
1304 433 1511 474 marem
1555 419 1769 491 quidem
1798 419 1941 491 gigni

296 540 301 543 -
331 517 585 589 opinatio
610 523 727 580 est;
751 512 851 570 sed
878 513 1002 584 quia
1023 513 1094 569 sit
1122 512 1175 566 in
1208 510 1483 568 fteminina
1536 520 1687 580 parte
1710 526 1942 583 concep-

329 620 448 678 tus,
477 607 678 678 aliquid
708 606 761 661 in
788 621 849 661 se
875 605 1074 661 habere
1100 602 1438 670 fmmineum,
1467 618 1629 675 supra
1656 618 1813 675 quam
1845 602 1938 659 de-

296 720 303 724 ’
328 716 433 759 cus
455 700 607 756 virile
629 698 896 771 patiatur;
927 695 1011 752 vel
1042 694 1267 750 formam
1293 694 1580 767 insignem,
1611 695 1695 751 vel
1719 695 1939 750 nimium

328 796 652 860 candorem,
685 792 773 847 vel
799 790 1044 862 corporis
1061 789 1354 856 levitatem,
1378 788 1465 845 vel
1491 798 1640 845 artus
1658 788 1938 856 delicatos,

331 885 423 943 vel
449 894 710 941 staturam
748 883 995 950 brevem,
1044 881 1128 937 vel
1158 896 1347 938 vocem
1397 882 1675 952 gracilem,
1716 881 1800 936 vel
1827 880 1943 936 aui-

328 996 483 1037 mum
508 978 862 1042 imbecillum,
887 976 975 1033 vel
1005 991 1072 1033 ex
1099 975 1185 1030 bis
1206 974 1553 1047 plura.ltem,
1583 975 1627 1031 si
1660 982 1863 1046 partem
1886 973 1940 1029 in

328 1071 582 1128 dextram
609 1084 798 1125 semen
823 1067 1089 1125 fmmiuini
1115 1083 1279 1124 sexus
1305 1068 1603 1134 inﬂuxerit,
1656 1066 1936 1123 fmminam

332 1164 552 1234 quidem
584 1162 886 1233 procreari:
928 1160 1024 1216 sed
1055 1160 1306 1230 quoniam
1356 1160 1408 1215 in
1447 1160 1742 1216 masculina
1792 1170 1942 1231 parte

332 1265 595 1326 concepta
646 1254 738 1318 sit,
795 1252 998 1308 habere
1044 1252 1099 1308 in
1129 1266 1190 1308 se
1235 1250 1433 1322 aliquid
1475 1250 1764 1316 virilitatis,
1803 1252 1940 1306 ultra

326 1363 491 1418 quam
537 1361 703 1402 sexus
728 1346 865 1401 ratio
892 1344 1194 1415 permittat;
1225 1353 1319 1399 aut
1342 1344 1513 1398 valida
1561 1344 1821 1409 membra,
1850 1352 1942 1400 aut

326 1438 742 1495 immoderatam
773 1437 1181 1509 longitudinem,
1211 1448 1305 1493 aut
1330 1438 1537 1493 fuscum
1562 1437 1819 1501 colorem.
1849 1448 1959 1515 aut_

326 1530 602 1601 hispidam
628 1531 842 1596 faciem,
872 1539 965 1586 aut
992 1530 1193 1585 vultum
1247 1530 1582 1596 indecorum,
1629 1542 1721 1586 aut
1753 1547 1940 1587 vocem

325 1624 634 1689 robustam,
662 1631 755 1677 aut
782 1623 1022 1677 animum
1051 1621 1336 1687 audacem,
1368 1632 1460 1676 aut
1488 1637 1554 1677 ex
1581 1621 1666 1676 his
1694 1623 1862 1692 plura.

2043 418 2304 490 pinquare
2327 418 2439 489 jam
2466 421 2652 490 coepit,
2682 428 3060 491 turgesceotes
3104 437 3354 478 mamma:
3402 423 3647 480 dulcibus

2043 509 2218 566 succis
2241 509 2640 579 distenduntur,
2668 520 2723 568 et
2748 511 2817 567 ad
2848 511 3176 570 nutrimenta
3222 514 3495 570 nascentis
3523 512 3645 569 fon-

2041 601 2189 658 tibus
2218 601 2405 658 lacteis
2453 602 2759 659 ftecundum
2806 614 2992 674 pectus
3031 606 3314 661 exuberat.
3344 605 3456 661 Nec
3499 606 3645 661 enim

2046 693 2270 751 decebat
2298 694 2443 751 aliud
2472 711 2632 767 quam
2685 706 2745 753 ut
2771 697 2987 768 sapiens
3036 698 3234 754 animal
3264 713 3295 753 a
3345 698 3510 754 corde
3549 699 3646 753 ali-

2044 788 2278 843 moniam
2301 788 2543 846 duceret.
2571 789 2735 861 quue
2765 790 2940 861 ipsum
2980 789 3334 846 solertissime
3360 804 3644 858 compara-

2042 890 2155 936 tum
2178 891 2281 947 est,
2313 890 2374 937 ut
2398 882 2637 938 candens
2678 896 2743 939 ae
2783 882 2967 954 pingui
3013 881 3210 938 humor
3231 881 3645 937 teneritudinem

2042 975 2166 1030 novi
2196 977 2439 1045 corporis
2467 974 2743 1047 irrigaret,
2775 975 2949 1032 donec
2978 990 3043 1031 ac
3074 974 3366 1045 capiendos
3396 971 3647 1031 fortiores

2042 1064 2208 1131 cibos,
2235 1074 2291 1121 et
2309 1065 2563 1122 dentibus
2612 1067 2929 1134 instruatur,
2970 1075 3026 1122 et
3078 1065 3284 1122 viribus
3333 1064 3641 1132 roboretur.

2045 1156 2151 1231 Sed
2175 1157 2458 1213 redeamus
2482 1158 2550 1213 ad
2590 1159 2945 1229 propositum,
2976 1166 3037 1214 ut
3063 1165 3282 1224 caetera,
3304 1172 3425 1229 quae
3453 1170 3645 1228 super-

2042 1261 2167 1308 sunt
2187 1252 2424 1309 breviter
2445 1250 2798 1324 explicemus.

2630 1363 2860 1422 CAPUT
2897 1363 3039 1421 XIII.

2486 1474 2565 1531 De
2589 1475 2829 1532 Membris
2852 1476 3201 1547 inferioribus.

2117 1633 2367 1690 Poteram
2414 1649 2557 1691 nunc
2597 1649 2698 1707 ego
2748 1635 2987 1706 ipsorum
3051 1650 3267 1707 quoque
3325 1635 3640 1705 genitalium

408 1714 468 1771 Si
495 1729 622 1770 vero
648 1714 1004 1769 masculinum
1060 1714 1112 1767 in
1143 1713 1448 1781 dexteram,
1500 1715 1831 1771 foemininum
1880 1716 1932 1770 in
1962 1747 2011 1807 Β
2040 1725 2405 1781 membrorum
2438 1727 2718 1782 miriﬁcam
2762 1728 3026 1783 rationem
3059 1728 3152 1783 ubi
3197 1743 3505 1799 exponere,
3538 1730 3645 1787 nisi

322 1806 609 1861 sinistram
638 1806 970 1874 pervenerit,
991 1815 1246 1878 utrosque
1265 1805 1428 1864 fastus
1446 1818 1595 1864 recte
1616 1810 1932 1879 provenire;

326 1908 388 1953 ut
415 1908 475 1954 et
494 1898 730 1955 heminis
751 1915 847 1968 per
866 1901 1047 1954 omnia
1077 1910 1284 1955 natura:
1311 1915 1423 1957 sua:
1442 1902 1610 1959 decus
1628 1912 1858 1971 constet,
1881 1913 1937 1960 et

323 1992 572 2047 maribus
620 2000 728 2046 tam
761 1999 967 2059 mente,
995 2008 1152 2062 quam
1184 2008 1411 2062 oorpore
1438 1994 1602 2049 robur
1641 1995 1795 2050 virile
1820 2009 1936 2051 ser-

321 2091 503 2138 vetur.
551 2082 697 2138 Istud
747 2098 874 2138 vero
919 2084 1092 2153 ipsum
1135 2099 1293 2150 quant
1339 2084 1586 2142 mirabile
1627 2087 1932 2143 institutam

324 2174 445 2239 Dei,
474 2174 624 2245 quod
647 2176 714 2229 ad
749 2174 1213 2230 conservationem
1261 2191 1520 2246 generum
1575 2179 1931 2250 singulorum,

321 2266 465 2321 duos
484 2281 652 2322 sexus
683 2266 849 2320 maris
875 2282 936 2321 ac
965 2265 1202 2323 ﬂemina:
1232 2268 1567 2324 machinatus
1591 2279 1709 2335 est;
1738 2271 1933 2341 quibus

318 2357 468 2414 inter
492 2373 555 2414 se
579 2373 676 2428 per
698 2358 986 2428 voluptatis
1014 2359 1295 2416 illecebras
1317 2362 1602 2431 copulatis,
1628 2363 1930 2418 successiva

318 2449 547 2505 soboles
576 2460 877 2518 pareretur,
908 2466 977 2505 ne
996 2466 1158 2506 omne
1182 2466 1350 2519 genus
1378 2451 1675 2509 viventium
1698 2454 1934 2509 conditio

325 2542 681 2597 mortalitatis
706 2544 1063 2614 extingueret.
1091 2544 1195 2600 Sed
1221 2545 1339 2614 plus
1363 2545 1575 2602 roboris
1602 2548 1838 2602 marilms
1857 2560 1938 2604 at-

320 2634 589 2688 tributum
615 2643 716 2696 est,
748 2648 853 2701 quo
883 2633 1093 2689 facilius
1120 2634 1185 2688 ad
1217 2635 1527 2706 patientiam
1548 2636 1657 2707 jugi
1678 2639 1936 2693 maritalis

316 2726 567 2782 hemina:
609 2734 954 2795 engerentur.
984 2725 1081 2782 Vir
1121 2728 1299 2798 itaque
1322 2729 1632 2784 nominatus
1656 2737 1761 2795 est,
1791 2730 1935 2800 quod

322 2815 508 2885 major
558 2816 608 2869 in
664 2830 733 2870 eo
777 2817 861 2871 vis
913 2825 1031 2879 est,
1080 2833 1241 2886 quam
1299 2820 1350 2872 in
1404 2818 1658 2884 fiumina;
1708 2831 1762 2875 et
1812 2822 1937 2878 hinc

317 2911 501 2963 virtus
533 2924 730 2965 nomen
762 2910 988 2981 accepit.
1019 2909 1148 2964 Item
1180 2911 1372 2976 mulier
1420 2913 1503 2981 (ut
1550 2912 1723 2967 Varro
1772 2914 1936 2968 intor-

2044 1831 2131 1872 me
2159 1816 2332 1887 pudor
2359 1816 2427 1872 ab
2458 1816 2763 1885 hujusmodi
2796 1833 3047 1876 sermone
3074 1828 3357 1877 revocaret
3399 1837 3413 1875 :
3463 1820 3645 1891 itaque

2041 1922 2071 1962 a
2098 1906 2253 1963 nobis
2281 1907 2596 1964 indumento
2619 1910 2993 1977 verecundiae,
3040 1926 3161 1981 qute
3203 1919 3330 1966 sunt
3385 1910 3636 1981 pudenda

2040 2000 2309 2056 velentur.
2343 2001 2497 2070 Quod
2532 2003 2598 2057 ad
2628 2002 2768 2058 bane
2798 2018 2914 2058 rem
2938 2003 3163 2071 attinet,
3193 2003 3348 2073 queri
3376 2004 3509 2058 satis
3560 2012 3646 2058 est
3708 2056 3709 2059 η

2043 2089 2290 2147 homines
2312 2092 2507 2164 impios
2526 2135 2543 2162 ,
2575 2109 2640 2149 ac
2665 2093 2940 2165 profanos,
2967 2109 3236 2149 summum
3264 2093 3417 2150 nefas
3444 2093 3641 2149 admit-

2040 2192 2185 2252 tere,
2214 2186 2304 2257 qui
2333 2186 2571 2243 divinum
2601 2197 2657 2244 et
2683 2188 2997 2244 admirabile
3022 2187 3116 2242 Dei
3143 2202 3310 2259 opus,
3341 2187 3409 2243 ad
3433 2202 3633 2259 propa-

2033 2276 2261 2346 gandam
2285 2280 2687 2336 successionem
2711 2280 3108 2351 iuexcogitabili
3135 2281 3343 2337 ratione
3364 2281 3639 2351 provisum

2034 2377 2088 2423 et
2118 2368 2367 2425 ell‘ectum
2389 2412 2404 2435 ,
2436 2372 2523 2427 vel
2550 2373 2618 2427 ad
2652 2372 2992 2444 turpissimos
3016 2382 3289 2442 quzestus,
3324 2372 3410 2428 vel
3439 2372 3508 2427 ad
3537 2374 3639 2428 ob-

2036 2472 2236 2515 secrante
2286 2461 2525 2517 libidinis
2555 2463 2803 2533 pudenda
2848 2478 3014 2534 opera
3051 2455 3409 2528 convertunt;
3444 2472 3501 2517 ut
3524 2465 3638 2531 jam

2036 2550 2171 2607 nihil
2202 2553 2345 2608 aliud
2370 2569 2439 2609 ex
2466 2569 2525 2609 re
2556 2556 2893 2611 sanctissima
2922 2565 3126 2624 petant,
3155 2570 3314 2625 quam
3343 2555 3557 2609 inanem
3583 2565 3640 2610 et

2041 2643 2279 2698 sterilem
2310 2645 2661 2715 voluptatem.
2693 2646 2830 2715 Quid
2873 2646 3096 2717 reliqua:
3139 2647 3384 2715 corporis
3411 2653 3596 2715 partes
3624 2685 3640 2709 ,

2042 2749 2171 2789 num
2203 2745 2392 2791 carent
2417 2738 2626 2793 ratione
2646 2779 2662 2805 ,
2710 2753 2775 2793 ac
2800 2737 3206 2807 pulchitudine?
3231 2736 3559 2807 Conglobata
3586 2736 3642 2791 in

2041 2836 2195 2883 nates
2208 2844 2522 2902 caro,quam
2540 2831 2761 2887 sedendi
2782 2830 2843 2886 of
2843 2831 2964 2886 flcio
2984 2831 3125 2901 apta!
3140 2840 3193 2885 et
3209 2829 3396 2886 eadem
3414 2828 3640 2895 firmior,

2040 2936 2202 2990 quam
2247 2924 2300 2978 in
2348 2926 2562 2981 caeteris
2611 2925 2911 2991 membris,
2959 2941 3030 2980 ne
3078 2933 3357 2995 premente
3399 2923 3645 2994 corporis

318 3001 591 3073 Ρΐειλιυτ)
621 3018 652 3056 ιι
702 3002 964 3069 ηιοιιὶιὶθ,
1009 3003 1290 3060 immutata
1343 3015 1398 3061 et
1447 3004 1689 3061 detracta
1730 3005 1927 3075 littera,
1958 3001 2004 3065 C
2034 3014 2183 3070 mole
2204 3016 2419 3073 ossibus
2439 3017 2678 3075 cederet.
2707 3018 2844 3075 Item
2871 3017 3150 3075 foeminum
3194 3015 3421 3073 deducta
3442 3059 3457 3085 ,
3486 3023 3542 3071 et
3568 3014 3645 3070 la-

1124 3104 1141 3113 ’
1674 3140 2032 3201 ramorum
2063 3145 2296 3206 morm.

394 3280 556 3336 Recte
578 3282 861 3349 provenire.
892 3281 983 3339 Sic
1012 3282 1219 3337 restitui
1247 3297 1312 3337 ex
1338 3283 1409 3341 20
1437 3299 1568 3338 mss.
1596 3294 1649 3340 et
1678 3294 1783 3338 vet.
1819 3285 1934 3340 edi-

317 3354 391 3405 lis
418 3356 637 3434 oetoac'
653 3350 851 3437 cellar.
881 3353 939 3407 In
956 3368 1059 3437 sex
1083 3368 1197 3409 rec.
1221 3355 1438 3427 scriptis
1478 3354 1810 3427 totidemque
1826 3357 1937 3412 vul-

315 3432 468 3494 gatis
495 3434 577 3478 est
605 3432 743 3477 recte
763 3432 1043 3492 peruenire.

397 3514 574 3578 Quam
607 3514 840 3569 irritabile
868 3515 1157 3569 institutum
1181 3515 1314 3571 Dei!
1354 3516 1514 3572 Juxta
1544 3532 1735 3572 omnes
1763 3517 1935 3574 ferme

314 3600 466 3657 mss.
492 3585 742 3657 expunxi,
781 3595 900 3653 post
930 3584 1025 3639 Dei
1054 3587 1276 3642 verbum
1308 3598 1402 3651 est,
1432 3588 1572 3657 quod
1626 3600 1741 3643 erat
1780 3590 1833 3644 iu
1868 3590 1927 3643 ll

322 3656 585 3729 vulgatis.
625 3654 791 3729 ln_l3
831 3657 1049 3729 scriptis
1073 3667 1127 3729 et
1155 3659 1315 3713 editis
1343 3654 1513 3713 vet.'2
1551 3658 1707 3713 Rom.
1741 3659 1934 3729 legitur

314 3726 659 3781 constitutum
678 3725 807 3798 Dei;
831 3727 883 3781 in
908 3728 1038 3783 edit.
1066 3727 1271 3798 Graph.
1296 3730 1622 3784 constitutum
1659 3730 1785 3783 Deo.

404 3798 707 3868 Successiua
730 3796 949 3852 soboles.
983 3800 1054 3853 Ita
1092 3796 1214 3853 eunt
1259 3802 1465 3856 cunctis
1497 3802 1775 3868 impressis
1801 3816 1933 3856 mss.

314 3870 359 3924 3
394 3867 562 3938 Reg.,
588 3869 613 3921 1
644 3867 824 3938 Colb.,
853 3869 1018 3935 Viet.,
1051 3869 1240 3932 Brun.,
1268 3880 1321 3925 et
1349 3882 1513 3926 recte.
1554 3867 1609 3926 lu
1634 3871 1671 3925 2
1702 3872 1932 3936 Bonon.,

318 3937 495 4003 Pen.,
524 3939 686 4010 'I:ax.,
726 3937 917 4005 Cauc.,
970 3942 1247 3995 successive
1287 3942 1515 4007 soboles;
1552 3944 1602 3996 in
1630 3944 1665 3998 5
1714 3942 1870 4010 Rog.,
1901 3943 1938 3997 5

314 4010 509 4076 Coll»,
538 4008 688 4074 Gat.,
720 4012 742 4061 l
775 4010 1033 4077 Sorbon.,
1054 4011 1287 4066 Clarum.
1312 4029 1339 4065 a
1364 4013 1598 4067 secunda
1618 4008 1936 4077 manu‘,'sub-

316 4082 522 4153 sicine;
546 4081 986 4153 alii5meudose,
1018 4082 1294 4145 subsiciua,
1317 4084 1595 4146 subvicina,
1617 4093 1724 4138 etc.
1752 4085 1770 4137 I
1797 4084 1927 4153 Reg.

319 4152 478 4217 Put.,
510 4152 641 4204 sicut
665 4152 896 4215 soboles;
921 4162 1194 4219 corrupte.
1225 4154 1525 4208 Succession
1552 4155 1747 4208 soboles
1776 4152 1928 4222 pare-

316 4234 660 4294 retursvera
689 4222 848 4276 lectio
869 4223 1038 4278 tribus
1080 4223 1410 4279 doctissimis
1437 4225 1662 4280 medicis
1685 4228 1929 4294 probata.

322 4293 559 4359 Scriptis
586 4295 620 4347 6
646 4301 730 4347 est
755 4303 1060 4363 pararetur;
1086 4309 1183 4349 nec
1211 4296 1370 4348 male.

418 4363 505 4416 Vir
530 4367 725 4431 itaque,
751 4375 856 4419 etc.
892 4363 1037 4419 Idem
1070 4365 1230 4418 etiam
1259 4363 1494 4420 allirmat
1528 4364 1641 4420 Cie.
1671 4365 1933 4421 Tuscula-

323 4411 947 4505 measgratiosis.“
955 4411 1663 4504 33.5.1152"r;;;'.'"i...;.'.ii,
1682 4411 1703 4420 ’
1720 4411 1934 4504 Mysi-ia
1960 4411 2015 4472 Ῑ)

323 4506 553 4559 niaxime
578 4515 651 4578 est
681 4505 928 4578 fortitudo
945 4521 964 4559 :
990 4508 1138 4578 cujus
1178 4524 1385 4578 numera
1413 4508 1515 4560 duo
1542 4509 1765 4561 maxima
1790 4520 1930 4575 sunt,

319 4578 513 4629 mortis
542 4576 834 4647 dolorisque
877 4576 1204 4645 contemptio.
1243 4577 1499 4632 Utendum
1528 4588 1599 4631 est
1652 4579 1806 4645 igitur
1830 4580 1927 4642 his.

312 4648 374 4702 si
406 4648 607 4700 uirtutis
633 4656 906 4715 compotes.
939 4649 1018 4702 vel
1066 4649 1255 4716 potius,
1297 4649 1341 4702 si
1392 4650 1487 4702 uiri
1532 4650 1761 4703 volumus
1788 4666 1894 4703 esse
1914 4667 1932 4704 :

314 4718 575 4784 quoniam
623 4734 652 4769 rt
678 4733 820 4773 vrtus
843 4718 1005 4772 virtus
1034 4736 1215 4772 nomen
1267 4730 1339 4773 est
1368 4729 1619 4773 mutuam.
1653 4719 1744 4775 Sic
1767 4721 1930 4777 etiam

318 4789 538 4866 Graecis
558 4791 589 4846 ἡ
609 4786 834 4866 ἀγδριίᾳ,
861 4791 961 4866 iugo
993 4797 1089 4846 τοῦ
1106 4789 1332 4866 Α’Λνδρὸς.
1366 4790 1562 4866 Βετςωι.

402 4858 535 4913 Item
564 4858 753 4932 mulier
774 4858 799 4932 ς
826 4870 881 4914 ut
911 4858 1073 4915 Varro
1099 4858 1482 4932 interpretatur)
1503 4880 1534 4915 α
1562 4863 1795 4919 mollitie.
1823 4865 1929 4921 Sex

316 4944 462 4986 mss.
497 4944 609 4985 rec.
635 4938 690 4984 et
735 4930 801 4983 I2
832 4932 1031 4998 vulgati
1063 4930 1265 4986 addunt
1287 4943 1358 4986 est
1383 4930 1556 4998 dicta;
1584 4932 1678 4987 sed
1707 4934 1925 4990 frustra.

323 5000 464 5055 Vide
507 5000 885 5068 pnncedentia.
923 5000 1015 5057 Hm
1068 5003 1187 5056 dum
1218 5018 1377 5057 voces
1420 5004 1613 5058 absunt
1649 5019 1679 5058 a
1710 5015 1799 5060 vot
1876 5017 1930 5062 et

312 5081 438 5139 opt.
467 5087 598 5144 mss.
642 5075 660 5125 I
697 5071 952 5144 ligarunt
981 5072 1149 5143 Regio
1184 5073 1329 5139 Put.,
1360 5076 1393 5126 4
1434 5075 1505 5128 al.
1553 5073 1711 5144 Reg.,
1745 5077 1777 5130 4
1807 5076 1930 5133 Col-

312 5145 486 5204 beru,
533 5141 690 5204 Pen.,
724 5141 888 5205 Vict.,
920 5141 1305 5208 Gat.,'Marm.,
1363 5141 1841 5205 Clarorn..'Bruu.
1875 5158 1930 5203 et

316 5216 356 5262 7
392 5223 502 5268 vel.
537 5213 718 5267 editis.
747 5213 827 5266 Ad
852 5213 1141 5270 Varronem
1162 5231 1349 5269 omnes
1381 5215 1518 5270 hanc
1540 5216 1927 5274 derivationem

314 5284 603 5348 referunt;
630 5285 804 5351 major
846 5296 1021 5339 cuneo
1054 5302 1184 5341 usus
1213 5288 1369 5341 istius
1407 5288 1556 5342 vocis
1586 5297 1687 5354 est,
1719 5299 1773 5343 ut
1815 5291 1927 5344 viro

316 5357 518 5425 polita,
552 5371 580 5407 a
608 5355 817 5429 virgine
840 5354 1199 5429 discernatur,
1252 5357 1554 5427 praesertim
1592 5359 1733 5429 apud
1763 5360 1925 5416 Jure-

313 5424 620 5481 COnsultos.
653 5425 867 5498 Eadem,
881 5424 997 5498 fere
1023 5424 1346 5496 diifereniia,
1372 5439 1589 5498 quaeest
1608 5424 1747 5497 apud
1770 5431 1923 5487 Grae-

313 5513 438 5572 cos,
457 5498 548 5566 qui
571 5497 821 5572 παρθένον
838 5495 1023 5572 dicunt
1039 5514 1160 5572 eam
1177 5514 1298 5569 quae
1322 5495 1496 5572 virum
1529 5515 1634 5555 non
1646 5495 1805 5571 gesta
1816 5502 1920 5570 vit;

312 5567 539 5641 νύμφην,
560 5567 684 5638 quia
703 5567 933 5642 gestavit
960 5567 1209 5642 quidem,
1241 5569 1335 5642 sed
1361 5586 1423 5624 ex
1451 5586 1516 5624 eo
1547 5567 1919 5642 nnn'peperit;

313 5637 709 5715 yusaasa,_t_tute
734 5637 1179 5715 etiam_peperit;
1209 5641 1303 5697 sed
1328 5649 1512 5715 γραῦν.
1541 5637 1790 5715 quoiam
1825 5637 1922 5712 pa;

312 5710 450 5770 fere
477 5711 669 5771 desiit;
694 5724 815 5780 qua:
839 5710 1141 5773 diﬂ'ercutia
1153 5723 1237 5771 est
1262 5710 1402 5784 apud
1431 5714 1654 5771 Isacium
1671 5710 1917 5793 Tjeetzam

2041 3292 2096 3365 in
2125 3292 2495 3365 Lycophronis
2523 3295 2933 3351 commentario.
2959 3295 3015 3349 In
3033 3292 3214 3348 Sacris
3235 3291 3431 3349 litteris
3450 3294 3644 3364 ἡγύνη,

2039 3362 2153 3421 fere
2171 3362 2290 3421 amt
2313 3373 2404 3422 τοῦ
2424 3368 2621 3440 ἀλόχου
2644 3377 2949 3436 usurpatur.
2976 3367 3176 3422 Βετυι.

2109 3456 2192 3509 Ad
2220 3458 2529 3512 nutrimenta
2570 3459 2822 3512 nascentis
2869 3458 3091 3528 fontibus
3113 3456 3309 3528 lacteis.
3339 3453 3430 3511 Sic
3452 3469 3643 3528 emen-

2041 3526 2161 3580 davi
2184 3542 2251 3582 ex
2276 3529 2582 3583 veterrimis
2606 3545 2737 3583 mss.
2765 3528 2800 3582 2
2826 3526 3060 3594 Bonum,
3083 3528 3271 3591 Cauc.,
3297 3527 3641 3596 Regio—PM"

2039 3597 2109 3668 al.
2143 3599 2178 3653 '5
2222 3598 2382 3668 Reg,
2412 3599 2446 3653 6
2476 3598 2654 3664 Colb.,
2689 3600 2849 3662 Tax.,
2896 3600 3053 3664 Pen.,
3095 3597 3259 3668 Ultr.,
3290 3595 3436 3668 Em.,
3474 3595 3641 3661 Vict.,

2041 3666 2189 3731 Gat.,
2222 3666 2438 3736 Marm.,
2460 3669 2632 3736 Clar.,
2657 3670 2864 3735 Baluz.,
2900 3670 3090 3727 Bruu..
3115 3667 3246 3722 edit.
3281 3667 3457 3721 Betul.
3487 3679 3645 3720 acce-

2043 3738 2206 3794 dente
2234 3740 2258 3793 I
2294 3738 2527 3795 Sorhon.
2563 3740 2613 3794 in
2643 3755 2749 3809 quo
2777 3751 2859 3794 est
2885 3740 2954 3793 ad
2980 3740 3290 3793 nutrimenta
3321 3737 3644 3790 nascentibus

2045 3810 2267 3880 fontibus
2288 3811 2500 3875 lacteis;
2529 3810 2580 3864 in
2600 3812 2636 3865 2
2659 3811 2790 3879 Heg.
2820 3820 2874 3865 et
2902 3811 2969 3865 M
2994 3809 3502 3880 vulgatisnascentis
3525 3810 3642 3880 fou-

2043 3878 2176 3935 tibus
2205 3882 2390 3945 lactis;
2420 3882 2471 3935 in
2501 3881 2535 3937 '5
2561 3883 2633 3935 al.
2664 3878 2822 3936 editis
2854 3882 3181 3935 nascentibus
3220 3879 3447 3950 fontibus
3475 3878 3640 3932 lactis.

2043 3951 2184 4006 Edlti
2233 3968 2498 4007 annorum
2548 3952 2686 4008 M72
2716 3963 2764 4008 et
2801 3952 2941 4009 M78
2988 3953 3187 4007 habent
3228 3953 3390 4006 etiam
3421 3950 3646 4021 fontibus

2044 4022 2597 4078 lacteis.—Fontibus
2627 4024 2821 4078 lacteis.
2855 4026 2944 4079 Sic
2971 4024 3135 4078 ubera
3183 4031 3338 4076 voeat
3360 4064 3373 4083 .
3422 4019 3475 4074 et
3517 4019 3644 4074 Gel—

2044 4093 2179 4154 lius.
2233 4094 2325 4149 lib.
2376 4110 2485 4162 xu,
2533 4110 2651 4163 cap.
2699 4095 2763 4154 1.
2796 4094 2998 4149 fontem
3044 4095 3193 4148 illum
3241 4092 3642 4163 sanctissimum

2035 4166 2279 4236 corporis
2302 4206 2316 4229 ,
2346 4161 2559 4236 generis
2591 4161 2806 4219 humani
2854 4167 3195 4236 educatorem
3225 4205 3238 4227 ,
3275 4173 3385 4218 ctc.
3421 4161 3644 4236 Basilius

2034 4233 2231 4289 Humil.
2276 4236 2309 4290 9
2329 4233 2424 4301 ,vitt
2458 4236 2779 4306 Hexaemer.
2808 4239 3034 4302 ἐπιζήτει
3064 4235 3118 4292 δὲ
3147 4238 3240 4294 τὰς
3262 4238 3446 4294 οἰκείας
3475 4234 3643 4306 πηγᾴς

2032 4308 2414 4380 Eoo-ﬁdunt“,
2464 4316 2567 4361 etc.
2620 4305 3012 4380 S.‘Aitgtts,tin,
3069 4307 3401 4380 t_tlou_less..
3435 4303 3564 4371 cap.
3586 4303 3637 4355 7.

2040 4370 2463 4447 Pulcherrimam
2482 4370 2937 4447 quoqueiube'rum
2959 4392 3077 4430 cum
3104 4370 3642 4447 ftltlibllScomliﬂl‘il‘

2042 4446 2240 4502 tionem
2273 4448 2438 4502 habes
2462 4443 2809 4502 a'Plutareho
2838 4448 2890 4501 in
2926 4447 3089 4501 Paulo
3120 4444 3310 4500 .‘EmiI.
3343 4443 3530 4498 lsa—zus.

2107 4536 2414 4592 Indumenta
2435 4538 2773 4604 verecundior,
2797 4553 2910 4605 qua:
2933 4548 3049 4591 sunt
3071 4535 3310 4605 pudenda
3327 4576 3341 4598 ,
3367 4542 3471 4588 etc.
3508 4531 3641 4605 Vide

2038 4607 2262 4662 Paulum
2315 4608 2541 4677 Ephes.,
2595 4624 2651 4673 v,
2706 4607 2760 4661 4.
2823 4604 3121 4663 Prwclarus
3172 4618 3254 4662 est
3298 4607 3448 4662 locus
3503 4604 3643 4674 apud

2033 4677 2284 4745 AriStot.,
2315 4680 2407 4735 lib.
2440 4696 2509 4735 vn
2555 4680 2743 4746 Polit.,
2776 4695 2898 4751 cap.
2930 4680 3029 4733 ult.

2108 4769 2235 4849 Qua:
2260 4782 2375 4849 sunt
2406 4772 2645 4841 pudenda
2664 4813 2679 4835 ,
2710 4782 2816 4849 etc.
2839 4769 3101 4849 Alfudenda
3122 4810 3145 4849 ,_
3169 4767 3378 4849 virilia‘,
3406 4767 3474 4849 ad
3518 4767 3642 4849 imi-

2033 4842 2293 4919 tationem
2319 4838 2652 4919 Grarcorum,
2677 4842 2969 4919 quiemoia
3004 4841 3301 4919 nominant.
3327 4838 3521 4919 Arist.,
3551 4839 3601 4919 i_u
3624 4854 3644 4893 ι

2029 4916 2099 4965 de
2131 4912 2265 4967 Hist.
2302 4915 2647 4978 animalium,
2682 4909 2853 4969 virilia
2900 4913 3114 4982 propria
3163 4913 3242 4982 sic
3294 4909 3477 4981 vocari
3519 4909 3639 4982 ait»:

2034 4982 2308 5059 lmpiinina
2354 4996 2572 5059 autem,
2620 4987 2864 5059 ὑστέραν.
2903 4979 3025 5039 ’5θὰ
3077 4981 3406 5059 medicorum
3455 4979 3643 5035 schola

2030 5052 2385 5109 dill‘erenliam
2418 5056 2554 5109 hanc
2579 5073 2684 5110 nou
2718 5052 3001 5118 observat,
3034 5053 3316 5121 utriusque
3348 5063 3511 5108 sexus
3538 5067 3642 5120 pu-

2030 5124 2204 5179 denda
2235 5126 2408 5183 αἰδοῖα
2440 5128 2722 5181 nominans
2745 5169 2758 5191 ,
2795 5135 2853 5180 ut
2887 5136 2942 5180 et
2970 5124 3145 5180 Julius
3173 5123 3384 5176 Pollux.

2104 5195 2345 5251 Sterilem
2373 5199 2701 5269 voluptatem.
2744 5190 2802 5254 Id
2830 5205 2946 5263 est,
2977 5196 3094 5252 sine
3121 5208 3217 5265 spe
3247 5193 3435 5264 prolis.
3464 5190 3643 5246 Fusu-

2028 5279 2165 5322 ειυς.

2104 5338 2241 5410 Quid
2270 5338 2477 5410 reliqua:
2499 5340 2728 5408 corporis
2755 5348 2927 5410 partes
2945 5338 2969 5391 1’
2985 5337 3090 5410 Alta
3136 5335 3371 5410 reposui
3389 5350 3456 5392 ex
3473 5348 3638 5410 _mss.

2026 5407 2061 5481 g
2093 5407 2324 5481 Bonnam,
2352 5404 2669 5477 Regio—Pot.
2701 5404 2765 5466 et'
2799 5411 2851 5481 ὅν
2874 5411 2947 5467 al.
2983 5408 3142 5481 RegL.
3196 5407 3232 5481 6
3260 5407 3449 5481 Co_lb.,_
3473 5404 3638 5470 Taxu

2027 5477 2184 5543 Peu.,
2210 5479 2382 5549 Lips.,
2417 5481 2560 5545 Em.,
2583 5481 2795 5543 Marm.,
2820 5477 3087 5549 Clarom.,
3109 5479 3298 5534 Baluz.
3330 5477 3387 5533 In
3421 5478 3455 5549 li
3500 5490 3638 5549 mss.

2025 5559 2079 5603 et
2104 5550 2263 5623 editis
2279 5547 2444 5607 'linm.
2478 5551 2617 5608 1468
2647 5563 2701 5606 et
2727 5553 2900 5617 M70,
2929 5567 3043 5623 qua:
3072 5547 3327 5621 reliquie;
3350 5550 3405 5605 in
3434 5548 3471 5612 2
3498 5547 3633 5617 Βεε-

2023 5630 2078 5675 ct
2110 5621 2176 5674 1‘2.
2202 5623 2477 5693 impressis
2500 5665 2514 5687 ,
2546 5625 2673 5692 Quae
2698 5625 2903 5691 reliqui.

2099 5711 2165 5768 Et
2195 5714 2386 5771 eadem.
2425 5715 2767 5799 lleumaunus
2794 5716 2921 5795 legit
2950 5724 3024 5770 est
3053 5714 3247 5769 eadem.
