4138 6190
532 179 604 237 59
1500 170 1688 232 FIRM.
1729 169 2091 229 LAC'I‘ANTII
2129 170 2264 230 LIB.
2305 169 2393 227 DE
2429 167 2727 228 OPIFICIO
2755 166 2870 225 DEI
3449 212 3459 219 .
3765 163 3833 223 60

533 293 762 352 tioribus
789 293 922 352 toris
944 292 1116 349 valida
1145 289 1445 362 longitudo,
1475 301 1584 360 quo
1607 287 1818 346 facilius
1844 301 1982 342 onus
2004 301 2126 343 cor-
2154 287 2203 348 Α
2230 285 2355 343 dine
2373 325 2388 353 ,
2416 300 2479 342 ac
2504 283 2716 340 modico
2746 281 3026 340 intervallo
3051 281 3251 338 distare
3279 281 3546 338 videatur.
3575 279 3706 336 llaec
3739 294 3832 337 co-

537 388 688 458 poris
731 387 1058 444 sustineret:
1087 400 1248 457 quam
1278 381 1903 462 paulatim'dellcientem
1950 381 2003 437 in
2033 395 2132 436 an-

535 489 750 550 gustum
796 495 969 559 genua
1019 478 1386 535 determinant
1411 519 1425 544 ,
1459 476 1976 548 quorum'decentes
2007 473 2133 529 nodl

536 573 794 628 ﬂexuram
825 571 1083 643 pedibus,
1117 572 1182 626 ad
1210 570 1561 640 gradiendum
1605 569 2011 639 sedendumque
2039 583 2134 639 ap-

515 665 833 732 tissimam,
891 664 1148 734 praebent.
1197 663 1330 718 Item
1370 678 1527 718 crura
1577 678 1683 718 non
1731 662 1925 733 aequali
1974 662 2137 717 modo

536 755 728 820 ducta,
758 771 826 811 ne
856 755 1111 811 indecens
1137 753 1398 810 habitudo
1441 753 1770 808 deformaret
1811 753 1976 824 pedes
1997 792 2013 819 ,
2039 753 2135 808 sed
2167 810 2182 826 ,

539 847 801 902 teretibus
830 847 972 902 suris
1011 847 1306 902 clementer
1329 845 1636 900 extantibus
1656 885 1672 908 ,
1705 845 2012 914 sensimque
2058 851 2136 900 te-

541 938 750 1004 nuatis,
780 947 834 992 et
864 937 1072 992 ﬁrmata
1103 947 1228 992 sunt
1254 947 1309 992 et
1335 944 1543 992 ornata.
1881 1003 1893 1012 .

613 1027 670 1082 ln
703 1028 897 1097 plantis
925 1043 1052 1084 vero
1079 1028 1268 1084 eadem
1313 1027 1529 1098 quidem
1554 1069 1569 1095 ,
1617 1027 1710 1084 sed
1757 1038 1932 1084 tamen
1982 1029 2139 1099 longe

542 1117 744 1188 dispar,
774 1133 934 1189 quam
984 1117 1037 1174 in
1089 1119 1333 1173 manibus
1377 1117 1514 1173 ratio
1562 1129 1646 1174 est
1680 1138 1692 1172 :
1721 1135 1838 1190 quae
1886 1121 2139 1189 quoniam

545 1212 710 1270 totius
739 1213 984 1283 corporis
1011 1213 1162 1283 quasi
1195 1212 1544 1267 fundamenta
1571 1212 2012 1282 sunt,‘,mirilicus
2047 1228 2140 1268 eas

546 1305 742 1360 artifex
773 1321 878 1362 non
908 1305 1137 1361 rotunda
1162 1307 1346 1374 specie
1367 1346 1380 1370 ,
1412 1320 1480 1360 ne
1509 1305 1672 1360 homo
1702 1313 1847 1360 stare
1875 1321 1980 1359 non
2013 1320 2140 1376 pos-

543 1409 662 1465 set,
709 1406 800 1452 aut
829 1398 949 1453 aliis
993 1397 1060 1452 ad
1105 1395 1353 1452 standum
1401 1397 1629 1468 pedibus
1660 1397 1960 1468 indigeret,
2006 1398 2142 1452 sicut

546 1489 955 1562 quadrupedes,
989 1488 1081 1544 sed
1112 1489 1473 1558 porrectiores
1494 1531 1507 1554 ,
1539 1487 1916 1559 longioresque
1947 1489 2146 1543 forma-

549 1585 659 1648 vit,
695 1593 751 1637 ut
792 1582 984 1637 stabile
1013 1598 1209 1652 corpus
1237 1581 1513 1637 efficerent
1561 1582 1783 1651 planitie
1830 1597 1924 1636 sua
1954 1598 1968 1647 ;
2001 1582 2145 1638 unde

2238 391 2354 431 rum
2383 375 2624 445 speciosa
2654 374 2981 444 germanitas
3001 414 3016 436 ,
3043 387 3152 429 non
3182 371 3288 429 levi
3316 371 3629 444 adjumento
3657 371 3836 428 nisum

2236 466 2433 538 pedum
2462 467 2670 535 lirmat;
2699 465 2961 522 concitari
2986 465 3130 520 enim
3161 464 3229 520 ad
3259 480 3475 521 cursum
3508 480 3612 519 non
3647 479 3839 536 possu-

2239 573 2358 612 mus
2409 557 2536 624 nisi,
2586 557 2766 627 digitis
2813 557 2866 610 in
2895 557 3120 610 humum
3156 557 3355 626 pressis
3405 557 3628 627 soloque
3660 557 3840 613 niten-

2240 651 2406 713 tibus,
2441 648 2696 717 impetum
2742 649 3048 718 saltumque
3075 647 3372 717 capiamus.
3420 647 3735 717 EXplimsse
3761 649 3841 704 vi-

2239 741 2368 795 deor
2397 741 2572 794 omnia
2595 782 2608 804 ,
2661 755 2890 811 quorum
2923 740 3057 794 ratio
3086 741 3308 810 intelligi
3343 751 3538 810 potest.
3571 740 3724 796 Nunc
3760 742 3832 797 ad

2239 852 2300 890 ea
2331 836 2523 900 venio,
2552 851 2670 904 qua:
2699 836 2780 890 vel
2811 835 2970 891 dubia
3000 835 3083 889 vel
3111 835 3334 890 obscura
3362 844 3506 890 sunt.

2841 944 3066 1001 CAPUT
3106 945 3244 1000 XIV.

2412 1077 2485 1132 De
2508 1079 2858 1132 intestinorum
2883 1075 3218 1147 quorumdam
3253 1075 3426 1146 ignota
3453 1076 3668 1128 ratione.

2314 1216 2474 1272 Multa
2497 1229 2618 1270 esse
2647 1223 2858 1271 constat
2890 1214 2941 1268 in
2969 1227 3199 1284 corpore
3218 1257 3232 1280 ,
3257 1227 3489 1283 quorum
3514 1213 3644 1278 vim,
3670 1213 3838 1268 ratio-

2246 1323 2473 1376 nemque
2503 1308 2808 1376 perspicere
2857 1320 3043 1370 nemo,
3077 1303 3180 1358 nisi
3221 1305 3310 1374 qui
3341 1303 3498 1372 fecit,
3531 1314 3722 1375 potest.
3755 1304 3844 1360 An

2247 1398 2444 1469 aliquis
2491 1413 2744 1453 enarrare
2769 1412 2828 1452 se
2855 1406 3006 1466 putat
3037 1411 3196 1465 posse
3232 1395 3360 1465 quid
3417 1396 3680 1458 utilitatis,
3710 1396 3842 1466 quid

2246 1493 2467 1548 effectus
2499 1493 2691 1547 habeat
2724 1492 2897 1546 tenuis
2924 1491 3237 1546 membrana
3267 1489 3356 1543 illa
3386 1490 3669 1559 perlucens
3689 1531 3704 1555 ,
3733 1505 3844 1560 qua

2246 1587 2643 1641 circumretitur
2670 1585 2822 1639 alvus
2845 1626 2858 1648 ,
2889 1599 2952 1640 ac
2983 1585 3221 1655 tegitur?
3246 1583 3382 1650 Quid
3412 1599 3603 1638 renum
3631 1585 3851 1655 gemina

549 1677 656 1731 illis
683 1677 907 1731 inditum
941 1692 1134 1730 nomen
1162 1684 1264 1731 est.
1301 1676 1456 1746 Digiti
1482 1691 1636 1745 aeque
1663 1676 1904 1740 totidem,
1935 1686 2066 1747 quot
2088 1678 2140 1732 in
2172 1679 2219 1741 Β
2245 1679 2584 1737 similitudo?
2615 1695 2750 1750 quos
2795 1680 2872 1733 ait
2903 1679 3072 1734 Varro
3101 1679 3172 1732 ita
3203 1677 3411 1742 dictos,
3453 1677 3597 1748 quod
3643 1677 3741 1732 rivi
3771 1678 3844 1734 ab

550 1770 796 1825 manibus
819 1813 834 1836 ,
867 1770 1101 1839 speciem
1132 1770 1320 1839 magis,
1345 1785 1504 1840 quam
1539 1786 1692 1824 usum
1721 1770 1977 1840 majorem
2006 1786 2144 1840 pra:-

547 1861 782 1916 ferentes
805 1903 819 1927 ,
850 1861 1077 1931 ideoque
1104 1871 1158 1916 et
1183 1860 1389 1930 juncti,
1444 1869 1498 1916 et
1543 1861 1731 1916 breves
1756 1901 1771 1923 ,
1797 1870 1852 1916 et
1880 1861 2144 1932 gradatim

549 1954 831 2022 compositi
865 1973 877 2006 :
910 1969 1136 2024 quorum
1169 1955 1258 2024 qui
1287 1962 1371 2008 est
1398 1953 1685 2015 maximus,
1715 1954 1966 2024 quoniam
1995 1954 2144 2010 illum

550 2045 692 2098 sicut
720 2048 772 2098 in
816 2061 976 2098 manu
1007 2044 1242 2099 discerni
1285 2059 1314 2098 a
1346 2044 1557 2098 caeteris
1584 2059 1720 2114 opus
1751 2059 1857 2098 non
1888 2054 2042 2112 erat,
2073 2046 2148 2101 ita

551 2135 605 2190 in
638 2135 882 2191 ordinem
916 2135 1167 2192 redacws
1194 2145 1305 2201 est,
1339 2145 1395 2191 ut
1421 2145 1598 2191 tamen
1631 2137 1697 2192 ab
1727 2137 1846 2192 aliis
1874 2139 2146 2208 magnitu-

2248 1773 2333 1827 his
2357 1773 2597 1828 obscmni
2624 1771 2864 1825 lmmoris
2887 1773 3131 1824 oriantur
3159 1786 3170 1820 :
3202 1768 3344 1838 quod
3366 1779 3448 1824 est
3475 1769 3634 1838 longe
3661 1783 3842 1836 secus,

2247 1865 2370 1935 quia
2399 1865 2567 1934 spinae
2589 1863 2907 1918 altrinsecus
2933 1861 3108 1930 supini
3135 1860 3431 1924 cohaerent,
3460 1870 3516 1916 et
3537 1870 3662 1914 sunt
3683 1860 3750 1914 ab
3773 1864 3857 1916 in-

2252 1955 2461 2012 testinis
2483 1955 2739 2024 separati.
2764 1954 2900 2022 Quid
2929 1952 3108 2022 splen?
3132 1952 3262 2022 quid
3285 1951 3464 2021 jecur?
3492 1967 3614 2021 qua:
3644 1952 3856 2007 viscera

2250 2049 2404 2118 quasi
2422 2063 2488 2104 ex
2508 2047 2828 2104 conturbato
2855 2046 3112 2115 sanguine
3138 2044 3386 2099 videntur
3409 2058 3529 2098 esse
3551 2053 3806 2099 concreta
3832 2059 3849 2096 :

2251 2141 2379 2212 quid
2426 2140 2566 2194 fellis
2609 2140 2976 2193 amarissimns
3004 2137 3218 2208 liquor?
3245 2137 3370 2208 quid
3400 2136 3595 2207 globus
3624 2135 3850 2191 cordis?

1859 2295 1870 2303 _
1915 2233 2272 2291 VARIORUM
2314 2233 2539 2289 NOTIE.

637 2347 839 2400 Valida.
871 2347 1030 2402 Deest
1062 2349 1112 2402 in
1144 2363 1244 2402 ms.
1277 2348 1407 2402 Bov.

631 2419 910 2472 Flexaram
938 2419 1180 2489 pedibus,
1197 2419 1264 2472 ad
1287 2420 1621 2489 gradiendum
1646 2419 2021 2489 sedendumque
2047 2437 2148 2489 ap-

555 2489 802 2560 tissimam
826 2532 840 2555 ,
871 2488 1112 2560 pra’bent.
1161 2488 1250 2545 Sic
1290 2488 1478 2560 legunt
1507 2505 1694 2560 omnes
1743 2495 1906 2544 ferme
1935 2488 2062 2544 mss.
2088 2488 2153 2546 rel.

555 2559 679 2614 edd.
704 2559 774 2613 At
798 2575 925 2614 mss.
957 2560 988 2614 Ξ
1011 2561 1140 2614 Βοη.
1167 2570 1220 2614 et
1247 2559 1381 2623 rec.’,
1419 2563 1436 2614 1
1476 2560 1629 2626 ch.,
1663 2559 1818 2620 Tax.,
1850 2562 1884 2612 9.
1908 2561 2149 2625 Colber.,

555 2631 789 2703 Clarum.
828 2631 1025 2687 habent
1047 2675 1059 2690 .
1087 2633 1341 2702 ﬂexuram
1369 2632 1421 2684 in
1467 2632 1672 2701 pedibus
1719 2633 1787 2684 ad
1814 2633 2152 2703 gradiendam

555 2701 933 2772 sedandumque
957 2703 1279 2772 aptissimum
1303 2719 1450 2756 nsunt
1477 2703 1718 2771 praebent.

632 2771 888 2843 Sed.ll:ec
906 2771 1006 2828 vox
1024 2783 1322 2843 etqnatuor
1336 2774 1821 2842 scquentesdesnnt
1841 2773 1888 2827 in
1906 2790 1986 2829 ms
2013 2774 2148 2828 Bov.

633 2842 782 2914 Suris
813 2843 1080 2898 clementer
1108 2842 1410 2897 extantibus.
1440 2844 1492 2896 Id
1515 2855 1594 2897 est
1621 2845 1811 2897 leniter
1842 2845 2151 2914 prominen-

561 2912 722 2966 tibus.
764 2913 966 2969 Eodem
997 2916 1142 2969 enim
1187 2929 1346 2968 sensu
1390 2914 1658 2968 adverbiis
1687 2912 1974 2982 clementer,
2015 2914 2148 2969 leni-

2255 2349 2500 2415 corporis
2532 2347 2728 2402 fabrica
2760 2361 2958 2414 opere,
3014 2345 3108 2399 lib.
3162 2359 3356 2415 nempe
3404 2360 3458 2408 v,
3503 2358 3624 2412 cap.
3654 2342 3706 2395 2.
3772 2342 3858 2398 Ea:

2254 2413 2546 2475 Berttcsto.
2569 2419 2791 2486 —Quid
2815 2417 3069 2475 utilitatis.
3097 2416 3218 2484 quid
3247 2413 3457 2480 e/fectus
3483 2415 3664 2468 habent
3692 2417 3857 2468 tenuis

2254 2493 2546 2544 membrana
2569 2491 2659 2544 illa
2684 2489 2970 2560 perlucens,
2987 2503 3087 2560 qaa
3103 2487 3514 2560 circumuectitur
3531 2487 3730 2560 alitus:
3743 2495 3851 2540 etc.

2253 2561 2308 2615 ld
2341 2571 2508 2616 totum
2540 2555 2755 2631 copiose
2785 2555 3007 2631 enarrat
3031 2557 3313 2622 Vestlius,
3364 2556 3461 2610 lib.
3496 2573 3524 2608 v
3570 2557 3635 2610 de
3688 2555 3850 2612 llum.

2253 2645 2405 2697 corp.
2437 2629 2650 2696 fabricl,
2687 2645 2806 2699 cap.
2837 2629 2891 2684 2.

2330 2703 2480 2770 Quod
2536 2704 2651 2756 rivi.
2691 2697 2842 2769 Quod
2887 2715 3079 2756 sensus
3121 2698 3357 2770 postulat
3383 2715 3395 2752 :
3421 2697 3472 2751 id
3511 2697 3741 2770 reposui
3781 2713 3852 2754 ex

2258 2769 2541 2845 przccipnis
2564 2789 2696 2827 mss.
2715 2772 2906 2845 viginti
2925 2786 3084 2845 supra
3107 2769 3356 2845 laudatis,
3377 2779 3432 2824 et
3457 2769 3615 2824 editis
3639 2770 3842 2845 Graph.

2256 2839 2311 2900 et
2337 2839 2582 2915 Gymnic.
2614 2845 2672 2899 In
2702 2844 2736 2896 ‘2.
2757 2839 2935 2908 Coll»,
2986 2839 3191 2915 B:ilt_tz.,
3226 2839 3390 2915 Bruti.
3437 2849 3522 2893 est
3553 2856 3690 2915 quos
3721 2841 3855 2915 rivi;

2259 2915 2309 2968 in
2340 2911 2444 2969 uno
2462 2915 2591 2983 Reg.
2644 2915 2941 2969 recentiore
2968 2924 3022 2968 et
3057 2912 3124 2966 15
3155 2911 3570 2983 vulgatis,quasi
3597 2911 3728 2983 rivi:
3752 2911 3855 2964 ἀπὸ

559 2992 653 3062 ter,
683 2985 905 3062 molliter
944 2988 1107 3040 utitur
1138 2986 1463 3062 Lactantius.
1501 2986 1638 3040 Sunt
1681 2995 1763 3040 cst
1795 3002 1915 3054 pars
1964 2981 2147 3055 poste—
2177 2985 2222 3047 C
2255 2995 2342 3062 ego
2371 2981 2784 3062 {Séswul'ortassis
2815 2987 2859 3038 si
2880 2984 3363 3062 Grammaticorum
3393 2981 3845 3062 deductionincre-

562 3053 679 3126 t‘ior
700 3057 901 3119 cruris,
935 3071 1103 3126 eaque
1133 3059 1427 3111 carnosior.

637 3124 701 3178 Et
728 3125 933 3191 ﬁrmata
959 3124 1074 3180 sunt
1098 3138 1142 3182 et
1171 3136 1370 3181 ornata.
1399 3127 1488 3182 Sic
1518 3128 1730 3195 reposui
1761 3144 1824 3182 ex
1856 3125 2015 3182 editis
2056 3127 2156 3181 Be-

563 3195 684 3266 tul.,
731 3195 952 3262 Cellar.,
1000 3198 1213 3253 Walch.
1260 3198 1618 3266 omnibusque
1664 3215 1793 3252 mss.
1846 3207 2036 3264 pneter
2077 3198 2153 3265 2,

562 3265 696 3340 Reg.
745 3283 856 3322 rec.
903 3278 1236 3340 cmicrosque
1284 3273 1420 3340 typis
1450 3265 1715 3334 excusos,
1762 3269 1954 3338 quibus
1982 3279 2066 3324 est
2106 3278 2156 3323 et

561 3338 711 3404 firma
737 3348 854 3392 sunt
878 3349 922 3392 et
943 3352 1142 3394 ornata.

633 3407 892 3476 Corporis.
918 3410 994 3463 lta
1019 3427 1146 3465 mss.
1173 3411 1207 3465 2
1227 3411 1404 3473 Colb.,
1428 3408 1784 3475 Clar0tnont.,
1811 3411 1961 3465 Brun.
1984 3449 1998 3475 ,
2023 3411 2152 3466 Bov.

564 3487 617 3533 et
647 3479 756 3550 alii.
790 3479 1002 3550 Reliqui
1031 3483 1178 3536 multi
1211 3485 1406 3536 habent
1434 3481 1620 3546 aperis.

639 3548 999 3624 Quantam":
1048 3555 1293 3624 majorem
1343 3557 1683 3623 prwferentes.
1736 3552 1810 3606 Ita
1838 3567 1978 3624 cum
2023 3552 2154 3609 edit.

563 3619 746 3688 Rom.,
781 3621 918 3676 1470
945 3634 998 3678 et
1024 3619 1214 3678 Cellar.
1245 3626 1419 3678 cuncti
1451 3619 1582 3677 mss.
1610 3633 1802 3691 prmter
1827 3623 1849 3677 1
1878 3623 2009 3692 Reg.
2045 3639 2153 3677 rec.

562 3703 618 3746 et
663 3693 723 3765 11
761 3694 1035 3764 vulgatos,
1081 3697 1276 3765 quibus
1302 3695 1483 3760 deest,
1517 3696 1783 3765 majorem.
1826 3725 1896 3735 —
1924 3693 2158 3764 Speciem

568 3763 764 3832 magis,
797 3763 952 3832 quam
977 3763 1121 3819 usum
1151 3771 1497 3836 prterea-entes.
1530 3763 1645 3821 Non
1679 3767 1747 3820 ita
1781 3765 2038 3836 Galenus.
2067 3767 2157 3834 qui

569 3847 970 3906 usum_eorum,
999 3847 1052 3891 et
1078 3835 1293 3906 quidem
1327 3839 1615 3890 maximum
1667 3852 1728 3890 ac
1776 3835 2158 3892 multiiormem

568 3903 835 3976 ostendit,
870 3907 962 3960 lib.
1000 3923 1053 3960 ιιι
1077 3903 1236 3976 (ειη).
1271 3907 1304 3961 8
1330 3917 1383 3961 et
1413 3907 1556 3961 alibi.

641 3972 984 4046 Germanitas.
1036 3977 1145 4031 Hoc
1186 3972 1269 4030 est
1320 3981 1555 4031 fraterna
1584 3977 1833 4031 societas.
1882 3976 1971 4031 Sic
2018 3977 2160 4046 apud

571 4044 912 4112 Salvianum—,
946 4047 1084 4102 libro
1114 4064 1147 4100 ll
1177 4059 1359 4102 centra
1390 4049 1700 4113 avaritiam,
1731 4065 1849 4116 cap.
1880 4047 1934 4111 6,
1967 4044 2163 4117 legitur

575 4117 929 4186 Apostolorum
960 4121 1286 4186 germanitas.
1321 4119 1667 4174 "EUMANNUS.

645 4185 851 4241 Nisum.
878 4188 975 4244 Ms.
1009 4189 1136 4244 Bov.
1160 4233 1174 4253 ,
1207 4189 1422 4244 Nixum.

647 4256 1150 4338 Tenuisnmembrana
1177 4261 1268 4338 illa
1299 4259 1773 4338 perltthll8:G_l';I‘CC
1803 4262 2113 4338 Περιτὸναιος
2146 4277 2158 4311 :

573 4327 785 4385 Pollux.
822 4331 988 4401 Hujus
1015 4327 1441 4387 tmtnenclatione
1470 4333 1642 4386 Latini
1672 4327 1917 4387 carentes
1941 4374 1953 4395 ,
1986 4346 2162 4400 graeco

574 4401 790 4456 nomine
833 4414 888 4457 ut
933 4418 1030 4456 suo
1061 4413 1302 4469 utuntur,
1337 4404 1435 4456 nisi
1468 4403 1608 4473 quod
1654 4404 1815 4469 aliqui
1859 4402 2162 4473 abdominis

576 4474 940 4528 membranam
976 4485 1283 4543 nuncupant
1317 4491 1330 4528 :
1359 4490 1388 4527 a
1429 4472 1924 4528 circummuniendo
1954 4472 2166 4527 videtur

574 4558 768 4596 nomen
817 4558 937 4597 esse
982 4544 1309 4608 deductum;
1357 4545 1667 4611 potissimus
1695 4546 1834 4598 cnim
1885 4545 1970 4598 hic
2014 4545 2166 4598 istius

576 4628 704 4668 usus
730 4624 830 4667 est.
861 4613 1028 4669 Gallis
1054 4616 1214 4667 etiam
1243 4615 1436 4667 dicitur
1461 4616 1724 4682 péritoine.
1760 4614 1841 4668 Ea:
1868 4616 2160 4670 Βετυιειο.

651 4684 764 4750 Qua
791 4685 1162 4737 circuniretitur
1188 4685 1353 4738 alvus.
1389 4685 1460 4736 lla
1493 4683 1699 4737 restitui
1747 4702 1813 4738 ex
1867 4687 2168 4740 veterrimis

574 4763 629 4826 et
657 4755 876 4826 Optimis
924 4770 1053 4809 mss.
1084 4755 1119 4807 2
1151 4756 1378 4818 Bonon.,
1410 4755 1754 4826 Regio-Put..
1807 4757 1840 4810 5
1884 4758 1953 4810 al.
2008 4757 2164 4826 ch.,

575 4825 764 4888 Cauc.,
797 4825 952 4891 Tax.,
987 4827 1142 4891 Pen.,
1193 4830 1225 4881 6
1281 4826 1462 4889 Coll»,
1528 4827 1669 4889 Em.,
1715 4825 1877 4892 Ultr.,
1907 4825 2164 4891 Sorhon.,

578 4895 740 4960 Vict.,
770 4897 918 4960 θυι..
953 4897 1164 4962 Maron,
1199 4899 1402 4963 Balnz.,
1447 4897 1708 4960 Clarom.,
1757 4899 1916 4951 Brnu.
1951 4908 2004 4952 et
2033 4899 2166 4953 edit.

579 4966 822 5022 Betuleii.
857 4969 910 5022 ld
940 4977 1052 5033 est,
1106 4971 1418 5023 membrana
1466 4970 1553 5022 illa
1586 4969 1724 5022 sicut
1754 4969 1851 5023 reti
1881 4970 2169 5023 involvitur

577 5040 746 5093 alvus.
778 5040 833 5093 In
867 5054 997 5094 mss.
1029 5055 1136 5093 rec.
1183 5040 1221 5093 2
1260 5039 1418 5110 Reg.,
1449 5040 1746 5108 Calabrig.,
1797 5041 1821 5093 1
1853 5039 2091 5095 Colbcrt.
2138 5054 2168 5094 a

579 5111 810 5164 secunda
844 5127 1036 5174 mautt,
1068 5121 1121 5164 et
1170 5110 1221 5164 in
1268 5111 1682 5180 qnamplurimis
1721 5114 1933 5166 excusis
1959 5121 2042 5164 est
2069 5112 2170 5164 cir-

578 5182 908 5234 camnectitur
939 5183 1102 5235 alvus.
1132 5180 1437 5236 Membrana
1470 5192 1647 5234 autem
1679 5182 1796 5244 illa,
1828 5197 1923 5236 seu
1971 5184 2172 5252 perito—

583 5253 747 5315 nium,
775 5253 1144 5320 complectitur
1170 5252 1548 5314 ventriculum,
1575 5253 1846 5315 intestina,
1871 5262 2168 5316 omentum,

580 5323 960 5376 mesenterium
980 5365 992 5386 ,
1021 5324 1190 5390 jecur,
1227 5323 1422 5378 lienem
1447 5364 1460 5383 ,
1498 5337 1656 5376 renes
1676 5365 1690 5387 ,
1723 5334 2003 5392 utramque
2033 5325 2173 5378 vesi-

580 5409 696 5446 cam
719 5435 733 5455 ,
763 5404 993 5456 utermn,
1021 5405 1074 5448 et
1102 5409 1224 5446 vasa
1255 5394 1470 5448 demum
1500 5409 1854 5462 qumcumquc
1885 5393 2022 5447 inter
2046 5411 2172 5461 sep-

585 5477 692 5517 tum
727 5476 1087 5518 tr.in~.vcrsnm
1111 5476 1163 5517 et
1182 5479 1339 5518 crura
1364 5466 1522 5518 situm
1554 5464 1773 5517 habent.
1801 5464 1866 5517 Et
1895 5465 2018 5519 licet
2044 5467 2174 5518 Lac-

584 5537 808 5588 tantium
844 5537 1056 5587 latuerit
1087 5551 1212 5589 usus
1240 5537 1398 5601 hujus
1431 5551 1478 5586 m
1504 5536 1788 5598 unhranm,
1821 5535 2060 5589 medicos
2091 5545 2172 5588 ta-

587 5622 708 5660 men
743 5607 961 5658 minimi:
991 5609 1161 5669 latuit,
1193 5622 1418 5674 quorum
1446 5607 1582 5658 haud
1608 5606 1941 5671 spernendos
1971 5608 2174 5675 aliquot

585 5686 865 5734 enumerat
892 5677 1132 5732 Andreas
1177 5677 1416 5731 Vcsalius
1458 5680 1509 5730 iu
1542 5676 1798 5744 put-claro
1843 5677 1909 5731 de
1951 5677 2172 5732 llutnani

2186 4373 2240 4433 D

2258 3051 2455 3112 diuitiis.
2493 3057 2597 3113 Sed
2621 3057 2748 3110 mihi
2772 3071 2958 3124 parum
2984 3055 3194 3124 placent
3218 3052 3580 3124 derivationes
3606 3051 3856 3124 ex_Gr.1:-

2258 3129 2358 3191 cis,
2390 3129 2479 3183 ubi
2508 3129 2608 3197 ipsi
2660 3122 2792 3180 alias
2839 3122 2997 3180 istius
3021 3126 3096 3179 rei
3128 3122 3844 3197 non_n_enclatione_s_habent:

2259 3201 2396 3274 sicut
2411 3193 2548 3274 ipsis
2567 3200 2656 3274 ρήν
2676 3213 2854 3260 ovem,
2876 3197 3078 3252 Latinis
3097 3212 3187 3248 ren
3211 3193 3351 3250 idem
3380 3194 3522 3274 quo_d
3550 3193 3656 3247 illis
3679 3202 3852 3268 νέφρος

2259 3265 2575 3342 εἰειιίῆὸθι.’
3044 3340 3051 3342 _
3107 3337 3118 3342 Α
3291 3335 3302 3342 .
3375 3335 3398 3342 Α
3464 3265 3670 3342 Beroe.

2334 3343 2465 3407 Quia
2487 3343 2669 3410 spinae,
2698 3348 2802 3394 etc.
2833 3339 3002 3393 Aliter
3029 3337 3194 3392 Arist.
3223 3335 3323 3392 sub
3371 3335 3530 3391 finem
3574 3335 3728 3406 primi
3777 3335 3846 3393 de

2261 3413 2396 3467 llist.
2424 3413 2769 3466 Animalium.

2336 3484 2473 3550 Quid
2493 3484 2673 3554 splen?
2693 3481 2906 3554 Cumin
2939 3480 3124 3554 splene
3142 3477 3548 3554 multaasparsa;
3572 3477 3678 3554 sint
3704 3485 3851 3531 arte-

2262 3547 2377 3616 riaé,
2417 3547 2654 3608 calorem
2685 3552 2874 3613 recipit
2918 3567 2947 3604 a
2972 3547 3164 3612 corde,
3197 3563 3303 3617 quo
3326 3549 3476 3603 illuni
3524 3547 3852 3604 feculcntttm

2261 3638 2310 3680 ct
2333 3627 2580 3680 limOsum
2611 3625 2923 3694 sanguinem
2952 3623 3120 3691 magis
3147 3621 3351 3690 coquit,
3385 3629 3438 3674 et
3467 3620 3666 3694 ahquid
3699 3635 3856 3674 assu-

2264 3699 2357 3752 mit
2381 3697 2503 3750 inde
2525 3711 2631 3766 quo
2653 3689 2912 3766 nn'tritur:
3046 3689 3064 3691 “
3122 3763 3171 3766 __
3348 3761 3357 3766 _
3391 3734 3436 3766 ._
3502 3689 3708 3766 Beroe.

2337 3767 2472 3833 Quid
2483 3760 2670 3837 jecur?
2699 3765 2861 3832 Quid,
2893 3763 3177 3818 Lactanti?
3205 3761 3390 3817 Nescis
3423 3760 3526 3816 hoc
3552 3763 3854 3837 membrum

2262 3831 2383 3894 esse
2402 3831 2756 3907 generosum?
2789 3839 2961 3890 nescis
3012 3837 3113 3907 hoc
3143 3837 3284 3907 inter
3333 3846 3530 3907 organa
3580 3831 3850 3907 nntritivaa

2269 3904 2518 3977 potentiae
2559 3911 2882 3978 praecipuum
2919 3906 3073 3978 esse?
3113 3905 3288 3960 nescis
3325 3904 3607 3978 oili_c_inam_
3639 3904 3856 3973 sangui-

2271 3973 2390 4033 nis?
2453 3973 2625 4033 nescis
2677 3973 2841 4047 hepar
2885 3979 2932 4030 in
2991 3976 3091 4029 hoc
3131 3977 3259 4047 ipso
3297 3974 3445 4047 cordi
3480 3973 3705 4047 __tratlcre
3729 3990 3858 4047 _tnu-

2267 4061 2387 4104 tuas
2413 4051 2641 4119 operas?
2673 4043 2844 4102 nescis
2876 4047 2926 4102 id
2953 4046 3276 4121 quodhl’lato
3290 4044 3451 4121 dicit,
3480 4043 3595 4121 "03¢
3614 4046 3676 4121 ab
3718 4043 3858 4121 ἧπαρ

2264 4115 2640 4195 πέφυκε-χάριν
2674 4130 2764 4195 τῆς
2794 4115 3071 4191 μαντικῆς-ἲ
3101 4119 3262 4195 Recte
3289 4117 3501 4195 interim
3525 4115 3684 4195 facis,
3714 4115 3858 4194 quod

2266 4187 2534 4260 agimen;
2563 4187 2701 4260 quod
2733 4187 2873 4255 Iuvat
2901 4189 3303 4244 concoctionem
3328 4187 3380 4240 in
3407 4187 3727 4260 ventriculo,
3750 4187 3859 4241 vir-

2267 4257 2379 4316 tute
2409 4257 2658 4316 nimirum
2683 4264 2899 4316 caloris.
3550 4257 3750 4311 BETUL.

2340 4333 2424 4388 Ea:
2461 4336 2754 4386 conturbata
2805 4331 3068 4401 sanguine.
3106 4329 3318 4401 Verum,
3349 4327 3449 4401 hoc
3477 4328 3691 4398 quidem
3745 4337 3852 4394 cst,

2269 4407 2407 4471 quod
2453 4406 2652 4473 jecoris
2680 4400 2976 4458 substantia
3023 4401 3093 4456 sit
3135 4400 3379 4468 sanguini
3408 4414 3579 4473 nuper
3607 4410 3862 4455 concreto

2266 4469 2556 4530 simillima.
3517 4469 3718 4523 BETUL.

2341 4547 2478 4614 Quid
2501 4546 2656 4616 fellis,
2687 4555 2791 4600 etc.
2817 4615 2824 4616 ί
2855 4544 3016 4598 Flava
3059 4542 3187 4616 bilis
3210 4539 3408 4616 _(cujus
3451 4540 3698 4616 vesicula
3742 4540 3862 4594 bilis

2267 4609 2530 4672 folliculus
2552 4617 2776 4680 Latinis,
2800 4615 3002 4670 Graecis
3033 4609 3312 4686 χοληδόεὲος
3337 4609 3658 4686 appellatur)
3688 4612 3861 4666 incre-

2270 4690 2506 4744 dilnliter
2555 4688 2773 4759 quidem
2825 4683 3107 4759 sanitatem
3157 4683 3374 4738 infestat
3418 4699 3440 4759 :_
3477 4683 3862 4759 habet’ﬂtautcn

2268 4761 2427 4814 etiam
2470 4753 2915 4813 sua'commoda.
2971 4755 3102 4809 Nam
3150 4767 3207 4808 nt
3255 4753 3474 4822 sanguis
3521 4754 3862 4822 puriftcetur,

2267 4847 2403 4898 opus
2431 4842 2513 4886 est
2537 4831 2766 4885 derivari
2815 4829 2996 4895 aliquo
3025 4825 3431 4898 [lavamnbilem
3479 4825 3859 4894 copiosiorem.

2273 4895 2363 4955 list
2384 4902 2546 4964 enim,
2584 4911 2640 4954 nt
2662 4901 2829 4968 inquit
2857 4899 2994 4951 Plin.
3021 4898 3090 4950 fel
3122 4895 3448 4968 nihil_a|iud,
3480 4911 3638 4964 quam
3672 4909 3863 4964 purga-

2272 4984 2511 5025 mentum
2541 4965 2757 5040 pcssimi
2811 4969 3106 5037 sanguinis.
3141 4968 3233 5040 Est
3263 4965 3426 5035 igitur
3451 4978 3590 5034 Opus
3612 4976 3863 5033 recepta-

2270 5043 2412 5106 culo,
2443 5045 2494 5094 in
2516 5039 2620 5111 quo
2650 5041 2773 5095 bilis
2801 5051 2854 5093 et
2883 5039 3130 5093 calefacit
3168 5039 3354 5111 hepar,
3401 5045 3456 5090 ct
3485 5045 3867 5111 conservatae

2275 5107 2562 5182 putrescat".
2587 5113 2745 5166 Peltit
2767 5113 2889 5164 item
2919 5111 3305 5182 nutrimentum
3339 5107 3635 5182 inte_stinis_,_
3659 5118 3713 5162 et
3739 5107 3867 5182 abs-

2275 5176 2432 5253 iergit
2469 5185 2842 5238 intestinorum
2893 5185 3102 5236 sorites.
3143 5178 3546 5253 Videdeuhoc
3597 5176 3868 5253 Vesalium

2273 5247 2490 5323 copiose
2508 5256 2858 5307 disserentem
2882 5265 2930 5323 c.
2955 5253 3008 5313 8,
3041 5253 3133 5306 lib.
3160 5266 3192 5303 v
3211 5268 3225 5314 ;
3245 5251 3384 5305 Plin.
3405 5249 3499 5323 libt
3517 5263 3704 5314 xxvttt,
3733 5263 3783 5301 c.
3801 5247 3863 5323 _9,

2278 5319 2569 5379 médicinas
2600 5339 2664 5377 ex
2697 5321 3015 5377 animalibus
3067 5335 3412 5383 enumerans,
3477 5319 3620 5372 Inter
3670 5321 3864 5386 omnia,

2278 5397 2467 5461 inquit,
2499 5396 2798 5448 animalium
2822 5394 2888 5462 {el
2915 5398 3239 5460 prastantius
3259 5395 3312 5445 in
3339 5389 3540 5456 e/fectu.
3592 5389 3687 5444 Est
3719 5391 3869 5462 enim

2279 5467 2358 5519 vis
2384 5465 2500 5535 ejus
2525 5461 2877 5527 cxcalfaccri-,
2938 5466 3205 5525 mordere,
3252 5463 3524 5535 scindere,
3557 5461 3871 5530 extrahere,

2277 5533 2565 5599 discutere,
2600 5549 2702 5590 etc.
3366 5533 3688 5588 BETULEIUS.

2353 5609 2486 5671 Quid
2518 5607 2694 5678 globus
2717 5607 2904 5661 cordis.
2932 5607 3057 5661 Post
3113 5610 3226 5660 hinc
3254 5603 3440 5678 verba,
3467 5619 3628 5678 inaau
3656 5602 3866 5678 exarati

2279 5680 2493 5735 codices
2519 5674 2748 5750 septem,
2776 5677 2986 5735 scilicet
3009 5679 3043 5731 2
3071 5679 3228 5743 Bon.,
3259 5676 3279 5727 1
3314 5675 3473 5745 ch.,
3504 5675 3526 5730 1
3551 5674 3864 5750 δοτὺοηη1

3239 5767 3250 5770 ρ
3280 5761 3312 5770 α
3357 5765 3388 5771 -
3405 5744 3888 5772 idhlw.
