4138 6190
283 199 356 254 65
1281 203 1431 259 CAP.
1473 202 1612 260 XVI.
1654 202 1742 261 DE
1784 203 2018 265 MENTE
2060 208 2148 267 ET
2188 211 2349 269 EJLTS
2390 212 2590 271 SEDE.
3515 228 3590 284 66

277 311 566 368 dixerunt.
598 313 664 368 Et
693 327 824 370 sane
853 315 1184 386 argumentis
1213 319 1576 387 probabilibus
1605 321 1685 375 usi
1712 332 1836 377 sunt
1862 342 1873 377 :
1905 329 1958 387 Λ
1983 339 2142 380 omne
2170 328 2467 394 collustret,
2497 340 2549 385 et
2580 331 2624 386 si
2653 331 2800 401 velit,
2825 337 2992 391 maria
3018 340 3278 408 pervolet,
3305 351 3440 399 terra
3454 361 3500 408 s,
3527 364 3587 404 ac

277 410 592 473 oportuisse
605 407 835 475 scilicet,
857 407 999 477 quod
1021 410 1183 464 totius
1196 411 1440 480 corporis
1459 414 1695 482 regimen
1712 414 1879 471 habe-

274 507 363 553 ret
388 498 569 568 potius
596 499 648 553 in
676 514 910 567 summo,
943 511 1209 573 tamquam
1237 503 1291 558 in
1321 517 1446 560 arce
1476 504 1746 572 habitare;
1780 522 1880 564 nec

270 592 572 662 quidquam
621 608 744 650 esse
788 595 1109 664 sublimius,
1155 613 1315 669 quam
1349 598 1436 667 id,
1483 598 1625 671 quod
1663 602 1881 658 univer-

269 699 391 738 sum
421 686 634 741 ratione
661 686 996 755 moderetur,
1029 689 1168 745 sicut
1194 690 1310 760 ipse
1335 692 1520 747 mundi
1551 693 1801 750 dominus
1822 703 1879 752 et

265 787 454 832 rector
484 777 537 832 in
566 793 781 833 summo
811 787 915 835 est.
947 781 1155 837 Deinde
1183 783 1328 853 quod
1355 798 1548 840 sensus
1577 786 1754 840 omnis
1774 827 1788 852 ,
1821 785 1876 842 id

264 881 354 926 est
382 870 665 938 audiendi,
699 882 753 928 et
793 873 1033 942 videndi,
1061 885 1116 930 et
1141 876 1402 932 odorandi
1430 878 1674 933 ministra
1701 895 1874 935 mem-

264 961 440 1017 brain
461 964 638 1034 capite
664 964 774 1018 sint
796 965 990 1032 locata,
1015 981 1241 1035 quorum
1273 969 1512 1023 omnium
1541 970 1640 1024 via:
1669 986 1774 1025 non
1805 971 1873 1026 ad

260 1067 492 1127 pectus,
524 1058 621 1114 sed
650 1057 717 1114 ad
738 1060 1021 1115 cerebrum
1050 1061 1227 1116 ferant
1253 1079 1265 1116 :
1293 1063 1493 1133 alioqui
1521 1079 1745 1120 necesse
1773 1080 1872 1121 nos

261 1160 415 1206 esset
443 1151 645 1207 tardius
672 1155 905 1218 sentire,
933 1154 1108 1210 donec
1152 1156 1417 1210 sentiendi
1450 1155 1678 1212 facultas
1709 1159 1871 1228 longo

259 1243 464 1298 itinere
479 1259 576 1314 per
601 1245 800 1300 collum
829 1245 893 1300 ad
921 1256 1107 1315 peetus
1135 1261 1302 1317 usque
1331 1248 1701 1304 descenderet.
1725 1249 1762 1304 li
1782 1265 1870 1304 ve~

258 1351 323 1391 ro
348 1345 445 1390 aut
475 1352 584 1392 non
612 1338 867 1406 multum,
899 1350 990 1393 aut
1018 1341 1249 1396 fortasse
1275 1358 1381 1395 non
1409 1351 1613 1396 errant.

330 1429 564 1486 Videtur
585 1431 726 1486 enim
751 1447 922 1497 mens,
946 1448 1064 1501 qua:
1084 1433 1415 1488 dominatum
1433 1436 1676 1504 corporis
1697 1444 1864 1504 tenet,

251 1524 307 1578 in
337 1538 560 1579 summo
587 1525 761 1595 capite
781 1527 1095 1589 constituta,
1125 1538 1394 1598 tamquam
1427 1529 1483 1584 in
1504 1530 1646 1584 coelo
1676 1529 1818 1585 Deus
1849 1549 1862 1584 :

248 1617 350 1671 sed
376 1632 505 1671 cum
537 1624 590 1671 tn
615 1619 794 1684 aliqua
820 1618 890 1672 sit
917 1618 1259 1689 cogitatione,
1303 1636 1608 1676 commeare
1635 1621 1699 1675 ad
1736 1636 1863 1690 pec-

1987 416 2148 471 urbcs
2175 430 2439 489 peragret,
2470 423 2646 476 omnia
2677 423 2928 496 denique,
2970 445 3089 499 quae
3117 431 3358 502 libuerit,
3393 454 3583 504 quam-

1982 508 2062 563 vis
2091 510 2248 581 longe
2264 512 2475 585 lateque
2493 525 2758 574 sununota
2785 521 2912 589 sint,
2942 522 2994 578 in
3020 537 3310 596 conSpectu
3338 530 3437 586 sibi
3463 532 3581 603 ipse

1980 604 2289 661 constituat.

2051 697 2119 753 Et
2146 701 2372 757 miratur
2397 702 2607 775 aliquis,
2641 707 2688 761 si
2715 704 2894 764 divina
2920 724 3076 768 mens
3103 712 3196 769 Dei
3225 730 3322 787 per
3351 718 3571 774 univcr-

1977 804 2067 847 sas
2111 793 2296 850 mundi
2337 806 2520 867 partes
2548 799 2751 855 intenta
2784 802 3073 874 discurrit,
3107 816 3161 862 et
3207 812 3388 866 omnia
3420 815 3577 882 regit,

1977 885 2158 944 omnia
2201 887 2511 943 moderatur
2537 932 2551 956 ,
2596 892 2791 962 ubique
2833 911 3094 964 prtesens,
3125 899 3320 971 ubique
3349 905 3572 972 diffusa;

1975 989 2098 1030 cum
2134 988 2277 1035 tanta
2309 981 2378 1035 sit
2419 983 2498 1037 vis
2541 999 2603 1038 ac
2643 995 2880 1054 potestas
2912 991 3106 1045 mentis
3152 991 3398 1050 humanae
3436 999 3572 1052 intra

1972 1070 2206 1126 mortale
2244 1087 2443 1143 corpus
2491 1075 2712 1132 inclusm
2742 1088 2798 1132 ut
2827 1095 2894 1135 ne
2934 1083 3099 1152 septis
3139 1085 3354 1153 quidem
3396 1092 3576 1159 gravis

1973 1159 2136 1229 hujus
2161 1179 2224 1218 ac
2252 1165 2382 1235 pigri
2412 1173 2674 1236 corporis,
2704 1173 2786 1225 cui
2817 1173 3032 1243 alligata
3063 1186 3165 1242 est,
3192 1182 3430 1235 coerceri
3463 1183 3572 1237 ullo

1972 1264 2131 1322 pacto
2153 1258 2352 1325 possit,
2385 1262 2672 1327 quominus
2701 1264 2799 1318 sibi
2833 1266 3058 1321 liberam
3088 1273 3315 1338 vagandi
3349 1273 3571 1330 faculta-

1971 1352 2110 1407 tem.
2159 1349 2355 1417 quietis
2409 1350 2729 1419 impatiens,
2789 1356 3084 1425 largiatur?
3133 1360 3259 1417 Sive
3302 1364 3461 1434 igitur
3515 1368 3568 1422 in

1969 1438 2144 1507 capite
2176 1454 2325 1493 mens
2354 1439 2575 1509 habitat,
2608 1444 2721 1499 sive
2752 1446 2803 1499 in
2831 1460 3068 1524 pectore,
3104 1462 3350 1520 potestne
3372 1458 3564 1526 aliquis

1967 1531 2425 1600 comprehendere
2449 1577 2463 1599 ,
2510 1552 2628 1603 qua:
2656 1540 2735 1592 vis
2767 1542 2990 1597 rationis
3020 1544 3219 1602 efﬁciat
3243 1590 3258 1614 ,
3290 1559 3347 1604 ut
3373 1566 3565 1608 sensus

1968 1619 2061 1674 ille
2085 1621 2642 1692 incomprehensibilis
2659 1644 2749 1684 aut
2777 1633 2827 1686 in
2850 1635 3078 1690 medulla
3103 1641 3309 1696 cerebri
3340 1643 3562 1714 haereat,

247 1717 361 1774 tus,
393 1718 451 1763 et
477 1709 628 1778 quasi
655 1709 719 1763 ad
741 1719 1009 1764 secretum
1036 1711 1253 1780 aliquod
1279 1712 1550 1780 penetrale
1579 1712 1856 1778 secedere,
1888 1716 1936 1776 B
1963 1721 2056 1766 aut
2103 1714 2152 1767 in
2205 1715 2299 1770 illo
2343 1719 2601 1788 sanguine
2644 1721 2916 1790 bipartito,
2967 1728 3056 1797 qui
3107 1741 3191 1785 est
3233 1733 3468 1789 inclusus
3509 1709 3561 1792 ῑιῇ

243 1809 306 1853 ιιι
349 1800 676 1865 consilium,
711 1808 981 1871 tamquam
1013 1816 1083 1855 ex
1116 1800 1370 1856 thesauro
1414 1802 1693 1858 recondito
1717 1844 1730 1868 ,
1757 1803 1852 1857 eli-

240 1892 352 1948 ciat
377 1907 445 1946 ac
473 1890 743 1962 proferat;
783 1892 1010 1963 ideoque
1040 1908 1160 1948 cum
1192 1892 1384 1948 intenti
1411 1893 1477 1946 ad
1505 1893 1849 1964 cogitandum

239 1999 458 2054 sumus,
487 1995 544 2040 et
575 2001 696 2040 cum
723 2001 876 2041 mens
905 1994 1160 2056 occupata
1204 1987 1256 2040 in
1285 1986 1449 2042 altum
1477 2002 1537 2043 se
1561 1987 1847 2055 abdiderit,

235 2092 420 2148 neque
465 2076 656 2133 audire
681 2093 800 2147 qua:
838 2077 1258 2143 circumsonant,
1292 2094 1466 2148 neque
1496 2078 1698 2146 videre,
1727 2095 1848 2150 qua:

232 2168 482 2232 obstant,
533 2168 790 2223 solemus.
827 2167 882 2222 Id
930 2183 1062 2224 vero
1093 2170 1209 2224 sive
1239 2169 1309 2223 ita
1339 2179 1443 2235 est,
1471 2169 1844 2224 admirandum

231 2260 490 2331 profecto
516 2271 619 2327 est,
652 2261 920 2330 quomodo
948 2262 999 2316 id
1025 2263 1132 2324 tiat,
1158 2278 1278 2317 cum
1301 2261 1366 2317 ad
1391 2275 1578 2331 peetus
1602 2280 1667 2317 ex
1696 2278 1848 2318 cere-

228 2351 335 2407 bro
358 2353 574 2407 nullum
604 2354 706 2408 iter
733 2361 929 2423 pateat.
961 2353 1056 2408 Sin
1079 2363 1258 2408 autem
1295 2370 1399 2408 non
1429 2364 1512 2409 est
1544 2355 1636 2421 ita,
1666 2365 1843 2412 tamen

230 2443 595 2498 nihilominus
616 2444 990 2500 admirandum
1020 2456 1123 2513 εει,
1155 2446 1296 2516 quod
1316 2446 1494 2501 divina
1527 2448 1710 2502 nescio
1740 2465 1844 2519 qua

227 2536 445 2589 ratione
497 2534 617 2601 ﬁat,
654 2546 709 2590 ut
749 2536 818 2589 ita
865 2551 985 2592 esse
1015 2538 1278 2593 videatur.
1322 2539 1404 2593 Au
1448 2549 1622 2608 potest
1648 2541 1844 2612 aliquis

226 2638 339 2678 non
371 2624 659 2690 admirari,
691 2625 834 2695 quod
867 2640 1058 2681 sensus
1082 2627 1175 2682 ille
1206 2627 1359 2683 vivus
1384 2639 1543 2697 atque
1571 2631 1830 2699 caelestis,

225 2717 316 2786 qui
357 2732 551 2783 mens,
582 2719 672 2772 vel
697 2720 907 2774 animus
951 2733 1306 2791 nuncupatur,
1334 2731 1494 2778 tanta:
1523 2724 1834 2782 mobilitatis

225 2815 333 2875 est,
368 2817 431 2862 ut
457 2824 526 2863 ne
552 2817 663 2863 tum
691 2810 929 2879 quidem,
959 2826 1080 2866 cum
1108 2813 1310 2881 sopitus
1335 2824 1439 2881 est,
1463 2817 1827 2886 conquiescat;

225 2908 398 2959 tantae
439 2900 765 2969 celeritatis,
819 2911 878 2958 ut
921 2918 1031 2958 uno
1082 2907 1341 2975 temporis
1389 2916 1587 2976 puncto
1633 2908 1827 2964 caelum
1854 2899 1902 2964 C

1960 1804 2163 1859 corde?
2188 1821 2250 1862 ac
2283 1823 2386 1862 non
2416 1825 2480 1864 ex
2511 1826 2575 1866 eo
2607 1813 2724 1882 ipso
2757 1816 2994 1886 colligat,
3021 1830 3219 1890 quanta
3246 1824 3314 1880 sit
3343 1827 3433 1881 Dei
3465 1844 3558 1893 po-

1959 1902 2124 1951 testas
2147 1938 2162 1963 ,
2192 1900 2333 1968 quod
2365 1902 2576 1958 animus
2606 1919 2664 1959 se
2697 1907 2869 1976 ipsum
2903 1924 3008 1965 non
3050 1913 3214 1982 videt,
3241 1927 3334 1972 aut
3361 1921 3555 1988 qualis,

1956 1998 2048 2044 aut
2075 1989 2160 2044 ubi
2192 1992 2280 2058 sit;
2300 2008 2398 2048 nec
2415 1995 2459 2049 si
2477 1995 2672 2062 videat,
2693 2007 2869 2056 tamen
2905 2007 3210 2076 perSpicere
3229 2014 3421 2081 possit,
3451 2032 3557 2084 quo

1958 2092 2112 2150 pacto
2134 2084 2210 2139 rei
2242 2088 2510 2156 corporali
2541 2104 2626 2144 res
2653 2091 3007 2163 incorporalis
3036 2099 3283 2170 adjuncta
3303 2106 3397 2159 sit?
3426 2106 3552 2164 Sive

1953 2175 2112 2228 etiam
2159 2178 2353 2232 mentis
2383 2179 2532 2234 locus
2560 2183 2738 2238 nullus
2767 2197 2879 2253 est,
2910 2191 3003 2244 sed
3034 2207 3128 2260 per
3157 2204 3322 2250 totum
3354 2214 3551 2270 corpus

1948 2282 2136 2336 sparsa
2163 2269 2450 2337 discurrit,
2479 2274 2620 2340 quod
2651 2287 2706 2330 et
2735 2277 2849 2333 ﬁeri
2877 2291 3076 2351 potest,
3108 2296 3161 2340 et
3186 2303 3216 2342 a
3243 2269 3551 2350 Xenocrate

1949 2356 2186 2414 Platonis
2211 2361 2476 2432 discipulo
2519 2365 2850 2448 disputatum
2879 2382 3001 2439 est,
3043 2375 3307 2448 siquidem
3353 2398 3547 2442 sensus

1949 2450 2000 2504 in
2032 2452 2268 2522 qualibet
2299 2465 2451 2524 parte
2497 2444 2741 2528 corporis
2773 2473 2971 2530 praesto
3018 2444 3135 2533 est,
3173 2487 3273 2527 nec
3302 2476 3427 2545 quid
3478 2479 3548 2533 sit

1947 2558 2100 2599 mens
2123 2545 2245 2609 ista,
2277 2561 2377 2601 nec
2400 2548 2593 2616 qualis,
2626 2553 2847 2624 intelligi
2877 2565 3074 2625 potest,
3106 2575 3228 2616 cum
3259 2565 3330 2619 sit
3355 2577 3545 2625 natura
3609 2585 3617 2594 ‘

1947 2635 2064 2703 ejus
2105 2646 2208 2689 tam
2242 2638 2458 2692 subtilis
2485 2655 2546 2694 ac
2578 2645 2788 2712 tenuis,
2833 2655 2889 2700 ut
2927 2651 3115 2705 solidis
3143 2657 3438 2714 visceribus
3463 2662 3544 2715 in-

1939 2722 2074 2792 fusa,
2109 2728 2249 2793 vivo,
2281 2738 2334 2782 et
2361 2730 2508 2800 quasi
2550 2733 2759 2789 ardenti
2792 2753 2975 2808 sensu,
3002 2745 3260 2802 membris
3287 2751 3542 2809 omnibus

1938 2829 2250 2875 misceatur.

2004 2911 2138 2967 lltud
2169 2923 2349 2971 autem
2378 2929 2526 2985 cave,
2547 2934 2616 2975 ne
2641 2935 2876 2994 unquam
2901 2925 3077 2985 simile
3103 2932 3215 2987 veri
3243 2939 3537 3010 putaveris,

1556 3068 1916 3128 VARIORUM
1954 3071 2185 3128 NOTAE.

298 3203 586 3278 Tamquam
615 3204 666 3257 in
695 3203 1078 3278 arcer/tabitare.
1110 3204 1201 3278 Sic
1223 3219 1353 3262 mss.
1380 3205 1416 3260 2
1437 3205 1569 3278 Reg.
1596 3215 1650 3264 et
1669 3207 1826 3263 Cant.

219 3290 340 3348 cum
379 3277 470 3330 ed.
504 3277 933 3348 peueomnibus.
960 3277 1086 3331 Mss.
1118 3277 1210 3345 25,
1243 3278 1383 3333 inter
1401 3277 1536 3348 quos
1567 3290 1693 3334 sunt
1721 3280 1829 3334 duo

217 3347 608 3421 antiquissimi,
638 3347 836 3401 habent
862 3349 914 3421 in
948 3363 1065 3402 arce
1088 3351 1316 3416 corporis
1346 3366 1364 3402 :
1386 3347 1477 3404 sed
1501 3365 1822 3421 perperam;

215 3417 492 3493 siquidem
523 3433 660 3473 .vox
704 3419 932 3489 corporis
978 3434 1104 3474 mox
1147 3421 1426 3490 praecessit
1467 3417 1618 3477 linea
1659 3438 1824 3493 supe-

215 3503 346 3544 ΙἸΟΙῚ
357 3529 372 3543 .

285 3583 570 3646 Audiendi,
593 3592 639 3637 et
666 3583 885 3651 videndi,
920 3594 966 3638 et
990 3583 1242 3639 odorandi
1266 3583 1499 3640 ministra
1525 3586 1748 3640 membra
1766 3587 1822 3642 in

1939 3213 2673 3305 caeterisgdesideranturduo
2695 3233 2937 3305 extrema
2967 3232 3152 3305 verba,
3183 3237 3235 3294 in
3265 3248 3535 3305 nonnullis

1937 3283 2201 3375 ultimum,
2229 3287 2505 3344 dumtaxat
2534 3293 2631 3375 :‘in
2673 3299 2969 3375 vet;editis

1934 3365 2018 3453 est.
2037 3358 2106 3412 ita
2130 3399 2145 3422 ,
2180 3358 2275 3412 hoc
2319 3370 2506 3453 tamen.
2535 3363 2600 3417 At
2633 3381 2732 3420 ms.
2766 3358 3403 3453 Bovzlsar

1931 3435 2098 3549 au‘tem
2149 3440 2371 3498 nonest,
2429 3449 2520 3487 nec
2567 3445 2732 3492 tamen
2787 3441 3118 3502 nihilominus
3171 3435 3531 3518 adniirariduiii

1931 3512 1982 3549 es
2011 3535 2025 3548 .

1929 3512 2025 3550 est.

2141 3608 2304 3685 utens,
2333 3597 2412 3685 vel
2445 3599 2647 3685 animus
2676 3615 3018 3685 nuncupatur.
3050 3610 3194 3681 Ergo
3219 3633 3316 3685 pro
3337 3626 3526 3683 eodem

213 3657 390 3724 capite
412 3655 514 3707 sint
540 3656 725 3708 locata.
758 3654 816 3708 In
844 3654 1012 3709 tribus
1031 3669 1160 3711 mss.
1181 3671 1291 3712 rec.
1320 3668 1374 3711 et
1395 3657 1644 3713 omnibus
1661 3659 1820 3713 editis

215 3725 416 3800 legitur
449 3725 921 3800 sunt._l_n_0ptimis
955 3727 1284 3800 mss.7Regio
1306 3757 1325 3769 -
1346 3727 1466 3800 Put.
1493 3730 1718 3800 aliisque
1751 3730 1816 3783 15

211 3797 359 3861 sint;
393 3808 559 3852 recte.
602 3796 739 3853 Vide
778 3796 1137 3868 praecedentia
1157 3839 1173 3865 ,
1207 3796 1350 3868 quod
1381 3796 1650 3855 haberet...
1681 3801 1818 3870 quod

211 3867 530 3922 moderetur.

284 3959 545 4034 sedeam
567 3961 623 4015 in
649 3961 823 4034 aliqua
851 3961 917 4034 sit
941 3962 1261 4034 cogitatione.
1287 3962 1365 4034 Ita
1393 3963 1603 4020 restitui
1633 3979 1700 4020 ex
1723 3978 1820 4020 an-

210 4031 535 4107 tiquissimis
547 4046 676 4107 mss,
696 4031 1034 4107 Regio-Pun,
1057 4034 1288 4107 Bonoa.,
1305 4033 1465 4091 Cauc.
1486 4036 1710 4107 aliisque
1728 4036 1814 4091 16.

209 4101 267 4177 lu
297 4103 336 4155 3
354 4116 479 4177 _rec.
507 4113 560 4158 et
583 4104 816 4174 vulgatis
843 4114 925 4160 est
947 4146 962 4170 ,
987 4105 1077 4159 sed
1104 4106 1309 4176 quando
1336 4108 1390 4161 in
1421 4107 1596 4177 aliqua
1624 4101 1697 4162 'sit
1731 4124 1817 4162 co-

209 4173 484 4243 gitatione.
685 4173 699 4174 ί
1117 4173 1126 4176 ’
1507 4173 1516 4177 ⁷
1569 4200 1578 4210 ·

283 4266 556 4339 secedere.
598 4267 688 4323 Sic
715 4269 930 4339 reposui
957 4284 1024 4325 ex
1050 4271 1259 4326 cunctis
1303 4286 1434 4328 mss.
1463 4281 1518 4328 et
1543 4273 1815 4330 veteribus

207 4336 401 4392 editis.
428 4337 483 4392 In
509 4339 542 4393 5
564 4336 795 4409 vulgatis
822 4356 933 4395 rec.
964 4352 1068 4409 est,
1100 4343 1295 4397 cedere.

283 4429 421 4483 Cum
454 4429 520 4504 ad
558 4441 730 4504 pectus
757 4448 820 4484 ea:
843 4432 1186 4504 cerebro,getc.
1222 4433 1384 4504 Ergo,
1414 4434 1656 4489 Lactanti
1680 4477 1693 4502 ,
1725 4444 1814 4491 tua

203 4515 468 4574 censura,
493 4500 820 4571 Pythagoras
850 4505 1006 4572 longe
1040 4500 1340 4567 aberravif,
1372 4507 1459 4574 qui
1489 4500 1686 4560 animae
1710 4510 1808 4561 im-

204 4572 370 4636 perio
394 4570 556 4635 ﬁnes,
585 4588 676 4626 seu
708 4570 966 4628 terminos
993 4589 1088 4628 cor
1112 4587 1164 4629 et
1198 4570 1476 4630 cerebrum
1506 4579 1804 4632 constituit.

204 4642 365 4715 Deus
390 4643 611 4711 spiritus
635 4653 754 4708 est;
783 4660 937 4698 mens
965 4644 1204 4699 divinum
1231 4648 1482 4715 quiddam
1523 4661 1626 4702 est.
1655 4648 1806 4703 Unde

199 4712 484 4791 sequitur,
514 4722 763 4791 _Inentem_
800 4729 896 4769 seu
935 4717 1168 4771 animam
1195 4712 1314 4772 esse
1338 4720 1628 4791 ἀσώματον.
1662 4719 1806 4789 Ergo

200 4783 719 4856 circutttscriptione
751 4785 990 4839 locorum
1030 4802 1183 4841 mens
1213 4803 1348 4856 opus
1374 4783 1594 4843 minime
1621 4783 1801 4844 habét.

199 4854 392 4925 Taceo
418 4854 551 4922 jam,
585 4855 724 4922 quod
763 4857 1044 4911 cerebrum
1086 4854 1280 4913 mentis
1306 4859 1483 4925 sedes,
1509 4876 1612 4914 non
1645 4861 1804 4915 modo

199 4924 462 4994 Spiritum
480 4925 769 4999 animalem
793 4927 864 4980 ita
893 4937 1108 4983 tenuem
1130 4941 1303 4999 parat,
1338 4941 1394 4984 ut
1419 4924 1581 4985 rebus
1608 4930 1802 4986 divinis

199 4995 540 5064 exequendis
566 4998 636 5049 sit
667 4997 890 5052 idoneus
931 5016 944 5050 :
978 4999 1072 5053 sed
1113 4995 1293 5054 etiam
1318 5016 1572 5056 sensuum
1604 5003 1803 5056 instru-

198 5077 389 5138 menta
420 5082 514 5134 per
531 5082 745 5132 nervos,
768 5069 926 5123 veluti
950 5085 1043 5138 per
1057 5068 1324 5126 iuniculos
1345 5071 1633 5126 distribuit.
1659 5073 1804 5128 Utri-

201 5136 340 5212 libet
367 5138 562 5212 anima:
589 5139 725 5207 parti
758 5155 864 5193 non
909 5136 1100 5194 sensus
1129 5143 1289 5196 modo
1320 5152 1506 5212 parent
1531 5144 1751 5198 dictanti
1784 5162 1796 5198 :

197 5209 296 5281 sed
329 5208 394 5261 ad
427 5207 662 5281 ipsarum
689 5219 878 5264 nutum
906 5227 1094 5267 onmes
1121 5207 1363 5281 corporis
1409 5213 1678 5281 particula:
1709 5231 1802 5269 ex-

198 5279 390 5332 cubias
431 5284 615 5346 agunt,
641 5280 852 5348 jussum
893 5279 1261 5350 expectantes.
1292 5279 1422 5338 Nam
1449 5285 1492 5337 si
1534 5286 1796 5350 voluntas,

197 5350 252 5402 id
281 5360 375 5424 est
394 5360 558 5404 rectae
587 5352 809 5406 rationis
844 5352 1109 5408 dictamen
1139 5355 1338 5424 aliquid
1385 5355 1569 5409 videre
1590 5357 1796 5423 jubeat,

197 5429 330 5473 tunc
364 5421 415 5474 in
452 5429 697 5490 promptu
727 5424 1006 5478 oculorum
1035 5421 1270 5480 officium
1297 5434 1398 5481 est.
1429 5421 1630 5480 Eadem
1662 5421 1799 5482 ratio

197 5491 249 5545 in
264 5495 481 5567 czcteris
497 5508 713 5567 quoque
732 5508 986 5548 sensuum
1004 5498 1239 5567 organis,
1253 5498 1492 5562 artubus,
1517 5507 1571 5551 et
1590 5499 1799 5555 caeteris

197 5564 463 5617 membris
491 5574 595 5618 est.
629 5564 954 5622 BETULEIUS.

270 5653 567 5733 Sin‘autem
591 5665 793 5733 nomen
819 5657 913 5715 ita.
942 5657 1022 5716 Ex
1041 5659 1420 5733 vetustissimis
1445 5674 1579 5717 mss.
1597 5659 1799 5733 Regio-

195 5723 344 5796 Pun,
369 5725 404 5785 2
424 5725 662 5799 Bonam,
680 5723 869 5800 Cauc.,
901 5739 1214 5806 septemque
1233 5732 1351 5790 aliis
1379 5733 1451 5790 ita
1479 5723 1714 5798 restitui?
1741 5732 1797 5793 In

1926 3663 2118 3760 acfipit
2151 3663 2456 3760 bactantli‘us
2486 3681 2747 3760 mentem,
2767 3663 3529 3760 ‘et'animurn.USicrsmpeuljii:

1925 3735 2126 3822 eretius
2165 3735 2217 3822 ip
2246 3751 2299 3789 ut
2322 3738 2476 3822 ;_(:‘ic:
2506 3740 2557 3794 in
2589 3735 2777 3799 Somn.
2811 3746 2982 3818 Scip.,
3015 3735 3103 3807 ubi
3130 3735 3395 3820 νῖὶιέζᾱῖἱξ

1924 3804 2140 3859 crobius
2168 3804 2224 3858 d.
2259 3821 2308 3861 c.
2340 3806 2425 3861 14.
2461 3809 2645 3866 Ιελευε.

2009 3872 2114 3930 Vis.
2136 3875 2192 3930 In
2215 3893 2316 3932 ms.
2345 3879 2499 3947 Bov.,
2523 3883 2699 3939 virtus.

1995 3964 2366 4056 é’l'l‘igula.‘Sic'
2390 3987 2491 4028 ms.
2518 3973 2649 4056 Bay.
2679 3977 3011 4056 aliijlligata,
3042 3990 3217 4049 minus
3246 4008 3413 4056 recte.

2438 4060 2538 4132 ilus:
2570 4046 2833 4132 Dovzlullo
2869 4034 3518 4132 indifiiiiﬁfeiitiiﬁéue.

1923 4107 2400 4212 ῑωθξειξξτξξξηιυε
2423 4115 2624 4212 aes
2656 4119 2939 4212 ειιιοεηιοέο
2959 4107 3043 4212 ξς
3063 4107 3519 4212 ,ιβῖξςισξξξδεςῖ

1923 4180 2403 4274 :exAlinibetl.‘-:
2419 4185 2539 4274 ιζιιο
2556 4180 2727 4274 modo.
2761 4193 2850 4249 Sic
2877 4180 3260 4274 ϐοῷλξίῖβξί,

1920 4248 2064 4331 Editi
2111 4263 2238 4348 anAte
2265 4254 2590 4348 Qe‘llariutti,
2631 4262 2736 4315 ullo
2765 4248 3516 4348 pacto:

1920 4322 2044 4400 quia
2076 4322 2238 4409 rqodg
2273 4326 2419 4409 intra,
2433 4322 2722 4409 §9quijur._
2747 4322 2846 4409 dyp
2874 4322 3245 4406 ραεὲάξἏιῆἓιῖ
3266 4322 3518 4409 ’ἑὲἶόἲὲ

1838 4421 1893 4481 D
1919 4393 2170 4481 pia'm..ln
2195 4395 2332 4481 Ven.
2360 4393 2909 4481 1471-,ς95,9ς7.ςι)ίεέ.
2938 4393 3263 4473 mnditia.

1989 4461 2248 4518 Inclusus.
2276 4465 2332 4521 In
2364 4483 2464 4522 ms.
2492 4461 2650 4537 Bov.,
2677 4473 2898 4543 infusus.

1980 4555 2191 4644 Apinius
2223 4573 2278 4611 se
2297 4558 2462 4644 ipsum
2484 4578 2583 4644 non
2613 4563 2765 4644 uidet,
2796 4578 2900 4623 etc.
2928 4571 3192 4644 Purgatus
3219 4589 3273 4636 et
3298 4583 3512 4644 defeca-

1907 4624 2122 4722 tps'hoc
2161 4624 2454 4710 secundum
2497 4624 2763 4722 Plotinum
2798 4624 3192 4722 poteritex-ed“

1908 4694 2157 4762 tholicos,
2189 4699 2365 4754 anima
2393 4716 2424 4754 a
2444 4718 2671 4774 corpore
2693 4694 2880 4764 libe'ra.
2901 4694 3108 4773 Dis—rut...

1979 4786 2535 4878 Qtliocl‘etﬁeﬁ‘poteat.
2578 4797 2668 4854 Sic
2698 4801 2926 4878 resdtuo
2951 4822 3016 4861 ex
3049 4813 3346 4877 potioribus
3370 4835 3503 4878 mss.

1904 4858 2075 4982 ἓῗὶ
2111 4858 2316 4930 Graph.
2344 4861 2401 4918 lu
2430 4866 2548 4921 aliis
2585 4873 2833 4940 estquod
2867 4887 2914 4929 et
2942 4858 3346 4946 e'iiaﬁif'v'éi'ii

1973 4948 2003 4982 a
2062 4971 2075 4982 .

1973 4948 2075 4983 am.

1974 5022 2283 5111 Xenocrate.
2309 5026 2480 5084 Cicer.
2516 5047 2567 5085 ιν
2605 5035 2859 5111 Academ.
2892 5050 3082 5110 qumst.
3118 5049 3293 5104 varias
3329 5055 3506 5111 vario-

2053 5107 2726 5189 sententtasuenumerans
2770 5126 2780 5160 :
2819 5107 2921 5189 An:
2953 5113 3181 5189 (inquit)
3221 5131 3275 5174 ut
3319 5107 3500 5180 Xeno-

1903 5175 2087 5259 crates,
2116 5184 2255 5259 utens
2284 5171 2428 5259 nullo
2455 5189 2684 5259 corpore,
2734 5182 2871 5259 quod
2900 5171 3116 5256 intelligi
3149 5171 3300 5259 quale

1903 5246 2088 5330 ﬂammat,
2105 5309 2114 5318 _
2131 5249 2235 5330 etc.
2250 5239 2552 5330 fcit-terum
2581 5239 2898 5330 .Xeuoeratis
2939 5239 3500 5330 argu‘inejnt-u'mr'ui';

1900 5304 2153 5362 Nemesio
2182 5310 2438 5379 refertur,
2467 5325 2551 5368 est
2581 5319 2681 5372 hoc
2710 5337 2723 5373 :

2056 5419 2212 5502 omne
2237 5434 2412 5502 corpus
2435 5423 2598 5476 alitur.
2617 5429 2790 5480 Anima
2811 5445 2908 5482 non
2931 5434 3102 5502 alitur;

2086 5483 2259 5532 Anima
2282 5483 2448 5547 itaque
2471 5501 2645 5550 corpus
2665 5506 2761 5541 non
2785 5503 2878 5545 est.
2936 5483 2943 5484 ί
2967 5483 3065 5487 Hm
3087 5483 3102 5502 ’
3130 5501 3309 5564 Βετυι..

1977 5589 2259 5684 “quid.
2292 5591 2524 5684 sititnens
2544 5595 2798 5684 ἔρδω-μσς
2817 5603 3002 5684 qualis.
3035 5605 3230 5684 Addidi
3271 5614 3385 5684 ipsa
3427 5633 3492 5673 cx

1901 5669 2266 5759 :e‘t‘ust‘isshe-t
2289 5669 2620 5759 opltimoms:
2674 5669 2993 5759 ltegiO-Pttt.
3044 5678 3150 5737 alio
3176 5669 3303 5742 item
3337 5669 3491 5759 Reg;

1899 5730 1936 5794 2
1959 5731 2138 5802 Colb.,
2167 5730 2537 5809 Emu'Brun"
2568 5749 2624 5798 et
2648 5730 2967 5819 ed.vGraph.
