  <div class='ocr_page' id='page_1' title='image "/cluster/home/n/w/nwhite01/storage/ocr_20150623/7/hvd.32044096580352/039.png"; bbox 0 0 4138 6190; ppageno 0'>
   <div class='ocr_carea' id='block_1_1' title="bbox 549 230 3841 321">
    <p class='ocr_par' dir='ltr' id='par_1_1' title="bbox 549 230 3841 321">
     <span class='ocr_line' id='line_1_1' title="bbox 549 230 3841 321; baseline 0.004 -32"><span class='ocrx_word' id='word_1_1' title='bbox 549 231 620 292; x_wconf 84' lang='lat'><strong>67</strong></span> <span class='ocrx_word' id='word_1_2' title='bbox 1512 230 1702 290; x_wconf 81' lang='lat' dir='ltr'><strong>FlBM.</strong></span> <span class='ocrx_word' id='word_1_3' title='bbox 1744 231 2113 291; x_wconf 80' lang='lat' dir='ltr'><strong>LACTANTlI</strong></span> <span class='ocrx_word' id='word_1_4' title='bbox 2149 233 2279 292; x_wconf 83' lang='lat' dir='ltr'><strong>LIB.</strong></span> <span class='ocrx_word' id='word_1_5' title='bbox 2324 236 2411 294; x_wconf 84' lang='lat' dir='ltr'><strong>DE</strong></span> <span class='ocrx_word' id='word_1_6' title='bbox 2450 236 2741 297; x_wconf 85' lang='lat' dir='ltr'><strong>OPlFlClO</strong></span> <span class='ocrx_word' id='word_1_7' title='bbox 2779 238 2892 296; x_wconf 80' lang='lat' dir='ltr'><strong>DEI</strong></span> <span class='ocrx_word' id='word_1_8' title='bbox 3438 318 3445 321; x_wconf 27' lang='grc' dir='ltr'><em>ι</em></span> <span class='ocrx_word' id='word_1_9' title='bbox 3773 245 3841 303; x_wconf 70' lang='lat'><strong>£8</strong></span> 
     </span>
    </p>
   </div>
   <div class='ocr_carea' id='block_1_2' title="bbox 549 344 2222 417">
    <p class='ocr_par' dir='ltr' id='par_1_2' title="bbox 549 344 2222 417">
     <span class='ocr_line' id='line_1_2' title="bbox 549 344 2222 417; baseline 0.002 -16"><span class='ocrx_word' id='word_1_10' title='bbox 549 347 691 417; x_wconf 77' lang='lat' dir='ltr'><strong>quoi</strong></span> <span class='ocrx_word' id='word_1_11' title='bbox 716 346 1062 401; x_wconf 67' lang='lat' dir='ltr'><strong>Aristoxenus</strong></span> <span class='ocrx_word' id='word_1_12' title='bbox 1082 344 1249 401; x_wconf 76' lang='lat' dir='ltr'><strong>dixit:</strong></span> <span class='ocrx_word' id='word_1_13' title='bbox 1274 344 1502 402; x_wconf 77' lang='lat' dir='ltr'><strong>Mentem</strong></span> <span class='ocrx_word' id='word_1_14' title='bbox 1525 348 1745 403; x_wconf 91' lang='lat' dir='ltr'><strong>omnino</strong></span> <span class='ocrx_word' id='word_1_15' title='bbox 1770 350 1970 403; x_wconf 89' lang='lat' dir='ltr'><strong>nullam</strong></span> <span class='ocrx_word' id='word_1_16' title='bbox 1999 365 2142 414; x_wconf 86' lang='lat' dir='ltr'><strong>esse,</strong></span> <span class='ocrx_word' id='word_1_17' title='bbox 2175 356 2222 413; x_wconf 81' lang='grc' dir='ltr'><strong>Α</strong></span> 
     </span>
    </p>
   </div>
   <div class='ocr_carea' id='block_1_3' title="bbox 551 437 2148 507">
    <p class='ocr_par' dir='ltr' id='par_1_3' title="bbox 551 437 2148 507">
     <span class='ocr_line' id='line_1_3' title="bbox 551 437 2148 507; baseline 0.002 -16"><span class='ocrx_word' id='word_1_18' title='bbox 551 441 645 491; x_wconf 87' lang='lat' dir='ltr'><strong>sed</strong></span> <span class='ocrx_word' id='word_1_19' title='bbox 698 439 848 507; x_wconf 80' lang='lat' dir='ltr'><strong>quasi</strong></span> <span class='ocrx_word' id='word_1_20' title='bbox 886 437 1219 491; x_wconf 79' lang='lat' dir='ltr'><strong>harmoniam</strong></span> <span class='ocrx_word' id='word_1_21' title='bbox 1275 439 1326 491; x_wconf 91' lang='lat' dir='ltr'><strong>in</strong></span> <span class='ocrx_word' id='word_1_22' title='bbox 1375 438 1603 506; x_wconf 84' lang='lat' dir='ltr'><strong>fidibus,</strong></span> <span class='ocrx_word' id='word_1_23' title='bbox 1636 454 1699 494; x_wconf 80' lang='lat' dir='ltr'><strong>ex</strong></span> <span class='ocrx_word' id='word_1_24' title='bbox 1746 440 2148 494; x_wconf 84' lang='lat' dir='ltr'><strong>constructione</strong></span> 
     </span>
    </p>
   </div>
   <div class='ocr_carea' id='block_1_4' title="bbox 549 530 2149 602">
    <p class='ocr_par' dir='ltr' id='par_1_4' title="bbox 549 530 2149 602">
     <span class='ocr_line' id='line_1_4' title="bbox 549 530 2149 602; baseline 0.003 -18"><span class='ocrx_word' id='word_1_25' title='bbox 549 530 811 599; x_wconf 86' lang='lat' dir='ltr'><strong>corporis,</strong></span> <span class='ocrx_word' id='word_1_26' title='bbox 843 540 897 584; x_wconf 90' lang='lat' dir='ltr'><strong>et</strong></span> <span class='ocrx_word' id='word_1_27' title='bbox 925 530 1274 602; x_wconf 79' lang='lat' dir='ltr'><strong>compagibus</strong></span> <span class='ocrx_word' id='word_1_28' title='bbox 1315 531 1579 587; x_wconf 87' lang='lat' dir='ltr'><strong>viscerum</strong></span> <span class='ocrx_word' id='word_1_29' title='bbox 1614 534 1716 587; x_wconf 95' lang='lat' dir='ltr'><strong>vim</strong></span> <span class='ocrx_word' id='word_1_30' title='bbox 1745 532 2011 588; x_wconf 91' lang='lat' dir='ltr'><strong>sentiendi</strong></span> <span class='ocrx_word' id='word_1_31' title='bbox 2035 534 2149 589; x_wconf 77' lang='lat' dir='ltr'><strong>exi-</strong></span> 
     </span>
    </p>
   </div>
   <div class='ocr_carea' id='block_1_5' title="bbox 549 620 2150 695">
    <p class='ocr_par' dir='ltr' id='par_1_5' title="bbox 549 620 2150 695">
     <span class='ocr_line' id='line_1_5' title="bbox 549 620 2150 695; baseline 0.002 -20"><span class='ocrx_word' id='word_1_32' title='bbox 549 630 713 676; x_wconf 81' lang='lat' dir='ltr'><strong>stere.</strong></span> <span class='ocrx_word' id='word_1_33' title='bbox 745 620 927 675; x_wconf 81' lang='lat' dir='ltr'><strong>Musici</strong></span> <span class='ocrx_word' id='word_1_34' title='bbox 949 621 1093 677; x_wconf 93' lang='lat' dir='ltr'><strong>enim</strong></span> <span class='ocrx_word' id='word_1_35' title='bbox 1125 622 1477 678; x_wconf 87' lang='lat' dir='ltr'><strong>intentionem</strong></span> <span class='ocrx_word' id='word_1_36' title='bbox 1501 628 1929 695; x_wconf 89' lang='lat' dir='ltr'><strong>conccntumque</strong></span> <span class='ocrx_word' id='word_1_37' title='bbox 1958 640 2150 680; x_wconf 81' lang='lat' dir='ltr'><strong>nervo-</strong></span> 
     </span>
    </p>
   </div>
   <div class='ocr_carea' id='block_1_6' title="bbox 547 713 2146 785">
    <p class='ocr_par' dir='ltr' id='par_1_6' title="bbox 547 713 2146 785">
     <span class='ocr_line' id='line_1_6' title="bbox 547 713 2146 785; baseline 0.003 -17"><span class='ocrx_word' id='word_1_38' title='bbox 547 727 665 768; x_wconf 91' lang='lat' dir='ltr'><strong>rum</strong></span> <span class='ocrx_word' id='word_1_39' title='bbox 691 713 744 768; x_wconf 92' lang='lat' dir='ltr'><strong>in</strong></span> <span class='ocrx_word' id='word_1_40' title='bbox 786 713 1025 785; x_wconf 91' lang='lat' dir='ltr'><strong>integros</strong></span> <span class='ocrx_word' id='word_1_41' title='bbox 1056 716 1247 771; x_wconf 92' lang='lat' dir='ltr'><strong>modos</strong></span> <span class='ocrx_word' id='word_1_42' title='bbox 1271 757 1287 781; x_wconf 94' lang='lat'><strong>,</strong></span> <span class='ocrx_word' id='word_1_43' title='bbox 1325 717 1443 772; x_wconf 89' lang='lat' dir='ltr'><strong>sine</strong></span> <span class='ocrx_word' id='word_1_44' title='bbox 1475 718 1581 771; x_wconf 88' lang='lat' dir='ltr'><strong>ulla</strong></span> <span class='ocrx_word' id='word_1_45' title='bbox 1621 716 1923 773; x_wconf 85' lang='lat' dir='ltr'><strong>offensione</strong></span> <span class='ocrx_word' id='word_1_46' title='bbox 1950 733 2146 773; x_wconf 83' lang='lat' dir='ltr'><strong>conso—</strong></span> 
     </span>
    </p>
   </div>
   <div class='ocr_carea' id='block_1_7' title="bbox 546 806 2146 884">
    <p class='ocr_par' dir='ltr' id='par_1_7' title="bbox 546 806 2146 884">
     <span class='ocr_line' id='line_1_7' title="bbox 546 806 2146 884; baseline 0.005 -24"><span class='ocrx_word' id='word_1_47' title='bbox 546 808 788 862; x_wconf 86' lang='lat' dir='ltr'><strong>nantium</strong></span> <span class='ocrx_word' id='word_1_48' title='bbox 808 850 824 871; x_wconf 92' lang='lat'><strong>,</strong></span> <span class='ocrx_word' id='word_1_49' title='bbox 854 806 1189 865; x_wconf 82' lang='lat' dir='ltr'><strong>harmoniam</strong></span> <span class='ocrx_word' id='word_1_50' title='bbox 1218 821 1430 866; x_wconf 89' lang='lat' dir='ltr'><strong>vocant.</strong></span> <span class='ocrx_word' id='word_1_51' title='bbox 1473 810 1674 867; x_wconf 80' lang='lat' dir='ltr'><strong>Volunt</strong></span> <span class='ocrx_word' id='word_1_52' title='bbox 1721 812 1882 884; x_wconf 84' lang='lat' dir='ltr'><strong>igitur</strong></span> <span class='ocrx_word' id='word_1_53' title='bbox 1910 813 2146 868; x_wconf 89' lang='lat' dir='ltr'><strong>animum</strong></span> 
     </span>
    </p>
   </div>
   <div class='ocr_carea' id='block_1_8' title="bbox 546 898 2148 975">
    <p class='ocr_par' dir='ltr' id='par_1_8' title="bbox 546 898 2148 975">
     <span class='ocr_line' id='line_1_8' title="bbox 546 898 2148 975; baseline 0.006 -25"><span class='ocrx_word' id='word_1_54' title='bbox 546 898 708 952; x_wconf 88' lang='lat' dir='ltr'><strong>simili</strong></span> <span class='ocrx_word' id='word_1_55' title='bbox 754 899 959 954; x_wconf 86' lang='lat' dir='ltr'><strong>ratione</strong></span> <span class='ocrx_word' id='word_1_56' title='bbox 1009 912 1261 957; x_wconf 80' lang='lat' dir='ltr'><strong>constare</strong></span> <span class='ocrx_word' id='word_1_57' title='bbox 1304 901 1357 957; x_wconf 91' lang='lat' dir='ltr'><strong>in</strong></span> <span class='ocrx_word' id='word_1_58' title='bbox 1404 901 1641 966; x_wconf 88' lang='lat' dir='ltr'><strong>homine,</strong></span> <span class='ocrx_word' id='word_1_59' title='bbox 1670 919 1776 975; x_wconf 92' lang='lat' dir='ltr'><strong>qua</strong></span> <span class='ocrx_word' id='word_1_60' title='bbox 1824 915 1878 959; x_wconf 93' lang='lat' dir='ltr'><strong>et</strong></span> <span class='ocrx_word' id='word_1_61' title='bbox 1921 921 2148 965; x_wconf 81' lang='lat' dir='ltr'><strong>concors</strong></span> 
     </span>
    </p>
   </div>
   <div class='ocr_carea' id='block_1_9' title="bbox 546 988 2147 1066">
    <p class='ocr_par' dir='ltr' id='par_1_9' title="bbox 546 988 2147 1066">
     <span class='ocr_line' id='line_1_9' title="bbox 546 988 2147 1066; baseline 0.004 -22"><span class='ocrx_word' id='word_1_62' title='bbox 546 988 841 1046; x_wconf 77' lang='lat' dir='ltr'><strong>modulatio</strong></span> <span class='ocrx_word' id='word_1_63' title='bbox 869 1001 1081 1047; x_wconf 88' lang='lat' dir='ltr'><strong>constat</strong></span> <span class='ocrx_word' id='word_1_64' title='bbox 1122 994 1173 1047; x_wconf 92' lang='lat' dir='ltr'><strong>in</strong></span> <span class='ocrx_word' id='word_1_65' title='bbox 1220 993 1439 1059; x_wconf 85' lang='lat' dir='ltr'><strong>fidibus;</strong></span> <span class='ocrx_word' id='word_1_66' title='bbox 1470 994 1700 1061; x_wconf 84' lang='lat' dir='ltr'><strong>scilicet,</strong></span> <span class='ocrx_word' id='word_1_67' title='bbox 1734 1006 1789 1049; x_wconf 94' lang='lat' dir='ltr'><strong>ut</strong></span> <span class='ocrx_word' id='word_1_68' title='bbox 1813 995 2147 1066; x_wconf 89' lang='lat' dir='ltr'><strong>singularum</strong></span> 
     </span>
    </p>
   </div>
   <div class='ocr_carea' id='block_1_10' title="bbox 546 1071 2150 1157">
    <p class='ocr_par' dir='ltr' id='par_1_10' title="bbox 546 1071 2150 1157">
     <span class='ocr_line' id='line_1_10' title="bbox 546 1071 2150 1157; baseline 0.002 -17"><span class='ocrx_word' id='word_1_69' title='bbox 546 1071 791 1155; x_wconf 76' lang='lat' dir='ltr'><strong>corporis</strong></span> <span class='ocrx_word' id='word_1_70' title='bbox 838 1087 1067 1155; x_wconf 90' lang='lat' dir='ltr'><strong>partium</strong></span> <span class='ocrx_word' id='word_1_71' title='bbox 1108 1086 1261 1141; x_wconf 84' lang='lat' dir='ltr'><strong>ﬁrma</strong></span> <span class='ocrx_word' id='word_1_72' title='bbox 1292 1087 1603 1156; x_wconf 75' lang='lat' dir='ltr'><strong>coniunctio</strong></span> <span class='ocrx_word' id='word_1_73' title='bbox 1625 1129 1640 1154; x_wconf 95' lang='lat'><strong>,</strong></span> <span class='ocrx_word' id='word_1_74' title='bbox 1675 1089 2150 1157; x_wconf 83' lang='lat' dir='ltr'><strong>membrorumque</strong></span> 
     </span>
    </p>
   </div>
   <div class='ocr_carea' id='block_1_11' title="bbox 546 1177 2148 1249">
    <p class='ocr_par' dir='ltr' id='par_1_11' title="bbox 546 1177 2148 1249">
     <span class='ocr_line' id='line_1_11' title="bbox 546 1177 2148 1249; baseline 0.002 -19"><span class='ocrx_word' id='word_1_75' title='bbox 546 1177 787 1230; x_wconf 92' lang='lat' dir='ltr'><strong>omnium</strong></span> <span class='ocrx_word' id='word_1_76' title='bbox 828 1178 1176 1232; x_wconf 89' lang='lat' dir='ltr'><strong>consentiens</strong></span> <span class='ocrx_word' id='word_1_77' title='bbox 1205 1178 1257 1231; x_wconf 93' lang='lat' dir='ltr'><strong>in</strong></span> <span class='ocrx_word' id='word_1_78' title='bbox 1297 1194 1461 1232; x_wconf 92' lang='lat' dir='ltr'><strong>unum</strong></span> <span class='ocrx_word' id='word_1_79' title='bbox 1510 1177 1702 1249; x_wconf 91' lang='lat' dir='ltr'><strong>vigor,</strong></span> <span class='ocrx_word' id='word_1_80' title='bbox 1748 1187 1951 1233; x_wconf 90' lang='lat' dir='ltr'><strong>motum</strong></span> <span class='ocrx_word' id='word_1_81' title='bbox 1998 1179 2148 1233; x_wconf 91' lang='lat' dir='ltr'><strong>illum</strong></span> 
     </span>
    </p>
   </div>
   <div class='ocr_carea' id='block_1_12' title="bbox 544 1267 2153 1339">
    <p class='ocr_par' dir='ltr' id='par_1_12' title="bbox 544 1267 2153 1339">
     <span class='ocr_line' id='line_1_12' title="bbox 544 1267 2153 1339; baseline 0.003 -18"><span class='ocrx_word' id='word_1_82' title='bbox 544 1268 858 1321; x_wconf 89' lang='lat' dir='ltr'><strong>scnsibilem</strong></span> <span class='ocrx_word' id='word_1_83' title='bbox 892 1267 1090 1330; x_wconf 56' lang='lat' dir='ltr'><strong>faciat,</strong></span> <span class='ocrx_word' id='word_1_84' title='bbox 1121 1269 1470 1339; x_wconf 88' lang='lat' dir='ltr'><strong>animumque</strong></span> <span class='ocrx_word' id='word_1_85' title='bbox 1517 1271 1828 1336; x_wconf 90' lang='lat' dir='ltr'><strong>concinnet,</strong></span> <span class='ocrx_word' id='word_1_86' title='bbox 1860 1271 1999 1325; x_wconf 91' lang='lat' dir='ltr'><strong>sicut</strong></span> <span class='ocrx_word' id='word_1_87' title='bbox 2024 1281 2153 1326; x_wconf 90' lang='lat' dir='ltr'><strong>sunt</strong></span> 
     </span>
    </p>
   </div>
   <div class='ocr_carea' id='block_1_13' title="bbox 544 1360 2151 1432">
    <p class='ocr_par' dir='ltr' id='par_1_13' title="bbox 544 1360 2151 1432">
     <span class='ocr_line' id='line_1_13' title="bbox 544 1360 2151 1432; baseline 0.002 -16"><span class='ocrx_word' id='word_1_88' title='bbox 544 1362 696 1416; x_wconf 86' lang='lat' dir='ltr'><strong>nervi</strong></span> <span class='ocrx_word' id='word_1_89' title='bbox 725 1360 863 1416; x_wconf 85' lang='lat' dir='ltr'><strong>bene</strong></span> <span class='ocrx_word' id='word_1_90' title='bbox 903 1362 1093 1417; x_wconf 87' lang='lat' dir='ltr'><strong>intenti</strong></span> <span class='ocrx_word' id='word_1_91' title='bbox 1134 1362 1200 1417; x_wconf 90' lang='lat' dir='ltr'><strong>ad</strong></span> <span class='ocrx_word' id='word_1_92' title='bbox 1229 1364 1630 1432; x_wconf 89' lang='lat' dir='ltr'><strong>conspirantem</strong></span> <span class='ocrx_word' id='word_1_93' title='bbox 1664 1379 1878 1418; x_wconf 89' lang='lat' dir='ltr'><strong>sonum.</strong></span> <span class='ocrx_word' id='word_1_94' title='bbox 1908 1363 1976 1418; x_wconf 89' lang='lat' dir='ltr'><strong>Et</strong></span> <span class='ocrx_word' id='word_1_95' title='bbox 2013 1365 2151 1420; x_wconf 90' lang='lat' dir='ltr'><strong>sicut</strong></span> 
     </span>
    </p>
   </div>
   <div class='ocr_carea' id='block_1_14' title="bbox 544 1454 2149 1527">
    <p class='ocr_par' dir='ltr' id='par_1_14' title="bbox 544 1454 2149 1527">
     <span class='ocr_line' id='line_1_14' title="bbox 544 1454 2149 1527; baseline 0.002 -17"><span class='ocrx_word' id='word_1_96' title='bbox 544 1454 598 1510; x_wconf 92' lang='lat' dir='ltr'><strong>in</strong></span> <span class='ocrx_word' id='word_1_97' title='bbox 624 1454 835 1518; x_wconf 84' lang='lat' dir='ltr'><strong>fidibus,</strong></span> <span class='ocrx_word' id='word_1_98' title='bbox 862 1469 983 1509; x_wconf 91' lang='lat' dir='ltr'><strong>cum</strong></span> <span class='ocrx_word' id='word_1_99' title='bbox 1003 1455 1205 1527; x_wconf 89' lang='lat' dir='ltr'><strong>aliquid</strong></span> <span class='ocrx_word' id='word_1_100' title='bbox 1223 1465 1316 1511; x_wconf 91' lang='lat' dir='ltr'><strong>aut</strong></span> <span class='ocrx_word' id='word_1_101' title='bbox 1339 1457 1720 1527; x_wconf 90' lang='lat' dir='ltr'><strong>interruptum,</strong></span> <span class='ocrx_word' id='word_1_102' title='bbox 1746 1468 1837 1511; x_wconf 91' lang='lat' dir='ltr'><strong>aut</strong></span> <span class='ocrx_word' id='word_1_103' title='bbox 1855 1458 2149 1513; x_wconf 79' lang='lat' dir='ltr'><strong>relaxatum</strong></span> 
     </span>
    </p>
   </div>
   <div class='ocr_carea' id='block_1_15' title="bbox 542 1545 2151 1612">
    <p class='ocr_par' dir='ltr' id='par_1_15' title="bbox 542 1545 2151 1612">
     <span class='ocr_line' id='line_1_15' title="bbox 542 1545 2151 1612; baseline 0.003 -13"><span class='ocrx_word' id='word_1_104' title='bbox 542 1554 647 1607; x_wconf 90' lang='lat' dir='ltr'><strong>est,</strong></span> <span class='ocrx_word' id='word_1_105' title='bbox 675 1546 850 1599; x_wconf 91' lang='lat' dir='ltr'><strong>omnis</strong></span> <span class='ocrx_word' id='word_1_106' title='bbox 876 1545 1103 1600; x_wconf 85' lang='lat' dir='ltr'><strong>canendi</strong></span> <span class='ocrx_word' id='word_1_107' title='bbox 1138 1546 1274 1601; x_wconf 82' lang='lat' dir='ltr'><strong>ratio</strong></span> <span class='ocrx_word' id='word_1_108' title='bbox 1303 1547 1572 1612; x_wconf 86' lang='lat' dir='ltr'><strong>turbatur,</strong></span> <span class='ocrx_word' id='word_1_109' title='bbox 1604 1557 1657 1602; x_wconf 87' lang='lat' dir='ltr'><strong>et</strong></span> <span class='ocrx_word' id='word_1_110' title='bbox 1685 1547 1913 1602; x_wconf 84' lang='lat' dir='ltr'><strong>solvitur</strong></span> <span class='ocrx_word' id='word_1_111' title='bbox 1947 1569 1958 1602; x_wconf 90' lang='lat'><strong>:</strong></span> <span class='ocrx_word' id='word_1_112' title='bbox 1995 1549 2066 1602; x_wconf 85' lang='lat' dir='ltr'><strong>ita</strong></span> <span class='ocrx_word' id='word_1_113' title='bbox 2095 1548 2151 1605; x_wconf 90' lang='lat' dir='ltr'><strong>in</strong></span> 
     </span>
    </p>
   </div>
   <div class='ocr_carea' id='block_1_16' title="bbox 544 1638 2145 1708">
    <p class='ocr_par' dir='ltr' id='par_1_16' title="bbox 544 1638 2145 1708">
     <span class='ocr_line' id='line_1_16' title="bbox 544 1638 2145 1708; baseline 0 -15"><span class='ocrx_word' id='word_1_114' title='bbox 544 1652 793 1708; x_wconf 87' lang='lat' dir='ltr'><strong>corpore,</strong></span> <span class='ocrx_word' id='word_1_115' title='bbox 821 1652 942 1692; x_wconf 91' lang='lat' dir='ltr'><strong>cum</strong></span> <span class='ocrx_word' id='word_1_116' title='bbox 970 1651 1092 1706; x_wconf 89' lang='lat' dir='ltr'><strong>pars</strong></span> <span class='ocrx_word' id='word_1_117' title='bbox 1112 1639 1288 1708; x_wconf 89' lang='lat' dir='ltr'><strong>aliqua</strong></span> <span class='ocrx_word' id='word_1_118' title='bbox 1316 1639 1682 1694; x_wconf 86' lang='lat' dir='ltr'><strong>membrorum</strong></span> <span class='ocrx_word' id='word_1_119' title='bbox 1708 1638 1921 1693; x_wconf 85' lang='lat' dir='ltr'><strong>duxerit</strong></span> <span class='ocrx_word' id='word_1_120' title='bbox 1939 1638 2145 1704; x_wconf 86' lang='lat' dir='ltr'><strong>vitium,</strong></span> 
     </span>
    </p>
   </div>
   <div class='ocr_carea' id='block_1_17' title="bbox 2833 353 3279 413">
    <p class='ocr_par' dir='ltr' id='par_1_17' title="bbox 2833 353 3279 413">
     <span class='ocr_line' id='line_1_17' title="bbox 2833 353 3279 413; baseline 0.011 -5"><span class='ocrx_word' id='word_1_121' title='bbox 2833 353 3058 411; x_wconf 83' lang='lat' dir='ltr'><strong>CAPUT</strong></span> <span class='ocrx_word' id='word_1_122' title='bbox 3097 355 3279 413; x_wconf 76' lang='lat' dir='ltr'><strong>XVII.‘</strong></span> 
     </span>
    </p>
   </div>
   <div class='ocr_carea' id='block_1_18' title="bbox 2369 475 3716 551">
    <p class='ocr_par' dir='ltr' id='par_1_18' title="bbox 2369 475 3716 551">
     <span class='ocr_line' id='line_1_18' title="bbox 2369 475 3716 551; baseline 0.007 -24"><span class='ocrx_word' id='word_1_123' title='bbox 2369 475 2446 530; x_wconf 87' lang='lat' dir='ltr'><strong>De</strong></span> <span class='ocrx_word' id='word_1_124' title='bbox 2466 477 2650 529; x_wconf 78' lang='lat' dir='ltr'><strong>Anima</strong></span> <span class='ocrx_word' id='word_1_125' title='bbox 2672 518 2687 544; x_wconf 93' lang='lat'><strong>,</strong></span> <span class='ocrx_word' id='word_1_126' title='bbox 2715 477 2877 546; x_wconf 80' lang='lat' dir='ltr'><strong>deque</strong></span> <span class='ocrx_word' id='word_1_127' title='bbox 2904 494 2962 532; x_wconf 79' lang='lat' dir='ltr'><strong>ea</strong></span> <span class='ocrx_word' id='word_1_128' title='bbox 2989 480 3237 533; x_wconf 75' lang='lat' dir='ltr'><strong>sententia</strong></span> <span class='ocrx_word' id='word_1_129' title='bbox 3268 480 3716 551; x_wconf 81' lang='lat' dir='ltr'><strong>philosophorum.</strong></span> 
     </span>
    </p>
   </div>
   <div class='ocr_carea' id='block_1_19' title="bbox 2320 608 3845 685">
    <p class='ocr_par' dir='ltr' id='par_1_19' title="bbox 2320 608 3845 685">
     <span class='ocr_line' id='line_1_19' title="bbox 2320 608 3845 685; baseline 0.005 -19"><span class='ocrx_word' id='word_1_130' title='bbox 2320 608 2574 680; x_wconf 73' lang='lat' dir='ltr'><strong>Superest</strong></span> <span class='ocrx_word' id='word_1_131' title='bbox 2602 610 2670 667; x_wconf 87' lang='lat' dir='ltr'><strong>de</strong></span> <span class='ocrx_word' id='word_1_132' title='bbox 2695 610 2871 666; x_wconf 84' lang='lat' dir='ltr'><strong>anima</strong></span> <span class='ocrx_word' id='word_1_133' title='bbox 2898 610 3097 677; x_wconf 85' lang='lat' dir='ltr'><strong>dicere;</strong></span> <span class='ocrx_word' id='word_1_134' title='bbox 3127 626 3449 684; x_wconf 87' lang='lat' dir='ltr'><strong>quamquam</strong></span> <span class='ocrx_word' id='word_1_135' title='bbox 3478 613 3685 685; x_wconf 87' lang='lat' dir='ltr'><strong>percipi</strong></span> <span class='ocrx_word' id='word_1_136' title='bbox 3709 615 3845 673; x_wconf 86' lang='lat' dir='ltr'><strong>ratio</strong></span> 
     </span>
    </p>
   </div>
   <div class='ocr_carea' id='block_1_20' title="bbox 2250 704 3909 776">
    <p class='ocr_par' dir='ltr' id='par_1_20' title="bbox 2250 704 3909 776">
     <span class='ocr_line' id='line_1_20' title="bbox 2250 704 3909 776; baseline 0.003 -17"><span class='ocrx_word' id='word_1_137' title='bbox 2250 704 2367 773; x_wconf 82' lang='lat' dir='ltr'><strong>ejus</strong></span> <span class='ocrx_word' id='word_1_138' title='bbox 2391 713 2446 759; x_wconf 91' lang='lat' dir='ltr'><strong>et</strong></span> <span class='ocrx_word' id='word_1_139' title='bbox 2473 714 2661 759; x_wconf 88' lang='lat' dir='ltr'><strong>natura</strong></span> <span class='ocrx_word' id='word_1_140' title='bbox 2691 720 2796 760; x_wconf 87' lang='lat' dir='ltr'><strong>non</strong></span> <span class='ocrx_word' id='word_1_141' title='bbox 2831 706 3019 776; x_wconf 78' lang='lat' dir='ltr'><strong>possit.</strong></span> <span class='ocrx_word' id='word_1_142' title='bbox 3052 705 3165 761; x_wconf 79' lang='lat' dir='ltr'><strong>Nec</strong></span> <span class='ocrx_word' id='word_1_143' title='bbox 3207 704 3331 762; x_wconf 89' lang='lat' dir='ltr'><strong>ideo</strong></span> <span class='ocrx_word' id='word_1_144' title='bbox 3362 714 3538 762; x_wconf 91' lang='lat' dir='ltr'><strong>tamen</strong></span> <span class='ocrx_word' id='word_1_145' title='bbox 3570 708 3833 764; x_wconf 86' lang='lat' dir='ltr'><strong>immorta-</strong></span> <span class='ocrx_word' id='word_1_146' title='bbox 3904 712 3909 717; x_wconf 84' lang='grc'><em>’</em></span> 
     </span>
    </p>
   </div>
   <div class='ocr_carea' id='block_1_21' title="bbox 2250 798 3847 874">
    <p class='ocr_par' dir='ltr' id='par_1_21' title="bbox 2250 798 3847 874">
     <span class='ocr_line' id='line_1_21' title="bbox 2250 798 3847 874; baseline 0.003 -20"><span class='ocrx_word' id='word_1_147' title='bbox 2250 798 2356 854; x_wconf 92' lang='lat' dir='ltr'><strong>lem</strong></span> <span class='ocrx_word' id='word_1_148' title='bbox 2385 812 2507 855; x_wconf 88' lang='lat' dir='ltr'><strong>esse</strong></span> <span class='ocrx_word' id='word_1_149' title='bbox 2528 801 2761 854; x_wconf 91' lang='lat' dir='ltr'><strong>animam</strong></span> <span class='ocrx_word' id='word_1_150' title='bbox 2780 817 2885 854; x_wconf 88' lang='lat' dir='ltr'><strong>non</strong></span> <span class='ocrx_word' id='word_1_151' title='bbox 2909 800 3279 872; x_wconf 79' lang='lat' dir='ltr'><strong>intelligimus;</strong></span> <span class='ocrx_word' id='word_1_152' title='bbox 3309 802 3561 872; x_wconf 89' lang='lat' dir='ltr'><strong>quoniam</strong></span> <span class='ocrx_word' id='word_1_153' title='bbox 3589 801 3847 874; x_wconf 87' lang='lat' dir='ltr'><strong>quidquid</strong></span> 
     </span>
    </p>
   </div>
   <div class='ocr_carea' id='block_1_22' title="bbox 2251 894 3849 964">
    <p class='ocr_par' dir='ltr' id='par_1_22' title="bbox 2251 894 3849 964">
     <span class='ocr_line' id='line_1_22' title="bbox 2251 894 3849 964; baseline 0.002 -16"><span class='ocrx_word' id='word_1_154' title='bbox 2251 894 2431 964; x_wconf 88' lang='lat' dir='ltr'><strong>viget,</strong></span> <span class='ocrx_word' id='word_1_155' title='bbox 2478 904 2837 964; x_wconf 87' lang='lat' dir='ltr'><strong>moveturque</strong></span> <span class='ocrx_word' id='word_1_156' title='bbox 2881 908 2974 964; x_wconf 90' lang='lat' dir='ltr'><strong>per</strong></span> <span class='ocrx_word' id='word_1_157' title='bbox 3000 907 3059 948; x_wconf 90' lang='lat' dir='ltr'><strong>se</strong></span> <span class='ocrx_word' id='word_1_158' title='bbox 3086 907 3336 963; x_wconf 89' lang='lat' dir='ltr'><strong>semper,</strong></span> <span class='ocrx_word' id='word_1_159' title='bbox 3370 909 3469 950; x_wconf 90' lang='lat' dir='ltr'><strong>nec</strong></span> <span class='ocrx_word' id='word_1_160' title='bbox 3497 894 3715 960; x_wconf 78' lang='lat' dir='ltr'><strong>videri,</strong></span> <span class='ocrx_word' id='word_1_161' title='bbox 3755 902 3849 951; x_wconf 88' lang='lat' dir='ltr'><strong>aut</strong></span> 
     </span>
    </p>
   </div>
   <div class='ocr_carea' id='block_1_23' title="bbox 2254 985 3847 1057">
    <p class='ocr_par' dir='ltr' id='par_1_23' title="bbox 2254 985 3847 1057">
     <span class='ocr_line' id='line_1_23' title="bbox 2254 985 3847 1057; baseline 0 -16"><span class='ocrx_word' id='word_1_162' title='bbox 2254 987 2395 1057; x_wconf 82' lang='lat' dir='ltr'><strong>tangi</strong></span> <span class='ocrx_word' id='word_1_163' title='bbox 2424 994 2621 1057; x_wconf 84' lang='lat' dir='ltr'><strong>potest,</strong></span> <span class='ocrx_word' id='word_1_164' title='bbox 2647 995 2908 1041; x_wconf 75' lang='lat' dir='ltr'><strong>teternum</strong></span> <span class='ocrx_word' id='word_1_165' title='bbox 2937 985 3007 1040; x_wconf 89' lang='lat' dir='ltr'><strong>sit</strong></span> <span class='ocrx_word' id='word_1_166' title='bbox 3028 1000 3251 1041; x_wconf 89' lang='lat' dir='ltr'><strong>necesse</strong></span> <span class='ocrx_word' id='word_1_167' title='bbox 3276 994 3377 1040; x_wconf 89' lang='lat' dir='ltr'><strong>est.</strong></span> <span class='ocrx_word' id='word_1_168' title='bbox 3407 985 3546 1054; x_wconf 88' lang='lat' dir='ltr'><strong>Quid</strong></span> <span class='ocrx_word' id='word_1_169' title='bbox 3574 994 3754 1041; x_wconf 89' lang='lat' dir='ltr'><strong>autem</strong></span> <span class='ocrx_word' id='word_1_170' title='bbox 3779 986 3847 1041; x_wconf 91' lang='lat' dir='ltr'><strong>sit</strong></span> 
     </span>
    </p>
   </div>
   <div class='ocr_carea' id='block_1_24' title="bbox 2253 1076 3845 1148">
    <p class='ocr_par' dir='ltr' id='par_1_24' title="bbox 2253 1076 3845 1148">
     <span class='ocr_line' id='line_1_24' title="bbox 2253 1076 3845 1148; baseline 0 -14"><span class='ocrx_word' id='word_1_171' title='bbox 2253 1078 2452 1144; x_wconf 88' lang='lat' dir='ltr'><strong>anima,</strong></span> <span class='ocrx_word' id='word_1_172' title='bbox 2483 1076 2718 1132; x_wconf 79' lang='lat' dir='ltr'><strong>nondum</strong></span> <span class='ocrx_word' id='word_1_173' title='bbox 2749 1077 2889 1133; x_wconf 91' lang='lat' dir='ltr'><strong>inter</strong></span> <span class='ocrx_word' id='word_1_174' title='bbox 2925 1077 3277 1148; x_wconf 88' lang='lat' dir='ltr'><strong>philosophos</strong></span> <span class='ocrx_word' id='word_1_175' title='bbox 3312 1080 3585 1143; x_wconf 86' lang='lat' dir='ltr'><strong>convenit,</strong></span> <span class='ocrx_word' id='word_1_176' title='bbox 3617 1094 3718 1135; x_wconf 89' lang='lat' dir='ltr'><strong>nec</strong></span> <span class='ocrx_word' id='word_1_177' title='bbox 3746 1095 3845 1134; x_wconf 85' lang='lat' dir='ltr'><strong>un-</strong></span> 
     </span>
    </p>
   </div>
   <div class='ocr_carea' id='block_1_25' title="bbox 2252 1170 3842 1244">
    <p class='ocr_par' dir='ltr' id='par_1_25' title="bbox 2252 1170 3842 1244">
     <span class='ocr_line' id='line_1_25' title="bbox 2252 1170 3842 1244; baseline 0.002 -19"><span class='ocrx_word' id='word_1_178' title='bbox 2252 1187 2412 1242; x_wconf 83' lang='lat' dir='ltr'><strong>quam</strong></span> <span class='ocrx_word' id='word_1_179' title='bbox 2434 1170 2662 1227; x_wconf 81' lang='lat' dir='ltr'><strong>fortasse</strong></span> <span class='ocrx_word' id='word_1_180' title='bbox 2687 1173 2992 1227; x_wconf 90' lang='lat' dir='ltr'><strong>conveniet.</strong></span> <span class='ocrx_word' id='word_1_181' title='bbox 3018 1172 3227 1227; x_wconf 87' lang='lat' dir='ltr'><strong>Etenim</strong></span> <span class='ocrx_word' id='word_1_182' title='bbox 3258 1171 3349 1227; x_wconf 86' lang='lat' dir='ltr'><strong>alii</strong></span> <span class='ocrx_word' id='word_1_183' title='bbox 3377 1172 3691 1244; x_wconf 89' lang='lat' dir='ltr'><strong>sanguinem</strong></span> <span class='ocrx_word' id='word_1_184' title='bbox 3718 1186 3842 1228; x_wconf 89' lang='lat' dir='ltr'><strong>esse</strong></span> 
     </span>
    </p>
   </div>
   <div class='ocr_carea' id='block_1_26' title="bbox 2254 1263 3847 1334">
    <p class='ocr_par' dir='ltr' id='par_1_26' title="bbox 2254 1263 3847 1334">
     <span class='ocr_line' id='line_1_26' title="bbox 2254 1263 3847 1334; baseline 0.002 -17"><span class='ocrx_word' id='word_1_185' title='bbox 2254 1263 2539 1329; x_wconf 80' lang='lat' dir='ltr'><strong>dixerunt,</strong></span> <span class='ocrx_word' id='word_1_186' title='bbox 2586 1263 2676 1319; x_wconf 88' lang='lat' dir='ltr'><strong>alii</strong></span> <span class='ocrx_word' id='word_1_187' title='bbox 2703 1265 2903 1334; x_wconf 89' lang='lat' dir='ltr'><strong>ignem,</strong></span> <span class='ocrx_word' id='word_1_188' title='bbox 2935 1263 3025 1318; x_wconf 88' lang='lat' dir='ltr'><strong>alii</strong></span> <span class='ocrx_word' id='word_1_189' title='bbox 3068 1273 3325 1329; x_wconf 89' lang='lat' dir='ltr'><strong>ventum;</strong></span> <span class='ocrx_word' id='word_1_190' title='bbox 3359 1265 3502 1319; x_wconf 86' lang='lat' dir='ltr'><strong>unde</strong></span> <span class='ocrx_word' id='word_1_191' title='bbox 3533 1265 3732 1331; x_wconf 86' lang='lat' dir='ltr'><strong>anima,</strong></span> <span class='ocrx_word' id='word_1_192' title='bbox 3764 1265 3847 1320; x_wconf 88' lang='lat' dir='ltr'><strong>vel</strong></span> 
     </span>
    </p>
   </div>
   <div class='ocr_carea' id='block_1_27' title="bbox 2253 1357 3851 1433">
    <p class='ocr_par' dir='ltr' id='par_1_27' title="bbox 2253 1357 3851 1433">
     <span class='ocr_line' id='line_1_27' title="bbox 2253 1357 3851 1433; baseline 0.003 -24"><span class='ocrx_word' id='word_1_193' title='bbox 2253 1357 2463 1413; x_wconf 89' lang='lat' dir='ltr'><strong>animus</strong></span> <span class='ocrx_word' id='word_1_194' title='bbox 2488 1372 2681 1413; x_wconf 88' lang='lat' dir='ltr'><strong>nomen</strong></span> <span class='ocrx_word' id='word_1_195' title='bbox 2704 1359 2929 1427; x_wconf 86' lang='lat' dir='ltr'><strong>accepit,</strong></span> <span class='ocrx_word' id='word_1_196' title='bbox 2954 1358 3097 1429; x_wconf 88' lang='lat' dir='ltr'><strong>quod</strong></span> <span class='ocrx_word' id='word_1_197' title='bbox 3122 1357 3312 1414; x_wconf 74' lang='lat' dir='ltr'><strong>Grtece</strong></span> <span class='ocrx_word' id='word_1_198' title='bbox 3340 1368 3533 1414; x_wconf 90' lang='lat' dir='ltr'><strong>ventus</strong></span> <span class='ocrx_word' id='word_1_199' title='bbox 3562 1357 3745 1433; x_wconf 79' lang='grc' dir='ltr'><strong>ἅνέμος</strong></span> <span class='ocrx_word' id='word_1_200' title='bbox 3770 1360 3851 1414; x_wconf 91' lang='lat' dir='ltr'><strong>di-</strong></span> 
     </span>
    </p>
   </div>
   <div class='ocr_carea' id='block_1_28' title="bbox 2253 1448 3852 1522">
    <p class='ocr_par' dir='ltr' id='par_1_28' title="bbox 2253 1448 3852 1522">
     <span class='ocr_line' id='line_1_28' title="bbox 2253 1448 3852 1522; baseline 0.003 -20"><span class='ocrx_word' id='word_1_201' title='bbox 2253 1448 2426 1513; x_wconf 89' lang='lat' dir='ltr'><strong>citur;</strong></span> <span class='ocrx_word' id='word_1_202' title='bbox 2448 1463 2547 1503; x_wconf 90' lang='lat' dir='ltr'><strong>nec</strong></span> <span class='ocrx_word' id='word_1_203' title='bbox 2568 1449 2783 1503; x_wconf 90' lang='lat' dir='ltr'><strong>illorum</strong></span> <span class='ocrx_word' id='word_1_204' title='bbox 2809 1459 2985 1505; x_wconf 90' lang='lat' dir='ltr'><strong>tamen</strong></span> <span class='ocrx_word' id='word_1_205' title='bbox 3010 1450 3292 1519; x_wconf 84' lang='lat' dir='ltr'><strong>quisquam</strong></span> <span class='ocrx_word' id='word_1_206' title='bbox 3317 1449 3520 1506; x_wconf 81' lang='lat' dir='ltr'><strong>dixisse</strong></span> <span class='ocrx_word' id='word_1_207' title='bbox 3549 1451 3749 1522; x_wconf 87' lang='lat' dir='ltr'><strong>aliquid</strong></span> <span class='ocrx_word' id='word_1_208' title='bbox 3772 1453 3852 1506; x_wconf 89' lang='lat' dir='ltr'><strong>vi-</strong></span> 
     </span>
    </p>
   </div>
   <div class='ocr_carea' id='block_1_29' title="bbox 2254 1539 3853 1612">
    <p class='ocr_par' dir='ltr' id='par_1_29' title="bbox 2254 1539 3853 1612">
     <span class='ocr_line' id='line_1_29' title="bbox 2254 1539 3853 1612; baseline 0.002 -17"><span class='ocrx_word' id='word_1_209' title='bbox 2254 1539 2429 1595; x_wconf 85' lang='lat' dir='ltr'><strong>detur.</strong></span> <span class='ocrx_word' id='word_1_210' title='bbox 2460 1540 2577 1595; x_wconf 88' lang='lat' dir='ltr'><strong>Non</strong></span> <span class='ocrx_word' id='word_1_211' title='bbox 2610 1540 2776 1607; x_wconf 92' lang='lat' dir='ltr'><strong>enim,</strong></span> <span class='ocrx_word' id='word_1_212' title='bbox 2808 1542 2850 1595; x_wconf 93' lang='lat' dir='ltr'><strong>si</strong></span> <span class='ocrx_word' id='word_1_213' title='bbox 2883 1541 3060 1596; x_wconf 90' lang='lat' dir='ltr'><strong>anima</strong></span> <span class='ocrx_word' id='word_1_214' title='bbox 3088 1543 3346 1612; x_wconf 90' lang='lat' dir='ltr'><strong>sanguine</strong></span> <span class='ocrx_word' id='word_1_215' title='bbox 3392 1549 3485 1596; x_wconf 86' lang='lat' dir='ltr'><strong>aut</strong></span> <span class='ocrx_word' id='word_1_216' title='bbox 3526 1557 3623 1612; x_wconf 88' lang='lat' dir='ltr'><strong>per</strong></span> <span class='ocrx_word' id='word_1_217' title='bbox 3654 1541 3853 1598; x_wconf 80' lang='lat' dir='ltr'><strong>vulnus</strong></span> 
     </span>
    </p>
   </div>
   <div class='ocr_carea' id='block_1_30' title="bbox 2254 1630 3852 1704">
    <p class='ocr_par' dir='ltr' id='par_1_30' title="bbox 2254 1630 3852 1704">
     <span class='ocr_line' id='line_1_30' title="bbox 2254 1630 3852 1704; baseline 0.001 -18"><span class='ocrx_word' id='word_1_218' title='bbox 2254 1630 2444 1698; x_wconf 81' lang='lat' dir='ltr'><strong>elfuso,</strong></span> <span class='ocrx_word' id='word_1_219' title='bbox 2477 1641 2566 1686; x_wconf 91' lang='lat' dir='ltr'><strong>aut</strong></span> <span class='ocrx_word' id='word_1_220' title='bbox 2595 1631 2824 1687; x_wconf 79' lang='lat' dir='ltr'><strong>febrium</strong></span> <span class='ocrx_word' id='word_1_221' title='bbox 2853 1632 3032 1687; x_wconf 87' lang='lat' dir='ltr'><strong>calore</strong></span> <span class='ocrx_word' id='word_1_222' title='bbox 3057 1643 3400 1704; x_wconf 86' lang='lat' dir='ltr'><strong>consumpto,</strong></span> <span class='ocrx_word' id='word_1_223' title='bbox 3426 1634 3641 1689; x_wconf 80' lang='lat' dir='ltr'><strong>videtur</strong></span> <span class='ocrx_word' id='word_1_224' title='bbox 3668 1634 3852 1690; x_wconf 76' lang='lat' dir='ltr'><strong>extin-</strong></span> 
     </span>
    </p>
   </div>
   <div class='ocr_carea' id='block_1_31' title="bbox 546 1722 3851 1812">
    <p class='ocr_par' dir='ltr' id='par_1_31' title="bbox 546 1722 3851 1812">
     <span class='ocr_line' id='line_1_31' title="bbox 546 1722 3851 1812; baseline 0.001 -28"><span class='ocrx_word' id='word_1_225' title='bbox 546 1728 752 1784; x_wconf 90' lang='lat' dir='ltr'><strong>destrui</strong></span> <span class='ocrx_word' id='word_1_226' title='bbox 771 1729 1045 1794; x_wconf 90' lang='lat' dir='ltr'><strong>universa,</strong></span> <span class='ocrx_word' id='word_1_227' title='bbox 1066 1730 1444 1800; x_wconf 89' lang='lat' dir='ltr'><strong>corruptisque</strong></span> <span class='ocrx_word' id='word_1_228' title='bbox 1461 1728 1712 1784; x_wconf 89' lang='lat' dir='ltr'><strong>omnibus</strong></span> <span class='ocrx_word' id='word_1_229' title='bbox 1727 1737 1886 1800; x_wconf 89' lang='lat' dir='ltr'><strong>atque</strong></span> <span class='ocrx_word' id='word_1_230' title='bbox 1901 1730 2148 1798; x_wconf 85' lang='lat' dir='ltr'><strong>turbatis,</strong></span> <span class='ocrx_word' id='word_1_231' title='bbox 2180 1752 2228 1812; x_wconf 78' lang='grc' dir='ltr'><strong>Β</strong></span> <span class='ocrx_word' id='word_1_232' title='bbox 2254 1722 2343 1792; x_wconf 69' lang='grc' dir='ltr'><strong>Βυί</strong></span> <span class='ocrx_word' id='word_1_233' title='bbox 2371 1763 2385 1788; x_wconf 70' lang='grc' dir='ltr'><strong>ν</strong></span> <span class='ocrx_word' id='word_1_234' title='bbox 2430 1724 2688 1779; x_wconf 72' lang='grc' dir='ltr'><strong>θοηιῖηιιο</strong></span> <span class='ocrx_word' id='word_1_235' title='bbox 2719 1724 2772 1779; x_wconf 81' lang='lat' dir='ltr'><strong>in</strong></span> <span class='ocrx_word' id='word_1_236' title='bbox 2802 1722 3025 1780; x_wconf 76' lang='lat' dir='ltr'><strong>malcria</strong></span> <span class='ocrx_word' id='word_1_237' title='bbox 3053 1724 3328 1795; x_wconf 75' lang='lat' dir='ltr'><strong>sanguinis</strong></span> <span class='ocrx_word' id='word_1_238' title='bbox 3358 1724 3553 1780; x_wconf 68' lang='lat' dir='ltr'><strong>animm</strong></span> <span class='ocrx_word' id='word_1_239' title='bbox 3585 1724 3723 1781; x_wconf 76' lang='lat' dir='ltr'><strong>ratio</strong></span> <span class='ocrx_word' id='word_1_240' title='bbox 3751 1740 3851 1796; x_wconf 78' lang='lat' dir='ltr'><strong>po-</strong></span> 
     </span>
    </p>
   </div>
   <div class='ocr_carea' id='block_1_32' title="bbox 544 1820 2148 1892">
    <p class='ocr_par' dir='ltr' id='par_1_32' title="bbox 544 1820 2148 1892">
     <span class='ocr_line' id='line_1_32' title="bbox 544 1820 2148 1892; baseline 0.001 -17"><span class='ocrx_word' id='word_1_241' title='bbox 544 1820 796 1876; x_wconf 88' lang='lat' dir='ltr'><strong>occidere</strong></span> <span class='ocrx_word' id='word_1_242' title='bbox 816 1834 1058 1887; x_wconf 90' lang='lat' dir='ltr'><strong>sensum,</strong></span> <span class='ocrx_word' id='word_1_243' title='bbox 1088 1836 1313 1892; x_wconf 79' lang='lat' dir='ltr'><strong>namque</strong></span> <span class='ocrx_word' id='word_1_244' title='bbox 1337 1832 1565 1876; x_wconf 89' lang='lat' dir='ltr'><strong>mortem</strong></span> <span class='ocrx_word' id='word_1_245' title='bbox 1588 1824 1794 1877; x_wconf 89' lang='lat' dir='ltr'><strong>vocari.</strong></span> <span class='ocrx_word' id='word_1_246' title='bbox 1819 1821 2019 1876; x_wconf 83' lang='lat' dir='ltr'><strong>Verum</strong></span> <span class='ocrx_word' id='word_1_247' title='bbox 2041 1822 2148 1890; x_wconf 90' lang='lat' dir='ltr'><strong>ille,</strong></span> 
     </span>
    </p>
   </div>
   <div class='ocr_carea' id='block_1_33' title="bbox 545 1912 2151 1984">
    <p class='ocr_par' dir='ltr' id='par_1_33' title="bbox 545 1912 2151 1984">
     <span class='ocr_line' id='line_1_33' title="bbox 545 1912 2151 1984; baseline 0.001 -17"><span class='ocrx_word' id='word_1_248' title='bbox 545 1913 591 1968; x_wconf 89' lang='lat' dir='ltr'><strong>si</strong></span> <span class='ocrx_word' id='word_1_249' title='bbox 624 1912 914 1984; x_wconf 88' lang='lat' dir='ltr'><strong>quidquam</strong></span> <span class='ocrx_word' id='word_1_250' title='bbox 945 1913 1144 1968; x_wconf 87' lang='lat' dir='ltr'><strong>mentis</strong></span> <span class='ocrx_word' id='word_1_251' title='bbox 1173 1912 1471 1980; x_wconf 84' lang='lat' dir='ltr'><strong>habuisset,</strong></span> <span class='ocrx_word' id='word_1_252' title='bbox 1496 1928 1602 1968; x_wconf 94' lang='lat' dir='ltr'><strong>non</strong></span> <span class='ocrx_word' id='word_1_253' title='bbox 1635 1912 1973 1969; x_wconf 88' lang='lat' dir='ltr'><strong>harmoniam</strong></span> <span class='ocrx_word' id='word_1_254' title='bbox 2004 1914 2071 1968; x_wconf 92' lang='lat' dir='ltr'><strong>de</strong></span> <span class='ocrx_word' id='word_1_255' title='bbox 2096 1914 2151 1968; x_wconf 88' lang='lat' dir='ltr'><strong>li-</strong></span> 
     </span>
    </p>
   </div>
   <div class='ocr_carea' id='block_1_34' title="bbox 547 2001 2154 2063">
    <p class='ocr_par' dir='ltr' id='par_1_34' title="bbox 547 2001 2154 2063">
     <span class='ocr_line' id='line_1_34' title="bbox 547 2001 2154 2063; baseline 0.003 -6"><span class='ocrx_word' id='word_1_256' title='bbox 547 2003 704 2058; x_wconf 87' lang='lat' dir='ltr'><strong>dilms</strong></span> <span class='ocrx_word' id='word_1_257' title='bbox 745 2003 812 2057; x_wconf 88' lang='lat' dir='ltr'><strong>ad</strong></span> <span class='ocrx_word' id='word_1_258' title='bbox 846 2001 1119 2059; x_wconf 87' lang='lat' dir='ltr'><strong>hominem</strong></span> <span class='ocrx_word' id='word_1_259' title='bbox 1171 2003 1552 2059; x_wconf 85' lang='lat' dir='ltr'><strong>transtulisset.</strong></span> <span class='ocrx_word' id='word_1_260' title='bbox 1603 2002 1723 2059; x_wconf 87' lang='lat' dir='ltr'><strong>Non</strong></span> <span class='ocrx_word' id='word_1_261' title='bbox 1766 2005 1909 2059; x_wconf 91' lang='lat' dir='ltr'><strong>enim</strong></span> <span class='ocrx_word' id='word_1_262' title='bbox 1955 2020 2154 2063; x_wconf 87' lang='lat' dir='ltr'><strong>canere</strong></span> 
     </span>
    </p>
   </div>
   <div class='ocr_carea' id='block_1_35' title="bbox 548 2096 2155 2169">
    <p class='ocr_par' dir='ltr' id='par_1_35' title="bbox 548 2096 2155 2169">
     <span class='ocr_line' id='line_1_35' title="bbox 548 2096 2155 2169; baseline 0.002 -17"><span class='ocrx_word' id='word_1_263' title='bbox 548 2113 646 2153; x_wconf 89' lang='lat' dir='ltr'><strong>sua</strong></span> <span class='ocrx_word' id='word_1_264' title='bbox 675 2109 868 2169; x_wconf 88' lang='lat' dir='ltr'><strong>sponte</strong></span> <span class='ocrx_word' id='word_1_265' title='bbox 889 2097 1018 2153; x_wconf 84' lang='lat' dir='ltr'><strong>lides</strong></span> <span class='ocrx_word' id='word_1_266' title='bbox 1050 2108 1295 2168; x_wconf 89' lang='lat' dir='ltr'><strong>possunt,</strong></span> <span class='ocrx_word' id='word_1_267' title='bbox 1325 2108 1379 2153; x_wconf 94' lang='grc' dir='ltr'><strong>ιιι</strong></span> <span class='ocrx_word' id='word_1_268' title='bbox 1398 2096 1467 2153; x_wconf 87' lang='lat' dir='ltr'><strong>sit</strong></span> <span class='ocrx_word' id='word_1_269' title='bbox 1494 2098 1600 2152; x_wconf 89' lang='lat' dir='ltr'><strong>ulla</strong></span> <span class='ocrx_word' id='word_1_270' title='bbox 1630 2100 1683 2152; x_wconf 86' lang='lat' dir='ltr'><strong>in</strong></span> <span class='ocrx_word' id='word_1_271' title='bbox 1712 2099 1795 2153; x_wconf 91' lang='lat' dir='ltr'><strong>his</strong></span> <span class='ocrx_word' id='word_1_272' title='bbox 1820 2100 2155 2169; x_wconf 87' lang='lat' dir='ltr'><strong>comparatio</strong></span> 
     </span>
    </p>
   </div>
   <div class='ocr_carea' id='block_1_36' title="bbox 547 2190 2155 2261">
    <p class='ocr_par' dir='ltr' id='par_1_36' title="bbox 547 2190 2155 2261">
     <span class='ocr_line' id='line_1_36' title="bbox 547 2190 2155 2261; baseline 0.001 -15"><span class='ocrx_word' id='word_1_273' title='bbox 547 2206 611 2246; x_wconf 89' lang='lat' dir='ltr'><strong>ac</strong></span> <span class='ocrx_word' id='word_1_274' title='bbox 652 2190 946 2245; x_wconf 83' lang='lat' dir='ltr'><strong>similitudo</strong></span> <span class='ocrx_word' id='word_1_275' title='bbox 976 2191 1223 2245; x_wconf 89' lang='lat' dir='ltr'><strong>viventis.</strong></span> <span class='ocrx_word' id='word_1_276' title='bbox 1273 2191 1498 2245; x_wconf 85' lang='lat' dir='ltr'><strong>Animus</strong></span> <span class='ocrx_word' id='word_1_277' title='bbox 1528 2200 1706 2246; x_wconf 90' lang='lat' dir='ltr'><strong>autem</strong></span> <span class='ocrx_word' id='word_1_278' title='bbox 1743 2206 1838 2245; x_wconf 91' lang='lat' dir='ltr'><strong>sua</strong></span> <span class='ocrx_word' id='word_1_279' title='bbox 1866 2201 2059 2261; x_wconf 88' lang='lat' dir='ltr'><strong>sponte</strong></span> <span class='ocrx_word' id='word_1_280' title='bbox 2098 2201 2155 2247; x_wconf 92' lang='lat' dir='ltr'><strong>et</strong></span> 
     </span>
    </p>
   </div>
   <div class='ocr_carea' id='block_1_37' title="bbox 547 2282 2153 2354">
    <p class='ocr_par' dir='ltr' id='par_1_37' title="bbox 547 2282 2153 2354">
     <span class='ocr_line' id='line_1_37' title="bbox 547 2282 2153 2354; baseline 0.001 -16"><span class='ocrx_word' id='word_1_281' title='bbox 547 2284 780 2353; x_wconf 79' lang='lat' dir='ltr'><strong>Cogitat,</strong></span> <span class='ocrx_word' id='word_1_282' title='bbox 810 2292 865 2339; x_wconf 91' lang='lat' dir='ltr'><strong>et</strong></span> <span class='ocrx_word' id='word_1_283' title='bbox 905 2291 1178 2339; x_wconf 89' lang='lat' dir='ltr'><strong>movetur.</strong></span> <span class='ocrx_word' id='word_1_284' title='bbox 1223 2282 1377 2349; x_wconf 83' lang='lat' dir='ltr'><strong>Quod</strong></span> <span class='ocrx_word' id='word_1_285' title='bbox 1411 2283 1453 2336; x_wconf 93' lang='lat' dir='ltr'><strong>si</strong></span> <span class='ocrx_word' id='word_1_286' title='bbox 1499 2282 1629 2354; x_wconf 90' lang='lat' dir='ltr'><strong>quid</strong></span> <span class='ocrx_word' id='word_1_287' title='bbox 1657 2283 1709 2337; x_wconf 93' lang='lat' dir='ltr'><strong>in</strong></span> <span class='ocrx_word' id='word_1_288' title='bbox 1752 2284 1905 2339; x_wconf 92' lang='lat' dir='ltr'><strong>nobis</strong></span> <span class='ocrx_word' id='word_1_289' title='bbox 1935 2284 2153 2340; x_wconf 88' lang='lat' dir='ltr'><strong>harmo-</strong></span> 
     </span>
    </p>
   </div>
   <div class='ocr_carea' id='block_1_38' title="bbox 547 2375 2152 2443">
    <p class='ocr_par' dir='ltr' id='par_1_38' title="bbox 547 2375 2152 2443">
     <span class='ocr_line' id='line_1_38' title="bbox 547 2375 2152 2443; baseline 0 -12"><span class='ocrx_word' id='word_1_290' title='bbox 547 2376 654 2431; x_wconf 80' lang='lat' dir='ltr'><strong>nia:</strong></span> <span class='ocrx_word' id='word_1_291' title='bbox 678 2376 852 2432; x_wconf 90' lang='lat' dir='ltr'><strong>simile</strong></span> <span class='ocrx_word' id='word_1_292' title='bbox 879 2384 1045 2441; x_wconf 88' lang='lat' dir='ltr'><strong>esset,</strong></span> <span class='ocrx_word' id='word_1_293' title='bbox 1083 2375 1188 2430; x_wconf 89' lang='lat' dir='ltr'><strong>ictu</strong></span> <span class='ocrx_word' id='word_1_294' title='bbox 1218 2382 1528 2430; x_wconf 87' lang='lat' dir='ltr'><strong>moveretur</strong></span> <span class='ocrx_word' id='word_1_295' title='bbox 1558 2383 1802 2443; x_wconf 84' lang='lat' dir='ltr'><strong>externo,</strong></span> <span class='ocrx_word' id='word_1_296' title='bbox 1830 2376 1973 2431; x_wconf 86' lang='lat' dir='ltr'><strong>sicut</strong></span> <span class='ocrx_word' id='word_1_297' title='bbox 2001 2378 2152 2431; x_wconf 88' lang='lat' dir='ltr'><strong>nervi</strong></span> 
     </span>
    </p>
   </div>
   <div class='ocr_carea' id='block_1_39' title="bbox 547 2463 2146 2537">
    <p class='ocr_par' dir='ltr' id='par_1_39' title="bbox 547 2463 2146 2537">
     <span class='ocr_line' id='line_1_39' title="bbox 547 2463 2146 2537; baseline 0 -16"><span class='ocrx_word' id='word_1_298' title='bbox 547 2467 821 2530; x_wconf 88' lang='lat' dir='ltr'><strong>manibus,</strong></span> <span class='ocrx_word' id='word_1_299' title='bbox 854 2465 942 2537; x_wconf 89' lang='lat' dir='ltr'><strong>qui</strong></span> <span class='ocrx_word' id='word_1_300' title='bbox 973 2466 1089 2521; x_wconf 86' lang='lat' dir='ltr'><strong>sine</strong></span> <span class='ocrx_word' id='word_1_301' title='bbox 1118 2474 1260 2520; x_wconf 89' lang='lat' dir='ltr'><strong>tactu</strong></span> <span class='ocrx_word' id='word_1_302' title='bbox 1297 2463 1519 2520; x_wconf 82' lang='lat' dir='ltr'><strong>artiﬁcis</strong></span> <span class='ocrx_word' id='word_1_303' title='bbox 1542 2465 1806 2536; x_wconf 89' lang='lat' dir='ltr'><strong>pulsuque</strong></span> <span class='ocrx_word' id='word_1_304' title='bbox 1835 2465 2146 2536; x_wconf 83' lang='lat' dir='ltr'><strong>digitorum,</strong></span> 
     </span>
    </p>
   </div>
   <div class='ocr_carea' id='block_1_40' title="bbox 547 2554 2149 2626">
    <p class='ocr_par' dir='ltr' id='par_1_40' title="bbox 547 2554 2149 2626">
     <span class='ocr_line' id='line_1_40' title="bbox 547 2554 2149 2626; baseline 0 -14"><span class='ocrx_word' id='word_1_305' title='bbox 547 2557 681 2612; x_wconf 88' lang='lat' dir='ltr'><strong>muti</strong></span> <span class='ocrx_word' id='word_1_306' title='bbox 703 2567 866 2625; x_wconf 88' lang='lat' dir='ltr'><strong>atque</strong></span> <span class='ocrx_word' id='word_1_307' title='bbox 891 2557 1087 2612; x_wconf 89' lang='lat' dir='ltr'><strong>inertes</strong></span> <span class='ocrx_word' id='word_1_308' title='bbox 1110 2556 1309 2626; x_wconf 85' lang='lat' dir='ltr'><strong>jacent.</strong></span> <span class='ocrx_word' id='word_1_309' title='bbox 1336 2554 1445 2611; x_wconf 89' lang='lat' dir='ltr'><strong>Sed</strong></span> <span class='ocrx_word' id='word_1_310' title='bbox 1470 2555 1720 2610; x_wconf 86' lang='lat' dir='ltr'><strong>nimirum</strong></span> <span class='ocrx_word' id='word_1_311' title='bbox 1747 2556 2037 2626; x_wconf 88' lang='lat' dir='ltr'><strong>pulsandus</strong></span> <span class='ocrx_word' id='word_1_312' title='bbox 2056 2557 2149 2613; x_wconf 89' lang='lat' dir='ltr'><strong>ille</strong></span> 
     </span>
    </p>
   </div>
   <div class='ocr_carea' id='block_1_41' title="bbox 549 2648 2147 2720">
    <p class='ocr_par' dir='ltr' id='par_1_41' title="bbox 549 2648 2147 2720">
     <span class='ocr_line' id='line_1_41' title="bbox 549 2648 2147 2720; baseline -0.001 -14"><span class='ocrx_word' id='word_1_313' title='bbox 549 2667 708 2706; x_wconf 86' lang='lat' dir='ltr'><strong>manu</strong></span> <span class='ocrx_word' id='word_1_314' title='bbox 742 2650 871 2715; x_wconf 86' lang='lat' dir='ltr'><strong>fuit,</strong></span> <span class='ocrx_word' id='word_1_315' title='bbox 900 2660 957 2705; x_wconf 93' lang='lat' dir='ltr'><strong>ut</strong></span> <span class='ocrx_word' id='word_1_316' title='bbox 986 2648 1274 2720; x_wconf 85' lang='lat' dir='ltr'><strong>aliquando</strong></span> <span class='ocrx_word' id='word_1_317' title='bbox 1298 2649 1561 2715; x_wconf 87' lang='lat' dir='ltr'><strong>sentiret;</strong></span> <span class='ocrx_word' id='word_1_318' title='bbox 1598 2649 1723 2720; x_wconf 90' lang='lat' dir='ltr'><strong>quia</strong></span> <span class='ocrx_word' id='word_1_319' title='bbox 1755 2664 1908 2705; x_wconf 84' lang='lat' dir='ltr'><strong>mens</strong></span> <span class='ocrx_word' id='word_1_320' title='bbox 1936 2649 2054 2720; x_wconf 84' lang='lat' dir='ltr'><strong>ejus</strong></span> <span class='ocrx_word' id='word_1_321' title='bbox 2080 2665 2147 2704; x_wconf 78' lang='lat' dir='ltr'><strong>ex</strong></span> 
     </span>
    </p>
   </div>
   <div class='ocr_carea' id='block_1_42' title="bbox 548 2738 1999 2811">
    <p class='ocr_par' dir='ltr' id='par_1_42' title="bbox 548 2738 1999 2811">
     <span class='ocr_line' id='line_1_42' title="bbox 548 2738 1999 2811; baseline -0.003 -14"><span class='ocrx_word' id='word_1_322' title='bbox 548 2741 806 2798; x_wconf 82' lang='lat' dir='ltr'><strong>membris</strong></span> <span class='ocrx_word' id='word_1_323' title='bbox 835 2740 973 2796; x_wconf 87' lang='lat' dir='ltr'><strong>male</strong></span> <span class='ocrx_word' id='word_1_324' title='bbox 993 2748 1273 2810; x_wconf 90' lang='lat' dir='ltr'><strong>compacta</strong></span> <span class='ocrx_word' id='word_1_325' title='bbox 1296 2740 1561 2811; x_wconf 80' lang='lat' dir='ltr'><strong>torpebat.</strong></span> <span class='ocrx_word' id='word_1_326' title='bbox 1994 2738 1999 2743; x_wconf 72' lang='grc'><strong><em>’</em></strong></span> 
     </span>
    </p>
   </div>
   <div class='ocr_carea' id='block_1_43' title="bbox 2258 1814 3854 1890">
    <p class='ocr_par' dir='ltr' id='par_1_43' title="bbox 2258 1814 3854 1890">
     <span class='ocr_line' id='line_1_43' title="bbox 2258 1814 3854 1890; baseline 0.002 -20"><span class='ocrx_word' id='word_1_327' title='bbox 2258 1814 2433 1871; x_wconf 90' lang='lat' dir='ltr'><strong>nenda</strong></span> <span class='ocrx_word' id='word_1_328' title='bbox 2458 1825 2542 1871; x_wconf 91' lang='lat' dir='ltr'><strong>est</strong></span> <span class='ocrx_word' id='word_1_329' title='bbox 2573 1834 2585 1869; x_wconf 90' lang='lat'><strong>:</strong></span> <span class='ocrx_word' id='word_1_330' title='bbox 2614 1816 2777 1871; x_wconf 88' lang='lat' dir='ltr'><strong>veluti</strong></span> <span class='ocrx_word' id='word_1_331' title='bbox 2799 1818 2845 1871; x_wconf 92' lang='lat' dir='ltr'><strong>si</strong></span> <span class='ocrx_word' id='word_1_332' title='bbox 2865 1817 3047 1872; x_wconf 90' lang='lat' dir='ltr'><strong>veniat</strong></span> <span class='ocrx_word' id='word_1_333' title='bbox 3075 1818 3125 1871; x_wconf 84' lang='lat' dir='ltr'><strong>in</strong></span> <span class='ocrx_word' id='word_1_334' title='bbox 3145 1818 3521 1888; x_wconf 76' lang='lat' dir='ltr'><strong>qmcstionem,</strong></span> <span class='ocrx_word' id='word_1_335' title='bbox 3543 1818 3723 1874; x_wconf 90' lang='lat' dir='ltr'><strong>lumen</strong></span> <span class='ocrx_word' id='word_1_336' title='bbox 3744 1834 3854 1890; x_wconf 92' lang='lat' dir='ltr'><strong>quo</strong></span> 
     </span>
    </p>
   </div>
   <div class='ocr_carea' id='block_1_44' title="bbox 2258 1908 3847 1982">
    <p class='ocr_par' dir='ltr' id='par_1_44' title="bbox 2258 1908 3847 1982">
     <span class='ocr_line' id='line_1_44' title="bbox 2258 1908 3847 1982; baseline 0.005 -22"><span class='ocrx_word' id='word_1_337' title='bbox 2258 1908 2477 1975; x_wconf 87' lang='lat' dir='ltr'><strong>utimur,</strong></span> <span class='ocrx_word' id='word_1_338' title='bbox 2510 1908 2635 1979; x_wconf 90' lang='lat' dir='ltr'><strong>quid</strong></span> <span class='ocrx_word' id='word_1_339' title='bbox 2679 1908 2769 1974; x_wconf 89' lang='lat' dir='ltr'><strong>sit,</strong></span> <span class='ocrx_word' id='word_1_340' title='bbox 2805 1918 2859 1963; x_wconf 89' lang='lat' dir='ltr'><strong>et</strong></span> <span class='ocrx_word' id='word_1_341' title='bbox 2898 1910 3289 1977; x_wconf 80' lang='lat' dir='ltr'><strong>reSpondeatur</strong></span> <span class='ocrx_word' id='word_1_342' title='bbox 3325 1911 3507 1967; x_wconf 88' lang='lat' dir='ltr'><strong>oleum</strong></span> <span class='ocrx_word' id='word_1_343' title='bbox 3534 1925 3676 1978; x_wconf 90' lang='lat' dir='ltr'><strong>esse,</strong></span> <span class='ocrx_word' id='word_1_344' title='bbox 3706 1927 3847 1982; x_wconf 87' lang='lat' dir='ltr'><strong>quo-</strong></span> 
     </span>
    </p>
   </div>
   <div class='ocr_carea' id='block_1_45' title="bbox 2260 2001 3859 2073">
    <p class='ocr_par' dir='ltr' id='par_1_45' title="bbox 2260 2001 3859 2073">
     <span class='ocr_line' id='line_1_45' title="bbox 2260 2001 3859 2073; baseline 0.003 -18"><span class='ocrx_word' id='word_1_345' title='bbox 2260 2001 2404 2055; x_wconf 91' lang='lat' dir='ltr'><strong>niam</strong></span> <span class='ocrx_word' id='word_1_346' title='bbox 2434 2010 2756 2072; x_wconf 88' lang='lat' dir='ltr'><strong>consnmpto</strong></span> <span class='ocrx_word' id='word_1_347' title='bbox 2786 2001 2877 2056; x_wconf 93' lang='lat' dir='ltr'><strong>illo</strong></span> <span class='ocrx_word' id='word_1_348' title='bbox 2898 2043 2913 2067; x_wconf 91' lang='lat'><strong>,</strong></span> <span class='ocrx_word' id='word_1_349' title='bbox 2961 2002 3141 2057; x_wconf 89' lang='lat' dir='ltr'><strong>lumen</strong></span> <span class='ocrx_word' id='word_1_350' title='bbox 3186 2002 3547 2073; x_wconf 83' lang='lat' dir='ltr'><strong>extinguitur;</strong></span> <span class='ocrx_word' id='word_1_351' title='bbox 3581 2017 3711 2058; x_wconf 88' lang='lat' dir='ltr'><strong>cum</strong></span> <span class='ocrx_word' id='word_1_352' title='bbox 3746 2005 3859 2060; x_wconf 87' lang='lat' dir='ltr'><strong>sint</strong></span> 
     </span>
    </p>
   </div>
   <div class='ocr_carea' id='block_1_46' title="bbox 2259 2088 3854 2160">
    <p class='ocr_par' dir='ltr' id='par_1_46' title="bbox 2259 2088 3854 2160">
     <span class='ocr_line' id='line_1_46' title="bbox 2259 2088 3854 2160; baseline 0.003 -15"><span class='ocrx_word' id='word_1_353' title='bbox 2259 2091 2445 2160; x_wconf 86' lang='lat' dir='ltr'><strong>utique</strong></span> <span class='ocrx_word' id='word_1_354' title='bbox 2469 2091 2675 2147; x_wconf 80' lang='lat' dir='ltr'><strong>diversa</strong></span> <span class='ocrx_word' id='word_1_355' title='bbox 2701 2133 2717 2158; x_wconf 90' lang='lat'><strong>,</strong></span> <span class='ocrx_word' id='word_1_356' title='bbox 2768 2088 2865 2148; x_wconf 88' lang='lat' dir='ltr'><strong>sed</strong></span> <span class='ocrx_word' id='word_1_357' title='bbox 2897 2090 3127 2147; x_wconf 88' lang='lat' dir='ltr'><strong>alterum</strong></span> <span class='ocrx_word' id='word_1_358' title='bbox 3158 2092 3229 2147; x_wconf 90' lang='lat' dir='ltr'><strong>sit</strong></span> <span class='ocrx_word' id='word_1_359' title='bbox 3259 2092 3482 2148; x_wconf 87' lang='lat' dir='ltr'><strong>alterius</strong></span> <span class='ocrx_word' id='word_1_360' title='bbox 3511 2092 3854 2149; x_wconf 87' lang='lat' dir='ltr'><strong>alimentum.</strong></span> 
     </span>
    </p>
   </div>
   <div class='ocr_carea' id='block_1_47' title="bbox 2261 2183 3859 2256">
    <p class='ocr_par' dir='ltr' id='par_1_47' title="bbox 2261 2183 3859 2256">
     <span class='ocr_line' id='line_1_47' title="bbox 2261 2183 3859 2256; baseline 0.001 -17"><span class='ocrx_word' id='word_1_361' title='bbox 2261 2183 2488 2239; x_wconf 80' lang='lat' dir='ltr'><strong>Videtur</strong></span> <span class='ocrx_word' id='word_1_362' title='bbox 2516 2199 2647 2255; x_wconf 89' lang='lat' dir='ltr'><strong>ergo</strong></span> <span class='ocrx_word' id='word_1_363' title='bbox 2672 2185 2850 2239; x_wconf 90' lang='lat' dir='ltr'><strong>anima</strong></span> <span class='ocrx_word' id='word_1_364' title='bbox 2874 2184 3066 2240; x_wconf 89' lang='lat' dir='ltr'><strong>similis</strong></span> <span class='ocrx_word' id='word_1_365' title='bbox 3086 2199 3206 2240; x_wconf 83' lang='lat' dir='ltr'><strong>esse</strong></span> <span class='ocrx_word' id='word_1_366' title='bbox 3234 2185 3441 2250; x_wconf 90' lang='lat' dir='ltr'><strong>lumini,</strong></span> <span class='ocrx_word' id='word_1_367' title='bbox 3462 2200 3582 2256; x_wconf 76' lang='lat' dir='ltr'><strong>qua:</strong></span> <span class='ocrx_word' id='word_1_368' title='bbox 3603 2202 3709 2241; x_wconf 90' lang='lat' dir='ltr'><strong>non</strong></span> <span class='ocrx_word' id='word_1_369' title='bbox 3739 2185 3859 2256; x_wconf 88' lang='lat' dir='ltr'><strong>ipsa</strong></span> 
     </span>
    </p>
   </div>
   <div class='ocr_carea' id='block_1_48' title="bbox 2258 2276 3860 2348">
    <p class='ocr_par' dir='ltr' id='par_1_48' title="bbox 2258 2276 3860 2348">
     <span class='ocr_line' id='line_1_48' title="bbox 2258 2276 3860 2348; baseline 0.001 -15"><span class='ocrx_word' id='word_1_370' title='bbox 2258 2278 2330 2333; x_wconf 90' lang='lat' dir='ltr'><strong>sit</strong></span> <span class='ocrx_word' id='word_1_371' title='bbox 2356 2278 2595 2348; x_wconf 86' lang='lat' dir='ltr'><strong>sanguis,</strong></span> <span class='ocrx_word' id='word_1_372' title='bbox 2636 2276 2731 2333; x_wconf 91' lang='lat' dir='ltr'><strong>sed</strong></span> <span class='ocrx_word' id='word_1_373' title='bbox 2761 2277 2987 2333; x_wconf 89' lang='lat' dir='ltr'><strong>humore</strong></span> <span class='ocrx_word' id='word_1_374' title='bbox 3028 2278 3304 2348; x_wconf 85' lang='lat' dir='ltr'><strong>sanguinis</strong></span> <span class='ocrx_word' id='word_1_375' title='bbox 3346 2277 3555 2344; x_wconf 91' lang='lat' dir='ltr'><strong>alatur,</strong></span> <span class='ocrx_word' id='word_1_376' title='bbox 3586 2287 3645 2333; x_wconf 92' lang='lat' dir='ltr'><strong>ut</strong></span> <span class='ocrx_word' id='word_1_377' title='bbox 3672 2278 3860 2334; x_wconf 86' lang='lat' dir='ltr'><strong>lumen</strong></span> 
     </span>
    </p>
   </div>
   <div class='ocr_carea' id='block_1_49' title="bbox 2259 2370 2400 2424">
    <p class='ocr_par' dir='ltr' id='par_1_49' title="bbox 2259 2370 2400 2424">
     <span class='ocr_line' id='line_1_49' title="bbox 2259 2370 2400 2424; baseline -0.007 0"><span class='ocrx_word' id='word_1_378' title='bbox 2259 2370 2400 2424; x_wconf 91' lang='lat' dir='ltr'><strong>oleo.</strong></span> 
     </span>
    </p>
   </div>
   <div class='ocr_carea' id='block_1_50' title="bbox 2329 2461 3859 2535">
    <p class='ocr_par' dir='ltr' id='par_1_50' title="bbox 2329 2461 3859 2535">
     <span class='ocr_line' id='line_1_50' title="bbox 2329 2461 3859 2535; baseline 0.003 -19"><span class='ocrx_word' id='word_1_379' title='bbox 2329 2461 2430 2530; x_wconf 86' lang='lat' dir='ltr'><strong>Qui</strong></span> <span class='ocrx_word' id='word_1_380' title='bbox 2462 2473 2636 2517; x_wconf 75' lang='lat' dir='ltr'><strong>autem</strong></span> <span class='ocrx_word' id='word_1_381' title='bbox 2669 2462 2842 2533; x_wconf 89' lang='lat' dir='ltr'><strong>ignem</strong></span> <span class='ocrx_word' id='word_1_382' title='bbox 2875 2472 3229 2533; x_wconf 89' lang='lat' dir='ltr'><strong>putaverunt,</strong></span> <span class='ocrx_word' id='word_1_383' title='bbox 3262 2462 3365 2518; x_wconf 87' lang='lat' dir='ltr'><strong>hoc</strong></span> <span class='ocrx_word' id='word_1_384' title='bbox 3392 2463 3472 2518; x_wconf 90' lang='lat' dir='ltr'><strong>usi</strong></span> <span class='ocrx_word' id='word_1_385' title='bbox 3518 2472 3644 2519; x_wconf 91' lang='lat' dir='ltr'><strong>sunt</strong></span> <span class='ocrx_word' id='word_1_386' title='bbox 3688 2478 3859 2535; x_wconf 70' lang='lat' dir='ltr'><strong>algu-</strong></span> 
     </span>
    </p>
   </div>
   <div class='ocr_carea' id='block_1_51' title="bbox 2257 2555 3862 2626">
    <p class='ocr_par' dir='ltr' id='par_1_51' title="bbox 2257 2555 3862 2626">
     <span class='ocr_line' id='line_1_51' title="bbox 2257 2555 3862 2626; baseline 0.002 -15"><span class='ocrx_word' id='word_1_387' title='bbox 2257 2565 2472 2622; x_wconf 87' lang='lat' dir='ltr'><strong>mento,</strong></span> <span class='ocrx_word' id='word_1_388' title='bbox 2524 2555 2664 2626; x_wconf 86' lang='lat' dir='ltr'><strong>quod</strong></span> <span class='ocrx_word' id='word_1_389' title='bbox 2713 2566 2978 2625; x_wconf 71' lang='lat' dir='ltr'><strong>prresente</strong></span> <span class='ocrx_word' id='word_1_390' title='bbox 3020 2557 3195 2610; x_wconf 87' lang='lat' dir='ltr'><strong>anima</strong></span> <span class='ocrx_word' id='word_1_391' title='bbox 3225 2569 3425 2622; x_wconf 90' lang='lat' dir='ltr'><strong>corpus</strong></span> <span class='ocrx_word' id='word_1_392' title='bbox 3462 2556 3665 2622; x_wconf 79' lang='lat' dir='ltr'><strong>caleat,</strong></span> <span class='ocrx_word' id='word_1_393' title='bbox 3699 2571 3862 2613; x_wconf 87' lang='lat' dir='ltr'><strong>rece-</strong></span> 
     </span>
    </p>
   </div>
   <div class='ocr_carea' id='block_1_52' title="bbox 2254 2647 3857 2718">
    <p class='ocr_par' dir='ltr' id='par_1_52' title="bbox 2254 2647 3857 2718">
     <span class='ocr_line' id='line_1_52' title="bbox 2254 2647 3857 2718; baseline 0 -14"><span class='ocrx_word' id='word_1_394' title='bbox 2254 2649 2417 2704; x_wconf 80' lang='lat' dir='ltr'><strong>dente</strong></span> <span class='ocrx_word' id='word_1_395' title='bbox 2443 2647 2711 2718; x_wconf 81' lang='lat' dir='ltr'><strong>frigescat.</strong></span> <span class='ocrx_word' id='word_1_396' title='bbox 2730 2647 2834 2703; x_wconf 53' lang='lat' dir='ltr'><strong>Sed</strong></span> <span class='ocrx_word' id='word_1_397' title='bbox 2862 2648 2995 2718; x_wconf 81' lang='lat' dir='ltr'><strong>ignis</strong></span> <span class='ocrx_word' id='word_1_398' title='bbox 3017 2658 3069 2701; x_wconf 82' lang='lat' dir='ltr'><strong>et</strong></span> <span class='ocrx_word' id='word_1_399' title='bbox 3092 2662 3251 2702; x_wconf 86' lang='lat' dir='ltr'><strong>sensu</strong></span> <span class='ocrx_word' id='word_1_400' title='bbox 3283 2649 3507 2717; x_wconf 86' lang='lat' dir='ltr'><strong>indiget,</strong></span> <span class='ocrx_word' id='word_1_401' title='bbox 3533 2657 3587 2702; x_wconf 88' lang='lat' dir='ltr'><strong>et</strong></span> <span class='ocrx_word' id='word_1_402' title='bbox 3612 2647 3857 2714; x_wconf 91' lang='lat' dir='ltr'><strong>videtur,</strong></span> 
     </span>
    </p>
   </div>
   <div class='ocr_carea' id='block_1_53' title="bbox 2249 2740 3863 2807">
    <p class='ocr_par' dir='ltr' id='par_1_53' title="bbox 2249 2740 3863 2807">
     <span class='ocr_line' id='line_1_53' title="bbox 2249 2740 3863 2807; baseline 0 -10"><span class='ocrx_word' id='word_1_403' title='bbox 2249 2750 2303 2797; x_wconf 88' lang='lat' dir='ltr'><strong>et</strong></span> <span class='ocrx_word' id='word_1_404' title='bbox 2332 2751 2473 2796; x_wconf 89' lang='lat' dir='ltr'><strong>tactu</strong></span> <span class='ocrx_word' id='word_1_405' title='bbox 2502 2742 2789 2797; x_wconf 91' lang='lat' dir='ltr'><strong>comburit.</strong></span> <span class='ocrx_word' id='word_1_406' title='bbox 2829 2740 3023 2795; x_wconf 83' lang='lat' dir='ltr'><strong>Anima</strong></span> <span class='ocrx_word' id='word_1_407' title='bbox 3048 2754 3176 2795; x_wconf 90' lang='lat' dir='ltr'><strong>vero</strong></span> <span class='ocrx_word' id='word_1_408' title='bbox 3206 2748 3261 2796; x_wconf 84' lang='lat' dir='ltr'><strong>et</strong></span> <span class='ocrx_word' id='word_1_409' title='bbox 3291 2754 3453 2795; x_wconf 89' lang='lat' dir='ltr'><strong>sensu</strong></span> <span class='ocrx_word' id='word_1_410' title='bbox 3483 2753 3637 2796; x_wconf 82' lang='lat' dir='ltr'><strong>aneta</strong></span> <span class='ocrx_word' id='word_1_411' title='bbox 3665 2750 3767 2807; x_wconf 89' lang='lat' dir='ltr'><strong>est,</strong></span> <span class='ocrx_word' id='word_1_412' title='bbox 3804 2752 3863 2797; x_wconf 88' lang='lat' dir='ltr'><strong>et</strong></span> 
     </span>
    </p>
   </div>
   <div class='ocr_carea' id='block_1_54' title="bbox 1863 2873 2507 2933">
    <p class='ocr_par' dir='ltr' id='par_1_54' title="bbox 1863 2873 2507 2933">
     <span class='ocr_line' id='line_1_54' title="bbox 1863 2873 2507 2933; baseline 0.006 -4"><span class='ocrx_word' id='word_1_413' title='bbox 1863 2873 2229 2932; x_wconf 71' lang='lat' dir='ltr'><strong>VARIORUM</strong></span> <span class='ocrx_word' id='word_1_414' title='bbox 2269 2875 2507 2933; x_wconf 61' lang='lat' dir='ltr'><strong>NOTAE.</strong></span> 
     </span>
    </p>
   </div>
   <div class='ocr_carea' id='block_1_55' title="bbox 632 3007 3856 3085">
    <p class='ocr_par' dir='ltr' id='par_1_55' title="bbox 632 3007 3856 3085">
     <span class='ocr_line' id='line_1_55' title="bbox 632 3007 3856 3085; baseline 0.002 -22"><span class='ocrx_word' id='word_1_415' title='bbox 632 3011 783 3085; x_wconf 78' lang='lat' dir='ltr'><strong>Quod</strong></span> <span class='ocrx_word' id='word_1_416' title='bbox 808 3010 1136 3085; x_wconf 73' lang='lat' dir='ltr'><strong>Aristoxenus</strong></span> <span class='ocrx_word' id='word_1_417' title='bbox 1159 3009 1320 3085; x_wconf 72' lang='lat' dir='ltr'><strong>dixit,</strong></span> <span class='ocrx_word' id='word_1_418' title='bbox 1347 3018 1453 3085; x_wconf 74' lang='lat' dir='ltr'><strong>etc.</strong></span> <span class='ocrx_word' id='word_1_419' title='bbox 1480 3008 1663 3064; x_wconf 84' lang='lat' dir='ltr'><strong>Priora</strong></span> <span class='ocrx_word' id='word_1_420' title='bbox 1696 3007 1865 3085; x_wconf 83' lang='lat' dir='ltr'><strong>hujus</strong></span> <span class='ocrx_word' id='word_1_421' title='bbox 1883 3011 2155 3082; x_wconf 83' lang='lat' dir='ltr'><strong>dogmatis</strong></span> <span class='ocrx_word' id='word_1_422' title='bbox 2174 3021 2219 3085; x_wconf 71' lang='grc' dir='ltr'><strong>ρ</strong></span> <span class='ocrx_word' id='word_1_423' title='bbox 2254 3015 2306 3069; x_wconf 89' lang='lat' dir='ltr'><strong>in</strong></span> <span class='ocrx_word' id='word_1_424' title='bbox 2339 3013 2373 3068; x_wconf 85' lang='lat'><strong>6</strong></span> <span class='ocrx_word' id='word_1_425' title='bbox 2403 3013 2523 3069; x_wconf 84' lang='lat' dir='ltr'><strong>aliis</strong></span> <span class='ocrx_word' id='word_1_426' title='bbox 2548 3013 2994 3070; x_wconf 67' lang='lat' dir='ltr'><strong>tractatu—Sine</strong></span> <span class='ocrx_word' id='word_1_427' title='bbox 3016 3023 3239 3069; x_wconf 89' lang='lat' dir='ltr'><strong>tractato</strong></span> <span class='ocrx_word' id='word_1_428' title='bbox 3266 3014 3507 3069; x_wconf 81' lang='lat' dir='ltr'><strong>artificis.</strong></span> <span class='ocrx_word' id='word_1_429' title='bbox 3539 3015 3630 3069; x_wconf 92' lang='lat' dir='ltr'><strong>Sic</strong></span> <span class='ocrx_word' id='word_1_430' title='bbox 3651 3015 3753 3069; x_wconf 89' lang='lat' dir='ltr'><strong>edo</strong></span> <span class='ocrx_word' id='word_1_431' title='bbox 3777 3029 3856 3071; x_wconf 73' lang='lat' dir='ltr'><strong>ex</strong></span> 
     </span>
    </p>
   </div>
   <div class='ocr_carea' id='block_1_56' title="bbox 551 3079 2145 3161">
    <p class='ocr_par' dir='ltr' id='par_1_56' title="bbox 551 3079 2145 3161">
     <span class='ocr_line' id='line_1_56' title="bbox 551 3079 2145 3161; baseline -0.002 -20"><span class='ocrx_word' id='word_1_432' title='bbox 551 3102 674 3161; x_wconf 82' lang='lat' dir='ltr'><strong>pars</strong></span> <span class='ocrx_word' id='word_1_433' title='bbox 697 3082 1012 3161; x_wconf 65' lang='lat' dir='ltr'><strong>Dion-archo</strong></span> <span class='ocrx_word' id='word_1_434' title='bbox 1042 3081 1210 3161; x_wconf 76' lang='lat' dir='ltr'><strong>magis</strong></span> <span class='ocrx_word' id='word_1_435' title='bbox 1236 3083 1562 3161; x_wconf 61' lang='lat' dir='ltr'><strong>attribuitur,</strong></span> <span class='ocrx_word' id='word_1_436' title='bbox 1588 3095 1745 3150; x_wconf 85' lang='lat' dir='ltr'><strong>quam</strong></span> <span class='ocrx_word' id='word_1_437' title='bbox 1776 3079 2104 3161; x_wconf 58' lang='lat' dir='ltr'><strong>Aristo&#39;seno</strong></span> <span class='ocrx_word' id='word_1_438' title='bbox 2133 3102 2145 3138; x_wconf 89' lang='lat'><strong>:</strong></span> 
     </span>
    </p>
   </div>
   <div class='ocr_carea' id='block_1_57' title="bbox 549 3150 2150 3222">
    <p class='ocr_par' dir='ltr' id='par_1_57' title="bbox 549 3150 2150 3222">
     <span class='ocr_line' id='line_1_57' title="bbox 549 3150 2150 3222; baseline -0.004 -7"><span class='ocrx_word' id='word_1_439' title='bbox 549 3150 990 3215; x_wconf 73' lang='lat' dir='ltr'><strong>iriboiturtamen</strong></span> <span class='ocrx_word' id='word_1_440' title='bbox 1006 3150 1239 3222; x_wconf 87' lang='lat' dir='ltr'><strong>utrique.</strong></span> <span class='ocrx_word' id='word_1_441' title='bbox 1254 3150 1368 3206; x_wconf 84' lang='lat' dir='ltr'><strong>Cic.</strong></span> <span class='ocrx_word' id='word_1_442' title='bbox 1386 3153 1436 3205; x_wconf 93' lang='lat' dir='ltr'><strong>in</strong></span> <span class='ocrx_word' id='word_1_443' title='bbox 1458 3168 1472 3204; x_wconf 89' lang='grc' dir='ltr'><strong>ι</strong></span> <span class='ocrx_word' id='word_1_444' title='bbox 1500 3151 1659 3222; x_wconf 86' lang='lat' dir='ltr'><strong>Tusc.</strong></span> <span class='ocrx_word' id='word_1_445' title='bbox 1675 3163 1867 3219; x_wconf 68' lang='lat' dir='ltr'><strong>quaest.</strong></span> <span class='ocrx_word' id='word_1_446' title='bbox 1887 3173 1898 3207; x_wconf 89' lang='lat'><strong>:</strong></span> <span class='ocrx_word' id='word_1_447' title='bbox 1922 3153 2150 3209; x_wconf 72' lang='lat' dir='ltr'><strong>Dicwar-</strong></span> 
     </span>
    </p>
   </div>
   <div class='ocr_carea' id='block_1_58' title="bbox 550 3221 2147 3299">
    <p class='ocr_par' dir='ltr' id='par_1_58' title="bbox 550 3221 2147 3299">
     <span class='ocr_line' id='line_1_58' title="bbox 550 3221 2147 3299; baseline -0.003 -14"><span class='ocrx_word' id='word_1_448' title='bbox 550 3232 675 3285; x_wconf 78' lang='lat' dir='ltr'><strong>clins</strong></span> <span class='ocrx_word' id='word_1_449' title='bbox 686 3227 888 3299; x_wconf 84' lang='lat' dir='ltr'><strong>quidem</strong></span> <span class='ocrx_word' id='word_1_450' title='bbox 899 3234 945 3277; x_wconf 87' lang='lat' dir='ltr'><strong>et</strong></span> <span class='ocrx_word' id='word_1_451' title='bbox 959 3221 1308 3299; x_wconf 54' lang='lat' dir='ltr'><strong>Aristomenus,</strong></span> <span class='ocrx_word' id='word_1_452' title='bbox 1322 3223 1442 3294; x_wconf 86' lang='lat' dir='ltr'><strong>quia</strong></span> <span class='ocrx_word' id='word_1_453' title='bbox 1450 3221 1672 3299; x_wconf 66' lang='lat' dir='ltr'><strong>diﬂiciﬁs</strong></span> <span class='ocrx_word' id='word_1_454' title='bbox 1685 3230 1794 3299; x_wconf 73' lang='lat' dir='ltr'><strong>erat</strong></span> <span class='ocrx_word' id='word_1_455' title='bbox 1810 3227 1987 3299; x_wconf 73' lang='lat' dir='ltr'><strong>animi,</strong></span> <span class='ocrx_word' id='word_1_456' title='bbox 2006 3226 2147 3296; x_wconf 87' lang='lat' dir='ltr'><strong>quid,</strong></span> 
     </span>
    </p>
   </div>
   <div class='ocr_carea' id='block_1_59' title="bbox 547 3292 2152 3369">
    <p class='ocr_par' dir='ltr' id='par_1_59' title="bbox 547 3292 2152 3369">
     <span class='ocr_line' id='line_1_59' title="bbox 547 3292 2152 3369; baseline 0.001 -20"><span class='ocrx_word' id='word_1_457' title='bbox 547 3312 637 3355; x_wconf 74' lang='lat' dir='ltr'><strong>aut</strong></span> <span class='ocrx_word' id='word_1_458' title='bbox 654 3292 820 3369; x_wconf 69' lang='lat' dir='ltr'><strong>quatis</strong></span> <span class='ocrx_word' id='word_1_459' title='bbox 842 3303 968 3369; x_wconf 74' lang='lat' dir='ltr'><strong>esset</strong></span> <span class='ocrx_word' id='word_1_460' title='bbox 978 3293 1314 3369; x_wconf 71' lang='lat' dir='ltr'><strong>intelligentia</strong></span> <span class='ocrx_word' id='word_1_461' title='bbox 1333 3292 1348 3358; x_wconf 69' lang='lat'><strong>,</strong></span> <span class='ocrx_word' id='word_1_462' title='bbox 1371 3292 1566 3369; x_wconf 81' lang='lat' dir='ltr'><strong>nullum</strong></span> <span class='ocrx_word' id='word_1_463' title='bbox 1581 3292 1784 3369; x_wconf 67' lang='lat' dir='ltr'><strong>omnino</strong></span> <span class='ocrx_word' id='word_1_464' title='bbox 1803 3292 2028 3349; x_wconf 75' lang='lat' dir='ltr'><strong>animum</strong></span> <span class='ocrx_word' id='word_1_465' title='bbox 2045 3292 2152 3352; x_wconf 84' lang='lat' dir='ltr'><strong>esse</strong></span> 
     </span>
    </p>
   </div>
   <div class='ocr_carea' id='block_1_60' title="bbox 555 3361 2149 3435">
    <p class='ocr_par' dir='ltr' id='par_1_60' title="bbox 555 3361 2149 3435">
     <span class='ocr_line' id='line_1_60' title="bbox 555 3361 2149 3435; baseline -0.003 -9"><span class='ocrx_word' id='word_1_466' title='bbox 555 3361 807 3427; x_wconf 63' lang='lat' dir='ltr'><strong>dixerunt.</strong></span> <span class='ocrx_word' id='word_1_467' title='bbox 841 3365 946 3420; x_wconf 85' lang='lat' dir='ltr'><strong>Sed</strong></span> <span class='ocrx_word' id='word_1_468' title='bbox 977 3366 1031 3418; x_wconf 89' lang='lat' dir='ltr'><strong>in</strong></span> <span class='ocrx_word' id='word_1_469' title='bbox 1058 3361 1248 3417; x_wconf 83' lang='lat' dir='ltr'><strong>eodem</strong></span> <span class='ocrx_word' id='word_1_470' title='bbox 1270 3366 1428 3435; x_wconf 86' lang='lat' dir='ltr'><strong>paulo</strong></span> <span class='ocrx_word' id='word_1_471' title='bbox 1456 3378 1580 3419; x_wconf 89' lang='lat' dir='ltr'><strong>ante</strong></span> <span class='ocrx_word' id='word_1_472' title='bbox 1610 3382 1622 3416; x_wconf 96' lang='lat'>:</span> <span class='ocrx_word' id='word_1_473' title='bbox 1657 3361 2013 3420; x_wconf 75' lang='lat' dir='ltr'><strong>Dtewarchum</strong></span> <span class='ocrx_word' id='word_1_474' title='bbox 2032 3384 2149 3422; x_wconf 85' lang='lat' dir='ltr'><strong>vero</strong></span> 
     </span>
    </p>
   </div>
   <div class='ocr_carea' id='block_1_61' title="bbox 550 3435 2150 3507">
    <p class='ocr_par' dir='ltr' id='par_1_61' title="bbox 550 3435 2150 3507">
     <span class='ocr_line' id='line_1_61' title="bbox 550 3435 2150 3507; baseline -0.003 -10"><span class='ocrx_word' id='word_1_475' title='bbox 550 3459 666 3497; x_wconf 87' lang='lat' dir='ltr'><strong>cum</strong></span> <span class='ocrx_word' id='word_1_476' title='bbox 683 3440 1004 3502; x_wconf 71' lang='lat' dir='ltr'><strong>Aristoxeno,</strong></span> <span class='ocrx_word' id='word_1_477' title='bbox 1026 3435 1221 3505; x_wconf 62' lang='lat' dir='ltr'><strong>aequari</strong></span> <span class='ocrx_word' id='word_1_478' title='bbox 1243 3445 1290 3488; x_wconf 90' lang='lat' dir='ltr'><strong>et</strong></span> <span class='ocrx_word' id='word_1_479' title='bbox 1315 3436 1662 3507; x_wconf 80' lang='lat' dir='ltr'><strong>condiscipulo</strong></span> <span class='ocrx_word' id='word_1_480' title='bbox 1693 3449 1804 3507; x_wconf 83' lang='lat' dir='ltr'><strong>suo,</strong></span> <span class='ocrx_word' id='word_1_481' title='bbox 1834 3439 2008 3492; x_wconf 86' lang='lat' dir='ltr'><strong>doctos</strong></span> <span class='ocrx_word' id='word_1_482' title='bbox 2026 3456 2150 3493; x_wconf 88' lang='lat' dir='ltr'><strong>sane</strong></span> 
     </span>
    </p>
   </div>
   <div class='ocr_carea' id='block_1_62' title="bbox 552 3504 2144 3579">
    <p class='ocr_par' dir='ltr' id='par_1_62' title="bbox 552 3504 2144 3579">
     <span class='ocr_line' id='line_1_62' title="bbox 552 3504 2144 3579; baseline -0.004 -11"><span class='ocrx_word' id='word_1_483' title='bbox 552 3513 781 3568; x_wconf 76' lang='lat' dir='ltr'><strong>homines</strong></span> <span class='ocrx_word' id='word_1_484' title='bbox 800 3504 1113 3570; x_wconf 84' lang='lat' dir='ltr'><strong>omittamus,</strong></span> <span class='ocrx_word' id='word_1_485' title='bbox 1135 3508 1491 3576; x_wconf 85' lang='lat' dir='ltr'><strong>quorumalter</strong></span> <span class='ocrx_word' id='word_1_486' title='bbox 1516 3504 1578 3561; x_wconf 81' lang='lat' dir='ltr'><strong>ne</strong></span> <span class='ocrx_word' id='word_1_487' title='bbox 1602 3504 1923 3563; x_wconf 75' lang='lat' dir='ltr'><strong>condoluisse</strong></span> <span class='ocrx_word' id='word_1_488' title='bbox 1942 3511 2144 3579; x_wconf 85' lang='lat' dir='ltr'><strong>quidem</strong></span> 
     </span>
    </p>
   </div>
   <div class='ocr_carea' id='block_1_63' title="bbox 547 3579 2141 3655">
    <p class='ocr_par' dir='ltr' id='par_1_63' title="bbox 547 3579 2141 3655">
     <span class='ocr_line' id='line_1_63' title="bbox 547 3579 2141 3655; baseline -0.012 -16"><span class='ocrx_word' id='word_1_489' title='bbox 547 3598 787 3655; x_wconf 67' lang='grc' dir='ltr'>ιιηφοωιι</span> <span class='ocrx_word' id='word_1_490' title='bbox 816 3579 1049 3655; x_wconf 68' lang='lat' dir='ltr'><strong>uidetur,</strong></span> <span class='ocrx_word' id='word_1_491' title='bbox 1078 3579 1420 3655; x_wconf 66' lang='lat' dir='ltr'><strong>quianimuns</strong></span> <span class='ocrx_word' id='word_1_492' title='bbox 1467 3594 1521 3631; x_wconf 85' lang='lat' dir='ltr'><strong>se</strong></span> <span class='ocrx_word' id='word_1_493' title='bbox 1558 3579 1741 3632; x_wconf 78' lang='lat' dir='ltr'><strong>habere</strong></span> <span class='ocrx_word' id='word_1_494' title='bbox 1775 3594 1885 3655; x_wconf 59' lang='lat' dir='ltr'><strong>non</strong></span> <span class='ocrx_word' id='word_1_495' title='bbox 1922 3582 2141 3646; x_wconf 58' lang='lat' dir='ltr'><strong>unum;</strong></span> 
     </span>
    </p>
   </div>
   <div class='ocr_carea' id='block_1_64' title="bbox 548 3648 2146 3712">
    <p class='ocr_par' dir='ltr' id='par_1_64' title="bbox 548 3648 2146 3712">
     <span class='ocr_line' id='line_1_64' title="bbox 548 3648 2146 3712; baseline -0.004 -1"><span class='ocrx_word' id='word_1_496' title='bbox 548 3648 679 3710; x_wconf 69' lang='lat' dir='ltr'><strong>alter</strong></span> <span class='ocrx_word' id='word_1_497' title='bbox 699 3655 779 3707; x_wconf 77' lang='grc' dir='ltr'><strong>εω-</strong></span> <span class='ocrx_word' id='word_1_498' title='bbox 791 3649 1072 3704; x_wconf 63' lang='lat' dir='ltr'><strong>delectatur</strong></span> <span class='ocrx_word' id='word_1_499' title='bbox 1096 3648 1203 3702; x_wconf 67' lang='lat' dir='ltr'><strong>suis</strong></span> <span class='ocrx_word' id='word_1_500' title='bbox 1244 3649 1492 3712; x_wconf 79' lang='lat' dir='ltr'><strong>cantibus,</strong></span> <span class='ocrx_word' id='word_1_501' title='bbox 1525 3659 1591 3703; x_wconf 71' lang='lat' dir='ltr'><strong>ut</strong></span> <span class='ocrx_word' id='word_1_502' title='bbox 1607 3663 1695 3703; x_wconf 82' lang='lat' dir='ltr'><strong>eos</strong></span> <span class='ocrx_word' id='word_1_503' title='bbox 1720 3651 1877 3705; x_wconf 78' lang='lat' dir='ltr'><strong>etiam</strong></span> <span class='ocrx_word' id='word_1_504' title='bbox 1902 3654 1969 3705; x_wconf 75' lang='lat' dir='ltr'><strong>ad</strong></span> <span class='ocrx_word' id='word_1_505' title='bbox 2010 3654 2146 3705; x_wconf 78' lang='lat' dir='ltr'><strong>nunc</strong></span> 
     </span>
    </p>
   </div>
   <div class='ocr_carea' id='block_1_65' title="bbox 553 3720 2150 3795">
    <p class='ocr_par' dir='ltr' id='par_1_65' title="bbox 553 3720 2150 3795">
     <span class='ocr_line' id='line_1_65' title="bbox 553 3720 2150 3795; baseline -0.002 -15"><span class='ocrx_word' id='word_1_506' title='bbox 553 3727 839 3795; x_wconf 73' lang='lat' dir='ltr'><strong>transferre</strong></span> <span class='ocrx_word' id='word_1_507' title='bbox 868 3730 1077 3795; x_wconf 64' lang='lat' dir='ltr'><strong>coiretur</strong></span> <span class='ocrx_word' id='word_1_508' title='bbox 1099 3761 1114 3785; x_wconf 92' lang='lat'><strong>,</strong></span> <span class='ocrx_word' id='word_1_509' title='bbox 1156 3732 1286 3795; x_wconf 19' lang='lat' dir='ltr'><strong>etc.»</strong></span> <span class='ocrx_word' id='word_1_510' title='bbox 1319 3720 1643 3795; x_wconf 63' lang='lat' dir='ltr'><strong>Berueetcs.</strong></span> <span class='ocrx_word' id='word_1_511' title='bbox 1706 3720 1796 3795; x_wconf 73' lang='lat' dir='ltr'><strong>De</strong></span> <span class='ocrx_word' id='word_1_512' title='bbox 1834 3723 2150 3795; x_wconf 71' lang='lat' dir='ltr'><strong>Aristoxeni</strong></span> 
     </span>
    </p>
   </div>
   <div class='ocr_carea' id='block_1_66' title="bbox 552 3791 2140 3866">
    <p class='ocr_par' dir='ltr' id='par_1_66' title="bbox 552 3791 2140 3866">
     <span class='ocr_line' id='line_1_66' title="bbox 552 3791 2140 3866; baseline -0.003 -15"><span class='ocrx_word' id='word_1_513' title='bbox 552 3791 808 3866; x_wconf 77' lang='lat' dir='ltr'><strong>Opinioue</strong></span> <span class='ocrx_word' id='word_1_514' title='bbox 857 3792 979 3846; x_wconf 89' lang='lat' dir='ltr'><strong>vide</strong></span> <span class='ocrx_word' id='word_1_515' title='bbox 1048 3791 1408 3858; x_wconf 86' lang='lat' dir='ltr'><strong>Lactantium,</strong></span> <span class='ocrx_word' id='word_1_516' title='bbox 1458 3793 1549 3847; x_wconf 75' lang='lat' dir='ltr'><strong>lib.</strong></span> <span class='ocrx_word' id='word_1_517' title='bbox 1598 3809 1672 3848; x_wconf 87' lang='lat' dir='ltr'><strong>vn</strong></span> <span class='ocrx_word' id='word_1_518' title='bbox 1740 3792 1856 3847; x_wconf 83' lang='lat' dir='ltr'><strong>Div.</strong></span> <span class='ocrx_word' id='word_1_519' title='bbox 1907 3794 2140 3849; x_wconf 81' lang='lat' dir='ltr'><strong>lnstitut.</strong></span> 
     </span>
    </p>
   </div>
   <div class='ocr_carea' id='block_1_67' title="bbox 551 3865 793 3921">
    <p class='ocr_par' dir='ltr' id='par_1_67' title="bbox 551 3865 793 3921">
     <span class='ocr_line' id='line_1_67' title="bbox 551 3865 793 3921; baseline -0.017 0"><span class='ocrx_word' id='word_1_520' title='bbox 551 3865 672 3921; x_wconf 75' lang='lat' dir='ltr'><strong>catt.</strong></span> <span class='ocrx_word' id='word_1_521' title='bbox 705 3865 793 3918; x_wconf 75' lang='grc'><strong>15.</strong></span> 
     </span>
    </p>
   </div>
   <div class='ocr_carea' id='block_1_68' title="bbox 622 3886 1460 3991">
    <p class='ocr_par' dir='ltr' id='par_1_68' title="bbox 622 3886 1460 3991">
     <span class='ocr_line' id='line_1_68' title="bbox 622 3886 1460 3991; baseline -0.007 0"><span class='ocrx_word' id='word_1_522' title='bbox 622 3886 879 3991; x_wconf 47' lang='lat' dir='ltr'><strong>[Belgium</strong></span> <span class='ocrx_word' id='word_1_523' title='bbox 900 3932 1053 3987; x_wconf 77' lang='lat' dir='ltr'><strong>Decet</strong></span> <span class='ocrx_word' id='word_1_524' title='bbox 1087 3931 1142 3984; x_wconf 91' lang='lat' dir='ltr'><strong>in</strong></span> <span class='ocrx_word' id='word_1_525' title='bbox 1171 3946 1301 3986; x_wconf 68' lang='lat' dir='ltr'><strong>mss.</strong></span> <span class='ocrx_word' id='word_1_526' title='bbox 1323 3931 1460 3985; x_wconf 86' lang='lat' dir='ltr'><strong>Bov.</strong></span> 
     </span>
    </p>
   </div>
   <div class='ocr_carea' id='block_1_69' title="bbox 629 4002 2151 4063">
    <p class='ocr_par' dir='ltr' id='par_1_69' title="bbox 629 4002 2151 4063">
     <span class='ocr_line' id='line_1_69' title="bbox 629 4002 2151 4063; baseline -0.001 0"><span class='ocrx_word' id='word_1_527' title='bbox 629 4007 855 4063; x_wconf 80' lang='lat' dir='ltr'><strong>Scilicet.</strong></span> <span class='ocrx_word' id='word_1_528' title='bbox 890 4002 1210 4057; x_wconf 67' lang='lat' dir='ltr'><strong>Restitutum</strong></span> <span class='ocrx_word' id='word_1_529' title='bbox 1240 4016 1309 4057; x_wconf 76' lang='lat' dir='ltr'><strong>ex</strong></span> <span class='ocrx_word' id='word_1_530' title='bbox 1333 4005 1582 4061; x_wconf 72' lang='lat' dir='ltr'><strong>omnibus</strong></span> <span class='ocrx_word' id='word_1_531' title='bbox 1601 4020 1737 4062; x_wconf 82' lang='lat' dir='ltr'><strong>mss.</strong></span> <span class='ocrx_word' id='word_1_532' title='bbox 1763 4017 1817 4062; x_wconf 86' lang='lat' dir='ltr'><strong>et</strong></span> <span class='ocrx_word' id='word_1_533' title='bbox 1842 4006 1878 4062; x_wconf 80' lang='grc'>8</span> <span class='ocrx_word' id='word_1_534' title='bbox 1898 4017 2007 4061; x_wconf 87' lang='lat' dir='ltr'><strong>vet.</strong></span> <span class='ocrx_word' id='word_1_535' title='bbox 2034 4006 2151 4061; x_wconf 71' lang='lat' dir='ltr'><strong>edit-</strong></span> 
     </span>
    </p>
   </div>
   <div class='ocr_carea' id='block_1_70' title="bbox 551 4073 1279 4143">
    <p class='ocr_par' dir='ltr' id='par_1_70' title="bbox 551 4073 1279 4143">
     <span class='ocr_line' id='line_1_70' title="bbox 551 4073 1279 4143; baseline -0.012 -9"><span class='ocrx_word' id='word_1_536' title='bbox 551 4080 642 4134; x_wconf 82' lang='lat' dir='ltr'><strong>tis.</strong></span> <span class='ocrx_word' id='word_1_537' title='bbox 677 4079 739 4132; x_wconf 86' lang='lat' dir='ltr'><strong>In.</strong></span> <span class='ocrx_word' id='word_1_538' title='bbox 757 4078 795 4133; x_wconf 67' lang='grc' dir='ltr'><strong>ὅ</strong></span> <span class='ocrx_word' id='word_1_539' title='bbox 814 4073 958 4143; x_wconf 85' lang='lat' dir='ltr'><strong>vulg.</strong></span> <span class='ocrx_word' id='word_1_540' title='bbox 982 4073 1083 4141; x_wconf 82' lang='lat' dir='ltr'><strong>leg.</strong></span> <span class='ocrx_word' id='word_1_541' title='bbox 1109 4083 1163 4125; x_wconf 79' lang='lat' dir='ltr'><strong>ul</strong></span> <span class='ocrx_word' id='word_1_542' title='bbox 1183 4084 1279 4126; x_wconf 82' lang='lat' dir='ltr'><strong>est.</strong></span> 
     </span>
    </p>
   </div>
   <div class='ocr_carea' id='block_1_71' title="bbox 629 4145 2149 4210">
    <p class='ocr_par' dir='ltr' id='par_1_71' title="bbox 629 4145 2149 4210">
     <span class='ocr_line' id='line_1_71' title="bbox 629 4145 2149 4210; baseline 0 -6"><span class='ocrx_word' id='word_1_543' title='bbox 629 4149 779 4204; x_wconf 81' lang='lat' dir='ltr'><strong>Sicut</strong></span> <span class='ocrx_word' id='word_1_544' title='bbox 801 4154 923 4200; x_wconf 83' lang='lat' dir='ltr'><strong>sunt</strong></span> <span class='ocrx_word' id='word_1_545' title='bbox 946 4146 1083 4199; x_wconf 83' lang='lat' dir='ltr'><strong>nervi</strong></span> <span class='ocrx_word' id='word_1_546' title='bbox 1110 4145 1231 4198; x_wconf 77' lang='lat' dir='ltr'><strong>bene</strong></span> <span class='ocrx_word' id='word_1_547' title='bbox 1248 4145 1515 4199; x_wconf 78' lang='lat' dir='ltr'><strong>intentiad</strong></span> <span class='ocrx_word' id='word_1_548' title='bbox 1539 4149 1919 4210; x_wconf 69' lang='lat' dir='ltr'><strong>conspirantem</strong></span> <span class='ocrx_word' id='word_1_549' title='bbox 1939 4164 2149 4204; x_wconf 64' lang='lat' dir='ltr'><strong>sonum</strong></span> 
     </span>
    </p>
   </div>
   <div class='ocr_carea' id='block_1_72' title="bbox 553 4216 2140 4290">
    <p class='ocr_par' dir='ltr' id='par_1_72' title="bbox 553 4216 2140 4290">
     <span class='ocr_line' id='line_1_72' title="bbox 553 4216 2140 4290; baseline -0.004 -14"><span class='ocrx_word' id='word_1_550' title='bbox 553 4221 645 4276; x_wconf 87' lang='lat' dir='ltr'><strong>Sic</strong></span> <span class='ocrx_word' id='word_1_551' title='bbox 670 4216 881 4290; x_wconf 73' lang='lat' dir='ltr'><strong>reposui</strong></span> <span class='ocrx_word' id='word_1_552' title='bbox 910 4231 987 4290; x_wconf 69' lang='lat' dir='ltr'><strong>ex</strong></span> <span class='ocrx_word' id='word_1_553' title='bbox 1031 4229 1158 4290; x_wconf 61' lang='lat' dir='ltr'><strong>mss.</strong></span> <span class='ocrx_word' id='word_1_554' title='bbox 1190 4225 1393 4290; x_wconf 79' lang='lat' dir='ltr'><strong>vel_err.</strong></span> <span class='ocrx_word' id='word_1_555' title='bbox 1418 4216 1611 4290; x_wconf 77' lang='lat' dir='ltr'><strong>C_anc.,</strong></span> <span class='ocrx_word' id='word_1_556' title='bbox 1642 4219 1981 4290; x_wconf 55' lang='lat' dir='ltr'><strong>Hegio-llum,</strong></span> <span class='ocrx_word' id='word_1_557' title='bbox 2011 4220 2043 4273; x_wconf 81' lang='grc'><strong>5</strong></span> <span class='ocrx_word' id='word_1_558' title='bbox 2068 4219 2140 4272; x_wconf 73' lang='lat' dir='ltr'><strong>all.</strong></span> 
     </span>
    </p>
   </div>
   <div class='ocr_carea' id='block_1_73' title="bbox 554 4285 2149 4362">
    <p class='ocr_par' dir='ltr' id='par_1_73' title="bbox 554 4285 2149 4362">
     <span class='ocr_line' id='line_1_73' title="bbox 554 4285 2149 4362; baseline -0.001 -17"><span class='ocrx_word' id='word_1_559' title='bbox 554 4293 715 4362; x_wconf 70' lang='lat' dir='ltr'><strong>Bt&#39;g.,</strong></span> <span class='ocrx_word' id='word_1_560' title='bbox 734 4285 789 4345; x_wconf 60' lang='grc'><strong>’4</strong></span> <span class='ocrx_word' id='word_1_561' title='bbox 809 4287 1022 4362; x_wconf 63' lang='lat' dir='ltr'><strong>_(_30|b.,</strong></span> <span class='ocrx_word' id='word_1_562' title='bbox 1043 4286 1212 4362; x_wconf 65' lang='grc' dir='ltr'><strong>γιρι...</strong></span> <span class='ocrx_word' id='word_1_563' title='bbox 1249 4285 1413 4362; x_wconf 50' lang='grc' dir='ltr'><strong>Τειιςἶ</strong></span> <span class='ocrx_word' id='word_1_564' title='bbox 1442 4287 1588 4356; x_wconf 59' lang='lat' dir='ltr'><strong>Enn,</strong></span> <span class='ocrx_word' id='word_1_565' title='bbox 1616 4285 1955 4359; x_wconf 44' lang='lat' dir='ltr'><strong>Catiabltigq</strong></span> <span class='ocrx_word' id='word_1_566' title='bbox 1976 4291 2149 4362; x_wconf 74' lang='lat' dir='ltr'><strong>_Gal.,</strong></span> 
     </span>
    </p>
   </div>
   <div class='ocr_carea' id='block_1_74' title="bbox 554 4357 2139 4431">
    <p class='ocr_par' dir='ltr' id='par_1_74' title="bbox 554 4357 2139 4431">
     <span class='ocr_line' id='line_1_74' title="bbox 554 4357 2139 4431; baseline 0 -16"><span class='ocrx_word' id='word_1_567' title='bbox 554 4357 771 4429; x_wconf 70' lang='lat' dir='ltr'><strong>Mai-tm,</strong></span> <span class='ocrx_word' id='word_1_568' title='bbox 798 4357 1069 4431; x_wconf 60' lang='lat' dir='ltr'><strong>Claram,</strong></span> <span class='ocrx_word' id='word_1_569' title='bbox 1091 4358 1259 4431; x_wconf 74' lang='lat' dir='ltr'><strong>Brun.</strong></span> <span class='ocrx_word' id='word_1_570' title='bbox 1284 4368 1336 4414; x_wconf 81' lang='lat' dir='ltr'><strong>et</strong></span> <span class='ocrx_word' id='word_1_571' title='bbox 1356 4359 1429 4414; x_wconf 76' lang='lat' dir='ltr'><strong>ill</strong></span> <span class='ocrx_word' id='word_1_572' title='bbox 1445 4369 1549 4415; x_wconf 86' lang='lat' dir='ltr'><strong>vet.</strong></span> <span class='ocrx_word' id='word_1_573' title='bbox 1583 4357 1948 4431; x_wconf 52' lang='lat' dir='ltr'><strong>impressith</strong></span> <span class='ocrx_word' id='word_1_574' title='bbox 1966 4360 2009 4413; x_wconf 59' lang='grc' dir='ltr'><strong>Ξ</strong></span> <span class='ocrx_word' id='word_1_575' title='bbox 2029 4376 2139 4415; x_wconf 86' lang='lat' dir='ltr'><strong>ree.</strong></span> 
     </span>
    </p>
   </div>
   <div class='ocr_carea' id='block_1_75' title="bbox 554 4428 2146 4503">
    <p class='ocr_par' dir='ltr' id='par_1_75' title="bbox 554 4428 2146 4503">
     <span class='ocr_line' id='line_1_75' title="bbox 554 4428 2146 4503; baseline -0.001 -15"><span class='ocrx_word' id='word_1_576' title='bbox 554 4434 778 4497; x_wconf 82' lang='lat' dir='ltr'><strong>Cellar.,</strong></span> <span class='ocrx_word' id='word_1_577' title='bbox 806 4428 1015 4503; x_wconf 83' lang='lat' dir='ltr'><strong>walch.</strong></span> <span class='ocrx_word' id='word_1_578' title='bbox 1038 4428 1097 4503; x_wconf 79' lang='lat' dir='ltr'><strong>lo</strong></span> <span class='ocrx_word' id='word_1_579' title='bbox 1127 4430 1157 4482; x_wconf 89' lang='lat'><strong>7</strong></span> <span class='ocrx_word' id='word_1_580' title='bbox 1190 4444 1327 4503; x_wconf 83' lang='lat' dir='ltr'><strong>mss.</strong></span> <span class='ocrx_word' id='word_1_581' title='bbox 1359 4439 1413 4485; x_wconf 83' lang='lat' dir='ltr'><strong>ct</strong></span> <span class='ocrx_word' id='word_1_582' title='bbox 1450 4432 1482 4485; x_wconf 85' lang='lat'><strong>6</strong></span> <span class='ocrx_word' id='word_1_583' title='bbox 1516 4428 1755 4503; x_wconf 56' lang='lat' dir='ltr'><strong>vulgatis</strong></span> <span class='ocrx_word' id='word_1_584' title='bbox 1772 4432 1986 4503; x_wconf 75' lang='lat' dir='ltr'><strong>legitur,</strong></span> <span class='ocrx_word' id='word_1_585' title='bbox 2016 4434 2146 4487; x_wconf 83' lang='lat' dir='ltr'><strong>sicut</strong></span> 
     </span>
    </p>
   </div>
   <div class='ocr_carea' id='block_1_76' title="bbox 557 4500 1679 4568">
    <p class='ocr_par' dir='ltr' id='par_1_76' title="bbox 557 4500 1679 4568">
     <span class='ocr_line' id='line_1_76' title="bbox 557 4500 1679 4568; baseline 0.002 -11"><span class='ocrx_word' id='word_1_586' title='bbox 557 4505 698 4559; x_wconf 84' lang='lat' dir='ltr'><strong>nervi</strong></span> <span class='ocrx_word' id='word_1_587' title='bbox 728 4504 849 4556; x_wconf 83' lang='lat' dir='ltr'><strong>bene</strong></span> <span class='ocrx_word' id='word_1_588' title='bbox 869 4500 1049 4554; x_wconf 85' lang='lat' dir='ltr'><strong>intenti</strong></span> <span class='ocrx_word' id='word_1_589' title='bbox 1075 4502 1451 4568; x_wconf 75' lang='lat' dir='ltr'><strong>conspirantem</strong></span> <span class='ocrx_word' id='word_1_590' title='bbox 1475 4500 1679 4559; x_wconf 79' lang='lat' dir='ltr'><strong>sonant.</strong></span> 
     </span>
    </p>
   </div>
   <div class='ocr_carea' id='block_1_77' title="bbox 630 4569 2141 4640">
    <p class='ocr_par' dir='ltr' id='par_1_77' title="bbox 630 4569 2141 4640">
     <span class='ocr_line' id='line_1_77' title="bbox 630 4569 2141 4640; baseline 0 -13"><span class='ocrx_word' id='word_1_591' title='bbox 630 4574 1003 4638; x_wconf 81' lang='lat' dir='ltr'><strong>Interruptum.</strong></span> <span class='ocrx_word' id='word_1_592' title='bbox 1027 4569 1105 4640; x_wconf 82' lang='lat' dir='ltr'><strong>lta</strong></span> <span class='ocrx_word' id='word_1_593' title='bbox 1123 4572 1332 4640; x_wconf 77' lang='lat' dir='ltr'><strong>restitui</strong></span> <span class='ocrx_word' id='word_1_594' title='bbox 1351 4584 1414 4625; x_wconf 82' lang='lat' dir='ltr'><strong>ex</strong></span> <span class='ocrx_word' id='word_1_595' title='bbox 1438 4574 1759 4640; x_wconf 73' lang='lat' dir='ltr'><strong>supradictis</strong></span> <span class='ocrx_word' id='word_1_596' title='bbox 1778 4588 1908 4627; x_wconf 80' lang='lat' dir='ltr'><strong>mss.</strong></span> <span class='ocrx_word' id='word_1_597' title='bbox 1935 4582 1990 4628; x_wconf 87' lang='lat' dir='ltr'><strong>ct</strong></span> <span class='ocrx_word' id='word_1_598' title='bbox 2017 4573 2141 4628; x_wconf 89' lang='lat' dir='ltr'><strong>edd.</strong></span> 
     </span>
    </p>
   </div>
   <div class='ocr_carea' id='block_1_78' title="bbox 557 4639 2148 4715">
    <p class='ocr_par' dir='ltr' id='par_1_78' title="bbox 557 4639 2148 4715">
     <span class='ocr_line' id='line_1_78' title="bbox 557 4639 2148 4715; baseline 0.001 -16"><span class='ocrx_word' id='word_1_599' title='bbox 557 4644 733 4699; x_wconf 75' lang='lat' dir='ltr'><strong>Betui.</strong></span> <span class='ocrx_word' id='word_1_600' title='bbox 774 4656 837 4695; x_wconf 90' lang='lat' dir='ltr'><strong>ac</strong></span> <span class='ocrx_word' id='word_1_601' title='bbox 863 4640 1057 4695; x_wconf 83' lang='lat' dir='ltr'><strong>Cellar.</strong></span> <span class='ocrx_word' id='word_1_602' title='bbox 1089 4639 1146 4694; x_wconf 90' lang='lat' dir='ltr'><strong>In</strong></span> <span class='ocrx_word' id='word_1_603' title='bbox 1176 4639 1210 4694; x_wconf 89' lang='lat'><strong><em>6</em></strong></span> <span class='ocrx_word' id='word_1_604' title='bbox 1237 4655 1346 4697; x_wconf 90' lang='lat' dir='ltr'><strong>rec.</strong></span> <span class='ocrx_word' id='word_1_605' title='bbox 1375 4639 1588 4713; x_wconf 83' lang='lat' dir='ltr'><strong>scriptis</strong></span> <span class='ocrx_word' id='word_1_606' title='bbox 1613 4656 1667 4699; x_wconf 89' lang='lat' dir='ltr'><strong>et</strong></span> <span class='ocrx_word' id='word_1_607' title='bbox 1696 4646 1763 4699; x_wconf 75' lang='grc'><strong>14</strong></span> <span class='ocrx_word' id='word_1_608' title='bbox 1809 4647 2037 4715; x_wconf 89' lang='lat' dir='ltr'><strong>vulgatis</strong></span> <span class='ocrx_word' id='word_1_609' title='bbox 2066 4655 2148 4700; x_wconf 83' lang='lat' dir='ltr'><strong>est</strong></span> 
     </span>
    </p>
   </div>
   <div class='ocr_carea' id='block_1_79' title="bbox 558 4717 913 4783">
    <p class='ocr_par' dir='ltr' id='par_1_79' title="bbox 558 4717 913 4783">
     <span class='ocr_line' id='line_1_79' title="bbox 558 4717 913 4783; baseline -0.014 -14"><span class='ocrx_word' id='word_1_610' title='bbox 558 4717 913 4783; x_wconf 83' lang='lat' dir='ltr'><strong>interceptum.</strong></span> 
     </span>
    </p>
   </div>
   <div class='ocr_carea' id='block_1_80' title="bbox 634 4780 2143 4853">
    <p class='ocr_par' dir='ltr' id='par_1_80' title="bbox 634 4780 2143 4853">
     <span class='ocr_line' id='line_1_80' title="bbox 634 4780 2143 4853; baseline -0.001 -13"><span class='ocrx_word' id='word_1_611' title='bbox 634 4780 855 4840; x_wconf 55' lang='lat' dir='ltr'><strong>Dnieris</strong></span> <span class='ocrx_word' id='word_1_612' title='bbox 878 4782 1074 4836; x_wconf 78' lang='lat' dir='ltr'><strong>vitium.</strong></span> <span class='ocrx_word' id='word_1_613' title='bbox 1119 4780 1309 4836; x_wconf 77' lang='lat' dir='ltr'><strong>Notior</strong></span> <span class='ocrx_word' id='word_1_614' title='bbox 1333 4782 1543 4853; x_wconf 81' lang='lat' dir='ltr'><strong>phrasis</strong></span> <span class='ocrx_word' id='word_1_615' title='bbox 1581 4793 1694 4848; x_wconf 84' lang='lat' dir='ltr'><strong>est,</strong></span> <span class='ocrx_word' id='word_1_616' title='bbox 1738 4784 1908 4853; x_wconf 70' lang='lat' dir='ltr'><strong>[aven</strong></span> <span class='ocrx_word' id='word_1_617' title='bbox 1945 4786 2143 4839; x_wconf 76' lang='lat' dir='ltr'><strong>vitium.</strong></span> 
     </span>
    </p>
   </div>
   <div class='ocr_carea' id='block_1_81' title="bbox 524 4853 2149 4927">
    <p class='ocr_par' dir='ltr' id='par_1_81' title="bbox 524 4853 2149 4927">
     <span class='ocr_line' id='line_1_81' title="bbox 524 4853 2149 4927; baseline -0.001 -15"><span class='ocrx_word' id='word_1_618' title='bbox 524 4859 529 4862; x_wconf 77' lang='grc'><strong>’</strong></span> <span class='ocrx_word' id='word_1_619' title='bbox 558 4854 1075 4927; x_wconf 15' lang='grc' dir='ltr'><strong>ΟἰηονονΤιιρὶεδιινς</strong></span> <span class='ocrx_word' id='word_1_620' title='bbox 1094 4853 1156 4907; x_wconf 83' lang='lat' dir='ltr'><strong>Si</strong></span> <span class='ocrx_word' id='word_1_621' title='bbox 1182 4853 1709 4927; x_wconf 59' lang='lat' dir='ltr'><strong>tgdeseccorruertmt</strong></span> <span class='ocrx_word' id='word_1_622' title='bbox 1721 4856 2003 4927; x_wconf 79' lang='lat' dir='ltr'><strong>vitiumque</strong></span> <span class='ocrx_word' id='word_1_623' title='bbox 2017 4859 2149 4926; x_wconf 81' lang='lat' dir='ltr'><strong>{ece-</strong></span> 
     </span>
    </p>
   </div>
   <div class='ocr_carea' id='block_1_82' title="bbox 557 4923 2144 4996">
    <p class='ocr_par' dir='ltr' id='par_1_82' title="bbox 557 4923 2144 4996">
     <span class='ocr_line' id='line_1_82' title="bbox 557 4923 2144 4996; baseline 0.002 -15"><span class='ocrx_word' id='word_1_624' title='bbox 557 4938 693 4984; x_wconf 86' lang='lat' dir='ltr'><strong>rnnt.</strong></span> <span class='ocrx_word' id='word_1_625' title='bbox 734 4923 1002 4994; x_wconf 27' lang='lat' dir='ltr'><strong>Vide’cap.</strong></span> <span class='ocrx_word' id='word_1_626' title='bbox 1044 4926 1077 4979; x_wconf 69' lang='grc'><strong>4</strong></span> <span class='ocrx_word' id='word_1_627' title='bbox 1120 4933 1172 4979; x_wconf 90' lang='lat' dir='ltr'><strong>et</strong></span> <span class='ocrx_word' id='word_1_628' title='bbox 1202 4923 1526 4992; x_wconf 82' lang='lat' dir='ltr'><strong>Rhellican.,</strong></span> <span class='ocrx_word' id='word_1_629' title='bbox 1558 4926 1851 4996; x_wconf 86' lang='lat' dir='ltr'><strong>Glandorp.</strong></span> <span class='ocrx_word' id='word_1_630' title='bbox 1881 4923 1935 4982; x_wconf 84' lang='lat' dir='ltr'><strong>et</strong></span> <span class='ocrx_word' id='word_1_631' title='bbox 1960 4923 2144 4985; x_wconf 83' lang='lat' dir='ltr'><strong>Brant.</strong></span> 
     </span>
    </p>
   </div>
   <div class='ocr_carea' id='block_1_83' title="bbox 556 4996 2147 5123">
    <p class='ocr_par' dir='ltr' id='par_1_83' title="bbox 556 4996 2147 5123">
     <span class='ocr_line' id='line_1_83' title="bbox 556 4996 2147 5123; baseline 0.001 -70"><span class='ocrx_word' id='word_1_632' title='bbox 556 4999 834 5123; x_wconf 32' lang='lat' dir='ltr'><strong>[adtingi</strong></span> <span class='ocrx_word' id='word_1_633' title='bbox 856 4996 921 5051; x_wconf 80' lang='grc' dir='ltr'><strong>Β.</strong></span> <span class='ocrx_word' id='word_1_634' title='bbox 951 4996 1197 5065; x_wconf 77' lang='lat' dir='ltr'><strong>lli5pan.,</strong></span> <span class='ocrx_word' id='word_1_635' title='bbox 1225 5010 1344 5067; x_wconf 66' lang='lat' dir='ltr'><strong>cap.</strong></span> <span class='ocrx_word' id='word_1_636' title='bbox 1389 4998 1463 5053; x_wconf 69' lang='lat' dir='ltr'><strong>t9</strong></span> <span class='ocrx_word' id='word_1_637' title='bbox 1487 5014 1500 5052; x_wconf 90' lang='lat'><strong>:</strong></span> <span class='ocrx_word' id='word_1_638' title='bbox 1535 4996 1719 5053; x_wconf 82' lang='lat' dir='ltr'><strong>Turris</strong></span> <span class='ocrx_word' id='word_1_639' title='bbox 1742 4999 1811 5052; x_wconf 83' lang='lat' dir='ltr'><strong>ab</strong></span> <span class='ocrx_word' id='word_1_640' title='bbox 1833 5001 1936 5054; x_wconf 77' lang='lat' dir='ltr'><strong>into</strong></span> <span class='ocrx_word' id='word_1_641' title='bbox 1960 5001 2147 5055; x_wconf 76' lang='lat' dir='ltr'><strong>vitium</strong></span> 
     </span>
     <span class='ocr_line' id='line_1_84' title="bbox 576 5083 863 5123; baseline -0.003 0"><span class='ocrx_word' id='word_1_642' title='bbox 576 5085 657 5123; x_wconf 80' lang='lat' dir='ltr'><strong>ect</strong></span> <span class='ocrx_word' id='word_1_643' title='bbox 685 5104 700 5122; x_wconf 87' lang='lat'><strong>.</strong></span> <span class='ocrx_word' id='word_1_644' title='bbox 811 5083 863 5122; x_wconf 55' lang='lat' dir='ltr'><strong>ut</strong></span> 
     </span>
    </p>
   </div>
   <div class='ocr_carea' id='block_1_84' title="bbox 553 5070 863 5125">
    <p class='ocr_par' dir='ltr' id='par_1_84' title="bbox 553 5070 863 5125">
     <span class='ocr_line' id='line_1_85' title="bbox 553 5070 863 5125; baseline -0.01 0"><span class='ocrx_word' id='word_1_645' title='bbox 553 5070 700 5125; x_wconf 83' lang='lat' dir='ltr'><strong>fecit.</strong></span> <span class='ocrx_word' id='word_1_646' title='bbox 733 5070 863 5123; x_wconf 56' lang='lat' dir='ltr'><strong>Busa</strong></span> 
     </span>
    </p>
   </div>
   <div class='ocr_carea' id='block_1_85' title="bbox 634 5136 1915 5203">
    <p class='ocr_par' dir='ltr' id='par_1_85' title="bbox 634 5136 1915 5203">
     <span class='ocr_line' id='line_1_86' title="bbox 634 5136 1915 5203; baseline 0 -10"><span class='ocrx_word' id='word_1_647' title='bbox 634 5139 879 5195; x_wconf 75' lang='lat' dir='ltr'><strong>Occidere</strong></span> <span class='ocrx_word' id='word_1_648' title='bbox 903 5152 1127 5193; x_wconf 74' lang='lat' dir='ltr'><strong>sensum.</strong></span> <span class='ocrx_word' id='word_1_649' title='bbox 1154 5136 1267 5193; x_wconf 78' lang='lat' dir='ltr'><strong>Hoc</strong></span> <span class='ocrx_word' id='word_1_650' title='bbox 1292 5149 1395 5203; x_wconf 67' lang='lat' dir='ltr'><strong>est,</strong></span> <span class='ocrx_word' id='word_1_651' title='bbox 1429 5150 1687 5195; x_wconf 89' lang='lat' dir='ltr'><strong>mentem.</strong></span> <span class='ocrx_word' id='word_1_652' title='bbox 1713 5139 1915 5195; x_wconf 66' lang='lat' dir='ltr'><strong>Fame.</strong></span> 
     </span>
    </p>
   </div>
   <div class='ocr_carea' id='block_1_86' title="bbox 631 5208 2157 5283">
    <p class='ocr_par' dir='ltr' id='par_1_86' title="bbox 631 5208 2157 5283">
     <span class='ocr_line' id='line_1_87' title="bbox 631 5208 2157 5283; baseline 0.002 -19"><span class='ocrx_word' id='word_1_653' title='bbox 631 5209 753 5264; x_wconf 85' lang='lat' dir='ltr'><strong>Non</strong></span> <span class='ocrx_word' id='word_1_654' title='bbox 781 5210 1123 5283; x_wconf 70' lang='lat' dir='ltr'><strong>Itarntoniant.</strong></span> <span class='ocrx_word' id='word_1_655' title='bbox 1177 5208 1307 5263; x_wconf 77' lang='lat' dir='ltr'><strong>Mss.</strong></span> <span class='ocrx_word' id='word_1_656' title='bbox 1427 5225 1505 5283; x_wconf 56' lang='lat' dir='ltr'><strong>ac</strong></span> <span class='ocrx_word' id='word_1_657' title='bbox 1547 5210 1754 5266; x_wconf 78' lang='lat' dir='ltr'><strong>Bonan.</strong></span> <span class='ocrx_word' id='word_1_658' title='bbox 1810 5213 2078 5283; x_wconf 70' lang='lat' dir='ltr'><strong>praecipue</strong></span> <span class='ocrx_word' id='word_1_659' title='bbox 2116 5228 2157 5267; x_wconf 58' lang='lat' dir='ltr'><strong>at</strong></span> 
     </span>
    </p>
   </div>
   <div class='ocr_carea' id='block_1_87' title="bbox 556 5279 2150 5353">
    <p class='ocr_par' dir='ltr' id='par_1_87' title="bbox 556 5279 2150 5353">
     <span class='ocr_line' id='line_1_88' title="bbox 556 5279 2150 5353; baseline 0.001 -17"><span class='ocrx_word' id='word_1_660' title='bbox 556 5281 848 5353; x_wconf 73' lang='lat' dir='ltr'><strong>Thomasio</strong></span> <span class='ocrx_word' id='word_1_661' title='bbox 870 5280 1117 5353; x_wconf 83' lang='lat' dir='ltr'><strong>inspecti,</strong></span> <span class='ocrx_word' id='word_1_662' title='bbox 1148 5295 1269 5333; x_wconf 92' lang='lat' dir='ltr'><strong>cum</strong></span> <span class='ocrx_word' id='word_1_663' title='bbox 1299 5280 1388 5335; x_wconf 91' lang='lat' dir='ltr'><strong>ed.</strong></span> <span class='ocrx_word' id='word_1_664' title='bbox 1414 5279 1617 5352; x_wconf 42' lang='lat' dir='ltr'><strong>Graphv.</strong></span> <span class='ocrx_word' id='word_1_665' title='bbox 1650 5279 1911 5353; x_wconf 77' lang='lat' dir='ltr'><strong>nunquam</strong></span> <span class='ocrx_word' id='word_1_666' title='bbox 1941 5279 2150 5337; x_wconf 75' lang='lat' dir='ltr'><strong>harmo-</strong></span> 
     </span>
    </p>
   </div>
   <div class='ocr_carea' id='block_1_88' title="bbox 556 5350 2148 5425">
    <p class='ocr_par' dir='ltr' id='par_1_88' title="bbox 556 5350 2148 5425">
     <span class='ocr_line' id='line_1_89' title="bbox 556 5350 2148 5425; baseline 0.002 -18"><span class='ocrx_word' id='word_1_667' title='bbox 556 5354 716 5407; x_wconf 88' lang='lat' dir='ltr'><strong>niam.</strong></span> <span class='ocrx_word' id='word_1_668' title='bbox 752 5350 948 5405; x_wconf 67' lang='lat' dir='ltr'><strong>Cacteri</strong></span> <span class='ocrx_word' id='word_1_669' title='bbox 989 5360 1095 5404; x_wconf 85' lang='lat' dir='ltr'><strong>tam</strong></span> <span class='ocrx_word' id='word_1_670' title='bbox 1132 5365 1293 5406; x_wconf 87' lang='lat' dir='ltr'><strong>manu</strong></span> <span class='ocrx_word' id='word_1_671' title='bbox 1331 5350 1571 5422; x_wconf 80' lang='lat' dir='ltr'><strong>exarati,</strong></span> <span class='ocrx_word' id='word_1_672' title='bbox 1602 5350 2064 5425; x_wconf 54' lang='lat' dir='ltr'><strong>quam&#39;impressi,</strong></span> <span class='ocrx_word' id='word_1_673' title='bbox 2089 5363 2148 5410; x_wconf 86' lang='lat' dir='ltr'><strong>ut</strong></span> 
     </span>
    </p>
   </div>
   <div class='ocr_carea' id='block_1_89' title="bbox 552 5425 819 5481">
    <p class='ocr_par' dir='ltr' id='par_1_89' title="bbox 552 5425 819 5481">
     <span class='ocr_line' id='line_1_90' title="bbox 552 5425 819 5481; baseline -0.026 0"><span class='ocrx_word' id='word_1_674' title='bbox 552 5425 607 5481; x_wconf 85' lang='lat' dir='ltr'><strong>in</strong></span> <span class='ocrx_word' id='word_1_675' title='bbox 637 5432 819 5477; x_wconf 73' lang='lat' dir='ltr'><strong>textu.‘</strong></span> 
     </span>
    </p>
   </div>
   <div class='ocr_carea' id='block_1_90' title="bbox 628 5490 2140 5619">
    <p class='ocr_par' dir='ltr' id='par_1_90' title="bbox 628 5490 2140 5619">
     <span class='ocr_line' id='line_1_91' title="bbox 628 5490 2140 5619; baseline 0.001 -69"><span class='ocrx_word' id='word_1_676' title='bbox 628 5490 929 5550; x_wconf 86' lang='lat' dir='ltr'><strong>Similitudo</strong></span> <span class='ocrx_word' id='word_1_677' title='bbox 955 5490 1180 5545; x_wconf 83' lang='lat' dir='ltr'><strong>viventis.</strong></span> <span class='ocrx_word' id='word_1_678' title='bbox 1237 5491 1294 5547; x_wconf 87' lang='lat' dir='ltr'><strong>ld</strong></span> <span class='ocrx_word' id='word_1_679' title='bbox 1324 5501 1428 5561; x_wconf 86' lang='lat' dir='ltr'><strong>est,</strong></span> <span class='ocrx_word' id='word_1_680' title='bbox 1451 5494 1753 5619; x_wconf 60' lang='grc' dir='ltr'><strong>εἱηιῦιίηιιιιίΓ</strong></span> <span class='ocrx_word' id='word_1_681' title='bbox 1772 5512 1888 5548; x_wconf 87' lang='lat' dir='ltr'><strong>cum</strong></span> <span class='ocrx_word' id='word_1_682' title='bbox 1926 5497 2140 5550; x_wconf 84' lang='lat' dir='ltr'><strong>vivente.</strong></span> 
     </span>
     <span class='ocr_line' id='line_1_92' title="bbox 1596 5581 1923 5619; baseline -0.006 0"><span class='ocrx_word' id='word_1_683' title='bbox 1596 5586 1605 5595; x_wconf 91' lang='grc'><strong>·</strong></span> <span class='ocrx_word' id='word_1_684' title='bbox 1760 5581 1923 5619; x_wconf 71' lang='lat' dir='ltr'><strong>usue.</strong></span> 
     </span>
    </p>
   </div>
   <div class='ocr_carea' id='block_1_91' title="bbox 1596 5581 1923 5621">
    <p class='ocr_par' dir='ltr' id='par_1_91' title="bbox 1596 5581 1923 5621">
     <span class='ocr_line' id='line_1_93' title="bbox 1596 5581 1923 5621; baseline -0.006 -2"><span class='ocrx_word' id='word_1_685' title='bbox 1596 5586 1605 5595; x_wconf 88' lang='lat'>&#39;</span> <span class='ocrx_word' id='word_1_686' title='bbox 1713 5581 1923 5621; x_wconf 64' lang='lat' dir='ltr'><strong>FRANC.</strong></span> 
     </span>
    </p>
   </div>
   <div class='ocr_carea' id='block_1_92' title="bbox 628 5631 2140 5710">
    <p class='ocr_par' dir='ltr' id='par_1_92' title="bbox 628 5631 2140 5710">
     <span class='ocr_line' id='line_1_94' title="bbox 628 5631 2140 5710; baseline 0.001 -20"><span class='ocrx_word' id='word_1_687' title='bbox 628 5635 757 5710; x_wconf 70' lang='lat' dir='ltr'><strong>Sine</strong></span> <span class='ocrx_word' id='word_1_688' title='bbox 786 5642 939 5710; x_wconf 55' lang='lat' dir='ltr'><strong>tactu:</strong></span> <span class='ocrx_word' id='word_1_689' title='bbox 965 5631 1201 5710; x_wconf 73' lang='lat' dir='ltr'><strong>artiﬁcis.</strong></span> <span class='ocrx_word' id='word_1_690' title='bbox 1228 5633 1319 5689; x_wconf 86' lang='lat' dir='ltr'><strong>Sic</strong></span> <span class='ocrx_word' id='word_1_691' title='bbox 1345 5632 1592 5710; x_wconf 48' lang='lat' dir='ltr'><strong>undencitn</strong></span> <span class='ocrx_word' id='word_1_692' title='bbox 1630 5645 1857 5710; x_wconf 28' lang='lat' dir='ltr'><strong>mosuet</strong></span> <span class='ocrx_word' id='word_1_693' title='bbox 1900 5638 1967 5693; x_wconf 81' lang='grc'><strong>15</strong></span> <span class='ocrx_word' id='word_1_694' title='bbox 1997 5639 2140 5710; x_wconf 81' lang='lat' dir='ltr'><strong>typis</strong></span> 
     </span>
    </p>
   </div>
   <div class='ocr_carea' id='block_1_93' title="bbox 555 5703 2149 5780">
    <p class='ocr_par' dir='ltr' id='par_1_93' title="bbox 555 5703 2149 5780">
     <span class='ocr_line' id='line_1_95' title="bbox 555 5703 2149 5780; baseline -0.001 -13"><span class='ocrx_word' id='word_1_695' title='bbox 555 5705 759 5780; x_wconf 74' lang='lat' dir='ltr'><strong>vulgati</strong></span> <span class='ocrx_word' id='word_1_696' title='bbox 784 5722 803 5760; x_wconf 88' lang='lat'><strong>:</strong></span> <span class='ocrx_word' id='word_1_697' title='bbox 831 5708 885 5761; x_wconf 89' lang='lat' dir='ltr'><strong>in</strong></span> <span class='ocrx_word' id='word_1_698' title='bbox 909 5705 940 5758; x_wconf 87' lang='lat'><strong>7</strong></span> <span class='ocrx_word' id='word_1_699' title='bbox 960 5703 1179 5775; x_wconf 82' lang='lat' dir='ltr'><strong>scriptis</strong></span> <span class='ocrx_word' id='word_1_700' title='bbox 1202 5717 1333 5761; x_wconf 76' lang='lat' dir='ltr'><strong>cm</strong></span> <span class='ocrx_word' id='word_1_701' title='bbox 1351 5705 1441 5761; x_wconf 76' lang='lat' dir='ltr'><strong>ed.</strong></span> <span class='ocrx_word' id='word_1_702' title='bbox 1470 5705 1631 5761; x_wconf 74' lang='lat' dir='ltr'><strong>Boni.</strong></span> <span class='ocrx_word' id='word_1_703' title='bbox 1663 5705 1812 5764; x_wconf 65' lang='grc'><strong>1468»</strong></span> <span class='ocrx_word' id='word_1_704' title='bbox 1826 5715 1915 5765; x_wconf 75' lang='lat' dir='ltr'><strong>est</strong></span> <span class='ocrx_word' id='word_1_705' title='bbox 1935 5703 2101 5765; x_wconf 65' lang='lat' dir='ltr'><strong>tractis</strong></span> <span class='ocrx_word' id='word_1_706' title='bbox 2117 5728 2149 5778; x_wconf 80' lang='lat'><strong>,~</strong></span> 
     </span>
    </p>
   </div>
   <div class='ocr_carea' id='block_1_94' title="bbox 2255 3085 3860 3155">
    <p class='ocr_par' dir='ltr' id='par_1_94' title="bbox 2255 3085 3860 3155">
     <span class='ocr_line' id='line_1_96' title="bbox 2255 3085 3860 3155; baseline 0.001 -16"><span class='ocrx_word' id='word_1_707' title='bbox 2255 3085 2465 3139; x_wconf 89' lang='lat' dir='ltr'><strong>Bonon.</strong></span> <span class='ocrx_word' id='word_1_708' title='bbox 2500 3098 2555 3139; x_wconf 91' lang='lat' dir='ltr'><strong>ct</strong></span> <span class='ocrx_word' id='word_1_709' title='bbox 2580 3086 2782 3155; x_wconf 77' lang='lat' dir='ltr'><strong>Taxaq.</strong></span> <span class='ocrx_word' id='word_1_710' title='bbox 2817 3086 3181 3155; x_wconf 85' lang='lat' dir='ltr'><strong>adstipulante</strong></span> <span class='ocrx_word' id='word_1_711' title='bbox 3208 3085 3542 3140; x_wconf 89' lang='lat' dir='ltr'><strong>Heumanno.</strong></span> <span class='ocrx_word' id='word_1_712' title='bbox 3574 3086 3765 3140; x_wconf 86' lang='lat' dir='ltr'><strong>Parrh.</strong></span> <span class='ocrx_word' id='word_1_713' title='bbox 3800 3097 3860 3141; x_wconf 86' lang='lat' dir='ltr'><strong>et</strong></span> 
     </span>
    </p>
   </div>
   <div class='ocr_carea' id='block_1_95' title="bbox 2252 3156 3855 3227">
    <p class='ocr_par' dir='ltr' id='par_1_95' title="bbox 2252 3156 3855 3227">
     <span class='ocr_line' id='line_1_97' title="bbox 2252 3156 3855 3227; baseline 0.006 -21"><span class='ocrx_word' id='word_1_714' title='bbox 2252 3171 2430 3227; x_wconf 65' lang='lat' dir='ltr'><strong>seqq,</strong></span> <span class='ocrx_word' id='word_1_715' title='bbox 2452 3157 2561 3210; x_wconf 82' lang='lat' dir='ltr'><strong>sine</strong></span> <span class='ocrx_word' id='word_1_716' title='bbox 2588 3166 2753 3221; x_wconf 85' lang='lat' dir='ltr'><strong>tactu,</strong></span> <span class='ocrx_word' id='word_1_717' title='bbox 2778 3156 2973 3210; x_wconf 89' lang='lat' dir='ltr'><strong>notiori</strong></span> <span class='ocrx_word' id='word_1_718' title='bbox 3006 3172 3137 3211; x_wconf 84' lang='lat' dir='ltr'><strong>voce</strong></span> <span class='ocrx_word' id='word_1_719' title='bbox 3165 3171 3262 3225; x_wconf 89' lang='lat' dir='ltr'><strong>pro</strong></span> <span class='ocrx_word' id='word_1_720' title='bbox 3293 3157 3482 3227; x_wconf 86' lang='lat' dir='ltr'><strong>rariori</strong></span> <span class='ocrx_word' id='word_1_721' title='bbox 3514 3159 3809 3211; x_wconf 86' lang='lat' dir='ltr'><strong>snbstituta</strong></span> <span class='ocrx_word' id='word_1_722' title='bbox 3840 3174 3855 3215; x_wconf 85' lang='lat'><strong>:</strong></span> 
     </span>
    </p>
   </div>
   <div class='ocr_carea' id='block_1_96' title="bbox 2254 3226 3858 3298">
    <p class='ocr_par' dir='ltr' id='par_1_96' title="bbox 2254 3226 3858 3298">
     <span class='ocr_line' id='line_1_98' title="bbox 2254 3226 3858 3298; baseline 0.001 -17"><span class='ocrx_word' id='word_1_723' title='bbox 2254 3226 2523 3293; x_wconf 76' lang='lat' dir='ltr'><strong>Tractare,</strong></span> <span class='ocrx_word' id='word_1_724' title='bbox 2564 3228 2864 3293; x_wconf 79' lang='lat' dir='ltr'><strong>tractabilis,</strong></span> <span class='ocrx_word' id='word_1_725' title='bbox 2904 3237 3151 3280; x_wconf 82' lang='lat' dir='ltr'><strong>tractatus</strong></span> <span class='ocrx_word' id='word_1_726' title='bbox 3194 3226 3462 3298; x_wconf 72' lang='lat' dir='ltr'><strong>interdum</strong></span> <span class='ocrx_word' id='word_1_727' title='bbox 3509 3228 3670 3298; x_wconf 87' lang='lat' dir='ltr'><strong>idem,</strong></span> <span class='ocrx_word' id='word_1_728' title='bbox 3708 3229 3858 3298; x_wconf 88' lang='lat' dir='ltr'><strong>quod</strong></span> 
     </span>
    </p>
   </div>
   <div class='ocr_carea' id='block_1_97' title="bbox 2252 3297 3855 3370">
    <p class='ocr_par' dir='ltr' id='par_1_97' title="bbox 2252 3297 3855 3370">
     <span class='ocr_line' id='line_1_99' title="bbox 2252 3297 3855 3370; baseline 0 -19"><span class='ocrx_word' id='word_1_729' title='bbox 2252 3308 2487 3368; x_wconf 83' lang='lat' dir='ltr'><strong>tangere,</strong></span> <span class='ocrx_word' id='word_1_730' title='bbox 2531 3299 2821 3370; x_wconf 81' lang='lat' dir='ltr'><strong>tang‘ibilis,</strong></span> <span class='ocrx_word' id='word_1_731' title='bbox 2854 3308 3037 3353; x_wconf 82' lang='lat' dir='ltr'><strong>tactus.</strong></span> <span class='ocrx_word' id='word_1_732' title='bbox 3078 3297 3206 3352; x_wconf 79' lang='lat' dir='ltr'><strong>Vide</strong></span> <span class='ocrx_word' id='word_1_733' title='bbox 3239 3297 3471 3353; x_wconf 82' lang='lat' dir='ltr'><strong>Pierium</strong></span> <span class='ocrx_word' id='word_1_734' title='bbox 3496 3298 3563 3353; x_wconf 89' lang='lat' dir='ltr'><strong>ad</strong></span> <span class='ocrx_word' id='word_1_735' title='bbox 3586 3297 3739 3370; x_wconf 74' lang='lat' dir='ltr'><strong>Virg.</strong></span> <span class='ocrx_word' id='word_1_736' title='bbox 3756 3299 3855 3353; x_wconf 92' lang='lat' dir='ltr'><strong>lib.</strong></span> 
     </span>
    </p>
   </div>
   <div class='ocr_carea' id='block_1_98' title="bbox 2252 3369 2815 3438">
    <p class='ocr_par' dir='ltr' id='par_1_98' title="bbox 2252 3369 2815 3438">
     <span class='ocr_line' id='line_1_100' title="bbox 2252 3369 2815 3438; baseline 0 -14"><span class='ocrx_word' id='word_1_737' title='bbox 2252 3386 2308 3424; x_wconf 84' lang='lat' dir='ltr'><strong>tu</strong></span> <span class='ocrx_word' id='word_1_738' title='bbox 2340 3370 2519 3438; x_wconf 80' lang='lat' dir='ltr'><strong>Georg</strong></span> <span class='ocrx_word' id='word_1_739' title='bbox 2550 3413 2564 3434; x_wconf 90' lang='lat'><strong>,</strong></span> <span class='ocrx_word' id='word_1_740' title='bbox 2596 3386 2647 3423; x_wconf 91' lang='lat' dir='ltr'><strong>v.</strong></span> <span class='ocrx_word' id='word_1_741' title='bbox 2672 3369 2815 3425; x_wconf 71' lang='lat'><strong>502:</strong></span> 
     </span>
    </p>
   </div>
   <div class='ocr_carea' id='block_1_99' title="bbox 2376 3430 3529 3512">
    <p class='ocr_par' dir='ltr' id='par_1_99' title="bbox 2376 3430 3529 3512">
     <span class='ocr_line' id='line_1_101' title="bbox 2376 3430 3529 3512; baseline 0 -2"><span class='ocrx_word' id='word_1_742' title='bbox 2376 3430 2530 3512; x_wconf 63' lang='lat' dir='ltr'><strong>Pellis</strong></span> <span class='ocrx_word' id='word_1_743' title='bbox 2553 3430 2605 3511; x_wconf 83' lang='lat' dir='ltr'><strong>et</strong></span> <span class='ocrx_word' id='word_1_744' title='bbox 2624 3461 2682 3511; x_wconf 90' lang='lat' dir='ltr'><strong>ad</strong></span> <span class='ocrx_word' id='word_1_745' title='bbox 2708 3467 2912 3512; x_wconf 89' lang='lat' dir='ltr'><strong>tractum</strong></span> <span class='ocrx_word' id='word_1_746' title='bbox 2940 3464 3163 3511; x_wconf 84' lang='lat' dir='ltr'><strong>tractanti</strong></span> <span class='ocrx_word' id='word_1_747' title='bbox 3187 3462 3306 3511; x_wconf 90' lang='lat' dir='ltr'><strong>dura</strong></span> <span class='ocrx_word' id='word_1_748' title='bbox 3323 3430 3529 3511; x_wconf 75' lang='lat' dir='ltr'><strong>resistit.</strong></span> 
     </span>
    </p>
   </div>
   <div class='ocr_carea' id='block_1_100' title="bbox 2251 3544 3854 3617">
    <p class='ocr_par' dir='ltr' id='par_1_100' title="bbox 2251 3544 3854 3617">
     <span class='ocr_line' id='line_1_102' title="bbox 2251 3544 3854 3617; baseline 0.002 -16"><span class='ocrx_word' id='word_1_749' title='bbox 2251 3544 2411 3601; x_wconf 85' lang='lat' dir='ltr'><strong>Conf.</strong></span> <span class='ocrx_word' id='word_1_750' title='bbox 2440 3556 2554 3617; x_wconf 87' lang='lat' dir='ltr'><strong>not.</strong></span> <span class='ocrx_word' id='word_1_751' title='bbox 2590 3546 2663 3600; x_wconf 83' lang='lat' dir='ltr'><strong>ad</strong></span> <span class='ocrx_word' id='word_1_752' title='bbox 2686 3547 2863 3617; x_wconf 47' lang='lat' dir='ltr'><strong>Lact,</strong></span> <span class='ocrx_word' id='word_1_753' title='bbox 2903 3547 3007 3617; x_wconf 57' lang='lat' dir='ltr'><strong>lib.</strong></span> <span class='ocrx_word' id='word_1_754' title='bbox 3027 3563 3103 3600; x_wconf 78' lang='lat' dir='ltr'><strong>vn</strong></span> <span class='ocrx_word' id='word_1_755' title='bbox 3137 3547 3392 3612; x_wconf 80' lang='lat' dir='ltr'><strong>lnstituL,</strong></span> <span class='ocrx_word' id='word_1_756' title='bbox 3424 3562 3543 3617; x_wconf 85' lang='lat' dir='ltr'><strong>cap.</strong></span> <span class='ocrx_word' id='word_1_757' title='bbox 3573 3548 3671 3610; x_wconf 61' lang='lat' dir='ltr'><strong>9A,</strong></span> <span class='ocrx_word' id='word_1_758' title='bbox 3698 3558 3752 3603; x_wconf 88' lang='lat' dir='ltr'><strong>et</strong></span> <span class='ocrx_word' id='word_1_759' title='bbox 3779 3550 3854 3605; x_wconf 85' lang='lat' dir='ltr'><strong>ad</strong></span> 
     </span>
    </p>
   </div>
   <div class='ocr_carea' id='block_1_101' title="bbox 2251 3616 3739 3743">
    <p class='ocr_par' dir='ltr' id='par_1_101' title="bbox 2251 3616 3739 3743">
     <span class='ocr_line' id='line_1_103' title="bbox 2251 3616 3739 3743; baseline 0.001 -72"><span class='ocrx_word' id='word_1_760' title='bbox 2251 3617 2348 3672; x_wconf 92' lang='lat' dir='ltr'><strong>lib.</strong></span> <span class='ocrx_word' id='word_1_761' title='bbox 2371 3634 2401 3672; x_wconf 88' lang='lat' dir='ltr'><strong>v</strong></span> <span class='ocrx_word' id='word_1_762' title='bbox 2430 3616 2665 3673; x_wconf 81' lang='lat' dir='ltr'><strong>Institut.</strong></span> <span class='ocrx_word' id='word_1_763' title='bbox 2694 3634 2813 3689; x_wconf 86' lang='lat' dir='ltr'><strong>cap.</strong></span> <span class='ocrx_word' id='word_1_764' title='bbox 2839 3616 2901 3673; x_wconf 70' lang='grc'><strong>21</strong></span> <span class='ocrx_word' id='word_1_765' title='bbox 2930 3636 2942 3671; x_wconf 91' lang='lat'><strong>:</strong></span> <span class='ocrx_word' id='word_1_766' title='bbox 2975 3616 3149 3671; x_wconf 84' lang='lat' dir='ltr'><strong>Oculis</strong></span> <span class='ocrx_word' id='word_1_767' title='bbox 3182 3634 3436 3688; x_wconf 77' lang='lat' dir='ltr'><strong>manuque</strong></span> <span class='ocrx_word' id='word_1_768' title='bbox 3461 3619 3739 3743; x_wconf 55' lang='lat' dir='ltr'><strong>tracgibile.</strong></span> 
     </span>
     <span class='ocr_line' id='line_1_104' title="bbox 3324 3705 3700 3743; baseline 0.003 -1"><span class='ocrx_word' id='word_1_769' title='bbox 3324 3720 3329 3725; x_wconf 63' lang='grc' dir='ltr'><em>α</em></span> <span class='ocrx_word' id='word_1_770' title='bbox 3614 3705 3700 3743; x_wconf 72' lang='lat' dir='ltr'><strong>un.</strong></span> 
     </span>
    </p>
   </div>
   <div class='ocr_carea' id='block_1_102' title="bbox 3324 3705 3700 3744">
    <p class='ocr_par' dir='ltr' id='par_1_102' title="bbox 3324 3705 3700 3744">
     <span class='ocr_line' id='line_1_105' title="bbox 3324 3705 3700 3744; baseline 0 -1"><span class='ocrx_word' id='word_1_771' title='bbox 3324 3720 3329 3725; x_wconf 60' lang='grc' dir='ltr'><strong><em>ε</em></strong></span> <span class='ocrx_word' id='word_1_772' title='bbox 3571 3705 3700 3744; x_wconf 74' lang='grc' dir='ltr'><strong>ὕυΝ.</strong></span> 
     </span>
    </p>
   </div>
   <div class='ocr_carea' id='block_1_103' title="bbox 2327 3758 3853 3830">
    <p class='ocr_par' dir='ltr' id='par_1_103' title="bbox 2327 3758 3853 3830">
     <span class='ocr_line' id='line_1_106' title="bbox 2327 3758 3853 3830; baseline 0.002 -16"><span class='ocrx_word' id='word_1_773' title='bbox 2327 3760 2429 3815; x_wconf 79' lang='lat' dir='ltr'><strong>Alii</strong></span> <span class='ocrx_word' id='word_1_774' title='bbox 2457 3761 2646 3830; x_wconf 79' lang='lat' dir='ltr'><strong>ignem.</strong></span> <span class='ocrx_word' id='word_1_775' title='bbox 2675 3758 2855 3815; x_wconf 80' lang='lat' dir='ltr'><strong>Zenon</strong></span> <span class='ocrx_word' id='word_1_776' title='bbox 2883 3760 3157 3826; x_wconf 73' lang='lat' dir='ltr'><strong>videlicet,</strong></span> <span class='ocrx_word' id='word_1_777' title='bbox 3183 3769 3240 3814; x_wconf 90' lang='grc' dir='ltr'><strong>ιιι</strong></span> <span class='ocrx_word' id='word_1_778' title='bbox 3270 3774 3429 3827; x_wconf 89' lang='lat' dir='ltr'><strong>supra</strong></span> <span class='ocrx_word' id='word_1_779' title='bbox 3472 3774 3541 3815; x_wconf 75' lang='lat' dir='ltr'><strong>ex</strong></span> <span class='ocrx_word' id='word_1_780' title='bbox 3581 3758 3853 3817; x_wconf 83' lang='lat' dir='ltr'><strong>Cicerone</strong></span> 
     </span>
    </p>
   </div>
   <div class='ocr_carea' id='block_1_104' title="bbox 2256 3830 3851 3906">
    <p class='ocr_par' dir='ltr' id='par_1_104' title="bbox 2256 3830 3851 3906">
     <span class='ocr_line' id='line_1_107' title="bbox 2256 3830 3851 3906; baseline 0.003 -21"><span class='ocrx_word' id='word_1_781' title='bbox 2256 3831 2540 3906; x_wconf 75' lang='lat' dir='ltr'><strong>citavitnns</strong></span> <span class='ocrx_word' id='word_1_782' title='bbox 2565 3849 2577 3885; x_wconf 96' lang='lat'>:</span> <span class='ocrx_word' id='word_1_783' title='bbox 2604 3831 2751 3906; x_wconf 88' lang='lat' dir='ltr'><strong>unde</strong></span> <span class='ocrx_word' id='word_1_784' title='bbox 2769 3831 2965 3906; x_wconf 82' lang='lat' dir='ltr'><strong>Stoicis</strong></span> <span class='ocrx_word' id='word_1_785' title='bbox 2988 3830 3171 3906; x_wconf 80' lang='grc' dir='ltr'><strong>δερμὸν</strong></span> <span class='ocrx_word' id='word_1_786' title='bbox 3200 3838 3418 3903; x_wconf 80' lang='grc' dir='ltr'><strong>πνεῦμα.</strong></span> <span class='ocrx_word' id='word_1_787' title='bbox 3451 3831 3851 3906; x_wconf 73' lang='lat' dir='ltr'><strong>SedapudNe-</strong></span> 
     </span>
    </p>
   </div>
   <div class='ocr_carea' id='block_1_105' title="bbox 2255 3902 3851 3971">
    <p class='ocr_par' dir='ltr' id='par_1_105' title="bbox 2255 3902 3851 3971">
     <span class='ocr_line' id='line_1_108' title="bbox 2255 3902 3851 3971; baseline 0.001 -15"><span class='ocrx_word' id='word_1_788' title='bbox 2255 3904 2481 3956; x_wconf 89' lang='lat' dir='ltr'><strong>mesium</strong></span> <span class='ocrx_word' id='word_1_789' title='bbox 2513 3904 2817 3958; x_wconf 89' lang='lat' dir='ltr'><strong>Democrito</strong></span> <span class='ocrx_word' id='word_1_790' title='bbox 2840 3903 2977 3971; x_wconf 85' lang='lat' dir='ltr'><strong>ignis</strong></span> <span class='ocrx_word' id='word_1_791' title='bbox 2994 3902 3295 3969; x_wconf 52' lang='lat' dir='ltr'><strong>es&#39;t&#39;auima,</strong></span> <span class='ocrx_word' id='word_1_792' title='bbox 3327 3902 3467 3971; x_wconf 91' lang='lat' dir='ltr'><strong>apud</strong></span> <span class='ocrx_word' id='word_1_793' title='bbox 3500 3903 3851 3958; x_wconf 77' lang='lat' dir='ltr'><strong>Plutarchum</strong></span> 
     </span>
    </p>
   </div>
   <div class='ocr_carea' id='block_1_106' title="bbox 2254 3972 3853 4045">
    <p class='ocr_par' dir='ltr' id='par_1_106' title="bbox 2254 3972 3853 4045">
     <span class='ocr_line' id='line_1_109' title="bbox 2254 3972 3853 4045; baseline 0.001 -18"><span class='ocrx_word' id='word_1_794' title='bbox 2254 3973 2547 4045; x_wconf 83' lang='lat' dir='ltr'><strong>Demetrio,</strong></span> <span class='ocrx_word' id='word_1_795' title='bbox 2581 3972 2727 4045; x_wconf 84' lang='lat' dir='ltr'><strong>apud</strong></span> <span class='ocrx_word' id='word_1_796' title='bbox 2751 3972 3077 4045; x_wconf 65' lang='lat' dir='ltr'><strong>Macrobium</strong></span> <span class='ocrx_word' id='word_1_797' title='bbox 3100 3973 3431 4044; x_wconf 76' lang='lat' dir='ltr'><strong>Hipparcho,</strong></span> <span class='ocrx_word' id='word_1_798' title='bbox 3457 3973 3595 4028; x_wconf 89' lang='lat' dir='ltr'><strong>sicut</strong></span> <span class='ocrx_word' id='word_1_799' title='bbox 3615 3974 3853 4045; x_wconf 77' lang='lat' dir='ltr'><strong>ﬂippoui</strong></span> 
     </span>
    </p>
   </div>
   <div class='ocr_carea' id='block_1_107' title="bbox 2253 4044 3121 4114">
    <p class='ocr_par' dir='ltr' id='par_1_107' title="bbox 2253 4044 3121 4114">
     <span class='ocr_line' id='line_1_110' title="bbox 2253 4044 3121 4114; baseline 0.001 -16"><span class='ocrx_word' id='word_1_800' title='bbox 2253 4058 2409 4114; x_wconf 81' lang='lat' dir='ltr'><strong>aqua.</strong></span> <span class='ocrx_word' id='word_1_801' title='bbox 2437 4044 2570 4098; x_wconf 79' lang='lat' dir='ltr'><strong>Hinc</strong></span> <span class='ocrx_word' id='word_1_802' title='bbox 2601 4044 2730 4098; x_wconf 84' lang='lat' dir='ltr'><strong>illud</strong></span> <span class='ocrx_word' id='word_1_803' title='bbox 2767 4044 2914 4114; x_wconf 74' lang='lat' dir='ltr'><strong>Virg.</strong></span> <span class='ocrx_word' id='word_1_804' title='bbox 2950 4046 3001 4099; x_wconf 91' lang='lat' dir='ltr'><strong>in</strong></span> <span class='ocrx_word' id='word_1_805' title='bbox 3037 4061 3121 4099; x_wconf 84' lang='lat' dir='ltr'><strong>vt:</strong></span> 
     </span>
    </p>
   </div>
   <div class='ocr_carea' id='block_1_108' title="bbox 2436 4136 3500 4200">
    <p class='ocr_par' dir='ltr' id='par_1_108' title="bbox 2436 4136 3500 4200">
     <span class='ocr_line' id='line_1_111' title="bbox 2436 4136 3500 4200; baseline -0.003 -14"><span class='ocrx_word' id='word_1_806' title='bbox 2436 4136 2618 4199; x_wconf 79' lang='lat' dir='ltr'><strong>Igneus</strong></span> <span class='ocrx_word' id='word_1_807' title='bbox 2637 4143 2715 4187; x_wconf 90' lang='lat' dir='ltr'><strong>est</strong></span> <span class='ocrx_word' id='word_1_808' title='bbox 2735 4136 2846 4187; x_wconf 88' lang='lat' dir='ltr'><strong>ollis</strong></span> <span class='ocrx_word' id='word_1_809' title='bbox 2865 4144 3004 4200; x_wconf 85' lang='lat' dir='ltr'><strong>vlgor</strong></span> <span class='ocrx_word' id='word_1_810' title='bbox 3031 4143 3083 4187; x_wconf 90' lang='lat' dir='ltr'><strong>et</strong></span> <span class='ocrx_word' id='word_1_811' title='bbox 3105 4136 3324 4187; x_wconf 77' lang='lat' dir='ltr'><strong>cmlestis</strong></span> <span class='ocrx_word' id='word_1_812' title='bbox 3345 4137 3500 4197; x_wconf 84' lang='lat' dir='ltr'><strong>origo.</strong></span> 
     </span>
    </p>
   </div>
   <div class='ocr_carea' id='block_1_109' title="bbox 3188 4203 3633 4270">
    <p class='ocr_par' dir='ltr' id='par_1_109' title="bbox 3188 4203 3633 4270">
     <span class='ocr_line' id='line_1_112' title="bbox 3188 4203 3633 4270; baseline -0.007 -14"><span class='ocrx_word' id='word_1_813' title='bbox 3188 4207 3240 4270; x_wconf 77' lang='grc' dir='ltr'><strong>(Ι</strong></span> <span class='ocrx_word' id='word_1_814' title='bbox 3243 4215 3338 4256; x_wconf 87' lang='lat' dir='ltr'><strong>tem</strong></span> <span class='ocrx_word' id='word_1_815' title='bbox 3357 4203 3408 4255; x_wconf 83' lang='lat' dir='ltr'><strong>in</strong></span> <span class='ocrx_word' id='word_1_816' title='bbox 3429 4219 3476 4255; x_wconf 83' lang='lat' dir='ltr'><strong>tv</strong></span> <span class='ocrx_word' id='word_1_817' title='bbox 3497 4205 3633 4267; x_wconf 74' lang='grc' dir='ltr'><strong>Δῖη.)</strong></span> 
     </span>
    </p>
   </div>
   <div class='ocr_carea' id='block_1_110' title="bbox 2325 4288 3855 4363">
    <p class='ocr_par' dir='ltr' id='par_1_110' title="bbox 2325 4288 3855 4363">
     <span class='ocr_line' id='line_1_113' title="bbox 2325 4288 3855 4363; baseline 0 -19"><span class='ocrx_word' id='word_1_818' title='bbox 2325 4291 2483 4359; x_wconf 83' lang='lat' dir='ltr'><strong>Quod</strong></span> <span class='ocrx_word' id='word_1_819' title='bbox 2502 4290 2676 4346; x_wconf 60' lang='lat' dir='ltr'><strong>Greece</strong></span> <span class='ocrx_word' id='word_1_820' title='bbox 2702 4301 2878 4347; x_wconf 84' lang='lat' dir='ltr'><strong>ventus</strong></span> <span class='ocrx_word' id='word_1_821' title='bbox 2909 4289 3110 4363; x_wconf 77' lang='grc' dir='ltr'><strong>ἄνεμος.</strong></span> <span class='ocrx_word' id='word_1_822' title='bbox 3144 4292 3259 4363; x_wconf 79' lang='lat' dir='ltr'><strong>Alia</strong></span> <span class='ocrx_word' id='word_1_823' title='bbox 3289 4291 3517 4353; x_wconf 86' lang='lat' dir='ltr'><strong>ratione,</strong></span> <span class='ocrx_word' id='word_1_824' title='bbox 3552 4288 3667 4343; x_wconf 87' lang='lat' dir='ltr'><strong>sive</strong></span> <span class='ocrx_word' id='word_1_825' title='bbox 3694 4290 3855 4358; x_wconf 85' lang='lat' dir='ltr'><strong>spiri-</strong></span> 
     </span>
    </p>
   </div>
   <div class='ocr_carea' id='block_1_111' title="bbox 2170 4361 3863 4454">
    <p class='ocr_par' dir='ltr' id='par_1_111' title="bbox 2170 4361 3863 4454">
     <span class='ocr_line' id='line_1_114' title="bbox 2170 4361 3863 4454; baseline -0.004 -36"><span class='ocrx_word' id='word_1_826' title='bbox 2170 4387 2224 4454; x_wconf 75' lang='lat' dir='ltr'><strong>D</strong></span> <span class='ocrx_word' id='word_1_827' title='bbox 2250 4373 2376 4427; x_wconf 89' lang='lat' dir='ltr'><strong>tum,</strong></span> <span class='ocrx_word' id='word_1_828' title='bbox 2401 4365 2512 4454; x_wconf 62' lang='lat' dir='ltr'><strong>sive</strong></span> <span class='ocrx_word' id='word_1_829' title='bbox 2533 4363 2714 4454; x_wconf 66' lang='lat' dir='ltr'><strong>ﬂutant</strong></span> <span class='ocrx_word' id='word_1_830' title='bbox 2739 4363 2961 4454; x_wconf 53' lang='lat' dir='ltr'><strong>animum</strong></span> <span class='ocrx_word' id='word_1_831' title='bbox 2999 4361 3559 4454; x_wconf 32' lang='lat' dir='ltr'><strong>nos-1dicizt‘tlttts;ﬁttﬂt</strong></span> <span class='ocrx_word' id='word_1_832' title='bbox 3592 4369 3863 4454; x_wconf 51' lang='lat' dir='ltr'><strong>tanqu—aur</strong></span> 
     </span>
    </p>
   </div>
   <div class='ocr_carea' id='block_1_112' title="bbox 2251 4432 3852 4503">
    <p class='ocr_par' dir='ltr' id='par_1_112' title="bbox 2251 4432 3852 4503">
     <span class='ocr_line' id='line_1_115' title="bbox 2251 4432 3852 4503; baseline -0.002 -14"><span class='ocrx_word' id='word_1_833' title='bbox 2251 4449 2346 4489; x_wconf 91' lang='lat' dir='ltr'><strong>aer</strong></span> <span class='ocrx_word' id='word_1_834' title='bbox 2368 4434 2582 4503; x_wconf 88' lang='lat' dir='ltr'><strong>quidam</strong></span> <span class='ocrx_word' id='word_1_835' title='bbox 2630 4435 2726 4499; x_wconf 83' lang='lat' dir='ltr'><strong>sit,</strong></span> <span class='ocrx_word' id='word_1_836' title='bbox 2776 4435 2953 4503; x_wconf 83' lang='lat' dir='ltr'><strong>qualis</strong></span> <span class='ocrx_word' id='word_1_837' title='bbox 2997 4434 3216 4502; x_wconf 83' lang='lat' dir='ltr'><strong>spiritus</strong></span> <span class='ocrx_word' id='word_1_838' title='bbox 3248 4433 3369 4503; x_wconf 87' lang='lat' dir='ltr'><strong>ille,</strong></span> <span class='ocrx_word' id='word_1_839' title='bbox 3403 4444 3565 4501; x_wconf 83' lang='lat' dir='ltr'><strong>quem</strong></span> <span class='ocrx_word' id='word_1_840' title='bbox 3590 4432 3852 4499; x_wconf 72' lang='lat' dir='ltr'><strong>spirando</strong></span> 
     </span>
    </p>
   </div>
   <div class='ocr_carea' id='block_1_113' title="bbox 2254 4502 3853 4574">
    <p class='ocr_par' dir='ltr' id='par_1_113' title="bbox 2254 4502 3853 4574">
     <span class='ocr_line' id='line_1_116' title="bbox 2254 4502 3853 4574; baseline -0.003 -14"><span class='ocrx_word' id='word_1_841' title='bbox 2254 4506 2537 4569; x_wconf 90' lang='lat' dir='ltr'><strong>trahimus,</strong></span> <span class='ocrx_word' id='word_1_842' title='bbox 2586 4504 2679 4558; x_wconf 89' lang='lat' dir='ltr'><strong>sed</strong></span> <span class='ocrx_word' id='word_1_843' title='bbox 2707 4502 2965 4572; x_wconf 79' lang='lat' dir='ltr'><strong>spiritum,</strong></span> <span class='ocrx_word' id='word_1_844' title='bbox 2994 4506 3117 4574; x_wconf 88' lang='lat' dir='ltr'><strong>quia</strong></span> <span class='ocrx_word' id='word_1_845' title='bbox 3146 4502 3427 4574; x_wconf 86' lang='lat' dir='ltr'><strong>propriam</strong></span> <span class='ocrx_word' id='word_1_846' title='bbox 3441 4503 3729 4574; x_wconf 84' lang='lat' dir='ltr'><strong>quamdam</strong></span> <span class='ocrx_word' id='word_1_847' title='bbox 3753 4503 3853 4574; x_wconf 83' lang='lat' dir='ltr'><strong>ha-</strong></span> 
     </span>
    </p>
   </div>
   <div class='ocr_carea' id='block_1_114' title="bbox 2248 4571 3853 4646">
    <p class='ocr_par' dir='ltr' id='par_1_114' title="bbox 2248 4571 3853 4646">
     <span class='ocr_line' id='line_1_117' title="bbox 2248 4571 3853 4646; baseline -0.003 -14"><span class='ocrx_word' id='word_1_848' title='bbox 2248 4576 2341 4632; x_wconf 85' lang='lat' dir='ltr'><strong>bet</strong></span> <span class='ocrx_word' id='word_1_849' title='bbox 2364 4585 2599 4630; x_wconf 87' lang='lat' dir='ltr'><strong>naturam</strong></span> <span class='ocrx_word' id='word_1_850' title='bbox 2626 4571 2853 4644; x_wconf 78' lang='lat' dir='ltr'><strong>corporis</strong></span> <span class='ocrx_word' id='word_1_851' title='bbox 2880 4571 3167 4646; x_wconf 64' lang='lat' dir='ltr'><strong>expertem,</strong></span> <span class='ocrx_word' id='word_1_852' title='bbox 3199 4571 3547 4646; x_wconf 50' lang='lat' dir='ltr'><strong>et&#39;mtmdanw</strong></span> <span class='ocrx_word' id='word_1_853' title='bbox 3567 4572 3718 4626; x_wconf 79' lang='lat' dir='ltr'><strong>motis</strong></span> <span class='ocrx_word' id='word_1_854' title='bbox 3745 4573 3853 4627; x_wconf 82' lang='lat' dir='ltr'><strong>ele-</strong></span> 
     </span>
    </p>
   </div>
   <div class='ocr_carea' id='block_1_115' title="bbox 2249 4644 3852 4712">
    <p class='ocr_par' dir='ltr' id='par_1_115' title="bbox 2249 4644 3852 4712">
     <span class='ocr_line' id='line_1_118' title="bbox 2249 4644 3852 4712; baseline -0.001 -12"><span class='ocrx_word' id='word_1_855' title='bbox 2249 4648 2431 4701; x_wconf 85' lang='lat' dir='ltr'><strong>mentis</strong></span> <span class='ocrx_word' id='word_1_856' title='bbox 2461 4647 2692 4700; x_wconf 87' lang='lat' dir='ltr'><strong>omnilms</strong></span> <span class='ocrx_word' id='word_1_857' title='bbox 2712 4644 3117 4701; x_wconf 72' lang='lat' dir='ltr'><strong>excellentiorem</strong></span> <span class='ocrx_word' id='word_1_858' title='bbox 3151 4644 3507 4706; x_wconf 69' lang='lat' dir='ltr'><strong>substantiam,</strong></span> <span class='ocrx_word' id='word_1_859' title='bbox 3550 4651 3606 4696; x_wconf 89' lang='grc' dir='ltr'><strong>ιιι</strong></span> <span class='ocrx_word' id='word_1_860' title='bbox 3637 4646 3852 4712; x_wconf 65' lang='lat' dir='ltr'><strong>Augus-</strong></span> 
     </span>
    </p>
   </div>
   <div class='ocr_carea' id='block_1_116' title="bbox 2252 4713 3850 4787">
    <p class='ocr_par' dir='ltr' id='par_1_116' title="bbox 2252 4713 3850 4787">
     <span class='ocr_line' id='line_1_119' title="bbox 2252 4713 3850 4787; baseline -0.001 -16"><span class='ocrx_word' id='word_1_861' title='bbox 2252 4724 2346 4772; x_wconf 91' lang='lat' dir='ltr'><strong>tin.</strong></span> <span class='ocrx_word' id='word_1_862' title='bbox 2382 4720 2595 4787; x_wconf 87' lang='lat' dir='ltr'><strong>epistol.</strong></span> <span class='ocrx_word' id='word_1_863' title='bbox 2624 4717 2730 4771; x_wconf 74' lang='lat'><strong>‘28:</strong></span> <span class='ocrx_word' id='word_1_864' title='bbox 2763 4717 2989 4784; x_wconf 68' lang='lat' dir='ltr'><strong>lt&#39;lntum,</strong></span> <span class='ocrx_word' id='word_1_865' title='bbox 3011 4718 3135 4784; x_wconf 84' lang='lat' dir='ltr'><strong>quia</strong></span> <span class='ocrx_word' id='word_1_866' title='bbox 3150 4713 3669 4787; x_wconf 8' lang='lat' dir='ltr'><strong>Deo‘estginsumnnte</strong></span> <span class='ocrx_word' id='word_1_867' title='bbox 3694 4729 3850 4787; x_wconf 71' lang='lat' dir='ltr'><strong>crea-</strong></span> 
     </span>
    </p>
   </div>
   <div class='ocr_carea' id='block_1_117' title="bbox 2252 4783 3848 4857">
    <p class='ocr_par' dir='ltr' id='par_1_117' title="bbox 2252 4783 3848 4857">
     <span class='ocr_line' id='line_1_120' title="bbox 2252 4783 3848 4857; baseline -0.003 -12"><span class='ocrx_word' id='word_1_868' title='bbox 2252 4798 2336 4853; x_wconf 86' lang='lat' dir='ltr'><strong>ta,</strong></span> <span class='ocrx_word' id='word_1_869' title='bbox 2364 4783 2428 4842; x_wconf 80' lang='grc' dir='ltr'><strong>ιιι</strong></span> <span class='ocrx_word' id='word_1_870' title='bbox 2445 4804 2513 4843; x_wconf 83' lang='lat' dir='ltr'><strong>ex</strong></span> <span class='ocrx_word' id='word_1_871' title='bbox 2543 4788 2718 4851; x_wconf 74' lang='lat' dir='ltr'><strong>Mose,</strong></span> <span class='ocrx_word' id='word_1_872' title='bbox 2748 4788 2833 4841; x_wconf 75' lang='lat' dir='ltr'><strong>lib.</strong></span> <span class='ocrx_word' id='word_1_873' title='bbox 2868 4804 2907 4856; x_wconf 86' lang='grc' dir='ltr'>ι,</span> <span class='ocrx_word' id='word_1_874' title='bbox 2937 4804 3051 4857; x_wconf 79' lang='lat' dir='ltr'><strong>cap.</strong></span> <span class='ocrx_word' id='word_1_875' title='bbox 3082 4787 3147 4853; x_wconf 79' lang='lat'><strong>2,</strong></span> <span class='ocrx_word' id='word_1_876' title='bbox 3178 4801 3307 4840; x_wconf 76' lang='lat' dir='ltr'><strong>vers.</strong></span> <span class='ocrx_word' id='word_1_877' title='bbox 3340 4785 3393 4839; x_wconf 84' lang='lat'><strong>7.</strong></span> <span class='ocrx_word' id='word_1_878' title='bbox 3420 4783 3567 4857; x_wconf 71' lang='lat' dir='ltr'><strong>idem</strong></span> <span class='ocrx_word' id='word_1_879' title='bbox 3597 4784 3669 4839; x_wconf 79' lang='lat' dir='ltr'><strong>de</strong></span> <span class='ocrx_word' id='word_1_880' title='bbox 3684 4785 3848 4840; x_wconf 72' lang='lat' dir='ltr'><strong>Civis.</strong></span> 
     </span>
    </p>
   </div>
   <div class='ocr_carea' id='block_1_118' title="bbox 2253 4856 3861 4928">
    <p class='ocr_par' dir='ltr' id='par_1_118' title="bbox 2253 4856 3861 4928">
     <span class='ocr_line' id='line_1_121' title="bbox 2253 4856 3861 4928; baseline -0.001 -15"><span class='ocrx_word' id='word_1_881' title='bbox 2253 4860 2367 4925; x_wconf 86' lang='lat' dir='ltr'><strong>Dei,</strong></span> <span class='ocrx_word' id='word_1_882' title='bbox 2393 4860 2485 4914; x_wconf 89' lang='lat' dir='ltr'><strong>lib.</strong></span> <span class='ocrx_word' id='word_1_883' title='bbox 2513 4874 2623 4925; x_wconf 81' lang='lat' dir='ltr'><strong>xm,</strong></span> <span class='ocrx_word' id='word_1_884' title='bbox 2638 4874 2755 4928; x_wconf 84' lang='lat' dir='ltr'><strong>cap.</strong></span> <span class='ocrx_word' id='word_1_885' title='bbox 2776 4861 2865 4913; x_wconf 68' lang='lat'><strong>24.</strong></span> <span class='ocrx_word' id='word_1_886' title='bbox 2884 4860 3127 4913; x_wconf 71' lang='lat' dir='ltr'><strong>Lactant.</strong></span> <span class='ocrx_word' id='word_1_887' title='bbox 3144 4866 3294 4912; x_wconf 81' lang='lat' dir='ltr'><strong>certe</strong></span> <span class='ocrx_word' id='word_1_888' title='bbox 3315 4866 3503 4928; x_wconf 67' lang='lat' dir='ltr'><strong>contra</strong></span> <span class='ocrx_word' id='word_1_889' title='bbox 3515 4856 3671 4928; x_wconf 80' lang='lat' dir='ltr'><strong>plane</strong></span> <span class='ocrx_word' id='word_1_890' title='bbox 3684 4870 3861 4926; x_wconf 82' lang='lat' dir='ltr'><strong>quam-</strong></span> 
     </span>
    </p>
   </div>
   <div class='ocr_carea' id='block_1_119' title="bbox 2252 4926 3848 5001">
    <p class='ocr_par' dir='ltr' id='par_1_119' title="bbox 2252 4926 3848 5001">
     <span class='ocr_line' id='line_1_122' title="bbox 2252 4926 3848 5001; baseline -0.004 -17"><span class='ocrx_word' id='word_1_891' title='bbox 2252 4932 2431 4996; x_wconf 77' lang='lat' dir='ltr'><strong>stoiri,</strong></span> <span class='ocrx_word' id='word_1_892' title='bbox 2458 4933 2581 5001; x_wconf 87' lang='lat' dir='ltr'><strong>quia</strong></span> <span class='ocrx_word' id='word_1_893' title='bbox 2616 4926 2768 5001; x_wconf 37' lang='lat' dir='ltr'><strong>par—tu</strong></span> <span class='ocrx_word' id='word_1_894' title='bbox 2798 4930 3105 4984; x_wconf 83' lang='lat' dir='ltr'><strong>animam-iu</strong></span> <span class='ocrx_word' id='word_1_895' title='bbox 3129 4943 3329 5001; x_wconf 84' lang='lat' dir='ltr'><strong>corpus</strong></span> <span class='ocrx_word' id='word_1_896' title='bbox 3354 4926 3614 5001; x_wconf 82' lang='lat' dir='ltr'><strong>insinuari</strong></span> <span class='ocrx_word' id='word_1_897' title='bbox 3638 4937 3848 5001; x_wconf 68' lang='lat' dir='ltr'><strong>statue-</strong></span> 
     </span>
    </p>
   </div>
   <div class='ocr_carea' id='block_1_120' title="bbox 2253 4996 3859 5072">
    <p class='ocr_par' dir='ltr' id='par_1_120' title="bbox 2253 4996 3859 5072">
     <span class='ocr_line' id='line_1_123' title="bbox 2253 4996 3859 5072; baseline -0.003 -16"><span class='ocrx_word' id='word_1_898' title='bbox 2253 5001 2401 5066; x_wconf 88' lang='lat' dir='ltr'><strong>bant,</strong></span> <span class='ocrx_word' id='word_1_899' title='bbox 2428 4996 2577 5072; x_wconf 79' lang='lat' dir='ltr'><strong>quod</strong></span> <span class='ocrx_word' id='word_1_900' title='bbox 2598 4996 2652 5055; x_wconf 80' lang='lat' dir='ltr'><strong>et</strong></span> <span class='ocrx_word' id='word_1_901' title='bbox 2681 5000 2991 5055; x_wconf 88' lang='lat' dir='ltr'><strong>Lactantius</strong></span> <span class='ocrx_word' id='word_1_902' title='bbox 3007 5010 3220 5072; x_wconf 82' lang='lat' dir='ltr'><strong>monet;</strong></span> <span class='ocrx_word' id='word_1_903' title='bbox 3253 4997 3593 5072; x_wconf 71' lang='lat' dir='ltr'><strong>Aristoteles,</strong></span> <span class='ocrx_word' id='word_1_904' title='bbox 3619 4996 3687 5052; x_wconf 87' lang='lat' dir='ltr'><strong>de</strong></span> <span class='ocrx_word' id='word_1_905' title='bbox 3713 4999 3859 5052; x_wconf 81' lang='lat' dir='ltr'><strong>Ani-</strong></span> 
     </span>
    </p>
   </div>
   <div class='ocr_carea' id='block_1_121' title="bbox 2253 5070 3851 5144">
    <p class='ocr_par' dir='ltr' id='par_1_121' title="bbox 2253 5070 3851 5144">
     <span class='ocr_line' id='line_1_124' title="bbox 2253 5070 3851 5144; baseline -0.001 -18"><span class='ocrx_word' id='word_1_906' title='bbox 2253 5070 2478 5144; x_wconf 73' lang='lat' dir='ltr'><strong>ma._lili.</strong></span> <span class='ocrx_word' id='word_1_907' title='bbox 2504 5088 2540 5137; x_wconf 89' lang='grc' dir='ltr'>ι,</span> <span class='ocrx_word' id='word_1_908' title='bbox 2565 5086 2684 5144; x_wconf 82' lang='lat' dir='ltr'><strong>cap.</strong></span> <span class='ocrx_word' id='word_1_909' title='bbox 2715 5074 2764 5126; x_wconf 86' lang='lat'><strong>5.</strong></span> <span class='ocrx_word' id='word_1_910' title='bbox 2796 5072 3000 5144; x_wconf 67' lang='lat' dir='ltr'><strong>Latinis</strong></span> <span class='ocrx_word' id='word_1_911' title='bbox 3017 5071 3177 5144; x_wconf 76' lang='lat' dir='ltr'><strong>etiam</strong></span> <span class='ocrx_word' id='word_1_912' title='bbox 3202 5072 3415 5144; x_wconf 65' lang='lat' dir='ltr'><strong>animus</strong></span> <span class='ocrx_word' id='word_1_913' title='bbox 3430 5077 3484 5123; x_wconf 85' lang='lat' dir='ltr'><strong>et</strong></span> <span class='ocrx_word' id='word_1_914' title='bbox 3503 5070 3674 5122; x_wconf 78' lang='lat' dir='ltr'><strong>anima</strong></span> <span class='ocrx_word' id='word_1_915' title='bbox 3696 5073 3851 5144; x_wconf 75' lang='grc' dir='ltr'><strong>παρὰ</strong></span> 
     </span>
    </p>
   </div>
   <div class='ocr_carea' id='block_1_122' title="bbox 2250 5140 3639 5217">
    <p class='ocr_par' dir='ltr' id='par_1_122' title="bbox 2250 5140 3639 5217">
     <span class='ocr_line' id='line_1_125' title="bbox 2250 5140 3639 5217; baseline -0.005 -20"><span class='ocrx_word' id='word_1_916' title='bbox 2250 5141 2551 5217; x_wconf 54' lang='lat' dir='ltr'><strong>concisorum.</strong></span> <span class='ocrx_word' id='word_1_917' title='bbox 2579 5140 2731 5217; x_wconf 75' lang='lat' dir='ltr'><strong>serv.</strong></span> <span class='ocrx_word' id='word_1_918' title='bbox 2761 5142 3070 5217; x_wconf 11' lang='lat' dir='ltr'><strong>adgitineid‘.</strong></span> <span class='ocrx_word' id='word_1_919' title='bbox 3104 5143 3196 5197; x_wconf 91' lang='lat' dir='ltr'><strong>lih.</strong></span> <span class='ocrx_word' id='word_1_920' title='bbox 3232 5158 3272 5196; x_wconf 90' lang='grc' dir='ltr'>ι.</span> <span class='ocrx_word' id='word_1_921' title='bbox 3300 5140 3585 5217; x_wconf 61' lang='lat' dir='ltr'><strong>Garunna.</strong></span> <span class='ocrx_word' id='word_1_922' title='bbox 3630 5164 3639 5173; x_wconf 65' lang='grc' dir='ltr'><em>τ</em></span> 
     </span>
    </p>
   </div>
   <div class='ocr_carea' id='block_1_123' title="bbox 2322 5210 3851 5283">
    <p class='ocr_par' dir='ltr' id='par_1_123' title="bbox 2322 5210 3851 5283">
     <span class='ocr_line' id='line_1_126' title="bbox 2322 5210 3851 5283; baseline -0.002 -15"><span class='ocrx_word' id='word_1_923' title='bbox 2322 5210 2634 5283; x_wconf 72' lang='lat' dir='ltr'><strong>Consumpto</strong></span> <span class='ocrx_word' id='word_1_924' title='bbox 2658 5214 2767 5267; x_wconf 82' lang='lat' dir='ltr'><strong>illo.</strong></span> <span class='ocrx_word' id='word_1_925' title='bbox 2801 5214 2897 5267; x_wconf 78' lang='lat' dir='ltr'><strong>Ms.</strong></span> <span class='ocrx_word' id='word_1_926' title='bbox 2917 5214 3154 5269; x_wconf 69' lang='lat' dir='ltr'><strong>(itarem.</strong></span> <span class='ocrx_word' id='word_1_927' title='bbox 3175 5221 3475 5282; x_wconf 75' lang='lat' dir='ltr'><strong>consumpto</strong></span> <span class='ocrx_word' id='word_1_928' title='bbox 3503 5211 3638 5277; x_wconf 81' lang='lat' dir='ltr'><strong>oleo;</strong></span> <span class='ocrx_word' id='word_1_929' title='bbox 3658 5210 3851 5282; x_wconf 84' lang='lat' dir='ltr'><strong>sicque</strong></span> 
     </span>
    </p>
   </div>
   <div class='ocr_carea' id='block_1_124' title="bbox 2250 5283 2916 5356">
    <p class='ocr_par' dir='ltr' id='par_1_124' title="bbox 2250 5283 2916 5356">
     <span class='ocr_line' id='line_1_127' title="bbox 2250 5283 2916 5356; baseline 0 -17"><span class='ocrx_word' id='word_1_930' title='bbox 2250 5284 2355 5356; x_wconf 86' lang='lat' dir='ltr'><strong>legi</strong></span> <span class='ocrx_word' id='word_1_931' title='bbox 2385 5286 2618 5339; x_wconf 85' lang='lat' dir='ltr'><strong>malebat</strong></span> <span class='ocrx_word' id='word_1_932' title='bbox 2639 5283 2916 5340; x_wconf 77' lang='lat' dir='ltr'><strong>Francius.</strong></span> 
     </span>
    </p>
   </div>
   <div class='ocr_carea' id='block_1_125' title="bbox 2322 5350 3842 5426">
    <p class='ocr_par' dir='ltr' id='par_1_125' title="bbox 2322 5350 3842 5426">
     <span class='ocr_line' id='line_1_128' title="bbox 2322 5350 3842 5426; baseline -0.002 -17"><span class='ocrx_word' id='word_1_933' title='bbox 2322 5350 2524 5409; x_wconf 58' lang='lat' dir='ltr'><strong>&#39;Alatur.</strong></span> <span class='ocrx_word' id='word_1_934' title='bbox 2558 5356 2630 5409; x_wconf 90' lang='lat' dir='ltr'><strong>Ita</strong></span> <span class='ocrx_word' id='word_1_935' title='bbox 2665 5369 2767 5409; x_wconf 89' lang='lat' dir='ltr'><strong>ms.</strong></span> <span class='ocrx_word' id='word_1_936' title='bbox 2800 5357 2927 5410; x_wconf 84' lang='lat' dir='ltr'><strong>Bov.</strong></span> <span class='ocrx_word' id='word_1_937' title='bbox 2955 5356 3115 5426; x_wconf 88' lang='lat' dir='ltr'><strong>quod.</strong></span> <span class='ocrx_word' id='word_1_938' title='bbox 3139 5355 3337 5411; x_wconf 76' lang='lat' dir='ltr'><strong>rectius</strong></span> <span class='ocrx_word' id='word_1_939' title='bbox 3374 5350 3842 5426; x_wconf 56' lang='lat' dir='ltr'><strong>jttuta_Heutnan-</strong></span> 
     </span>
    </p>
   </div>
   <div class='ocr_carea' id='block_1_126' title="bbox 2248 5422 3840 5492">
    <p class='ocr_par' dir='ltr' id='par_1_126' title="bbox 2248 5422 3840 5492">
     <span class='ocr_line' id='line_1_129' title="bbox 2248 5422 3840 5492; baseline -0.003 -10"><span class='ocrx_word' id='word_1_940' title='bbox 2248 5441 2377 5482; x_wconf 92' lang='lat' dir='ltr'><strong>num</strong></span> <span class='ocrx_word' id='word_1_941' title='bbox 2395 5442 2459 5481; x_wconf 78' lang='lat' dir='ltr'><strong>ex</strong></span> <span class='ocrx_word' id='word_1_942' title='bbox 2476 5426 2710 5481; x_wconf 88' lang='lat' dir='ltr'><strong>editione</strong></span> <span class='ocrx_word' id='word_1_943' title='bbox 2738 5427 2897 5482; x_wconf 71' lang='lat' dir='ltr'><strong>N72.</strong></span> <span class='ocrx_word' id='word_1_944' title='bbox 2931 5422 2985 5481; x_wconf 82' lang='lat' dir='ltr'><strong>In</strong></span> <span class='ocrx_word' id='word_1_945' title='bbox 3014 5428 3132 5481; x_wconf 84' lang='lat' dir='ltr'><strong>aliis</strong></span> <span class='ocrx_word' id='word_1_946' title='bbox 3158 5428 3336 5492; x_wconf 81' lang='lat' dir='ltr'><strong>alitur,</strong></span> <span class='ocrx_word' id='word_1_947' title='bbox 3355 5422 3450 5479; x_wconf 74' lang='lat' dir='ltr'><strong>sed</strong></span> <span class='ocrx_word' id='word_1_948' title='bbox 3482 5424 3662 5477; x_wconf 88' lang='lat' dir='ltr'><strong>minus</strong></span> <span class='ocrx_word' id='word_1_949' title='bbox 3681 5422 3840 5478; x_wconf 87' lang='lat' dir='ltr'><strong>bene.</strong></span> 
     </span>
    </p>
   </div>
   <div class='ocr_carea' id='block_1_127' title="bbox 2323 5497 3843 5568">
    <p class='ocr_par' dir='ltr' id='par_1_127' title="bbox 2323 5497 3843 5568">
     <span class='ocr_line' id='line_1_130' title="bbox 2323 5497 3843 5568; baseline -0.003 -15"><span class='ocrx_word' id='word_1_950' title='bbox 2323 5497 2491 5553; x_wconf 87' lang='lat' dir='ltr'><strong>Sensu</strong></span> <span class='ocrx_word' id='word_1_951' title='bbox 2532 5509 2701 5552; x_wconf 79' lang='lat' dir='ltr'><strong>aucta.</strong></span> <span class='ocrx_word' id='word_1_952' title='bbox 2734 5498 2789 5552; x_wconf 86' lang='lat' dir='ltr'><strong>Id</strong></span> <span class='ocrx_word' id='word_1_953' title='bbox 2816 5509 2920 5565; x_wconf 89' lang='lat' dir='ltr'><strong>est,</strong></span> <span class='ocrx_word' id='word_1_954' title='bbox 2950 5513 3111 5554; x_wconf 87' lang='lat' dir='ltr'><strong>sensu</strong></span> <span class='ocrx_word' id='word_1_955' title='bbox 3140 5497 3416 5568; x_wconf 65' lang='lat' dir='ltr'><strong>praecessit</strong></span> <span class='ocrx_word' id='word_1_956' title='bbox 3451 5508 3644 5568; x_wconf 79' lang='lat' dir='ltr'><strong>oppos.</strong></span> <span class='ocrx_word' id='word_1_957' title='bbox 3673 5509 3843 5568; x_wconf 53' lang='lat' dir='ltr'><strong>sensu</strong></span> 
     </span>
    </p>
   </div>
   <div class='ocr_carea' id='block_1_128' title="bbox 2244 5564 3847 5640">
    <p class='ocr_par' dir='ltr' id='par_1_128' title="bbox 2244 5564 3847 5640">
     <span class='ocr_line' id='line_1_131' title="bbox 2244 5564 3847 5640; baseline -0.004 -16"><span class='ocrx_word' id='word_1_958' title='bbox 2244 5570 2459 5640; x_wconf 86' lang='lat' dir='ltr'><strong>indiget.</strong></span> <span class='ocrx_word' id='word_1_959' title='bbox 2488 5569 2623 5625; x_wconf 80' lang='lat' dir='ltr'><strong>Vide</strong></span> <span class='ocrx_word' id='word_1_960' title='bbox 2654 5581 2763 5625; x_wconf 93' lang='lat' dir='ltr'><strong>not.</strong></span> <span class='ocrx_word' id='word_1_961' title='bbox 2796 5572 2860 5624; x_wconf 88' lang='lat' dir='ltr'><strong>ad</strong></span> <span class='ocrx_word' id='word_1_962' title='bbox 2891 5564 2983 5626; x_wconf 90' lang='lat' dir='ltr'><strong>lib.</strong></span> <span class='ocrx_word' id='word_1_963' title='bbox 3018 5585 3054 5624; x_wconf 88' lang='grc' dir='ltr'><strong>ιι</strong></span> <span class='ocrx_word' id='word_1_964' title='bbox 3099 5564 3330 5640; x_wconf 73' lang='lat' dir='ltr'><strong>Institut;</strong></span> <span class='ocrx_word' id='word_1_965' title='bbox 3351 5607 3367 5634; x_wconf 93' lang='lat'><strong>,</strong></span> <span class='ocrx_word' id='word_1_966' title='bbox 3410 5581 3531 5640; x_wconf 80' lang='lat' dir='ltr'><strong>cap.</strong></span> <span class='ocrx_word' id='word_1_967' title='bbox 3561 5565 3630 5640; x_wconf 58' lang='grc' dir='ltr'>ξε</span> <span class='ocrx_word' id='word_1_968' title='bbox 3662 5564 3847 5620; x_wconf 86' lang='lat' dir='ltr'><strong>Sensi-</strong></span> 
     </span>
    </p>
   </div>
   <div class='ocr_carea' id='block_1_129' title="bbox 2245 5635 3840 5723">
    <p class='ocr_par' dir='ltr' id='par_1_129' title="bbox 2245 5635 3840 5723">
     <span class='ocr_line' id='line_1_132' title="bbox 2245 5635 3840 5723; baseline -0.001 -28"><span class='ocrx_word' id='word_1_969' title='bbox 2245 5641 2349 5696; x_wconf 81' lang='lat' dir='ltr'><strong>bile</strong></span> <span class='ocrx_word' id='word_1_970' title='bbox 2359 5635 2653 5723; x_wconf 58' lang='lat' dir='ltr'><strong>&#39;esse,.quod</strong></span> <span class='ocrx_word' id='word_1_971' title='bbox 2679 5657 2831 5696; x_wconf 73' lang='lat' dir='ltr'><strong>satsat</strong></span> <span class='ocrx_word' id='word_1_972' title='bbox 2862 5641 3135 5723; x_wconf 74' lang='lat' dir='ltr'><strong>pradituns</strong></span> <span class='ocrx_word' id='word_1_973' title='bbox 3160 5639 3339 5723; x_wconf 53' lang='lat' dir='ltr'><strong>gignat</strong></span> <span class='ocrx_word' id='word_1_974' title='bbox 3360 5677 3389 5705; x_wconf 81' lang='lat'><strong>,.</strong></span> <span class='ocrx_word' id='word_1_975' title='bbox 3429 5635 3493 5692; x_wconf 36' lang='grc' dir='ltr'><strong>οι*</strong></span> <span class='ocrx_word' id='word_1_976' title='bbox 3508 5635 3692 5692; x_wconf 78' lang='lat' dir='ltr'><strong>habere</strong></span> <span class='ocrx_word' id='word_1_977' title='bbox 3718 5651 3840 5693; x_wconf 82' lang='lat' dir='ltr'><strong>sen-</strong></span> 
     </span>
    </p>
   </div>
   <div class='ocr_carea' id='block_1_130' title="bbox 2241 5709 3329 5783">
    <p class='ocr_par' dir='ltr' id='par_1_130' title="bbox 2241 5709 3329 5783">
     <span class='ocr_line' id='line_1_133' title="bbox 2241 5709 3329 5783; baseline -0.005 -15"><span class='ocrx_word' id='word_1_978' title='bbox 2241 5728 2378 5782; x_wconf 71' lang='lat' dir='ltr'><strong>sum,</strong></span> <span class='ocrx_word' id='word_1_979' title='bbox 2403 5709 2703 5783; x_wconf 57' lang='lat' dir='ltr'><strong>adnepos</strong></span> <span class='ocrx_word' id='word_1_980' title='bbox 2719 5709 2878 5770; x_wconf 68' lang='lat' dir='ltr'><strong>sensu:</strong></span> <span class='ocrx_word' id='word_1_981' title='bbox 2896 5711 3158 5769; x_wconf 70' lang='lat' dir='ltr'><strong>mnsit.</strong></span> <span class='ocrx_word' id='word_1_982' title='bbox 3185 5709 3329 5765; x_wconf 64' lang='lat' dir='ltr'><strong>Bura.</strong></span> 
     </span>
    </p>
   </div>
  </div>
