4138 6190
926 400 1153 459 CAPUT
1204 402 1350 462 XlX.

729 532 812 588 De
838 534 1029 602 aniina,
1065 552 1221 609 eaque
1255 556 1288 593 a
1315 537 1427 596 Deo
1447 542 1589 601 data.

423 666 557 724 Illud
582 682 801 740 quoque
820 670 1007 726 venire
1024 670 1079 727 in
1101 674 1454 743 quastionem
1480 688 1675 750 potest,
1701 692 1951 742 utrumne

339 759 524 814 anima
550 775 618 816 ex
647 769 819 830 patre,
846 778 914 817 an
945 763 1119 833 potius
1145 780 1211 821 ex
1237 775 1427 835 matre,
1460 784 1527 826 an
1555 788 1687 830 vero
1714 790 1780 832 ex
1802 787 1951 834 utro-

330 868 450 923 que
468 861 783 926 generetur.
819 855 925 911 Sed
955 871 1056 927 ego
1081 857 1132 912 id
1162 859 1214 913 in
1237 874 1303 916 eo
1326 860 1451 931 jure
1477 863 1547 919 ab
1573 867 1790 939 ancipiti
1819 887 1949 927 vei:-

345 946 493 1003 dieo.
523 946 671 1003 Nihil
699 948 844 1004 enim
873 965 938 1005 ex
969 949 1056 1006 his
1084 953 1258 1008 tribus
1282 968 1467 1011 verum
1494 968 1598 1026 est,
1629 962 1748 1030 quia
1774 979 1947 1034 neque

339 1057 404 1096 ex
436 1050 688 1114 utroque,
711 1058 889 1114 neque
914 1060 982 1100 ex
1006 1045 1271 1103 alterutro
1299 1059 1551 1107 seruntur
1572 1055 1789 1110 animae.
1814 1057 1947 1113 Cor-

334 1147 444 1203 pus
458 1136 605 1191 enim
626 1151 696 1192 ex
716 1137 1035 1206 corporibus
1061 1139 1206 1195 nasci
1234 1150 1428 1211 potest,
1452 1147 1704 1214 quoniam
1731 1147 1945 1204 confer—

336 1235 427 1281 tur
453 1227 660 1299 aliquid
687 1243 756 1285 ex
784 1238 1046 1301 utroque;
1078 1231 1146 1288 de
1173 1233 1368 1289 animis
1395 1236 1571 1292 anima
1603 1254 1708 1294 non
1740 1250 1941 1311 potest,

333 1318 463 1389 quia
486 1334 559 1375 ex
585 1335 647 1375 re
675 1321 817 1375 tenui
846 1329 902 1377 et
922 1322 1452 1393 ineomprehensibili
1480 1327 1614 1384 nihil
1645 1342 1819 1401 potest
1843 1333 1942 1389 de-

329 1410 555 1466 cedere.
591 1410 779 1483 ltaque
833 1413 1189 1470 seren‘darum
1242 1417 1543 1475 animarum
1591 1424 1731 1479 ratio
1760 1426 1942 1483 uuiac

324 1503 440 1559 soli
468 1503 585 1561 Deo
612 1505 882 1577 subiacet.

553 1619 806 1684 Denique,
832 1620 1025 1684 caelesti
1048 1638 1216 1676 sumus
1233 1638 1406 1679 omnes
1428 1632 1621 1682 semine
1646 1632 1838 1684 oriundi
1862 1647 1874 1683 :

556 1680 794 1733 Omnibus
814 1682 901 1733 ille
927 1685 1058 1735 idem
1084 1696 1224 1751 pater
1246 1697 1345 1755 est,

1584 280 1785 347 Lmen
1827 288 1916 349 DE
1953 289 2250 352 OPIFICIO
2289 293 2417 353 DEI.
3586 296 3657 369 τι

1984 415 2033 474 Α
2067 412 2330 482 corporis,
2363 412 2415 467 in
2436 426 2544 485 quo
2571 420 2655 470 est
2672 415 2895 472 materia
2918 418 3195 490 nascendi,
3224 434 3343 479 cum
3371 438 3534 484 sensu
3561 443 3663 486 vo-

2058 505 2276 576 luptatis
2303 508 2533 577 emittat,
2557 509 2641 564 vel
2669 511 2928 581 recipiat;
2959 522 3013 568 et
3042 513 3177 570 citra
3203 515 3307 574 hoc
3332 535 3466 591 opus
3488 521 3653 583 homo

2052 599 2278 665 resistit,
2312 615 2413 656 nec
2438 600 2671 672 amplius
2703 602 2998 674 quidquam
3031 615 3211 677 potest
3240 619 3333 666 :et
3354 610 3478 669 ideo
3500 617 3650 672 nasci

2053 690 2154 746 sibi
2185 690 2326 747 ﬁlios
2366 702 2555 764 optant
2577 736 2590 759 ,
2632 695 2754 765 quia
2784 712 2891 752 non
2924 698 3023 767 ipsi
3052 698 3277 758 faciunt.
3308 703 3516 762 Cmtera
3538 707 3648 778 jam

2053 783 2147 840 Dei
2185 794 2309 840 sunt
2336 786 2515 843 omnia
2537 828 2553 855 ,
2586 787 2793 844 scilicet
2822 799 3119 861 conceptus
3149 793 3290 865 ipse,
3322 806 3378 851 et
3405 800 3651 869 corporis

2054 876 2380 944 informatio,
2414 887 2465 936 et
2498 879 2783 951 iuspiratio
2802 882 3017 949 animas,
3042 892 3097 939 et
3126 895 3311 955 partus
3336 889 3660 960 incolumis,-

2048 980 2106 1027 et
2137 989 2490 1046 quaecumque
2534 975 2793 1047 deinceps
2814 976 2879 1033 ad
2904 976 3178 1035 hominem
3216 984 3646 1043 conservandum

2049 1067 2263 1133 valent;
2290 1067 2434 1124 illius
2457 1085 2653 1126 munus
2675 1081 2754 1127 est
2776 1113 2792 1139 ,
2824 1072 2967 1143 quod
3009 1073 3280 1143 spiramus
3305 1120 3318 1143 ,
3342 1079 3486 1149 quod
3514 1080 3648 1136 vivi-

2048 1173 2191 1224 mus,
2223 1160 2365 1228 quod
2407 1161 2670 1233 vigemus.
2702 1163 2835 1219 Nam
2885 1173 3246 1239 praeterquam
3289 1172 3431 1241 quod
3476 1172 3646 1243 ipsius

2048 1248 2314 1306 beneficio
2343 1253 2642 1311 incolumes
2671 1271 2857 1311 sumus
2887 1273 3117 1328 corpore
3146 1302 3161 1326 ,
3193 1271 3249 1317 et
3272 1264 3413 1333 quod
3445 1265 3645 1322 victum

2048 1344 2204 1401 nobis
2221 1361 2287 1401 ex
2309 1347 2474 1403 variis
2496 1348 2660 1403 rebus
2682 1350 3077 1418 subministrat,
3093 1354 3414 1424 sapientiam
3432 1373 3647 1429 quoque

2046 1435 2252 1493 homini
2280 1440 2490 1508 tribuit,
2510 1458 2668 1512 quam
2707 1452 2955 1498 terrenus
2984 1455 3137 1515 pater
3151 1446 3280 1504 dare
3304 1449 3453 1505 nullo
3482 1451 3646 1507 modo

2043 1540 2247 1601 potest.
2283 1532 2515 1604 Ideoque
2542 1545 2598 1590 et
2624 1535 2692 1592 de
2718 1539 3053 1606 sapientibus
3077 1542 3263 1609 stulti,
3290 1552 3345 1598 et
3373 1543 3442 1600 de
3467 1546 3646 1603 stultis

2043 1624 2318 1694 sapientes
2347 1640 2494 1695 smpe
2523 1637 2850 1693 nascuntur;
2883 1630 3024 1699 quod
3055 1632 3272 1703 quidam
3303 1633 3412 1689 fato
3432 1679 3446 1703 ,
3477 1652 3541 1693 ac
3568 1639 3644 1693 sic

2042 1716 2264 1773 deribus
2292 1719 2589 1791 assignant.
2613 1721 2719 1777 Sed
2738 1737 2849 1776 non
2876 1732 2959 1779 est
2982 1740 3124 1782 nunc
3144 1726 3294 1782 locus
3308 1728 3378 1785 de
3400 1729 3510 1784 fato
3534 1731 3647 1788 dis-

330 1796 393 1842 ut
420 1787 496 1843 ait
517 1786 822 1846 Lucretius.
846 1790 977 1846 Nam
1002 1792 1068 1849 de
1097 1797 1420 1855 mortalibus
1448 1816 1555 1856 non
1581 1803 1934 1873 potestquid-
1962 1818 2011 1880 Β
2040 1807 2283 1865 serendi.
2318 1786 2432 1864 Hoc
2460 1810 2644 1866 dicere
2671 1813 2803 1867 satis
2828 1822 2946 1880 est,
2977 1815 3120 1885 quod
3144 1817 3361 1874 etiamsi
3384 1829 3529 1875 astra
3558 1820 3643 1879 ef-

325 1898 493 1952 quam
522 1883 627 1938 nisi
660 1885 893 1941 mortale
913 1889 1188 1957 generari.
1216 1888 1325 1947 Nec
1362 1894 1536 1963 putari
1563 1902 1717 1966 pater
1736 1896 1926 1963 debet,

325 1976 420 2046 qui
453 1976 836 2045 transfudisse,
860 1987 954 2034 aut
980 1981 1274 2051 inspirasse
1303 1985 1536 2041 animam
1569 1987 1637 2042 de
1659 2003 1757 2044 suo
1783 1989 1930 2045 nullo

326 2069 498 2125 modo
543 2072 743 2135 sentit;
799 2088 918 2139 nec,
972 2073 1019 2128 si
1046 2076 1268 2143 sentiat,
1329 2079 1545 2148 quando
1595 2089 1931 2150 tamen,aut

319 2164 602 2235 quomodo
632 2165 685 2220 id
710 2165 819 2233 liat,
850 2165 1008 2222 habet
1030 2169 1212 2223 animo
1238 2173 1711 2241 comprehensum.

393 2256 477 2312 Ex
517 2272 628 2327 quo
677 2269 921 2329 apparet,
953 2274 1065 2314 non
1105 2277 1133 2313 a
1191 2264 1502 2331 parentibus
1532 2265 1647 2321 dari
1678 2268 1924 2338 animas,

319 2345 420 2402 sed
449 2347 520 2402 ab
551 2362 660 2403 uno
688 2348 987 2420 eodemque
1014 2353 1259 2407 omnium
1297 2354 1408 2410 Deo
1426 2368 1602 2426 patre,
1631 2359 1721 2430 qui
1753 2359 1927 2431 legem

316 2438 697 2510 rationemque
718 2442 972 2497 nascendi
998 2452 1145 2499 tenet
1166 2445 1338 2510 solus,
1369 2446 1639 2517 siquidem
1671 2451 1818 2507 solus
1843 2451 1925 2508 ef-

311 2531 450 2587 ﬁcit.
480 2531 616 2589 Nam
636 2536 837 2590 terreni
860 2537 1097 2606 parentis
1129 2538 1259 2594 nihil
1283 2549 1387 2609 est,
1417 2543 1521 2599 nisi
1554 2554 1611 2600 ut
1636 2544 1918 2606 humorem

2033 1900 2323 1959 licientiam
2353 1918 2531 1957 rerum
2549 1904 2848 1968 continent,
2885 1906 3233 1963 nihilominus
3256 1925 3285 1962 a
3320 1910 3431 1967 Deo
3457 1914 3640 1969 omnia

2033 1991 2152 2049 fieri
2184 2003 2393 2050 certum
2417 2004 2500 2050 est
2521 2036 2536 2062 ,
2561 1999 2650 2066 qui
2680 2004 2824 2052 astra
2852 1998 2965 2067 ipsa
2993 2008 3045 2055 et
3077 2000 3201 2056 fecit
3224 2046 3239 2069 ,
3267 2012 3322 2058 et
3343 2003 3635 2063 ordinavit.

2034 2084 2208 2156 Inepti
2228 2101 2361 2156 ergo
2389 2126 2406 2154 ,
2448 2088 2537 2157 qui
2565 2087 2703 2144 hanc
2747 2098 3068 2160 potestatem
3097 2092 3209 2149 Deo
3237 2094 3553 2166 detrahunt,
3584 2108 3640 2156 et

2034 2180 2184 2248 operi
2215 2179 2336 2248 ejus
2364 2179 2685 2236 attribuunt.

2107 2269 2223 2325 Hoc
2250 2271 2412 2342 igitur
2438 2273 2531 2328 Dei
2562 2288 2788 2329 munere
2808 2275 3017 2331 cmlesti
3042 2285 3204 2347 atque
3225 2278 3491 2349 praeclaro
3516 2323 3533 2347 ,
3563 2298 3632 2338 an

2036 2373 2273 2429 utamur,
2302 2379 2369 2418 an
2399 2380 2505 2419 non
2532 2375 2745 2421 utamur
2764 2408 2779 2432 ,
2812 2367 2866 2421 in
2890 2377 3073 2423 nostra
3098 2384 3222 2427 esse
3249 2371 3419 2428 voluit
3451 2382 3637 2442 potes-

2036 2464 2166 2512 tate.
2193 2456 2307 2513 Hoc
2327 2457 2471 2513 enim
2502 2472 2784 2526 concesso,
2815 2459 2990 2531 ipsum
3015 2459 3288 2519 hominem
3312 2464 3530 2522 virtutis
3550 2482 3637 2521 sa-

2029 2563 2307 2609 cramento
2338 2552 2602 2623 religavit,
2625 2568 2732 2623 quo
2754 2554 2920 2610 vitam
2948 2563 3132 2626 posset
3155 2556 3404 2629 adipisci.
3433 2560 3626 2633 Magna

1649 2689 2011 2750 VARIORUM
2039 2692 2271 2750 ΝΟΤιΕ.

395 2813 620 2891 Sedego
640 2817 764 2891 idin
785 2834 844 2873 eo
855 2820 978 2891 jure
1000 2822 1064 2876 ab
1078 2823 1292 2887 ancipiti
1317 2825 1545 2880 vendico.
1564 2825 1638 2880 lta
1661 2840 1762 2881 ms.
1786 2828 1917 2883 Bov.

304 2888 476 2969 quasi
498 2886 649 2969 dicas
680 2889 798 2969 :‘.4_t_
821 2886 913 2961 ego
943 2892 1004 2969 in
1024 2886 1251 2969 redubia
1280 2905 1328 2948 et
1358 2896 1576 2963 ancipiti
1596 2898 1651 2969 id
1669 2898 1917 2969 judican-

307 2959 445 3040 ἄθυρε
470 2966 632 3026 puto,
664 2961 798 3040 nihil
933 2963 1012 3016 Itis
1038 2965 1197 3040 tribus
1232 2980 1404 3040 rerum
1447 2959 1572 3040 esse.
1607 2959 1818 3040 Vulgati
1847 2970 1918 3024 ita

306 3029 586 3112 scribunt,
598 3030 708 3112 sed
736 3047 827 3104 ego
848 3033 901 3085 id
922 3049 1032 3089 meo
1051 3036 1173 3106 jure
1200 3036 1265 3090 ab
1284 3029 1758 3107 ancipitivendicov;
1776 3041 1919 3112 quod

306 3099 529 3154 nullum
560 3099 730 3157 eflicit
760 3099 1003 3159 sensum.

394 3189 551 3245 Nihil
577 3209 641 3247 ea:
662 3193 744 3247 his
773 3195 933 3250 tribus
959 3213 1131 3252 verum
1156 3209 1248 3256 est.
1284 3200 1448 3257 Vides
1475 3203 1525 3259 in
1559 3212 1669 3258 toto
1700 3205 1805 3261 hoc
1832 3222 1924 3263 ea-

306 3262 432 3344 pite
484 3264 666 3344 negari
712 3265 905 3321 animae
961 3283 1065 3344 per
1108 3271 1385 3344 traducem
1432 3262 1917 3344 propagationetn:

306 3332 686 3412 ntidejalsnm
709 3346 814 3404 est,
841 3332 987 3412 quod
1035 3340 1279 3412 ltuflinus
1308 3332 1451 3412 apud
1498 3332 1721 3400 Hieron.
1758 3347 1853 3402 lib.
1884 3364 1919 3403 ιι

307 3404 457 3488 adv.
470 3404 766 3471 Bullinum,
793 3404 1051 3488 scripsit;
1082 3404 1485 3488 Legiqnosdam
1510 3417 1751 3488 dicentes,
1783 3420 1922 3488 quod

309 3478 516 3555 pariter
539 3491 653 3555 cum
676 3494 891 3555 corpore
907 3478 995 3545 per
1007 3478 1228 3555 [inmani
1239 3478 1469 3555 corporis
1487 3478 1751 3543 traducem
1768 3478 1921 3545 etiam

306 3548 508 3622 animi}:
520 3546 903 3622 diffundantur,
926 3563 971 3605 et
994 3552 1125 3616 lucc,
1142 3546 1592 3622 quibus'poterant.
1613 3559 1921 3615 adscr-tioni-

313 3618 421 3670 bus
442 3618 833 3694 confirmarint,
861 3623 999 3690 quod
1024 3634 1145 3694 puto
1156 3618 1290 3680 inter
1312 3618 1524 3683 Latinos
1548 3627 1920 3686 Tertullianum

302 3690 703 3765 gensisseirel
733 3690 1068 3748 Laetantiuin
1104 3696 1365 3765 fortasse,
1393 3708 1440 3753 et
1464 3701 1739 3755 nonnullos
1763 3702 1915 3758 alios.

312 3758 543 3839 Rectius
564 3759 927 3839 Hieronymus
955 3767 1152 3821 refutat
1170 3758 1442 3824 Bullinum
1475 3788 1488 3825 :
1522 3770 1782 3839 Quantum
1806 3789 1916 3829 me-

312 3832 486 3915 !noria
517 3833 742 3912 suggerit
766 3832 782 3900 ,
810 3835 909 3888 nisi
934 3840 1308 3915 (antenfallor,
1349 3832 1564 3915 nescio:
1593 3859 1671 3896 me
1699 3844 1881 3915 legisse
1898 3887 1914 3911 ,

307 3901 656 3986 Lactantium
687 3909 1086 3986 anuo'ﬁetpopts'wzu
1109 3901 1204 3986 (in,
1225 3901 1525 3986 emttraduce
1545 3901 1774 3986 factum.)
1803 3901 1916 3970 ani1

309 3990 456 4058 Eram
480 3973 669 4058 dicere.
700 3973 969 4031 Cmter'mit
995 3980 1082 4058 qui
1103 3973 1283 4058 legisse
1307 3992 1355 4036 te
1379 3973 1581 4058 scribis,
1610 3985 1714 4051 dic,
1738 3973 1790 4058 in
1817 4004 1917 4058 quo

306 4044 448 4118 libro
476 4044 681 4118 legeris,
714 4062 776 4100 ne
806 4057 859 4101 ut
886 4065 965 4102 me
991 4044 1346 4118 dormientem,
1376 4056 1452 4108 sic
1478 4044 1626 4109 illum
1657 4044 1915 4112 mortuum

307 4115 666 4170 calumniatus
686 4133 796 4196 esse
812 4119 1051 4196 uidearis.
1067 4115 1662 4196 La_ctantii'0pinionem
1687 4142 1915 4195 cognos-

306 4201 406 4268 cas
431 4201 683 4268 Dexjcap.
715 4188 930 4268 l7_,Alib_.
976 4207 1082 4257 vn,
1123 4188 1542 4268 Institut.,'eap.
1579 4197 1613 4252 5
1650 4207 1703 4254 et
1738 4188 1841 4256 lib.
1877 4216 1912 4256 ll

304 4257 581 4325 lnstitut.,
608 4273 729 4328 cap.
764 4260 852 4315 10.
886 4260 1021 4317 ΒυΝ.

388 4351 645 4406 Serunlur
671 4354 880 4409 animm.
909 4356 1006 4411 Ms.
1038 4354 1201 4414 Cane.
1231 4370 1287 4418 et
1316 4363 1382 4420 10
1411 4362 1541 4419 editi
1568 4364 1771 4422 addunt
1797 4383 1911 4422 cor-

306 4421 545 4497 poribus,
573 4424 719 4492 quod
740 4427 920 4481 caeteri
946 4442 1225 4497 respuunt,
1248 4434 1387 4488 sicut
1414 4443 1468 4490 et
1489 4450 1618 4491 mss.
1648 4421 1909 4495 Francius

302 4498 474 4579 forte,
501 4494 820 4575 inseruntur.
851 4497 949 4579 bis.
983 4494 1127 4569 Lips.
1160 4514 1397 4579 seruntur
1423 4507 1597 4579 animo
1620 4518 1670 4563 et
1700 4494 1906 4579 corpus.

301 4563 842 4647 ——.Quia_neqae.....
869 4563 1124 4647 Serunlur
1165 4577 1369 4629 animm.
1415 4577 1699 4647 Quaeritur,
1736 4563 1912 4636 utrum

300 4636 497 4710 anima
524 4636 696 4710 sit‘es
724 4638 970 4706 traduce,
1001 4642 1054 4697 id
1086 4656 1192 4710 εει,
1238 4636 1639 4704 ιιιτυηιῖιηίηια
1667 4636 1792 4705 cum
1822 4667 1912 4707 se-

299 4707 470 4790 gnitie
500 4704 790 4790 traduci'et
823 4704 1113 4790 tranSmitti
1157 4704 1346 4785 possit.
1385 4704 1693 4776 Lactantius
1710 4704 1909 4790 negat.

300 4776 663 4849 Rectissime.
685 4778 816 4834 Nam
848 4786 1116 4838 contraria
1147 4776 1636 4848 assertiodamnata
1664 4776 1911 4849 esthid.

301 4852 456 4935 sing.
479 4847 1048 4935 i.n_lib.derlt:cr_esibus
1062 4857 1130 4912 ad
1152 4858 1303 4926 Quod
1331 4861 1445 4935 vult
1471 4865 1653 4926 deum,
1670 4847 1798 4935 cap.
1819 4847 1912 4930 εἰῇ

302 4921 381 4999 in_
414 4920 578 5007 epist.
614 4920 690 5001 .ad
839 4920 1298 5007 Hieronymr'per
1327 4933 1492 5007 _Oros.
1541 4920 1913 5007 presbyjerutn

300 4992 505 5075 missa,
527 4998 582 5045 et
612 4991 664 5075 i_n
691 4994 851 5075 epist.
880 4996 945 5051 ad
962 4991 1180 5075 φρίκης
1205 4991 1469 5075 Eucher.,
1491 4991 1910 5075 réuper'Geues.

302 5060 379 5144 id
423 5076 489 5116 ea
530 5062 692 5117 verba
709 5060 735 5144 _,
786 5064 849 5117 Et
891 5060 1468 5144 wdi/igavit'rDominus'
1494 5060 1655 5130 Deu's'
1681 5060 1914 5144 costam;

304 5131 633 5212 Hieronzm.
656 5135 724 5189 ad
753 5150 966 5212 versum
993 5131 1061 5194 l5
1088 5143 1279 5212 psalm.
1304 5161 1469 5210 xnu;
1489 5148 1547 5201 S.
1567 5131 1856 5204 Thomam.
1879 5131 1915 5205 ll

304 5208 835 5277 contr.Gent.,cap.
854 5208 943 5275 86,
964 5226 1016 5281 p.
1034 5208 1294 5284 pfquaest.
1319 5208 1505 5282 mm,
1535 5227 1639 5274 art.
1657 5219 1712 5274 2.
1728 5218 1913 5276 lsmu's.

387 5294 623 5366 Denique
648 5299 859 5365 caelesti,
883 5310 988 5355 etc.
1018 5303 1221 5361 Przcter
1239 5306 1549 5366 Lucretium
1574 5309 1743 5366 habes
1767 5312 1914 5367 Arati

304 5369 718 5432 auctoritatem,
736 5386 894 5438 quam
912 5371 1331 5435 Atheniensibus
1366 5382 1492 5435 olim
1520 5381 1752 5437 obtrnsit
1782 5383 1919 5439 Doc-

309 5447 399 5491 tor
446 5439 688 5509 gentium
718 5450 864 5527 :"I’oo
903 5447 1002 5527 γᾴρ
1034 5452 1118 5501 καὶ
1138 5450 1277 5526 γένος
1300 5453 1475 5527 ,ξφ-μέη
1510 5452 1683 5522 Ipsius
1712 5455 1917 5527 enimet

308 5526 477 5581 genus
500 5526 702 5567 sumus.
729 5510 1167 5573 Locus'L'ucret'u
1201 5532 1283 5576 est
1304 5510 1441 5579 libro
1463 5510 1498 5578 ll
1530 5510 1672 5580 vers.
1703 5524 1829 5581 990.

291 5578 325 5622 Γ
392 5578 571 5636 Pater.
606 5581 847 5641 subaudi
878 5588 1083 5643 animm.

310 5650 470 5781 bullis
494 5670 612 5710 suo.
655 5651 783 5712 Mss.
813 5658 883 5715 10
901 5670 956 5714 et
1001 5657 1124 5715 edd.
1159 5659 1215 5730 5,
1244 5664 1306 5719 de
1343 5681 1456 5720 sua.
1486 5665 1723 5737 Utraque
1759 5666 1919 5724 lectio

424 5740 482 5780 a.

390 5798 622 5868 Quando
651 5811 836 5868 tamen,
894 5815 981 5859 aut
1029 5807 1301 5878 quomodo.
1331 5808 1501 5867 Abest
1545 5818 1717 5866 tamen
1767 5822 1796 5866 τι
1823 5824 1915 5869 sex

769 5896 1044 5962 ΡΑτιιοι.
1078 5899 1243 5965 VII-

2028 2844 2162 2911 mss.
2186 2838 2242 2886 et
2248 2832 2301 2911 Α
2330 2830 2520 2898 editis;
2549 2831 2603 2887 in
2632 2833 2803 2911 tribus
2845 2842 2929 2888 est
2952 2842 3220 2903 quantum,
3253 2850 3354 2906 pro
3385 2843 3591 2908 quando
3616 2861 3636 2911 ,-

2030 2901 2083 2956 in
2113 2916 2217 2974 ms.
2248 2902 2410 2969 Pen.,
2441 2920 2540 2974 qua
2563 2904 2759 2958 ratione
2788 2901 2977 2960 tamen.

2103 2970 2226 3049 Non
2276 2990 2308 3027 a
2353 2970 2649 3049 parentibus
2678 2975 2791 3028 dari
2818 2976 3039 3049 animos.
3069 2976 3290 3033 Certum
3323 2988 3427 3049 est,
3459 2983 3626 3042 Deum

2027 3046 2207 3099 vocari
2239 3052 2448 3118 patrem
2466 3046 2803 3118 spirituum,
2836 3047 2961 3118 quia
2988 3047 3104 3116 ipse
3134 3050 3343 3105 animas
3384 3046 3533 3111 creat
3574 3067 3630 3113 et

2027 3117 2350 3185 Corporibus
2383 3116 2655 3188 infundit.
2696 3117 2802 3172 Per
2830 3116 3233 3188 generationem
3287 3124 3435 3178 nullo
3464 3127 3627 3183 modo

2026 3194 2209 3256 potest
2260 3186 2488 3258 produci
2545 3186 2722 3243 anima
2775 3186 3094 3253 rationalis;
3141 3206 3247 3246 non
3278 3195 3421 3249 enim
3453 3198 3625 3254 virtus

2024 3271 2312 3335 corporea,
2342 3259 2514 3328 qualis
2532 3260 2966 3335 _est_gener:_ttio__,
3010 3268 3186 3335 potest
3223 3277 3505 3335 assurgere
3554 3271 3621 3325 ad

2023 3328 2435 3403 productionem
2456 3331 2552 3403 rei
2577 3328 2899 3403 spiritualis.
2921 3328 3031 3403 ξιοά
3057 3333 3216 3387 etiam
3245 3328 3622 3403 argumentum

2023 3413 2155 3477 rem_
2194 3399 2331 3456 hanc
2382 3402 2582 3477 evincit
2624 3418 2638 3455 :
2684 3400 2940 3477 quidquid
2968 3403 3170 3477 lit,»est
3215 3399 3398 3477 vel‘ex
3444 3410 3622 3477 aliqua

2023 3470 2349 3550 praeiacente
2374 3474 2619 3550 materia,
2650 3473 2735 3527 vel
2766 3470 2917 3526 lit'ex
2953 3473 3143 3550 nihilo,
3173 3476 3257 3530 vel
3276 3517 3291 3540 ,
3325 3470 3621 3537 secundum

2021 3540 2145 3594 illos
2170 3580 2186 3606 ,
2228 3544 2317 3610 qui
2361 3543 2539 3597 modos
2567 3551 2817 3612 tanquam
2849 3544 3056 3599 medios
3089 3544 3234 3601 inter
3260 3562 3360 3602 ens
3399 3560 3453 3604 et
3484 3552 3622 3609 nihil

2021 3620 2247 3682 ponunt,
2270 3629 2336 3668 ex
2364 3614 2530 3667 modis
2564 3612 2659 3667 rei.
2687 3612 2880 3668 Anima
2910 3622 3087 3670 autem
3116 3630 3224 3669 non
3254 3628 3335 3671 est
3358 3633 3422 3673 ex
3452 3632 3619 3678 mate-

2019 3682 2277 3759 ria,_qnia
2307 3685 2377 3738 ita
2407 3692 2553 3759 esset
2580 3684 2903 3759 corporalis,
2930 3685 3076 3753 quod
3103 3696 3368 3759 repugnat
3392 3689 3511 3759 ejus
3533 3708 3619 3749 ac-

2022 3752 2276 3818 tionibus,
2330 3770 2465 3830 quas
2513 3752 3016 3830 independentera
3070 3752 3293 3830 materia
3328 3752 3614 3830 producit;

2019 3838 2196 3895 neque
2224 3840 2290 3879 ex
2314 3827 2503 3893 modis,
2533 3826 2679 3880 modi
2706 3825 2850 3880 enim
2884 3824 3014 3880 nihil
3047 3824 3349 3895 producunt
3379 3848 3392 3883 :
3426 3824 3617 3890 saltem

2019 3893 2124 3976 hoc
2164 3906 2369 3951 eertum
2426 3906 2511 3952 est
2532 3910 2687 3977 ,_uou
2717 3910 2876 3977 posse
2907 3893 3207 3977 producere
3221 3901 3496 3977 _spiritum
3526 3908 3615 3977 qui

2018 3965 2179 4047 etiam
2210 3978 2331 4036 post
2359 3967 2618 4047 corporis
2635 3965 2919 4022 interitum
2934 3965 3409 4047 subsistit.__Restat
3436 3965 3617 4047 itaq'ue

2016 4044 2076 4090 ut
2114 4036 2207 4117 fiat
2254 4052 2319 4093 ex
2362 4036 2575 4117 nihilo:
2603 4036 2770 4117 homo
2790 4048 2972 4095 autem
3009 4055 3076 4095 ex
3104 4041 3271 4117 nihilo
3301 4060 3406 4117 non
3435 4036 3615 4117 potest

2015 4106 2318 4181 producere
2346 4109 2575 4181 aliquid,
2602 4109 2727 4179 quia
2758 4110 2900 4166 inter
2927 4126 3025 4166 ens
3054 4120 3108 4167 et
3132 4112 3264 4167 nihil
3298 4106 3506 4172 infinita
3534 4131 3619 4175 est

2014 4176 2293 4247 distantia,
2322 4176 2452 4251 qua!
2470 4197 2575 4237 non
2601 4176 2779 4249 pOtest
2802 4183 3063 4252 superari,
3098 4184 3271 4311 uisitéi
3312 4186 3539 4243 inlinita.

3273 4271 3393 4311 ALL.

3273 4271 3393 4311 Λιι.

2087 4318 2229 4395 Citra
2268 4323 2363 4378 hoc
2397 4339 2527 4395 opus
2556 4326 2706 4380 homo
2731 4324 2938 4379 resistit.
2980 4325 3056 4379 Ita
3075 4340 3265 4380 omnes
3297 4329 3412 4381 fere
3435 4328 3565 4384 editi
3598 4349 3609 4382 :

2012 4391 2229 4464 quidam
2260 4391 2439 4449 tamen
2467 4411 2599 4451 mss.
2628 4396 2714 4451 hie
2747 4394 2931 4464 legunt
2952 4396 3080 4449 citra
3107 4395 3203 4448 hoc
3221 4412 3351 4464 opus
3379 4398 3611 4456 humoris

1936 4479 1989 4540 Ι)
2014 4462 2167 4540 istam
2195 4464 2345 4519 homo
2365 4466 2570 4540 resistit.
2602 4466 2670 4521 At
2697 4462 3018 4540 haecultima
3040 4466 3199 4540 lectio
3220 4462 3474 4524 mendosa
3501 4482 3609 4538 est,

2016 4535 2177 4588 etiam
2207 4542 2344 4591 teste
2373 4535 2707 4593 Heumauno.
2737 4536 2793 4591 lu
2825 4536 2858 4591 8
2889 4536 3116 4606 vulgatis
3137 4546 3282 4593 estet
3304 4540 3459 4594 circa.
3483 4535 3616 4599 Post

2016 4620 2146 4681 opus
2160 4607 2339 4681 ms_s.l
2369 4606 2931 4681 Bpnou.,l_tegio-Pu_t.
2952 4618 3007 4664 et
3028 4609 3152 4681 67al.
3185 4608 3345 4681 Reg.,
3375 4613 3407 4666 6
3428 4610 3610 4680 Colb.,

2067 4677 2179 4739 ict.,
2209 4676 2357 4742 (ἰείη
2379 4677 2596 4745 Marm.,
2630 4679 2837 4743 Baluz.,
2873 4678 3018 4744 Em.,
3056 4676 3417 4745 Brun.,'edd.
3453 4676 3608 4740 Rom.

2018 4746 2192 4821 @470.
2214 4749 2361 4815 Ald.,
2394 4747 2623 4821 Graph.,
2651 4749 2798 4806 Crat.
2834 4750 3038 4805 addunt
3068 4752 3297 4806 humoris
3342 4754 3522 4820 istius,
3553 4766 3613 4811 ut

2013 4815 2122 4887 jam
2141 4817 2344 4875 dictum
2370 4815 2725 4877 estsi-Homo
2750 4821 2956 4876 resistit.
2989 4821 3042 4875 Id
3066 4832 3170 4890 est,
3193 4823 3355 4889 sistit,
3385 4815 3610 4881 verbum

2016 4892 2378 4975 compositum
2420 4908 2522 4975 pro
2558 4892 2789 4975 simplici
2818 4907 2833 4955 ;
2868 4892 2997 4946 nihil
3040 4894 3273 4975 amplius
3309 4893 3438 4965 agit.
3472 4895 3569 4952 Vel
3593 4938 3617 4963 ν

2018 4958 2121 5031 hoc
2146 4958 2313 5031 opere
2332 4958 2556 5028 omisso,
2585 4958 2748 5018 homo
2774 4977 2878 5018 non
2907 4958 3237 5019 nasceretur.

2090 5030 2382 5105 Incolumes
2407 5050 2582 5089 sumus
2615 5049 2846 5105 corpore.
2900 5033 2975 5088 Ex
3017 5049 3145 5089 mss.
3177 5044 3231 5090 et
3278 5035 3469 5104 priscis
3492 5039 3611 5095 vul-

2018 5101 2154 5173 gatis
2178 5118 2271 5158 sex
2288 5113 2356 5177 iet
2375 5107 2410 5159 2
2428 5120 2540 5161 rec.
2560 5101 2897 5177 reposuimus
2924 5105 3235 5172 incolumes;
3254 5101 3307 5160 in
3329 5106 3488 5164 editis
3518 5125 3613 5166 no-

2018 5186 2138 5227 vem
2169 5183 2252 5230 est
2280 5176 2542 5231 incolumi.

2091 5243 2173 5321 An
2209 5254 2442 5321 _utamur,
2467 5264 2549 5321 an,
2572 5264 2675 5303 non
2706 5258 2931 5321 utamur.
2966 5248 3242 5306 Posterius
3267 5252 3567 5311 membrum
3593 5296 3610 5321 ,

2019 5315 2161 5394 quod
2208 5316 2267 5394 in
2287 5332 2439 5394 mss._
2459 5318 2734 5394 2_Bonon.
2761 5362 2776 5385 ,
2805 5319 2944 5394 T_ax_._
2971 5328 3026 5374 et
3049 5321 3083 5375 4
3111 5336 3222 5378 rec.
3242 5315 3607 5394 desideratur,

2022 5386 2210 5462 lineo;
2237 5388 2303 5443 21
2335 5391 2552 5462 scriptis
2601 5401 2657 5446 et
2698 5407 2765 5446 ex
2796 5391 2882 5448 ed.
2913 5391 3070 5447 Rom.
3122 5392 3285 5462 1468,
3330 5393 3530 5452 Cellar.
3557 5386 3612 5453 et

2024 5456 2229 5513 Walch.
2254 5456 2648 5517 revocavimus.
3271 5456 3281 5462 ⁷
3444 5502 3449 5507 -

2092 5528 2375 5615 (teliquvit.
2400 5532 2538 5615 Vide
2565 5548 2726 5615 supra
2756 5533 2848 5589 lib.
2878 5549 2929 5590 tv
2958 5533 3073 5590 Div.
3098 5535 3329 5592 lnstitut.
3353 5552 3473 5611 cap.
3509 5538 3577 5595 28
3596 5581 3611 5605 ,

2022 5599 2760 5690 ίιιίρο,ῑά,εει,οθιίςᾳυῐεειο
2826 5678 2836 5689 ,
2888 5678 2927 5690 _
3000 5681 3074 5690 Α,
3311 5679 3326 5690 _
3421 5599 3439 5611 ’
3550 5678 3578 5690 ί,

2096 5670 2396 5748 Quasnam
2422 5670 2587 5746 posset
2616 5676 2857 5748 adipisci.
2888 5678 3018 5734 Post
3058 5681 3177 5736 haec
3214 5679 3409 5740 verba.
3441 5678 3617 5737 oratio

2024 5745 2196 5832 posita
2228 5745 2282 5829 in
2313 5745 2566 5832 iurgi-iere
2600 5745 2878 5832 ΔΙίιῃξίηοιδει
2926 5758 3073 5832 exta_t
3166 5764 3296 5805 mss.
3321 5749 3355 5804 6
3382 5749 3561 5832 Reg...”
3581 5751 3617 5808 8

2025 5812 2314 5887 Vaticanis,
2345 5816 2380 5874 6
2398 5817 2662 5889 Colbert.,
2683 5820 2720 5875 ‘2
2739 5818 2998 5888 Sorbon.,
3025 5819 3061 5877 ι
3088 5820 3263 5879 Oxon.
3286 5833 3350 5877 ac
3378 5820 3446 5880 lli
3463 5812 3615 5900 aliis,

3010 5912 3137 5995 ;3-
