4138 6190
305 297 374 355 77
1450 294 1782 363 ΑΝΑιγειε
1820 296 2001 359 LIBRI
2042 295 2132 357 DE
2169 296 2287 357 IRA
2330 296 2464 353 DEI.
2902 306 2909 312 ’
3432 312 3433 315 ‘
3542 302 3614 358 78

307 412 460 483 pilus,
483 409 742 482 quoniam
767 418 893 469 sunt
921 412 988 469 ad
1019 412 1439 485 perturbandam
1465 415 1749 473 veritatem
1777 430 1904 485 per-
1940 419 1993 481 Α
2016 413 2139 470 dem
2169 428 2293 470 sese
2319 423 2575 484 patronos
2598 411 2839 469 veritatis
2867 412 3111 485 proﬁteri
3134 413 3315 473 solent
3338 434 3352 473 :
3378 414 3472 472 sed
3495 418 3619 487 quis

308 505 495 560 nieiosi
517 514 573 560 et
597 520 814 575 graves.
838 505 1175 567 Incredibilis
1201 507 1344 562 enim
1373 506 1454 560 vis
1481 507 1823 577 eloquentia),
1854 516 1908 562 et

306 594 719 664 argumentandi
739 595 1146 670 disserendique
1166 598 1455 663 subtilitas,
1480 600 1725 671 quemvis
1754 598 1908 655 facile

310 684 628 754 deceperit:
656 700 789 757 quos
831 687 1024 758 partim
1062 687 1264 743 nostris
1311 687 1499 755 armis,
1532 689 1727 759 partim
1777 704 1907 745 vero

306 791 371 832 ex
404 777 647 848 ipsorum
692 779 834 833 inter
859 793 921 835 se
946 780 1352 839 concertatione
1391 779 1619 849 sumptis
1660 779 1905 841 revince-

304 883 456 934 mus;
506 877 567 923 ut
615 877 891 939 appareat,
941 885 1038 926 eos
1084 869 1363 926 induxisse
1408 871 1589 940 potius
1637 885 1903 936 errorem,

306 975 467 1032 quam
495 960 802 1017 sustulisse.

378 1052 636 1110 Fortasse
683 1054 920 1120 mireris,
964 1056 1109 1128 quod
1156 1066 1359 1114 tantum
1403 1056 1615 1117 facinus
1660 1058 1910 1117 audeam.

308 1146 661 1203 Patiamurne
689 1147 852 1218 igitur
875 1148 1137 1220 extingui,
1181 1159 1278 1205 aut
1313 1150 1549 1221 opprimi
1579 1149 1862 1206 veritatem
1888 1149 1911 1202 ?

310 1239 427 1312 Ego
448 1256 580 1295 vero
605 1239 859 1303 libentius
878 1242 964 1297 vel
992 1243 1096 1298 sub
1114 1241 1215 1298 hoc
1240 1257 1406 1299 enere
1431 1241 1748 1299 defeeerim.
1776 1240 1911 1297 Nam

304 1333 348 1388 si
378 1331 597 1393 Alareus
621 1332 850 1403 Tullius,
879 1335 1203 1406 eloquentiae
1252 1336 1420 1406 ipsius
1462 1337 1679 1395 unicum
1726 1350 1911 1393 exento

304 1427 442 1497 plar,
474 1426 546 1482 ab
584 1427 816 1486 indoctis
843 1437 901 1485 et
945 1429 1383 1501 iueloquentibus
1403 1471 1423 1499 ,
1457 1431 1549 1501 qui
1595 1439 1779 1487 tamen
1811 1444 1911 1499 pro

302 1535 436 1575 vero
464 1520 800 1585 nitebantur.
828 1535 973 1598 saepe
999 1532 1283 1595 superatus
1306 1534 1413 1593 est,
1441 1539 1537 1587 cur
1556 1524 1908 1597 desperemus

302 1615 589 1671 veritatem
613 1614 784 1685 ipsam
809 1623 995 1671 contra
1024 1614 1270 1673 fallacem
1291 1618 1699 1689 captiosamque
1720 1617 1906 1673 facun-

298 1709 448 1765 diam
476 1724 573 1766 sua
599 1709 823 1782 propria
847 1709 901 1765 vi
928 1718 984 1767 et
1026 1710 1273 1768 claritate
1299 1711 1631 1769 valituram?
1674 1710 1755 1766 Illi
1784 1710 1903 1783 qui—

2016 514 2192 574 potest
2225 521 2345 561 eam
2373 521 2486 561 rem
2516 504 2831 572 defendere,
2865 523 3026 577 quam
3056 522 3162 563 non
3188 508 3397 571 didicit.
3427 520 3520 563 aut
3549 511 3615 565 il-

2016 595 2245 652 lustrare
2275 597 2415 667 apnd
2445 597 2604 662 alios,
2634 597 2776 670 quod
2824 599 2938 669 ipse
2993 616 3099 653 non
3140 600 3330 655 novit?
3360 602 3612 674 Magnum

2015 688 2201 744 videor
2242 689 2484 758 polliceri
2517 707 2530 743 :
2566 691 2660 746 sed
2693 689 2901 746 ctelesti
2944 706 3080 761 opus
3121 701 3203 747 est
3247 708 3510 762 munere,
3559 702 3617 749 ut

2016 783 2169 838 nobis
2196 782 2423 839 facultas
2467 798 2532 841 ac
2575 794 2788 856 tempus
2810 785 2876 841 ad
2922 787 3197 857 proposita
3239 790 3617 860 persequenda

2021 876 2306 931 tribuatur.
2336 876 2491 945 Quod
2520 877 2566 932 si
2592 878 2700 933 vita
2731 888 2814 934 est
2839 880 3073 950 optanda
3096 882 3344 951 sapienti,
3375 882 3619 954 profecto

2019 968 2217 1024 nullam
2247 969 2406 1025 aliam
2438 971 2507 1024 ob
2535 986 2753 1027 causam
2782 973 2963 1029 vivere
2996 976 3335 1045 optaverim,
3365 991 3525 1046 quam
3556 988 3618 1033 ut

2016 1066 2217 1136 aliquid
2246 1066 2476 1123 efﬁciam
2506 1069 2649 1138 quod
2687 1069 2794 1124 vita
2822 1069 3044 1142 dignum
3089 1072 3180 1136 sit,
3214 1081 3268 1126 et
3296 1072 3443 1143 quod
3470 1059 3617 1129 utili-

2015 1167 2183 1215 tatem
2215 1160 2515 1231 legentibus
2537 1202 2551 1226 ,
2582 1162 2683 1217 etsi
2716 1179 2822 1219 non
2853 1162 2919 1218 ad
2951 1163 3309 1237 eloquentiam
3330 1207 3347 1233 ,
3380 1166 3501 1238 quia
3534 1175 3618 1224 te-

2018 1250 2137 1307 nuis
2166 1253 2217 1305 in
2245 1252 2399 1309 nobis
2432 1253 2699 1309 facundiae
2723 1255 2871 1310 rivus
2901 1263 2987 1311 est
3014 1256 3079 1311 ad
3111 1256 3402 1313 vivendum
3436 1269 3616 1316 tamen

2014 1344 2201 1400 all‘erat
2226 1363 2238 1400 :
2269 1346 2412 1416 quod
2432 1356 2517 1402 est
2539 1349 2777 1407 maxime
2803 1351 3187 1407 necessarium.
3213 1351 3332 1420 Quo
3355 1352 3617 1422 perfecto,

2013 1437 2144 1491 satis
2170 1451 2257 1491 me
2286 1438 2489 1495 vixisse
2518 1438 2856 1508 arbitrabor,
2885 1449 2941 1497 et
2970 1441 3208 1497 ofﬁcium
3238 1443 3474 1499 hominis
3501 1444 3605 1498 im-

2012 1530 2217 1601 plesse,
2248 1531 2294 1587 si
2339 1531 2493 1599 labor
2518 1548 2673 1593 meus
2714 1534 2925 1605 aliquos
2967 1535 3223 1596 homines
3244 1539 3313 1595 ab
3341 1538 3617 1597 erroribus

2012 1623 2269 1680 liberatos
2294 1623 2363 1680 ad
2394 1626 2496 1682 iter
2519 1626 2743 1684 cmleste
2769 1627 3051 1687 direxerit.

1632 1844 1995 1904 VARIORUM
2022 1846 2251 1905 NOTAE.

364 1989 853 2066 Incredibilisenint
873 1990 950 2044 vis
968 1988 1284 2066 eloquentia.
1318 1988 1379 2066 In
1402 1988 1618 2066 scriptis
1642 1989 1677 2045 3
1697 2003 1809 2066 ree.
1839 1998 1893 2045 et
1925 2002 1974 2062 Β
2001 2004 2132 2066 mss.
2168 1988 2513 2066 Regio-NL,
2562 1989 2601 2044 ε
2648 1989 2881 2066 Bouo_n.,
2932 1991 3067 2066 'I_‘ax.
3118 1993 3177 2048 In
3234 1994 3261 2048 1
3331 1993 3498 2066 Regio
3519 2038 3533 2061 ,
3584 1991 3619 2051 5

292 2062 541 2134 pluribus
583 2062 766 2130 editis,
797 2060 1120 2116 Incredibilis
1147 2067 1220 2114 est
1264 2062 1445 2116 enim.
1481 2060 1536 2115 lu
1573 2062 1785 2117 caeteris
1816 2069 1891 2115 est

298 2150 412 2191 non
442 2141 614 2189 extat.

366 2205 479 2272 Qui
512 2216 698 2260 tamen.
730 2204 806 2259 lla
837 2219 938 2259 ms.
967 2203 1099 2258 Bov.
1126 2211 1182 2258 et
1220 2203 1299 2257 sic
1325 2203 1521 2258 eruditi
1550 2203 1815 2260 Francius
1844 2212 1899 2260 et

291 2277 653 2333 Heumannus
697 2276 1110 2346 suspicabantur
1135 2288 1259 2331 esse
1300 2274 1610 2346 legendum.
1639 2276 1744 2331 Alii
1770 2290 1905 2331 vero

291 2349 526 2411 habent.
558 2349 685 2418 quia
712 2358 900 2401 tamen.

355 2416 685 2491 Capuam.
718 2418 844 2491 Mss.
869 2420 905 2475 5
928 2416 1167 2491 Colbert.
1197 2426 1253 2483 et
1282 2418 1473 2486 Brun.,
1497 2418 1777 2490 copiosam.

369 2489 533 2559 om
580 2492 709 2561 ipse.
742 2489 820 2547 ita
867 2489 1081 2546 restitui
1123 2505 1190 2545 ex
1235 2489 1643 2554 veterrimisret
1689 2489 1908 2562 optimis

2008 2058 2163 2116 Colb.
2196 2058 2519 2133 et’Clarom.
2546 2070 2764 2133 estquaz
2792 2062 2921 2133 ipse.
2945 2062 3136 2119 Plures
3163 2079 3276 2118 rec.
3300 2058 3463 2120 man'u
3488 2058 3621 2121 exa-

2009 2132 2118 2203 rati
2164 2139 2217 2203 et
2247 2133 2387 2203 typis
2438 2132 2640 2203 vulgati
2690 2133 2887 2189 habent
2911 2150 3084 2201 quam.
3117 2134 3420 2192 Relativum
3467 2138 3622 2194 deest

2010 2202 2064 2258 in
2095 2202 2131 2257 2
2158 2200 2397 2258 Colbert.
2431 2200 2628 2259 reciet
2657 2203 2794 2260 Vict.

2087 2273 2169 2328 Ad
2196 2275 2490 2329 vivendum.
2520 2274 2665 2330 Bene
2696 2275 2923 2331 scilicet.

2086 2344 2355 2419 Homines.
2391 2345 2697 2419 Rectiusct
2745 2346 3047 2417 elegantius
3085 2357 3200 2416 est,
3246 2350 3293 2406 si
3339 2350 3615 2419 deleatur,

2006 2416 2161 2495 juxta
2192 2418 2591 2495 lleumannum.
2625 2417 2740 2473 Hoc
2767 2416 2990 2474 verbum
3012 2462 3026 2486 ,
3056 2420 3268 2492 inquit,
3302 2438 3332 2479 e
3378 2416 3620 2495 margine

2011 2491 2065 2544 in
2105 2497 2309 2544 textum
2336 2488 2569 2560 irrepsit.

310 2652 3539 2701 Μ

1104 2802 1653 2889 ANALYSIS
1710 2800 2027 2885 LIBRI
2100 2801 2260 2884 DE
2306 2801 2513 2885 IRA
2572 2801 2806 2891 DEI.

1772 2990 2159 3050 W4"

362 3121 616 3191 Quaestio
645 3119 806 3190 hujus
829 3118 952 3175 libri
984 3136 997 3174 :
1030 3116 1112 3174 An
1143 3118 1283 3175 Deus
1302 3132 1432 3174 vere
1458 3116 1754 3191 irascatur?

365 3187 690 3263 lihilosophi
718 3187 958 3246 nonnulli
989 3200 1290 3261 negarunt.
1338 3204 1406 3245 eo
1443 3187 1787 3263 quodpeum
1811 3188 1895 3263 vel

293 3259 618 3321 beneficam
652 3278 773 3319 esse
820 3272 1025 3316 tantum
1066 3259 1316 3317 naturam
1337 3301 1355 3327 ,
1387 3259 1470 3315 vel
1500 3259 1631 3315 nihil
1679 3259 1903 3315 erunin

292 3352 498 3394 curare
546 3344 868 3393 statuerent.
926 3333 1240 3395 Laetantius
1283 3340 1505 3394 contra,
1557 3331 1727 3391 Deum
1774 3346 1900 3389 vere

292 3408 457 3464 irasci
490 3407 594 3461 hoc
623 3406 760 3461 libro
782 3406 1131 3476 demonstrat
1146 3404 1227 3459 bis
1254 3401 1585 3476 argumentis
1612 3420 1625 3457 :

364 3478 409 3533 ι.
460 3478 569 3533 Aut
593 3478 668 3531 im
693 3476 974 3532 tribuenda
1001 3485 1086 3530 est
1111 3475 1242 3541 Deo,
1266 3471 1509 3545 et'gratia
1537 3471 1897 3545 detrahenda;

292 3560 389 3605 aut
420 3560 715 3618 utrumque
744 3546 1134 3602 detrahendum
1159 3562 1172 3599 :
1201 3555 1293 3601 aut
1322 3544 1398 3618 ira
1430 3544 1695 3618 demenda
1720 3555 1829 3618 est,
1848 3551 1903 3597 et

296 3626 476 3693 gratia
504 3614 785 3693 tribuenda
807 3636 822 3687 ;
846 3626 939 3672 aut
958 3628 1243 3693 utrumque
1271 3616 1644 3693 tribttendutn._
1660 3614 1899 3693 Primum

301 3684 501 3747 falsum
534 3700 649 3755 est,
682 3684 815 3760 quia
837 3704 996 3745 nemo
1021 3688 1090 3760 de
1125 3684 1232 3743 Deo
1274 3702 1509 3760 unquam
1537 3687 1705 3760 dixit,
1742 3684 1901 3740 irasci

296 3779 421 3819 eum
456 3757 857 3826 tantummodo,
885 3759 1127 3830 etgmtia
1159 3775 1263 3813 non
1290 3759 1516 3814 moveri.
1545 3757 1903 3830 Alterum_est

295 3835 651 3903 Epicureum.
685 3832 884 3903 Statuit
909 3828 1053 3886 enim
1084 3831 1377 3903 Epicurus,
1408 3844 1509 3883 nec
1540 3830 1673 3883 iram
1704 3830 1757 3882 in
1789 3828 1901 3903 Deo

296 3899 457 3974 esse,
491 3920 594 3960 nec
620 3902 881 3975 gratiam,
923 3903 1094 3973 utqui
1126 3899 1257 3975 nihil
1284 3904 1522 3975 omnino
1547 3909 1703 3954 curet
1746 3917 1758 3952 :
1806 3899 1901 3975 sed

296 3970 473 4043 falso;
510 3970 650 4030 Deus
669 3977 810 4030 enim
842 3988 948 4029 non
977 3970 1157 4038 esset,
1194 3974 1301 4028 nisi
1319 3980 1669 4027 moveretur:
1703 3984 1803 4025 nec
1821 3970 1903 4024 di-

295 4050 459 4119 gnior
484 4048 601 4102 Deo
622 4045 1016 4119 administratio
1039 4045 1299 4119 assignari
1328 4053 1500 4119 potest
1517 4084 1532 4107 ,
1557 4057 1719 4119 quam
1749 4057 1902 4119 utun-

300 4113 350 4191 di
382 4118 733 4191 gubernatio.
762 4115 931 4191 Nulla
946 4117 1106 4191 etiam
1137 4113 1410 4191 beatitudo
1439 4126 1522 4191 est
1549 4114 1625 4168 rei
1653 4113 1902 4191 immobi-

303 4185 675 4245 lisf'l‘ertium
702 4198 787 4243 est
831 4188 1092 4254 stoicum,
1122 4189 1353 4257 gratiam
1380 4187 1435 4257 in
1462 4186 1576 4257 Deo
1600 4200 1741 4247 esse,
1766 4185 1899 4239 iram

303 4277 411 4336 non
439 4276 567 4336 esse
598 4277 626 4336 _:_
665 4259 859 4319 (slsum
878 4258 943 4336 id.
967 4256 1365 4336 ﬁdem.“qu
1390 4256 1450 4336 si
1472 4256 1611 4336 Deus
1627 4271 1738 4336 non
1768 4256 1902 4311 iras-

302 4331 445 4387 citur
480 4331 681 4400 impiis,
714 4345 816 4387 nec
841 4331 963 4399 pios
985 4326 1181 4399 diligit.
1209 4328 1545 4397 Relinquitur
1572 4326 1905 4400 quar-

302 4412 417 4474 tum
439 4445 458 4468 ,
485 4397 631 4474 quod
676 4411 772 4474 est
798 4397 984 4474 verum
1006 4440 1021 4465 ,
1048 4397 1413 4474 nempehiram
1448 4406 1503 4456 et
1531 4397 1775 4470 gratiam
1794 4399 1904 4457 Deo

304 4470 647 4529 tribuendam
679 4470 827 4543 (Cap.
862 4472 889 4527 1
910 4512 925 4538 ,
946 4471 1017 4538 2,
1049 4472 1117 4537 5,
1148 4472 1217 4535 ιι,
1245 4472 1311 4537 5,
1334 4471 1412 4543 6).
1802 4480 1807 4487 ‘

375 4544 458 4668 lfl.‘
487 4542 854 4615 Quaecumque
893 4542 1077 4613 epiuio
1103 4543 1239 4601 tollit
1263 4542 1618 4613 religionem,
1659 4557 1795 4598 vana
1822 4549 1906 4597 est

407 4632 441 4668 a
467 4631 550 4668 sa.

303 4625 363 4674 et
390 4625 550 4671 falsa.

376 4686 584 4755 Opinio
630 4702 749 4754 qua:
798 4686 908 4747 Deo
950 4686 1073 4741 sive
1106 4686 1371 4755 gratiam,
1410 4685 1523 4741 sive
1570 4684 1736 4749 iram,
1791 4683 1906 4755 sive

300 4753 605 4827 utrumque
629 4753 863 4813 detrahit
884 4799 899 4820 ,
934 4758 1076 4813 tollit
1100 4753 1452 4828 religionem;
1506 4756 1667 4827 igitur
1719 4753 1905 4826 opinio

301 4830 397 4885 illa
430 4845 566 4884 vana
591 4839 673 4883 est
699 4839 754 4883 et
780 4829 929 4883 falsa.

379 4901 641 4971 Majorem
687 4899 1037 4971 probatrcap.
1072 4900 1104 4953 7
1145 4918 1158 4954 :
1206 4898 1757 4971 religioneminem‘pe
1798 4913 1904 4952 non

308 4969 477 5042 posse
524 4969 943 5042 dissolvitquia
983 4969 1053 5027 Sit
1092 4969 1597 5041 propria‘ltominis.
1643 4969 1906 5042 Minorem

302 5040 598 5098 conﬁrmat
636 5057 758 5111 cap.
800 5040 853 5097 8.
886 5042 943 5098 Si
969 5040 1111 5097 enim
1144 5042 1284 5097 Deus
1315 5043 1446 5096 nihil
1488 5042 1735 5113 cuiquam
1782 5040 1908 5096 boui

308 5114 532 5178 tribuit,
567 5114 789 5168 stultum
814 5123 897 5167 est
918 5128 1040 5168 eum
1066 5114 1267 5169 colere.

383 5185 680 5255 Excipiunt
701 5184 917 5256 quidam
949 5203 961 5238 :
990 5186 1254 5240 Prodesse
1278 5183 1491 5254 quidem
1526 5183 1628 5239 hoc
1653 5181 1903 5256 credere,

306 5257 407 5312 sed
451 5254 732 5323 utilitatis,
774 5271 884 5310 non
933 5258 1173 5313 veritatis
1213 5256 1417 5327 gratia,
1469 5267 1525 5311 ut.
1565 5254 1909 5312 conscientiae

308 5337 643 5391 terreantur,
677 5341 810 5397 quas
837 5328 984 5397 leges
1013 5330 1203 5397 punire
1233 5335 1475 5394 possunt.

381 5396 701 5454 Laeuiutius
722 5410 880 5468 negat
898 5396 1035 5464 hoe;
1062 5410 1113 5454 et
1144 5398 1488 5465 religionem,
1527 5412 1633 5453 non
1664 5396 1911 5453 utilitatis

310 5478 556 5534 tantum,
589 5470 684 5524 sed
722 5470 964 5542 veritatis
993 5469 1163 5542 gratia
1194 5469 1359 5525 fuisse
1395 5470 1693 5525 institutam
1715 5512 1730 5538 ,
1762 5485 1911 5525 asse-

310 5545 388 5596 rit
415 5541 635 5611 cap,9,
679 5542 778 5606 ιθ,
814 5540 905 5596 η.

393 5613 480 5668 ιιι.
521 5613 577 5669 Si
610 5614 665 5668 in
688 5613 850 5668 rebus
876 5612 1126 5667 immanis
1150 5620 1278 5668 sunt
1314 5612 1452 5667 bona
1496 5624 1551 5668 et
1593 5612 1767 5675 mala,
1811 5625 1909 5667 ne-

307 5698 472 5740 cesse
499 5693 585 5740 est
610 5682 679 5741 ad
710 5694 995 5755 utramque
1020 5694 1226 5754 partem
1273 5684 1476 5740 moveri
1505 5685 1671 5740 Deum
1693 5723 1707 5747 ,
1748 5693 1803 5738 et
1844 5681 1912 5738 ad

307 5757 543 5839 grauata
563 5797 581 5839 ,γ
604 5770 731 5812 cum
753 5755 895 5826 justa
922 5754 1039 5812 ﬁeri
1069 5755 1250 5824 videt,
1281 5765 1337 5812 et
1364 5756 1433 5812 ad
1459 5756 1592 5813 iram
1616 5796 1631 5824 ,
1660 5769 1782 5811 eum
1803 5768 1912 5810 cer-

314 5837 399 5882 mt
428 5837 646 5898 injusta.

1923 3116 1969 3180 C

2074 3114 2271 3197 Verum
2300 3115 2477 3197 prius,
2509 3113 2650 3185 quod
2676 3112 2977 3172 ostenditur
2997 3131 3114 3190 cap.
3145 3112 3233 3185 15,
3265 3120 3355 3189 14,
3386 3121 3454 3177 15
3485 3123 3612 3197 :igl-

2006 3194 2094 3241 tur
2116 3196 2170 3240 et
2194 3186 2483 3255 posterius.

2075 3257 2327 3327 Objectio
2358 3257 2573 3322 Epicuri
2599 3274 2613 3310 :
2645 3257 2705 3314 Si
2729 3270 2811 3315 est
2836 3260 2889 3314 in
2919 3261 3033 3316 Deo
3058 3262 3266 3318 notitia
3292 3263 3519 3320 καθείης
3541 3268 3608 3322 ad

2001 3332 2268 3407 gratiam,
2300 3338 2356 3385 et
2375 3329 2484 3384 odii
2510 3328 2579 3384 ad
2602 3330 2733 3407 iram
2754 3371 2769 3397 ,
2802 3330 3019 3390 habebit
3047 3333 3210 3405 igitur
3236 3346 3291 3390 et
3319 3336 3573 3393 timorem
3592 3380 3609 3407 ,

2003 3410 2059 3456 et
2086 3400 2399 3471 libidinem,
2427 3411 2480 3455 et
2506 3401 2878 3471 cupiditatem.

2083 3471 2330 3544 Respon.
2357 3469 2474 3544 Non
2503 3469 2743 3544 sequitur
2770 3494 2782 3529 :
2806 3473 2929 3543 quia
2960 3475 3128 3544 gratia
3148 3516 3163 3543 ,
3194 3485 3249 3532 et
3270 3476 3348 3533 ira
3373 3520 3388 3543 ,
3418 3488 3474 3535 et
3514 3485 3615 3535 mi-

2004 3543 2430 3616 seratioihabent
2462 3542 2515 3596 in
2547 3543 2658 3616 Deo
2686 3542 3002 3611 materiam}
3032 3546 3082 3600 id
3111 3542 3195 3601 est
3214 3591 3227 3609 ,
3256 3542 3497 3616 causam,
3526 3567 3612 3607 re-

2012 3614 2141 3689 liqui
2167 3614 2391 3689 all‘ectus
2418 3629 2523 3667 non
2570 3613 2822 3689 habent;
2864 3617 3059 3689 quibus
3099 3619 3459 3689 vacatDeus.
3485 3613 3614 3689 quia

2003 3687 2255 3763 vitiorum
2287 3683 2511 3763 alfeeuts
2538 3691 2699 3763 sunt,
2749 3683 2897 3739 alios
2931 3687 3071 3742 sicut
3112 3686 3211 3743 llos
3256 3688 3452 3758 habet,
3485 3683 3610 3763 quia

2004 3764 2129 3811 sunt
2154 3755 2369 3808 virtutis
2403 3753 2554 3825 (Cap.
2582 3752 2695 3825 16).

2075 3825 2320 3905 ijectio
2335 3824 2449 3905 alia
2480 3843 2492 3879 :
2532 3824 2672 3905 Deus
2701 3824 2829 3905 ideo
2858 3827 3047 3883 beatus
3085 3838 3169 3885 est
3188 3871 3211 3905 ,γ
3237 3832 3359 3902 quia
3389 3847 3610 3905 semper

2003 3899 2242 3969 quietus;
2276 3897 2442 3968 igitur
2481 3913 2581 3954 nec
2622 3898 2892 3965 irascitur,
2935 3915 3035 3956 nec
3078 3897 3607 3973 gratia'commove-

2007 3980 2113 4026 tur.

2078 4040 2385 4117 Restiondet
2413 4039 2759 4117 Lactantius,
2794 4043 2960 4117 Deum
3002 4057 3107 4117 non
3157 4059 3282 4101 esse
3326 4036 3607 4117 quietum,

2004 4114 2257 4187 quia‘nec
2288 4112 2548 4187 dormiat,
2580 4127 2680 4187 nec
2720 4114 3002 4170 moriatur.
3048 4114 3250 4171 Curare
3287 4112 3451 4187 igitur
3485 4112 3608 4177 eum

2006 4184 2472 4257 hominuut‘vitain
2498 4225 2515 4257 ρ
2550 4192 2606 4257 et
2629 4184 2677 4236 vi
2704 4188 3087 4257 consequentis
3119 4189 3277 4242 irasci
3309 4184 3498 4257 inalis,
3524 4195 3606 4247 fa-

2004 4271 2133 4310 vere
2178 4254 2373 4331 bonist
2419 4253 2650 4331 Deinde,
2700 4255 2836 4331 sicut
2882 4253 3218 4331 erttdelitatis
3263 4270 3348 4314 est
3390 4253 3605 4331 potius,

2004 4342 2163 4397 quam
2194 4324 2439 4397 pietatis,
2473 4324 2517 4378 si
2546 4325 2666 4393 quis
2708 4328 2868 4397 homo
2906 4328 3263 4383 contunielias
3289 4324 3405 4383 non
3427 4324 3604 4386 vintlié

2004 4394 2090 4474 cet,
2120 4415 2131 4449 :
2162 4397 2229 4450 ita
2243 4438 2265 4474 _,_
2304 4396 2509 4464 inquit,
2542 4411 2647 4449 non
2676 4394 3003 4474 virtutisest
3023 4398 3072 4451 in
3108 4399 3248 4474 Deo,
3276 4400 3347 4454 ad
3374 4416 3458 4470 ea,
3483 4420 3604 4474 qua:

1928 4502 1984 4563 Β
2008 4469 2205 4563 injuste
2238 4469 2373 4563 l'innt
2392 4482 2557 4563 “non.
2577 4468 2919 4563 c'ommoveri
2941 4467 3108 4563 (ϐαρᾶ
3123 4469 3231 4539 l7).

2078 4536 2321 4618 Objectio
2352 4555 2364 4588 :
2399 4536 2559 4606 Atqui
2593 4537 2732 4593 Deus
2754 4540 2873 4595 sine
2903 4536 3006 4595 hoc
3032 4536 3226 4597 affectu
3257 4555 3477 4613 peccata
3504 4561 3599 4618 po:-

2008 4620 2113 4667 test
2136 4621 2426 4677 corrtgere.

2080 4681 2316 4756 Bespon.
2347 4678 2463 4747 Ipse
2492 4680 2695 4748 peccati
2722 4681 3010 4756 adspectus
3055 4682 3304 4756 indignus
3335 4696 3440 4744 est.
3468 4687 3607 4746 Nam

2009 4755 2097 4824 qui
2145 4766 2253 4805 non
2301 4759 2569 4825 movetur,
2602 4754 2823 4825 omnino
2850 4763 2943 4808 aut
2986 4754 3189 4825 probat
3221 4757 3447 4823 delicta,
3505 4769 3600 4815 aut

2009 4822 2655 4899 molestiani__cast_igandi
2704 4823 2873 4899 fugit,
2905 4822 3146 4899 quorum
3198 4822 3482 4899 utrumque
3524 4841 3610 4886 est

2008 4898 2282 4951 vitiosum.
2318 4891 2431 4948 Hoc
2471 4894 2588 4947 loco
2615 4891 2961 4963 reprehendit
2999 4896 3201 4951 dictum
3232 4891 3469 4955 Arclti'tte
3501 4903 3606 4956 Ta-

2012 4968 2215 5022 rentini
2238 5005 2253 5030 ,
2283 4965 2527 5037 quicum
2560 4964 2611 5037 in
2655 4980 2786 5036 agro
2810 4977 3060 5037 corrupta
3088 4983 3209 5023 eSse
3230 4974 3407 5024 omnia
3450 4988 3606 5026 com-

2011 5034 2486 5109 perisset,’villici
2535 5035 2616 5089 sui
2664 5034 2877 5109 culpam
2928 5034 3297 5108 redarguens,
3344 5043 3603 5098 miserum

2011 5107 2173 5172 dixit,
2224 5122 2382 5177 quem
2424 5107 2533 5173 jam
2580 5108 2896 5163 verberibus
2933 5107 3240 5178 necassem,
3288 5114 3389 5167 nisi
3436 5115 3603 5169 iratus

2012 5195 2219 5252 essem.
2250 5178 2383 5232 Nam
2418 5186 2636 5252 propter
2663 5179 2758 5252 ira;
2784 5179 3205 5252 magnitudinem
3236 5197 3446 5252 pugnam
3494 5202 3602 5242 non

2011 5250 2350 5328 doltﬁndtl-lllﬁ,
2378 5247 2472 5301 sed
2503 5246 2851 5328 differendam
2878 5246 3046 5328 fuisse
3089 5246 3250 5328 docet
3293 5253 3446 5328 (Cap.
3484 5256 3599 5327 18).

2084 5322 2174 5395 IV’.
2208 5323 2263 5374 Si
2302 5320 2443 5395 Deus
2483 5321 2875 5395 sanctissimam
2920 5323 3129 5395 vivendi
3174 5320 3344 5395 legent
3392 5320 3599 5395 posuit,

2012 5394 2289 5463 voluitque
2333 5392 2611 5443 universos
2650 5391 2967 5449 innocentes
3016 5408 3078 5448 ac
3119 5391 3407 5451 beneﬁcos
3440 5391 3595 5463 esse,

2013 5468 2199 5535 utique
2228 5469 2543 5538 nott_potest
2562 5477 2667 5538 non
2701 5464 2889 5526 irasci,
2925 5480 3044 5518 cum
3074 5466 3220 5538 videt
3246 5468 3415 5538 legem
3446 5484 3597 5523 suam

2014 5532 2308 5594 contemni.
2344 5532 2743 5606 Verumprius;
2776 5550 2906 5604 ergo
2925 5546 2977 5591 et
3006 5537 3293 5606 posterius.

2089 5608 2154 5665 V.
2195 5607 2376 5679 Si_est
2405 5603 3056 5679 mundiadministrator,
3105 5625 3209 5661 non
3244 5609 3425 5679 utique
3465 5622 3597 5663 con-

2016 5680 2207 5737 temnit
2238 5677 2289 5732 id
2327 5672 2469 5746 quod
2497 5684 2580 5730 est
2609 5677 2660 5731 in
2691 5679 2891 5733 mundo
2918 5679 3003 5733 vel
3030 5672 3340 5732 maximum.

2090 5751 2176 5807 Vl:
2218 5750 2273 5806 Si
2303 5757 2387 5804 est
2420 5755 2573 5817 pater
2611 5763 2675 5808 ac
2720 5751 2860 5806 Deus
2900 5750 3306 5817 universorum,
3346 5758 3493 5804 certe
3543 5756 3599 5804 et

2014 5821 2305 5878 virtutibus
2352 5818 2626 5874 hominum
2665 5821 2982 5887 delectatur,
3019 5829 3074 5876 et
3108 5820 3247 5874 vitiis
3290 5834 3597 5877 commove-
