4138 6190
496 287 566 348 79
1670 294 1674 298 ‘
1878 283 2037 340 FIRM
2048 324 2059 339 .
2103 278 2467 339 LAC'I‘ANTII
3730 275 3804 330 80

487 418 614 469 tur:
663 401 867 472 ergoet
886 403 1063 474 justos
1089 400 1295 473 diligit,
1323 408 1378 457 et
1413 400 1605 472 impios
1635 400 1749 474 odit
1783 400 1930 471 (Cap.
1950 400 2074 474 319).
2109 399 2159 461 Α
2195 471 2204 474 _
2252 397 2544 474 Objectio_:
2576 397 2715 474 Dens
2743 394 3017 474 hominem
3050 392 3208 447 irasci
3236 397 3379 449 vetat.
3406 389 3460 446 in
3515 388 3632 461 lege
3658 404 3796 450 sna;

567 478 678 535 VII.
718 480 773 534 Si
802 472 979 545 potest
1005 476 1283 546 ignoscere
1303 481 1613 546 ,potestet
1637 473 1795 546 irasci
1824 491 1838 524 :
1868 472 1963 528 sed
1987 488 2083 543 po-

490 559 600 607 test
622 544 897 620 ignoscere
920 586 935 611 ,
964 544 1087 616 quia
1131 556 1213 600 est
1242 545 1373 614 legis
1401 559 1512 597 sua:
1542 544 1656 668 igse
1680 544 2010 614 disceptator
2031 551 2084 598 et

491 622 686 668 iudex:
716 626 891 668 potest
920 618 1078 668 igitur
1108 627 1164 668 et
1191 616 1345 668 irasci
1370 612 1521 668 (Cap.
1594 612 1673 668 lli.

487 612 686 693 judei;
716 626 891 693 potest
920 612 1078 693 igitur
1108 627 1164 670 et
1191 612 1521 693 irasci_(Cap.
1554 612 1673 684 20).

469 684 508 722 δ’
560 684 1081 761 Ohjiciebantz'Cur
1121 701 1251 757 ergo
1276 684 1387 756 qui
1415 684 1669 761 peccant,
1704 700 1849 756 saepe
1903 684 2085 741 felices

486 772 614 820 sunt
632 756 657 825 ,⁷
671 770 724 816 et
749 760 839 830 qui
867 760 951 829 pie
973 762 1162 813 vivunt
1180 756 1203 823 ,7
1228 772 1374 830 saepe
1400 756 1623 830 miseri?

560 834 724 901 Resp.
752 827 887 898 Quia
914 830 1204 901 fugitiviet
1232 827 1465 901 abdicati
1496 827 1665 901 libere
1692 827 2079 901 vivunt,stric‘

491 906 600 961 tius
657 897 839 957 autem
869 908 924 956 et
947 897 1248 970 frugalius,
1291 898 1383 968 qui
1432 899 1530 970 sub
1568 897 1854 968 disciplina
1904 899 2071 968 patris

487 985 633 1032 sunt.
662 971 869 1029 Deinde
893 972 1014 1038 quia
1041 969 1209 1024 virtus
1236 984 1335 1041 per
1360 969 1499 1023 mala
1527 970 1800 1041 probatur,
1839 970 1965 1023 vitia
1985 985 2082 1039 per

488 1048 841 1115 voluptatem.
880 1042 1148 1098 Pranerea
1178 1040 1288 1097 non
1315 1052 1396 1097 est
1425 1050 1684 1111 perpetua
1712 1040 1944 1096 felicitas
1970 1056 2084 1095 ma-

491 1116 692 1175 lorum.

559 1186 818 1245 Iustantia
848 1201 863 1239 :
897 1184 956 1242 Si
1006 1183 1257 1240 irascitur
1287 1183 1463 1250 Deus,
1514 1184 1695 1240 statim
1737 1182 1925 1239 debuit
1963 1182 2079 1237 vin-

487 1258 689 1314 dicare.

561 1331 795 1400 Respon.
824 1329 883 1386 Si
918 1327 977 1400 id
1009 1327 1240 1394 iaceret,
1285 1341 1445 1384 nemo
1474 1333 1818 1400 superesset,
1867 1339 1969 1381 nec
2010 1339 2077 1380 ex

490 1395 864 1473 peccatoribus
885 1398 1047 1470 aliqui
1068 1406 1512 1455 converterentur
1540 1395 1691 1469 (Cap.
1718 1396 1835 1468 20).

2192 468 2358 545 igitur
2388 468 2936 545 neeipseirascitur.
3093 535 3106 545 _
3225 533 3236 545 .
3283 534 3293 545 .
3359 533 3370 544 ο
3417 532 3429 545 _

2262 542 2430 610 Resp.
2459 535 2574 595 Lex
2620 538 2877 594 refrmnat
2912 535 3328 610 _iram_hominis
3358 535 3649 602 injustam;
3695 549 3797 610 nec

2194 613 2246 667 in
2289 605 2462 667 totum
2495 610 2744 681 prohibet
2770 607 2959 681 irasci,
2992 607 3137 681 quia
3157 608 3200 661 is
3231 605 3455 660 affectus
3486 605 3797 681 necessario

2192 684 2349 738 datus
2377 690 2461 737 est
2495 675 2523 735 ἐ
2581 680 2679 737 sed
2724 679 2978 751 prohibet
3011 675 3077 733 in
3126 679 3211 751 ira
3255 680 3600 751 permanere.
3651 675 3799 751 Quin

2195 755 2337 809 Deus
2367 754 2622 824 praecepit
2660 744 2847 816 irasci;
2880 751 3060 820 itaque
3097 758 3154 804 et
3201 744 3317 818 ipse
3347 747 3598 802 irascitur
3640 744 3797 818 (Cap.

2263 824 2395 951 illi.
2442 893 2726 964 PrOpheta:
2755 893 2991 950 universi
3020 890 3200 964 divino
3245 886 3447 964 Spiritu
3490 886 3682 964 repleti
3715 887 3800 964 _ni-

2192 966 2267 1021 hil
2295 967 2442 1022 aliud
2471 1006 2487 1033 ,
2517 958 2678 1037 quam
2704 965 2772 1021 de
2800 967 2973 1036 gratia
3009 963 3101 1019 Dei
3130 977 3258 1033 erga
3281 958 3459 1031 justos
3482 1001 3495 1026 ,
3530 968 3584 1014 et
3618 958 3686 1014 dc
3715 959 3792 1013 ira

2190 1039 2597 1109 ejusbadversus
2622 1037 2817 1105 impios
2848 1037 3160 1109 loquuntpr.

2264 1107 2357 1164 1X.
2404 1103 2860 1181 Sibyllaeet'ipsa;
2887 1103 3021 1181 iniam
3069 1106 3181 1161 Deo
3216 1103 3560 1170 attribuunt,
3604 1103 3799 1174 Apollo

2193 1181 2322 1256 item
2346 1178 2582 1256 Milesius
2611 1179 2765 1256 (Cap.
2792 1178 2886 1246 22,
2917 1178 3038 1249 23).
3114 1247 3126 1256 _
3400 1243 3415 1256 _
3510 1252 3518 1256 _
3566 1252 3574 1256 ,
3751 1244 3763 1256 .

2260 1249 2551 1323 Conclusio
2576 1243 2820 1323 sequitur
2868 1243 3217 1323 paraenetica,
3268 1261 3372 1316 qua
3400 1243 3647 1323 hortatur
3671 1244 3797 1300 uni-

2191 1338 2399 1391 versos,
2429 1331 2488 1378 ut
2517 1316 2684 1377 Deum
2715 1316 2927 1383 amen‘t,
2956 1319 3100 1391 quod
3129 1329 3300 1388 pater,
3327 1316 3688 1386 eamdemque
3711 1332 3798 1373 ve-

2187 1404 2427 1461 reantur,
2451 1392 2599 1464 quod
2628 1393 2889 1449 Dominus
2913 1392 3004 1448 sit.
3032 1391 3369 1448 SCUL'I’E'I'US.

1410 1928 1548 2000 DE
1600 1923 1812 2001 IBA
1848 1923 2065 2021 DEI,
2105 1922 2258 1996 AD
2304 1920 2907 1997 DONATUM.

1950 2121 2333 2178 arma“.

1017 2303 1246 2364 CAPUT
1278 2302 1562 2360 PRIMUM.

840 2444 918 2500 De
942 2442 1195 2516 sapientia
1221 2441 1396 2495 divina
1420 2448 1466 2495 et
1492 2439 1738 2494 humana.

567 2582 941 2642 Animadverti
963 2596 1129 2651 saepe,
1161 2580 1387 2645 Donate,
1410 2577 1673 2649 plurimos
1700 2573 1752 2631 id
1780 2574 2095 2632 existimare

492 2678 673 2752 (quod
717 2677 879 2733 etiam
921 2672 1177 2746 nonnulli
1216 2669 1661 2742 philosophorum
1709 2669 2094 2739 putaverunt),

495 2788 604 2829 non
633 2770 791 2827 irasci
821 2769 1025 2832 Deum;
1055 2765 1309 2836 quoniam
1357 2763 1444 2818 Vel
1474 2762 1714 2818 benelica
1747 2764 1819 2817 sit
1854 2772 2089 2817 tantum-

495 2863 657 2917 modo
686 2871 875 2915 natura
903 2858 1100 2923 divina,
1146 2869 1246 2909 nec
1282 2853 1528 2925 cuiquam
1574 2867 1800 2917 nocere,
1834 2862 2095 2923 praestau-

498 2954 725 3009 tissimtn
764 2960 929 3020 atque
954 2947 1174 3018 optimm
1224 2954 1484 3016 congruat
1516 2944 1799 3014 potestati;
1833 2944 1916 3000 vel
1946 2954 2096 3000 certe

498 3044 577 3101 nil
626 3051 782 3099 curet
825 3040 1081 3103 omnino,
1134 3044 1193 3092 ut
1246 3051 1422 3108 neque
1466 3051 1531 3091 ex
1578 3034 1929 3091 beneﬁcentia
1981 3034 2098 3106 ejus

501 3135 794 3208 quidquam
844 3131 972 3187 boni
1013 3129 1299 3202 perveniat
1334 3126 1401 3183 ad
1441 3142 1562 3195 nos,
1593 3142 1767 3209 neque
1793 3142 1862 3183 ex
1892 3127 2099 3182 maleli-

502 3227 681 3284 centia
712 3224 1004 3297 quidquam
1030 3222 1177 3277 mali.
1203 3220 1443 3289 Quorum
1471 3234 1645 3285 error,
1674 3222 1797 3290 quia
1829 3220 2097 3276 maximus

504 3330 611 3388 est,
637 3329 694 3377 ct
721 3318 787 3374 ad
815 3315 1167 3374 evertendum
1201 3315 1326 3369 vitae
1353 3314 1603 3368 humana:
1633 3322 1828 3367 statum
1869 3321 2098 3383 spectat,

2127 2307 2176 2366 Β
2201 2298 2521 2355 auctoritate
2549 2297 2854 2369 hominum,
2885 2300 2977 2383 qui
3006 2315 3066 2358 se
3107 2310 3299 2372 putant
3348 2317 3473 2359 esse
3502 2304 3799 2374 sapientes.

2193 2394 2307 2451 Nec
2338 2402 2518 2450 tamen
2563 2408 2664 2450 nos
2716 2403 2823 2450 tam
2870 2403 3185 2467 arrogantes
3213 2410 3418 2465 sumus,
3456 2405 3513 2453 ut
3549 2413 3797 2469 compre-

2199 2485 2425 2541 hensam
2452 2495 2638 2542 nostro
2656 2486 2873 2559 ingenio
2894 2489 3174 2545 veritatem
3202 2489 3497 2561 gloriemur
3521 2508 3533 2543 ;
3554 2490 3648 2547 sed
3671 2490 3800 2545 doc—

2196 2579 2389 2636 trinam
2418 2580 2514 2636 Dei
2540 2582 2836 2651 sequimur,
2866 2582 2961 2654 qui
2984 2583 3126 2639 scire
3148 2584 3297 2639 solus
3322 2593 3518 2653 potest,
3547 2596 3602 2642 et
3635 2602 3791 2641 reve-

2196 2673 2312 2729 lare
2367 2682 2593 2729 secreta.
2648 2672 2813 2744 Cujus
2866 2673 3128 2731 doctrina:
3181 2674 3484 2746 philosophi
3538 2686 3789 2748 expertes

2198 2763 2680 2833 existimaverunt,
2734 2773 2979 2821 naturam
3030 2782 3215 2823 rerum
3270 2767 3580 2838 conjectura
3638 2784 3799 2840 posse

2199 2855 2551 2927 deprehendi.
2575 2856 2730 2926 Quod
2755 2873 3094 2928 nequaquam
3125 2859 3238 2915 fieri
3264 2862 3607 2931 poteSt,quia
3640 2876 3792 2916 mens

2203 2947 2468 3014 hominis,
2498 2948 2790 3005 tenebroso
2820 2936 3066 3020 corporis
3094 2950 3372 3007 domicilio
3417 2952 3799 3023 eircumsepta,

2204 3041 2366 3114 longe
2388 3057 2422 3095 a
2442 3042 2557 3098 veri
2580 3043 2959 3113 perspectione
2984 3054 3255 3100 summota
3278 3054 3395 3111 est;
3423 3054 3480 3102 et
3505 3046 3605 3101 hoc
3626 3045 3809 3102 dill‘ert

2206 3135 2276 3190 ab
2302 3135 2639 3192 humanitate
2664 3136 2939 3206 divinitas,
2988 3139 3130 3209 quod
3161 3138 3514 3196 humanitatis
3541 3151 3626 3196 est
3655 3140 3809 3212 igno-

2204 3226 2365 3294 ratio,
2396 3225 2692 3282 divinitatis
2723 3228 2974 3284 scientia.

2280 3317 2437 3375 Unde
2466 3318 2621 3375 nobis
2645 3320 2826 3390 aliquo
2856 3320 3063 3378 lumine
3092 3336 3229 3393 opus
3253 3331 3337 3379 est
3367 3322 3434 3378 ad
3458 3322 3810 3395 depellendas

502 3411 880 3483 coarguendus
905 3416 990 3464 est
1012 3423 1040 3462 a
1066 3404 1244 3474 nobis,
1268 3420 1338 3461 nc
1366 3413 1421 3462 et
1445 3404 1562 3476 ipse
1587 3403 1812 3470 fallaris,
1843 3404 2103 3476 impulsus
2128 3396 2175 3461 C
2210 3409 2481 3477 tenebras,
2512 3410 2706 3477 quibus
2742 3410 2912 3467 otiosa
2950 3421 3034 3469 est
3061 3411 3297 3470 hominis
3343 3412 3629 3485 cogitatio,
3672 3428 3807 3485 quo-

1850 3518 2220 3579 VABIORUM
2258 3523 2491 3582 NOTAE.

582 3642 733 3699 Liber
757 3641 822 3695 de
840 3642 920 3695 ira
945 3637 1067 3706 Dei,
1096 3639 1164 3692 ad
1194 3636 1480 3694 Donatum.
1513 3637 1588 3692 lta
1638 3636 1820 3691 lerunt
1862 3636 2111 3708 plerique

582 3651 733 3699 Liber
757 3651 822 3695 de
840 3651 920 3695 ira
945 3651 1067 3706 Det,
1096 3651 1164 3692 ad
1194 3651 1480 3694 Donatum.
1513 3651 1588 3692 Ita
1638 3651 1820 3691 terunt
1849 3651 2111 3761 Etertque

510 3730 645 3773 mss.
678 3723 733 3768 et
760 3712 911 3767 editi.
940 3712 997 3766 ln
1028 3727 1110 3765 ms
1138 3710 1346 3765 Bonon.
1379 3708 1681 3776 antiquiore
1722 3718 1805 3763 est
1903 3748 1915 3760 .
1963 3706 2112 3762 Cretii

511 3784 771 3840 Firmiani
801 3781 1053 3836 Lactantii
1080 3781 1259 3850 incipit
1286 3780 1350 3834 de
1375 3779 1465 3834 Ira
1492 3779 1592 3834 Dei
1628 3778 1754 3833 liber
1778 3794 1891 3850 vtn.
1922 3778 1977 3833 ln
2005 3778 2110 3835 Re-

509 3856 886 3928 giotlfuteano,
925 3849 1358 3928 Cwlii__F_trmiani
1387 3850 1762 3928 institutionum
1783 3849 2110 3928 Divinarum

510 3919 577 3981 de
620 3924 737 3980 Vita
776 3926 921 3978 beata
965 3923 1173 3990 explicit
1219 3920 1648 3991 septimns‘lilter,
1691 3921 1870 3991 incipit
1911 3921 1974 3974 de
2016 3919 2109 3974 lru

517 3997 709 4053 Divina
731 3995 857 4049 liber
882 4008 994 4063 vnt.
1021 3988 1238 4063 Legitur
1260 3988 1474 4063 quoque
1500 3989 1569 4063 de
1589 3988 1683 4063 Ira
1712 3990 1920 4058 Divina,
1950 3992 2016 4063 in
2054 3993 2102 4053 l,

517 4067 840 4124 onniensi.
899 4062 955 4118 lu
1010 4064 1074 4117 ’16
1106 4061 1460 4117 ἰιιεείόθθει
1502 4061 1570 4115 ad
1618 4061 1900 4116 Donatum.
1948 4061 2109 4116 Extat

517 4140 589 4194 de
619 4138 721 4192 hoc
745 4136 880 4190 libro
910 4132 1264 4188 honoriﬁcum
1294 4132 1353 4186 Β.
1386 4132 1695 4204 Hieronymi
1742 4134 2108 4204 testimonium

519 4209 586 4264 ad
612 4224 730 4279 cap.
757 4223 806 4262 tv
834 4206 1004 4279 Epist.
1034 4206 1099 4279 ad
1135 4205 1419 4279 Ephesios,
1448 4202 1742 4279 hisverbis
1765 4222 1779 4279 _:
1810 4202 2108 4279 Firmiunus

520 4271 693 4336 noster
720 4271 903 4334 librum
931 4276 994 4330 de
1024 4275 1115 4330 Ira
1147 4271 1236 4328 Dei
1257 4274 1404 4328 docto
1442 4276 1633 4343 pariter
1657 4284 1704 4328 et
1727 4275 1977 4344 eloquenti
2002 4293 2108 4330 ser—
2133 4271 2188 4333 D

522 4369 669 4407 mone
696 4349 1016 4417 conscripsit,
1049 4363 1197 4418 quem
1233 4346 1319 4417 qui
1358 4346 1557 4417 legerit,
1585 4356 1706 4417 puto
1732 4347 1777 4418 ei
1803 4346 1870 4398 ad
1896 4347 2005 4418 ira:
2031 4348 2109 4400 in-

522 4422 776 4478 tellectum
815 4421 937 4475 satis
962 4416 1257 4482 abundeque
1285 4416 1542 4486 sufﬁcere,
1584 4427 1687 4473 etc.
1737 4416 1999 4472 Enmdetn
2047 4417 2110 4472 li—

524 4497 679 4548 brum
724 4489 1393 4561 ιιβρρΙΙιιιδριιισιιεννὶιιιιιηι
1448 4490 1499 4561 in
1549 4489 1687 4544 libro
1729 4488 1798 4544 de
1846 4490 2107 4559 Scriptor.

527 4558 838 4618 Ecclesiasi.
870 4562 923 4613 in
954 4559 1245 4613 Firmiano.
1268 4558 1573 4613 Cavendum
1612 4570 1787 4614 tamen
1813 4577 1843 4614 ει
1878 4561 2111 4615 themate

529 4634 695 4697 illius,
726 4630 867 4699 quod
914 4640 996 4684 est
1041 4629 1102 4682 de
1144 4628 1236 4681 Ira
1279 4628 1406 4691 Dei;
1441 4645 1563 4682 nam
1610 4641 1722 4683 toto
1765 4631 1903 4684 libro
1931 4630 2111 4693 docet,

530 4703 625 4758 ira:
647 4698 892 4757 allectum
915 4708 970 4756 et
997 4700 1132 4753 alios
1159 4698 1417 4768 quosdam
1448 4713 1573 4754 vere
1598 4709 1653 4754 et
1681 4701 1896 4768 pmprie
1919 4701 1971 4754 in
2001 4702 2114 4756 Deo

529 4773 780 4845 reperiri,
806 4782 873 4845 et
906 4770 1200 4845 prtes_e_rtim
1231 4785 1349 4845 cap.
1386 4768 1470 4837 13,
1510 4770 1575 4825 16
1605 4780 1672 4845 et
1693 4771 2114 4845 tiquodetiam

531 4840 764 4968 asiaerluit
805 4840 915 4896 lib.
943 4857 979 4896 ιι
1026 4841 1142 4896 Div.
1177 4840 1407 4896 lustitut.
1458 4855 1578 4912 cap.
1612 4841 1699 4896 18.
1733 4840 1902 4909 Quem
1934 4842 2117 4897 locum

531 4932 559 4968 a
605 4933 639 4968 ι.
691 4928 852 4968 διευς.

530 4915 639 4970 adi.
667 4915 852 4969 lsszos.

602 4985 947 5057 Anintatloerti
988 4998 1143 5054 smpe,
1163 4980 1655 5057 Δ[ὶοιυιιςξ.,μιιιὶιειιίο
1684 4992 1775 5057 est
1813 4983 2114 5057 Ciceronis,

573 5056 626 5110 ui
670 5055 944 5126 Paradoxa
989 5053 1085 5109 sua
1134 5053 1210 5109 sic
1252 5053 1514 5126 inchoat:
1554 5055 1903 5110 Animadverti
1950 5071 2114 5126 saepe,

581 5125 1001 5180 rate—Donate.
1017 5125 1169 5197 Hunc
1182 5125 1425 5179 nonnulli
1441 5127 1603 5183 fuisse
1614 5138 1834 5183 censent
1853 5125 2114 5197 Donatum

530 5198 922 5262 confessorem,
954 5198 1038 5251 cui
1069 5196 1375 5251 Lactantius
1405 5212 1559 5251 suum
1609 5198 1673 5251 de
1704 5197 1954 5252 Mortibus
1988 5196 2115 5253 Per-

530 5279 817 5323 secutorum
843 5268 1039 5322 dicavit
1068 5268 1270 5321 librant.
1300 5266 1405 5321 Alii
1436 5270 1620 5323 νυΙιιιιι
1662 5269 1824 5323 fuisse
1856 5270 2115 5323 Donatum

529 5338 944 5395 haeresiarcham
975 5339 1391 5402 Donatistarum,
1425 5340 1579 5394 alteri
1607 5355 1736 5395 vero
1771 5338 1970 5394 [Elium
2015 5341 2118 5393 Do-

532 5420 718 5483 natum
754 5408 1168 5483 Gramtnaticnm
1217 5410 1275 5483 8ἐ
1327 5409 1636 5483 llicronymi
1684 5420 2113 5483 prmceptoretn:

530 5481 675 5552 quod
716 5495 836 5552 cum
865 5480 1094 5534 divinai-i
1137 5480 1342 5552 magis,
1373 5480 1542 5550 quam
1562 5480 1711 5536 certo
1740 5481 1865 5535 sciri
1911 5482 2113 5551 possit,

528 5551 696 5625 penes
726 5551 980 5625 lecmrom
1015 5551 1229 5625 remitto
1259 5566 1483 5625 evatnen
1519 5560 1576 5608 el
1599 5552 1880 5625 judicium,

602 5623 863 5678 Plurimos
896 5622 948 5674 id
988 5621 1295 5676 existimare.
1331 5620 1403 5675 lta
1454 5620 1665 5677 veteres
1708 5622 1744 5676 2
1782 5621 1910 5676 edit.
1960 5622 2118 5676 Rom.

531 5702 589 5749 et
613 5694 785 5750 Betul.
812 5707 932 5747 cum
964 5691 1210 5746 omnibus
1238 5706 1366 5761 mss.
1404 5702 1595 5761 praeter
1613 5693 1649 5747 2
1676 5692 1880 5748 Bonon.
1905 5704 1958 5747 et
1986 5692 2119 5748 Tax.

529 5763 586 5834 in
608 5766 823 5841 {quibus
852 5772 933 5822 est
958 5763 1224 5821 atstimare.
1258 5759 1449 5821 Cat-teri
1474 5763 1603 5821 edit.
1634 5765 1689 5819 id
1729 5773 1979 5836 tanquam
2009 5765 2126 5823 inu-

2214 3639 2311 3696 tile
2336 3639 2669 3710 abiecerunt.

2285 3710 2651 3785 Com-guendus
2693 3724 2822 3769 esta
2859 3713 3023 3767 nobis.
3067 3711 3238 3770 Abest
3268 3712 3576 3785 praepositio
3627 3727 3655 3767 a
3706 3728 3811 3768 ms.

2216 3782 2242 3838 Ι
2291 3782 2501 3837 Bonan.
2534 3783 2704 3852 antiq.

2288 3852 2370 3907 Ne
2404 3862 2449 3908 et
2478 3857 2587 3924 ipse
2619 3855 2842 3925 fallaris.
2894 3854 3148 3911 Additum
3196 3865 3350 3913 et-ex
3389 3856 3643 3913 omnibus
3674 3872 3810 3912 mss.

2213 3932 2268 3980 et
2303 3932 2409 3979 vel.
2442 3925 2529 3979 ed.
2561 3925 2721 3980 Rom.
2765 3942 2855 3981 an.
2887 3926 3049 3981 1470.

2283 3993 2394 4049 Nec
2421 4004 2588 4051 tamen
2616 4013 2707 4051 nos
2731 4007 2835 4051 lant
2877 4008 3176 4067 arrogantes
3198 4015 3389 4054 sumus.
3436 3998 3565 4053 Tant
3598 3998 3751 4053 abest
3776 4015 3806 4052 ιι

2209 4065 2275 4121 21
2311 4081 2442 4120 mss.
2476 4076 2527 4121 et
2557 4067 2592 4121 5
2619 4076 2725 4122 vel.
2760 4067 2939 4124 editis.

2281 4156 2565 4213 Tenebroso
2604 4161 2832 4230 corporis
2859 4160 3121 4215 domicilio
3157 4161 3516 4228 circumsepta.
3572 4161 3807 4216 Platoni-

2212 4243 2333 4307 cum
2371 4230 2487 4307 _hoc
2517 4238 2620 4296 est,
2669 4232 2758 4307 (ιμί
2803 4231 3017 4307 Mittis?)
3057 4240 3213 4307 adipe:
3258 4233 3573 4307 rigajmzﬁ;
3611 4242 3819 4296 σκῆνῡς,

2213 4300 2336 4355 alibi
2366 4298 2551 4376 ὄχημα
2579 4298 2993 4377 nominat,_alibi
3022 4298 3245 4377 quidam
3272 4321 3285 4356 :
3314 4298 3672 4377 Cider’dnune
3701 4321 3820 4377 vas,

2215 4387 2356 4443 nime
2380 4373 2800 4442 receptaculum.
2839 4374 2913 4429 De
2945 4373 3052 4443 quo
3080 4376 3131 4429 in
3167 4375 3371 4429 Divinis
3396 4374 3634 4429 lustitut.
3667 4376 3819 4442 plura

2214 4441 2357 4517 dicta
2403 4441 2545 4497 sunt.
2588 4443 2741 4517 Pauli
2770 4441 3113 4517 philosophia
3162 4445 3597 4517 magniﬁcentius
3631 4441 3698 4499 de
3743 4447 3822 4498 di-

2215 4514 2419 4584 gnitate
2448 4515 2695 4585 corporis
2718 4514 2938 4583 humani
2967 4514 3151 4573 sentit.
3195 4514 3287 4570 Sic
3312 4514 3608 4571 Corinthiis
3635 4517 3825 4571 scribit

2218 4600 2235 4639 ι
2266 4585 2391 4657 Gor.
2422 4601 2541 4655 cap.
2564 4586 2630 4657 75,
2659 4601 2711 4638 v.
2741 4586 2775 4641 6
2800 4603 2813 4638 :
2841 4585 3089 4651 Nescitis,
3116 4588 3239 4657 quia
3263 4587 3508 4657 templum
3555 4586 3652 4640 Dei
3680 4589 3824 4653 estis,

2219 4666 2266 4710 et
2294 4656 2520 4726 Spiritus
2548 4656 2642 4711 Dei
2668 4656 2863 4711 habitat
2892 4659 2946 4712 in
2974 4656 3133 4714 vobis.
3167 4657 3401 4724 Rursus
3428 4656 3675 4721 Nescitis,
3698 4675 3824 4727 quo-

2226 4727 2383 4852 niam.
2410 4743 2628 4798 corpora
2677 4738 2840 4784 vestra
2896 4730 3123 4784 membra
3168 4737 3287 4784 sunt
3333 4727 3559 4795 Christi,
3612 4743 3729 4798 cap.
3792 4729 3827 4784 5

2228 4813 2279 4852 v.
2351 4816 2404 4851 ο.

2228 4813 2279 4852 ν.
2316 4813 2404 4852 10.

2301 4889 2476 4961 Longe
2498 4907 2531 4945 a
2567 4892 3062 4963 veriperspectione.
3087 4891 3164 4946 lta
3193 4892 3379 4963 plures
3406 4891 3529 4949 edd.
3557 4901 3612 4947 et
3634 4906 3826 4948 onincs

2233 4961 2344 5017 fere
2374 4977 2505 5028 mss,
2536 4976 2658 5016 cum
2682 4961 2990 5018 Thoi'nasio.
3023 4963 3094 5019 Et
3121 4961 3285 5020 recte.
3319 4963 3378 5019 In
3409 4964 3443 5020 5
3474 4980 3601 5019 mss.
3634 4980 3742 5019 rce.
3772 4970 3827 5017 et

2229 5033 2360 5103 edit.
2392 5033 2546 5086 Rom.
2575 5033 2733 5097 M70,
2760 5051 2790 5085 a
2810 5036 2909 5088 veri
2941 5035 3268 5103 perfectione,
3297 5036 3437 5090 male
3461 5052 3475 5101 ;
3501 5035 3553 5090 in
3585 5035 3618 5090 6
3643 5035 3826 5095 editis.

2231 5118 2262 5156 a
2291 5102 2385 5158 Dei
2415 5104 2779 5173 perspectione,
2814 5105 3004 5160 vitiose
3020 5102 3039 5169 ;⁷
3071 5121 3175 5161 non
3203 5107 3344 5160 enim
3387 5107 3457 5161 ibi
3498 5106 3568 5162 de
3616 5107 3707 5165 Dei
3737 5120 3828 5161 co—

2220 5175 2459 5244 gnitione
2505 5188 2812 5230 sermonem
2858 5176 3141 5232 instituere
3189 5177 3304 5231 vult
3351 5176 3680 5240 Lactantius,
3729 5174 3824 5231 sed

2221 5244 2507 5319 ostendere
2538 5245 2728 5319 Deum
2749 5262 2872 5302 esse
2898 5259 3175 5304 auctorem
3205 5249 3527 5319 cognitionis
3562 5248 3823 5319 veritatis.

2221 5315 2583 5443 GALL9£DS.--
2612 5318 2687 5373 De
2717 5317 2816 5373 hac
2845 5319 3112 5375 sententia
3154 5315 3300 5376 vide'
3323 5320 3447 5374 libr.
3493 5334 3530 5373 ιι
3585 5318 3822 5373 lustitut.

2222 5403 2341 5443 can.
2417 5427 2430 5441 .

2222 5403 2341 5458 cap.
2372 5403 2430 5443 υ.

2298 5476 2652 5535 Humanitate.
2690 5478 3007 5537 Humanitas
3035 5480 3124 5537 hic
3156 5497 3260 5538 non
3286 5490 3441 5537 notat
3483 5482 3629 5537 illam
3663 5482 3826 5541 vit-tuo

2225 5559 2354 5613 tem,
2386 5564 2546 5624 quam
2579 5552 2796 5621 proprie
2839 5551 3004 5624 homo
3036 5555 3189 5609 alteri
3221 5553 3439 5624 homini
3454 5550 3824 5624 prmstat,_:-rd

2226 5622 2813 5695 naturam_ltum_anam,
2848 5623 3024 5695 ipsum
3057 5624 3351 5679 hominem.
3398 5622 3651 5695 Minutius
3682 5622 3824 5677 Felix

2226 5690 2282 5748 in
2316 5690 2538 5767 Octavio
2564 5711 2577 5747 :
2601 5690 3111 5767 Timoremiomnem,
3138 5710 3239 5764 quo
3269 5694 3574 5750 humanitas
3622 5701 3830 5767 regitur,

2228 5764 2428 5834 penitus
2455 5764 2794 5820 sustulerunt.
2806 5778 2818 5838 ς
