4138 6190
318 305 387 360 81
1674 316 1878 375 LIBER
1919 320 2007 376 DE
2048 321 2162 378 ΙΒΛ
2209 323 2340 379 DEI.
3562 341 3634 395 82

321 422 469 478 niam
499 422 553 478 in
581 437 744 481 carne
784 427 1000 483 mortali
1035 436 1289 498 agentes,
1322 430 1522 487 nostris
1561 435 1809 491 sensibus
1837 437 1913 492 di-
1946 441 1998 499 Λ
2023 440 2265 497 veritatis
2292 442 2619 507 ascenditur,
2662 459 2770 501 non
2797 455 2883 503 est
2918 448 3075 506 facile
3111 451 3329 509 cuilibet
3366 454 3520 510 evehi
3564 455 3633 510 ad

319 514 510 570 vinare
536 529 644 571 non
674 530 982 588 possumus.
1010 518 1218 577 Lumen
1239 532 1418 578 autem
1451 526 1647 582 utentis
1676 528 1924 587 humanae

318 604 466 661 Deus
494 616 603 673 est,
631 623 793 679 quem
824 609 913 682 qui
944 614 1280 682 cognoverit.
1318 624 1374 671 et
1413 617 1465 671 in
1514 628 1702 688 pectus
1748 620 1924 677 admi-

314 699 472 766 serit,
497 698 803 756 illuminato
823 701 989 758 corde
1009 706 1326 776 mysterium
1351 708 1593 764 veritatis
1620 724 1879 781 agnoscet
1905 732 1920 771 :

310 799 526 846 remoto
560 799 740 847 autem
773 793 884 849 Deo
913 796 1233 868 etelesrique
1262 798 1531 869 doctrina,
1561 807 1745 861 omnia
1769 822 1923 862 erro-

315 880 471 937 ribus
494 881 657 952 plena
687 890 833 939 sunt.
866 884 1142 957 Recteque
1181 887 1451 959 Socrates,
1480 906 1603 947 cum
1635 905 1783 951 esset
1808 911 1925 952 om-

315 973 465 1029 nium
498 975 947 1048 philosophorum
983 978 1351 1048 doctissimus,
1386 993 1563 1040 tamen
1590 994 1650 1041 ut
1685 997 1915 1044 caatero-

312 1081 440 1121 rum
482 1080 733 1138 argueret
777 1070 1065 1139 inscitiam,
1109 1072 1198 1144 qui
1246 1089 1305 1130 se
1333 1076 1535 1146 aliquid
1567 1087 1751 1136 tenere
1778 1082 1922 1138 arbi-

313 1160 624 1226 trabantur,
654 1162 731 1216 ait
777 1178 838 1219 se
865 1164 998 1220 nihil
1037 1166 1202 1234 scire,
1248 1168 1347 1224 nisi
1394 1186 1583 1237 unum,
1612 1175 1756 1244 quod
1785 1176 1922 1234 nihil

311 1255 499 1309 sciret.
532 1254 807 1311 Intellexit
850 1258 1016 1326 enim,
1049 1259 1347 1318 doctrinam
1379 1263 1523 1320 illuni
1558 1266 1694 1321 nihil
1723 1268 1922 1327 habere

310 1346 363 1400 in
390 1361 455 1402 se
480 1347 639 1413 certi,
677 1348 806 1403 nihil
840 1351 985 1418 veri;
1021 1367 1141 1420 uec,
1176 1363 1234 1409 ut
1265 1365 1451 1426 putant
1472 1358 1713 1429 quidam,
1744 1361 1919 1418 simu-

308 1440 446 1495 lavit
476 1441 596 1512 ipse
618 1442 944 1511 doctrinam,
976 1455 1036 1501 ut
1058 1448 1195 1504 alios
1226 1449 1527 1518 refelleret;
1562 1454 1658 1511 sed
1690 1455 1825 1511 vidit
1853 1472 1921 1512 ex

311 1545 469 1604 parte
494 1534 676 1607 aliqua
705 1538 1012 1595 veritatem.
1046 1540 1404 1615 Testatusque
1446 1554 1531 1602 est
1558 1547 1722 1604 etiam
1752 1550 1805 1604 in
1832 1550 1918 1619 ju-

308 1626 456 1682 dicio
481 1627 648 1701 (sicut
678 1629 910 1686 traditur
934 1646 965 1687 a
995 1631 1243 1705 Platone)
1281 1636 1426 1706 quod
1467 1638 1615 1694 nulla
1645 1650 1791 1696 esset
1820 1640 1922 1696 hu-

313 1734 477 1774 mana
508 1721 770 1791 Sapientia
795 1740 807 1775 :
831 1722 971 1779 adeo
991 1724 1312 1793 doctrinam,
1343 1743 1447 1799 qua
1476 1739 1588 1785 tum
1612 1730 1919 1803 philosophi

310 1814 714 1886 gloriabantur,
735 1818 1083 1889 contempsit,
1114 1819 1327 1889 derisit,
1348 1822 1565 1893 ahjecit,
1588 1834 1645 1879 ut
1666 1824 1719 1880 id
1744 1825 1923 1897 ipsum
1955 1829 2002 1889 B

313 1922 415 1978 pro
442 1922 654 1963 summa
702 1908 949 1966 doctrina
984 1911 1367 1983 proﬁteretur,
1412 1915 1556 1987 quod
1601 1917 1734 1972 nihil
1775 1927 1918 1975 sclre

310 1998 617 2056 didicisset.
647 2002 704 2057 Si
732 2018 862 2075 ergo
887 2004 1033 2061 nulla
1055 2014 1140 2062 est
1164 2009 1426 2077 sapientia
1450 2010 1705 2076 humana,
1732 2022 1788 2067 ut
1817 2012 1918 2070 So—

310 2104 494 2148 crates
514 2092 719 2161 docuit,
751 2105 807 2150 ut
829 2095 983 2152 Plato
1007 2096 1248 2164 tradidit,
1270 2109 1492 2171 apparet
1506 2115 1629 2158 esse
1649 2101 1913 2173 divinam,

312 2200 416 2240 nec
445 2186 543 2241 ulli
577 2186 690 2254 alii,
722 2204 882 2259 quam
915 2189 1027 2246 Deo
1056 2190 1301 2247 veritatis
1337 2193 1583 2249 notitiam
1609 2194 1914 2266 subjacere.

312 2279 458 2336 Deus
487 2281 652 2352 igitur
681 2282 986 2340 noscendus
1026 2294 1128 2351 est,
1174 2287 1226 2341 in
1272 2301 1380 2359 quo
1420 2288 1538 2344 solo
1581 2289 1778 2345 veritas
1807 2299 1909 2346 est.

312 2373 409 2431 Ille
436 2376 626 2431 mundi
655 2392 871 2447 parens,
903 2388 959 2434 et
985 2379 1233 2436 conditor
1256 2397 1456 2449 rerum,
1480 2384 1571 2454 qui
1600 2384 1772 2441 oculis
1802 2402 1911 2440 non

313 2465 550 2533 videtur,
583 2477 765 2525 mente
789 2470 878 2525 vix
901 2472 1162 2527 cernitur.
1184 2471 1351 2545 Cujus
1372 2475 1560 2546 religio
1589 2476 1772 2533 multis
1797 2492 1915 2533 mo-

308 2555 395 2612 dis
434 2559 739 2628 impugnari
768 2561 906 2617 solet
931 2564 1000 2617 ab
1024 2562 1112 2631 iis,
1141 2564 1233 2634 qui
1273 2580 1450 2636 neque
1474 2581 1657 2622 veram
1695 2570 1880 2639 sapien
1898 2599 1912 2611 -

309 2648 444 2703 tiam
474 2658 662 2706 tenere
689 2660 1001 2722 potuerunt,
1033 2670 1208 2727 neque
1234 2658 1412 2729 magni
1458 2668 1509 2715 et
1552 2660 1790 2718 ctelestis
1822 2678 1913 2717 ar-

307 2742 436 2797 cani
464 2742 929 2814 comprehendere
953 2748 1242 2804 rationem.

1140 2840 1183 2895 T
1221 2841 1286 2895 ll.

425 2927 508 2982 De
531 2930 759 2997 veritate,
791 2838 1379 3006 ἀερωεῗῗυῗυῃῖαέιξῡω,
1409 2946 1561 3007 atque
1583 2937 1648 2992 de
1676 2935 1806 2993 Deo.

379 3020 517 3077 Nam
544 3037 670 3080 cum
689 3024 796 3082 sint
811 3025 1006 3097 gradus
1022 3028 1197 3096 multi,
1214 3044 1312 3100 per
1336 3044 1473 3103 quos
1494 3030 1559 3087 ad
1586 3031 1915 3089 domicilium

2027 545 2318 586 summum.
2355 531 2719 603 Caligantibus
2762 538 2906 592 enim
2949 543 3188 596 veritatis
3240 543 3443 614 fulgore
3474 545 3633 601 lumi-

2029 625 2205 692 nibus,
2237 627 2327 697 qui
2358 627 2603 683 stabilem
2647 644 2890 699 gressum
2922 641 3106 689 tenere
3135 649 3240 690 non
3273 647 3519 707 possunt,
3548 654 3636 695 re-

2027 717 2316 774 volvuntur
2356 719 2410 774 in
2450 719 2685 790 planum.
2719 721 2931 779 Primus
2975 737 3155 781 autem
3184 728 3382 797 gradus
3406 738 3511 795 est,
3543 732 3632 786 in-

2028 810 2273 881 telligere
2317 810 2480 867 falsas
2520 813 2828 885 religiones,
2877 825 2933 871 et
2973 818 3208 887 abjicere
3237 821 3429 892 impios
3456 824 3634 881 cultus

2025 903 2249 959 deorum
2295 904 2525 960 humana
2554 920 2712 961 manu
2742 907 3143 966 fabricatorum.
3174 911 3451 970 Secundus
3474 931 3627 984 vero,

2025 998 2334 1067 perspicere
2357 999 2556 1065 animo,
2598 1000 2738 1071 quod
2764 1017 2899 1057 unus
2921 1004 2993 1059 sit
3018 1005 3160 1061 Deus
3182 1021 3444 1078 summus,
3472 1011 3627 1081 cujus

2024 1099 2263 1161 potestas
2283 1106 2347 1145 ac
2375 1092 2705 1163 providentia
2734 1095 2973 1152 eﬂ‘ecerit
2995 1113 3025 1152 a
3055 1098 3317 1171 principio
3342 1101 3625 1172 mundum,

2024 1191 2077 1238 et
2104 1183 2366 1253 gubernet
2393 1184 2445 1239 in
2474 1196 2769 1256 posterum.
2800 1188 3035 1255 Tertius,
3069 1207 3399 1263 cognoscere
3439 1196 3630 1252 minis-

2026 1286 2166 1331 trum
2196 1278 2311 1347 ejus
2337 1293 2401 1334 ac
2427 1280 2696 1347 nuntium,
2742 1297 2902 1353 quem
2947 1283 3145 1353 legavit
3171 1286 3223 1339 in
3258 1296 3489 1353 terram;
3520 1305 3628 1357 quo

2023 1369 2273 1437 docente,
2304 1371 2512 1427 liberati
2534 1372 2604 1428 ab
2626 1389 2835 1441 errore,
2865 1392 2970 1446 quo
2998 1376 3256 1447 implicati
3285 1380 3623 1448 tenebamur,

2023 1464 2342 1533 formatique
2368 1464 2433 1520 ad
2464 1466 2578 1521 veri
2605 1466 2699 1522 Dei
2728 1468 2954 1534 cultum,
2982 1470 3245 1539 justitiam
3267 1471 3621 1528 disceremus.

2022 1556 2103 1611 Ex
2131 1557 2324 1627 quibus
2345 1559 2595 1614 omnibus
2617 1559 2894 1630 gradibus,
2926 1571 2983 1616 ut
3010 1562 3139 1628 dixi,
3164 1580 3369 1636 pronus
3396 1577 3481 1622 est
3507 1568 3627 1639 lap-

2022 1663 2115 1705 sus
2139 1659 2193 1705 et
2229 1649 2402 1706 facilis
2429 1651 2498 1707 ad
2527 1652 2759 1720 ruinam,
2793 1655 2892 1711 uisi
2923 1655 3085 1726 pedes
3114 1657 3432 1716 inconcussa
3457 1660 3627 1717 stabio

2022 1740 2171 1799 litate
2198 1741 2449 1813 ligantur.

2096 1926 2174 1983 De
2202 1928 2375 1998 primo
2396 1930 2566 2000 gradu
2592 1946 2687 1988 eos
2712 1935 2889 1989 excuti
2912 1935 3174 2003 videmus,
3201 1938 3312 2008 qui,
3340 1952 3462 1995 cum
3491 1940 3623 1997 falsa

2022 2014 2340 2088 intelligant,
2381 2028 2558 2076 tamen
2588 2036 2774 2078 verum
2804 2039 2908 2079 non
2941 2025 3240 2094 inveniunt,
3273 2031 3624 2101 contemptis-

2019 2124 2124 2179 que
2153 2112 2380 2166 terrenis
2426 2111 2806 2185 fragilibusque
2833 2115 3159 2181 simulacris,
3190 2133 3299 2174 non
3329 2120 3395 2175 ad
3433 2122 3623 2178 colen-

2020 2199 2147 2256 dum
2174 2216 2233 2257 se
2266 2202 2433 2259 Deum
2473 2204 2778 2272 conferunt,
2810 2222 2970 2278 quem
3002 2208 3280 2279 ignorant:
3315 2211 3409 2266 sed
3435 2213 3622 2268 mundi

2019 2291 2285 2348 elementa
2318 2294 2596 2361 mirantes,
2626 2297 2841 2363 eteium,
2868 2307 3089 2367 terram,
3122 2315 3290 2369 mare,
3315 2302 3511 2371 solem,
3542 2304 3623 2358 lu-

2019 2401 2164 2454 nam,
2195 2395 2496 2460 czcteraque
2521 2398 2664 2445 astra
2692 2400 3036 2447 venerantur.
3062 2392 3166 2448 Sed
3193 2392 3383 2449 horum
3412 2394 3628 2465 imperi-

2019 2479 2147 2533 tiam
2174 2480 2284 2549 jam
2330 2481 2671 2552 coarguimus
2700 2484 2751 2538 iu
2783 2484 3024 2541 secundo
3052 2486 3358 2543 Divinarum
3403 2489 3626 2545 [ualitu-

2022 2570 2224 2625 tionum
2264 2570 2423 2627 libro.
2472 2572 2548 2629 De
2582 2575 2822 2630 secundo
2860 2591 2990 2630 vero
3031 2577 3201 2647 gradu
3250 2593 3344 2633 eos
3392 2579 3624 2634 dicimus

2019 2661 2234 2728 cadere,
2266 2663 2498 2733 quicum
2522 2665 2773 2732 sentiant,
2803 2683 2966 2722 unum
2991 2683 3112 2722 esse
3136 2684 3402 2724 summum
3427 2670 3620 2737 Deum,

2022 2752 2182 2808 iidem
2212 2762 2389 2811 tamen
2417 2770 2446 2808 a
2478 2755 2811 2828 philosophis
2833 2758 3050 2825 irretiti,
3079 2769 3133 2814 et
3161 2759 3308 2815 falsis
3333 2777 3622 2833 argumen-

2020 2845 2307 2903 tationibus
2342 2848 2502 2917 capti,
2552 2847 2708 2904 aliter
2747 2849 2814 2905 de
2857 2850 3012 2906 unica
3057 2850 3147 2907 illa
3187 2850 3468 2922 majestate
3496 2868 3621 2909 sen-

2018 2939 2173 3008 tiuut,
2225 2955 2382 3011 quam
2426 2943 2625 3001 veritas
2653 2942 2840 3009 habet;
2897 2945 2985 3016 qui
3030 2955 3122 3004 aut
3162 2945 3384 3021 ﬁguram
3427 2956 3623 3017 negant

1629 3151 1993 3211 VARIORUM
2031 3154 2261 3212 NOT/E.

381 3277 598 3354 ἔθανες
640 3281 883 3354 sensibus.
914 3282 1040 3337 Mss.
1074 3285 1107 3338 7
1135 3284 1469 3354 praemittunt
1495 3288 1576 3341 de.

382 3349 645 3428 Recteque
673 3351 933 3409 Socrates.
960 3349 1218 3411 Francius
1238 3397 1254 3424 ,
1288 3356 1426 3413 forte
1456 3357 1656 3428 Itaque.
1696 3358 1752 3413 ln
1780 3358 1903 3415 Em.

298 3432 407 3495 est
423 3421 581 3495 Recte
603 3440 744 3495 ergo.

377 3492 672 3548 Inscitiaml
695 3495 926 3566 Reimm.
950 3496 1236 3553 Justitiam.
1265 3498 1453 3555 Prave.
1474 3498 1666 3566 Pierr.,
1691 3499 1906 3566 Parrh.,

297 3566 584 3640 insaniam.
625 3566 777 3640 Rost.
805 3565 943 3622 Ven.
978 3569 1139 3635 M71,
1168 3579 1396 3640 utraque
1418 3571 1509 3636 78,
1531 3565 1730 3637 Paris.,
1756 3565 1905 3638 Ald.,

299 3647 361 3712 et
413 3637 514 3712 hoc
533 3638 889 3712 Iacentiores
932 3654 1141 3712 omnes,
1188 3637 1466 3695 inscitiam.
1516 3640 1713 3705 Lond.,
1746 3637 1904 3712 Reg,

300 3706 499 3781 60th.,
533 3704 669 3763 Ven.
721 3708 882 3773 “9'5,
926 3704 1265 3765 inscientiam.
1294 3712 1493 3781 Recepi
1539 3727 1727 3768 vocem
1753 3704 1907 3769 Citiei;

300 3779 425 3849 roni
450 3788 505 3849 et
537 3788 725 3833 nostro
751 3791 981 3849 gratam.
1011 3781 1133 3837 Vid.
1178 3783 1269 3838 lib.
1319 3799 1372 3837 ν.
1404 3779 1618 3839 Cbnfer.
1664 3782 1900 3839 Gronov.

297 3850 371 3902 ait
396 3847 526 3921 Liv.
560 3865 692 3908 χιιι.
738 3847 856 3921 cap.
880 3852 973 3907 25.
1006 3852 1287 3909 BDNEIAN.

379 3920 454 3995 δᾳ
486 3921 618 3995 nihil
654 3920 819 3995 scire;
842 3922 994 3990 Apud
1044 3925 1251 3979 l’laton.
1308 3927 1360 3979 in
1411 3924 1640 3995 Apolog.
1689 3925 1901 3980 Socrat.

297 3992 415 4065 sub
440 3992 673 4065 initium,
706 4003 761 4047 et
789 3994 900 4049 Cie.
933 4010 947 4047 ι
976 3994 1145 4050 Acad.
1174 4006 1364 4065 quaest.

380 4061 595 4115 Putant.
632 4062 705 4137 ita
735 4065 999 4137 inssBov.
1027 4061 1499 4136 quatn'lcctionem
1531 4068 1719 4137 probat
1764 4067 1904 4123 Heu-

298 4148 569 4197 mattntts;
604 4134 690 4188 alii
719 4135 980 4201 putabant.
1047 4134 1057 4136 ⁷
1434 4158 1437 4161 ·

378 4204 788 4279 Simulatfitjpse
816 4206 1119 4279 doctrinam.
1151 4206 1276 4263 Mss.
1312 4209 1364 4272 7,
1402 4209 1526 4279 ipse.
1562 4208 1756 4279 Scripti
1788 4210 1821 4265 9
1851 4219 1906 4266 et

298 4274 334 4327 Ξ
368 4283 476 4349 vet.
511 4275 633 4330 edd.
664 4276 844 4349 Bouh,
875 4278 1209 4333 dissimulavit
1234 4279 1416 4349 ipsam.

380 4344 464 4399 Ex
505 4357 647 4412 parte
679 4347 850 4418 aliqua
890 4352 1165 4403 veritatem.
1215 4344 1409 4414 me,
1460 4350 1616 4419 Reg..
1651 4349 1735 4405 Ea:
1764 4364 1908 4416 parte

294 4417 529 4491 aliquam
552 4419 825 4472 ceritatem.
859 4419 974 4474 Non
1007 4420 1164 4474 male.
1200 4420 1429 4490 Reliqui,
1458 4417 1685 4490 exparte
1709 4423 1901 4491 aliqua,

297 4496 363 4540 ut
386 4487 481 4540 lib.
506 4503 579 4561 ut,
602 4503 721 4558 cap.
743 4491 778 4543 5
798 4508 812 4542 :
834 4491 1015 4544 Potest
1040 4491 1180 4557 fieri,
1203 4501 1260 4544 ut
1276 4487 1466 4546 omnes
1490 4487 1554 4546 ea}
1573 4504 1717 4559 parte
1735 4487 1909 4561 aliqua

294 4560 627 4632 erraverint,
657 4576 720 4615 ea:
743 4572 887 4631 parte
915 4562 1170 4632 attigerint
1201 4563 1481 4619 veritatem.
1527 4562 1672 4618 Idem
1712 4579 1776 4617 ex
1819 4560 1906 4618 Ci—

292 4642 504 4703 cergne
531 4629 623 4682 lib.
648 4647 722 4691 ut.
744 4629 922 4703 aliqua
948 4629 1025 4686 ρξε’
1037 4642 1202 4703 parte.
1626 4634 1760 4689 Bon.

376 4696 726 4772 Testatusque.
753 4696 921 4757 Abest
939 4696 1084 4772 que'a
1107 4704 1342 4759 Colbert.
1367 4704 1393 4759 l
1423 4712 1479 4758 et
1504 4705 1538 4759 9
1558 4702 1734 4759 editis.
1755 4704 1908 4759 Plato

293 4770 520 4844 scripsit
545 4786 638 4839 pro
652 4772 869 4828 Socrate
898 4770 1234 4843 Apologiam,
1260 4774 1713 4844 quemadmodum
1743 4777 1905 4831 etiam

294 4840 607 4909 Xenophon
642 4855 694 4897 et
735 4840 1039 4915 Lysiasfln
1072 4840 1133 4900 ea
1167 4840 1316 4899 Plato
1360 4845 1639 4901 Socratem
1688 4862 1903 4901 causam

293 4929 457 4966 suam
503 4922 688 4968 contra
727 4916 1139 4970 ealutnniatores
1179 4915 1554 4977 defendentem
1589 4916 1812 4983 inducit,
1844 4932 1907 4972 ac

294 4994 357 5057 ut
380 4985 622 5038 elevaret
668 4986 942 5057 cujusdam
989 4988 1263 5056 sapientia:
1305 4987 1456 5041 titulo
1491 4990 1751 5057 turgentis
1786 4989 1906 5057 opi-

295 5054 544 5129 nionem,
590 5056 945 5129 pulcherrima
986 5054 1320 5129 etitnodesta
1356 5054 1601 5129 syncrisi'
1628 5054 1907 5127 sapieniite

294 5125 443 5199 illius
468 5127 886 5199 suanrpnefert,
914 5128 1058 5197 quod
1086 5128 1199 5196 ipse
1219 5129 1287 5183 de
1315 5125 1457 5183 nulla
1496 5125 1755 5198 sapientia
1787 5130 1907 5199 glo-

294 5196 556 5261 riaretur,
601 5196 692 5253 ille
719 5214 846 5253 vero
885 5196 1006 5253 cum
1036 5200 1164 5254 nihil
1193 5200 1349 5265 sciat,
1378 5196 1592 5265 sapiens
1624 5196 1811 5257 tamen
1831 5200 1908 5254 vi-

293 5267 428 5323 dere
458 5268 604 5341 velit.
636 5270 1023 5341 Aristophanes
1068 5268 1342 5341 Comicus.
1376 5287 1404 5324 a
1434 5267 1670 5325 Socratis
1701 5270 1909 5326 tumulis

294 5340 526 5407 pecunia
558 5340 862 5411 corruptus,
896 5356 1018 5397 eum
1065 5340 1190 5395 ludo
1216 5341 1432 5396 scenico
1458 5341 1693 5410 indignis
1735 5342 1909 5396 modis

297 5410 641 5489 prmscindit,
677 5412 816 5467 inter
863 5422 1056 5489 caetera
1096 5412 1448 5489 caluuinians,
1500 5413 1641 5489 quod
1670 5434 1909 5489 μερρμνο-

400 5486 544 5542 ἱστης
567 5496 675 5553 pro_
679 5482 932 5538 mercede
948 5498 1157 5553 :equum
1183 5489 1238 5536 et
1259 5482 1494 5553 iniquum
1522 5482 1745 5539 doceat.'
1762 5482 1912 5538 lianc

484 5505 544 5542 ης
567 5505 664 5550 μΐυ
680 5505 932 5538 ηιεπρθυϐ
948 5505 1157 5553 ωιμιωιι
1183 5505 1238 5536 ει
1259 5505 1494 5551 ιιιιίμιιιιιι
1522 5505 1731 5539 "liccat.
1762 5505 1909 5538 nunc

295 5505 623 5625 caiutnniam
640 5551 1051 5610 Coiuiucntator
1074 5553 1303 5608 ﬁdeliter
1327 5552 1408 5624 (ut
1432 5564 1659 5625 ctcteras
1675 5553 1909 5625 quoque)

296 5623 560 5677 retundit.

368 5691 615 5765 Platone.
645 5694 801 5749 Plato
828 5695 881 5750 in
905 5697 1133 5765 Apolog.

371 5764 515 5839 rideo
543 5767 849 5821 doctrinam.
893 5767 982 5839 Sic
1012 5764 1202 5826 omnes
1247 5783 1374 5825 mss.
1407 5777 1455 5822 et
1490 5766 1729 5839 plerique
1758 5767 1906 5821 editi.

294 5835 351 5889 In
383 5835 419 5889 ϐ
448 5836 727 5907 impressis
756 5848 832 5894 est
860 5838 1102 5910 adeoque.

1594 5624 1796 5680 Βετυι.

1930 3288 1977 3351 C

2084 3291 2149 3346 In
2175 3310 2273 3418 quo
2310 3295 2419 3349 solo
2448 3296 2632 3351 veritas
2660 3309 2753 3353 est.
2789 3298 2814 3351 1
2866 3296 3000 3368 Reg.
3057 3312 3168 3353 rec.
3224 3310 3277 3355 et
3316 3301 3347 3354 7
3382 3300 3533 3366 editi,
3565 3302 3619 3355 in

2084 3380 2111 3417 o
2132 3381 2186 3417 so
2210 3381 2261 3418 a.

2012 3379 2111 3433 quo
2132 3379 2261 3418 sata.

2086 3435 2335 3491 Stabilem
2358 3454 2585 3509 gressum
2606 3449 2788 3494 tenere.
2821 3439 3068 3496 Lucanus
3093 3439 3189 3496 lib.
3218 3459 3267 3497 ιε

2228 3549 2523 3600 Inconcussa
2547 3559 2727 3601 tenens
2746 3551 2895 3602 dubio
2919 3555 3131 3615 vestigia
3153 3566 3321 3604 cursu.

2010 3632 2202 3689 Senec.
2231 3633 2283 3687 in
2305 3633 2508 3690 Thiest.
2537 3635 2571 3690 5
2597 3655 2610 3691 :

2259 3745 2497 3796 Stabilem
2515 3749 2567 3797 tn
2591 3746 2734 3810 plano
2751 3747 2908 3811 ﬁgere
2932 3760 3173 3810 gressum.

2012 3849 2166 3905 Conf.
2194 3860 2308 3904 not.
2336 3849 2493 3905 infra.
2522 3852 2655 3907 Bon.
3096 3892 3103 3899 .

2087 3920 2498 3977 Fabricatorum.
2544 3924 2761 3979 Scilicet
2813 3924 3056 3978 deorttm.
3098 3923 3188 3980 Sic
3229 3924 3511 3982 emendavi
3541 3942 3611 3983 ex

2012 3994 2219 4067 cunctis
2248 3993 2374 4067 fere,
2402 4004 2633 4067 mss.et
2659 3995 2883 4064 vulgatis
2913 3994 3187 4067 Gymnic.,
3239 3996 3331 4058 Is..
3386 3995 3608 4062 Cellar.,

2013 4063 2250 4128 Walch.,
2274 4065 2440 4149 multo
2461 4066 2653 4149 melius
2677 4063 2833 4149 quain
2867 4063 3140 4149 [abricatos
3162 4066 3615 4149 {manuscriplo-

2014 4151 2131 4189 rum
2154 4151 2262 4190 rec.
2296 4146 2346 4190 et
2376 4136 2435 4191 11
2471 4137 2760 4191 editorum.
2787 4136 2922 4202 Quid
2969 4139 3112 4191 enim
3152 4138 3252 4192 sibi
3298 4139 3409 4193 vult
3448 4136 3615 4194 cultus

2013 4207 2223 4260 deorum
2249 4207 2567 4276 fabricatas?
2592 4208 2696 4263 Sed
2720 4216 2775 4262 et
2794 4223 2953 4277 supra
2984 4210 3074 4262 lib.
3108 4224 3177 4261 vn
3209 4209 3322 4262 Div.
3364 4209 3516 4274 lnst.,
3547 4211 3615 4262 ad

2011 4277 2197 4345 impios
2226 4277 2391 4332 cultus
2427 4283 2834 4349 manufactorum
2856 4277 3362 4349 deorum—Cultus
3401 4279 3612 4332 deorum

2013 4352 2237 4403 humana
2263 4365 2416 4402 manu
2440 4347 2819 4419 fabricatorum.
2854 4347 3028 4419 voces
3058 4353 3282 4419 humana
3302 4365 3458 4419 manu
3490 4365 3614 4419 qure

2012 4430 2137 4474 sunt
2167 4420 2217 4472 in
2250 4418 2519 4484 omnibus,
2552 4434 2657 4474 non
2691 4427 2816 4487 puto
2841 4418 3225 4480 sollicitandas,
3256 4418 3484 4473 libenter
3512 4418 3616 4473 La—

1933 4520 1986 4579 D
2017 4491 2109 4579 t‘irni
2137 4490 2265 4579 istas
2291 4489 2986 4579 vocesconjungungfiot?
3011 4488 3077 4541 ad
3103 4488 3252 4543 Lact.
3278 4488 3372 4544 lib.
3401 4505 3455 4579 τί3
3489 4504 3609 4579 cap.

2010 4560 2114 4615 29.:
2171 4558 2292 4613 Non
2334 4558 2628 4632 sacriﬁcare
2668 4558 2924 4632 lapidibus
2955 4560 3179 4632 humana
3225 4576 3378 4613 manu
3419 4558 3605 4632 factis:

2015 4631 2129 4687 Lib.
2155 4646 2249 4695 vn,
2280 4645 2399 4699 cap.
2426 4631 2486 4685 Η
2518 4649 2531 4685 :
2566 4630 2804 4685 Manibus
2830 4631 3063 4685 Immanis
3092 4630 3429 4685 laboratum.‘
3476 4631 3610 4687 Bon.

2084 4702 2396 4772 Cognoscere
2430 4702 2715 4773 ministrum
2754 4702 2866 4770 ejus
2905 4719 2966 4773 ac
2994 4704 3245 4765 nuntium,
3294 4710 3399 4756 etc.
3430 4704 3610 4773 Ange-

2013 4776 2122 4828 lum
2147 4774 2397 4827 nimirum
2425 4772 2602 4842 magni
2632 4774 2864 4836 consilii,
2890 4772 3016 4827 liter
3030 4781 3103 4825 est
3124 4774 3255 4826 enim
3282 4775 3382 4826 vita
3398 4772 3612 4839 acterna,

2013 4846 2179 4914 inquit
2202 4845 2317 4912 ipse
2334 4844 2609 4898 Dominus.
2638 4842 2791 4898 Joan.
2826 4855 3027 4906 xvu,ut
3050 4853 3357 4913 cognoscant
3377 4854 3425 4914 te
3448 4844 3613 4899 solum

2010 4913 2184 4969 verum
2216 4914 2398 4980 Deum,
2436 4924 2483 4968 et
2510 4930 2655 4983 quem
2686 4916 2865 4967 misisti
2894 4914 3060 4969 Jasmt
3088 4914 3364 4967 Christum.
3397 4913 3452 4968 Si
3480 4916 3613 4970 mis—

2012 5001 2125 5051 sus,
2169 5002 2297 5054 ergo
2345 4986 2570 5055 legatus,
2611 4986 2848 5055 nuntius,
2889 4984 3134 5052 angelus,
3172 4999 3268 5055 seu
3316 4986 3612 5055 apostolus,

2012 5058 2156 5111 salva
2184 5052 2359 5111 tamen
2388 5052 2666 5126 majestate
2698 5052 2899 5112 mina.
2931 5054 3065 5109 Item
3093 5054 3280 5110 eadem
3304 5054 3616 5115 conditione

2012 5128 2257 5181 minister.
2288 5126 2444 5181 Rom.
2474 5141 2563 5180 xv.

2084 5197 2361 5265 Implicati.
2393 5196 2488 5251 Ms.
2514 5197 2643 5252 Bov.

2094 5267 2296 5340 Verum.
2332 5271 2401 5323 At
2426 5283 2526 5340 ms.
2558 5268 2688 5324 Bov.
2713 5270 2840 5340 legit
2869 5286 3005 5324 vera.

2095 5339 2288 5394 Horum
2318 5339 2626 5407 imperitiam
2644 5341 2757 5409 jam
2776 5338 3109 5408 coarguimus
3140 5341 3192 5393 in
3225 5340 3447 5394 secundo
3477 5338 3624 5394 Divi—

2014 5428 2197 5466 narum
2221 5408 2605 5463 Institutionum
2627 5408 2774 5465 libro.
2804 5410 2934 5466 Inde
2956 5420 3100 5479 patet
3131 5410 3436 5465 Divinarum
3462 5410 3624 5466 Iusti-

2016 5483 2279 5537 tutiouum
2322 5481 2489 5537 libros
2537 5493 2661 5536 ante
2690 5482 2882 5537 librum
2913 5481 2978 5537 de
3018 5480 3110 5537 Ira
3138 5480 3237 5536 Dei
3281 5481 3448 5538 fuisse
3485 5496 3619 5537 cou-

2014 5554 2264 5619 scriptos.

2090 5624 2189 5690 Qui
2217 5640 2330 5677 cum
2352 5626 2591 5678 sentiant.
2622 5623 2696 5677 Ita
2736 5623 3080 5679 emendatum
3111 5639 3175 5678 ex
3209 5622 3458 5677 omnibus
3485 5636 3623 5690 pene

2015 5710 2144 5750 mss.
2175 5705 2227 5748 et
2259 5695 2387 5773 edit.
2409 5695 2571 5773 lium.
2602 5695 2736 5773 Mil)
2769 5705 2823 5750 et
2846 5694 3093 5773 Gymnic.
3129 5693 3266 5773 ﬁde
3290 5709 3405 5773 seq.
3440 5692 3620 5773 Regii

2016 5780 2126 5839 rec.
2156 5775 2208 5819 et
2236 5766 2366 5819 edit.
2402 5766 2574 5837 Crat.,
2612 5770 2698 5839 qui
2735 5783 2849 5822 cum
2875 5764 3114 5823 sentiunt.
3154 5764 3305 5820 Multi
3335 5764 3618 5833 impressi,

2017 5838 2104 5908 qui
2131 5838 2466 5891 consentiunt.
