4138 6190
329 288 409 346 85

1678 290 1884 354 [ABER
1920 294 2013 356 DE
2045 296 2168 357 IRA
2203 298 2340 357 DEI.

335 416 485 498 rare,
506 403 609 461 sed
637 403 708 461 ad
972 415 1028 463 et
1046 406 1317 466 carniﬁcis
1344 407 1584 466 ofﬁcium
1613 409 1933 469 deducetur.
1962 417 2014 480 Α
2042 431 2147 488 que
2186 431 2388 474 nocere
2407 458 2424 486 ,
2453 418 2597 490 quod
2630 422 2710 477 'ex
2755 412 2951 480 allectu
3002 422 3295 481 iracundias
3324 426 3644 498 plerumque

337 494 474 552 Cum
491 504 677 553 autem
703 497 1010 567 videamus,
1030 508 1144 555 non
1184 498 1349 557 modo
1377 501 1518 557 mala
1548 515 1671 560 esse
1694 503 1750 559 in
1775 503 1942 562 rebus

334 586 615 656 humanis,
663 589 762 645 sed
792 591 954 646 etiam
977 590 1139 658 bona,
1174 592 1358 664 utique
1378 593 1424 649 si
1458 593 1602 650 Deus
1629 602 1714 650 est
1757 604 1943 652 auctor

333 682 630 752 malorum,
672 696 801 741 esse
841 685 1070 741 alterum
1114 700 1338 743 necesse
1384 698 1488 756 est,
1527 689 1618 760 qui
1669 692 1941 748 contraria

331 775 452 831 Deo
477 774 664 843 faciat,
688 782 745 831 et
766 774 861 833 det
886 777 1043 834 nobis
1062 778 1221 835 bona.
1246 778 1303 837 Si
1329 789 1411 836 est
1435 822 1451 848 ,
1475 795 1582 851 quo
1606 782 1827 838 nomine
1849 798 1943 854 ap-

332 865 631 938 pellandus
653 868 771 924 est?
804 878 899 924 aut
924 885 1025 925 cur
1052 870 1243 936 nobis,
1277 872 1369 943 qui
1422 872 1562 929 male
1608 873 1804 940 faciat,
1845 888 1943 931 no-

333 961 443 1017 tior
468 970 578 1029 est,
598 974 761 1033 quam
791 961 916 1030 ille,
942 963 1037 1034 qui
1068 961 1245 1020 bene?
1270 963 1328 1020 Si
1366 970 1548 1021 autem
1580 964 1716 1021 nihil
1763 975 1943 1037 potest

334 1068 465 1113 esse
486 1066 689 1128 praeter
716 1056 885 1113 Deum
910 1101 926 1126 ,
952 1059 1245 1114 absurdum
1268 1068 1351 1115 est
1375 1070 1430 1115 et
1458 1074 1675 1127 vanum,
1703 1058 1940 1115 divinam

332 1160 533 1222 putare
560 1160 910 1222 potestatem,
938 1166 1044 1223 qua
1063 1150 1197 1207 nihil
1228 1159 1312 1208 est
1336 1152 1531 1223 majus,
1550 1150 1683 1207 nihil
1711 1152 1904 1207 melius
1923 1197 1938 1221 ,

334 1252 538 1299 nocere
565 1258 747 1315 posse,
772 1242 1032 1315 prodesse
1054 1260 1163 1299 non
1188 1258 1369 1317 posse.
1402 1244 1465 1300 Et
1485 1243 1610 1301 ideo
1636 1260 1797 1302 nemo
1844 1260 1941 1301 ex-

330 1335 462 1403 titit,
488 1337 582 1405 qui
610 1334 835 1392 auderet
856 1336 906 1391 id
929 1335 1138 1403 dicere;
1167 1337 1290 1407 quia
1318 1351 1421 1393 nec
1447 1339 1708 1393 rationem
1738 1336 1898 1394 habet
1922 1379 1937 1405 ,

330 1436 435 1482 nec
456 1426 570 1483 ullo
590 1426 755 1483 modo
774 1437 951 1499 potest
970 1429 1140 1485 credi.
1158 1426 1313 1498 Quod
1336 1430 1459 1501 quia
1480 1428 1752 1497 convenit,
1767 1436 1941 1487 trans-

328 1534 522 1576 eamus
550 1529 607 1577 et
634 1521 920 1578 veritatem
947 1522 1077 1579 alibi
1113 1523 1472 1595 requiramus.

946 1675 1177 1735 CAPUT
1213 1676 1303 1734 IV.

2049 511 2324 580 nascitur,
2380 510 2580 569 ademit
2615 515 2664 570 ei
2691 515 2855 572 etiam
2908 517 3357 586 beneﬁcentiam,
3389 522 3642 592 quoniam

2045 603 2262 661 videbat
2288 620 2626 677 consequens
2650 623 2793 676 esse,
2809 618 2868 666 ut
2895 611 2940 667 si
2967 611 3161 667 habeat
3190 612 3327 668 iram
3349 611 3512 683 Deus,
3544 614 3641 671 ha-

2046 697 2173 753 beat
2224 706 2278 753 et
2326 699 2575 769 gratiam.
2609 696 2792 771 Itaque
2822 716 2890 757 ne
2942 702 3021 758 illi
3050 702 3237 759 vitium
3274 704 3635 774 concederet,

2047 789 2210 846 etiam
2240 790 2454 845 virtutis
2476 790 2601 847 fecit
2621 803 2919 862 expertem.
2946 792 3028 849 Ex
3058 796 3184 861 hoc,
3218 797 3422 868 inquit,
3447 796 3638 855 beatus

2047 893 2102 939 et
2122 884 2469 954 incorruptus
2493 894 2599 950 est,
2627 885 2746 956 quia
2767 886 2900 941 nihil
2930 896 3102 955 curat,
3138 902 3313 959 neque
3342 886 3505 945 habet
3530 890 3645 961 ipse

2046 978 2316 1048 negotium
2340 1021 2354 1045 ,
2386 992 2560 1049 neque
2589 978 2742 1034 alteri
2765 978 3003 1036 exhibet.
3034 980 3177 1037 Deus
3208 982 3368 1052 igitur
3392 992 3502 1038 non
3532 990 3637 1051 est,

2045 1071 2091 1126 si
2124 1084 2221 1126 nec
2247 1081 2511 1138 movetur,
2540 1071 2681 1143 quod
2716 1082 2799 1128 est
2828 1074 3103 1144 proprium
3136 1076 3360 1131 viventis
3390 1096 3403 1131 :
3434 1088 3532 1132 nec
3560 1074 3641 1134 l‘a—

2046 1165 2121 1221 cit
2165 1166 2365 1236 aliquid
2418 1165 2753 1235 impossibile
2783 1162 2984 1239 homini
3014 1209 3028 1233 ,
3070 1164 3213 1238 quod
3243 1178 3327 1224 est
3364 1169 3638 1240 proprium

2046 1258 2166 1325 Dei,
2193 1260 2238 1314 si
2265 1259 2489 1314 omnino
2517 1258 2715 1313 nullam
2741 1259 2901 1316 habet
2928 1258 3281 1329 Voluntatem,
3312 1260 3515 1317 nullum
3546 1277 3640 1319 ac-

2055 1360 2188 1418 tum,
2220 1352 2425 1407 nullam
2444 1351 2678 1423 denique
2705 1352 3249 1419 administrationem,
3278 1370 3398 1426 quae
3427 1355 3537 1412 Deo
3555 1356 3641 1412 di-

2043 1462 2147 1516 gna
2193 1446 2283 1500 sit.
2314 1444 2382 1500 Et
2425 1460 2544 1517 quae
2582 1446 2792 1517 major,
2837 1460 2959 1517 quae
2988 1447 3201 1518 dignior
3250 1448 3642 1507 administratio

2044 1538 2158 1594 Deo
2186 1538 2447 1608 assignari
2476 1546 2673 1609 potest,
2703 1553 2862 1609 quam
2890 1540 3075 1595 mundi
3105 1541 3444 1611 gubernatio,
3470 1545 3642 1600 maxi-

2045 1646 2238 1702 meque
2266 1632 2481 1703 generis
2534 1631 2791 1699 humani,
2817 1631 2905 1688 cui
2930 1632 3111 1688 omnia
3148 1642 3366 1692 terrena
3394 1637 3638 1709 subjecta

2045 1733 2191 1781 sunt.

324 1810 413 1869 De
442 1806 588 1881 Deo,
613 1811 775 1884 deque
816 1813 925 1883 ejus
963 1806 1261 1884 aﬂ'ectibus,
1299 1812 1614 1889 Epicurique
1657 1815 1938 1887 reprehen-
1967 1822 2017 1889 Β
2115 1816 2246 1884 Qua:
2269 1815 2429 1888 igitur
2454 1814 2509 1871 in
2532 1814 2644 1872 Deo
2670 1824 2849 1887 potest
2869 1831 2991 1875 esse
3017 1816 3319 1887 beatitudo,
3348 1821 3394 1877 si
3420 1828 3640 1895 semper

1048 1905 1209 1961 sione.

392 2088 553 2159 Quod
602 2091 867 2162 sequitur,
889 2090 959 2149 de
985 2090 1171 2151 schola
1202 2092 1422 2166 Epicuri
1447 2105 1567 2163 est;
1601 2094 1743 2153 sicut
1794 2097 1928 2153 iram

316 2186 371 2241 in
397 2185 518 2240 Deo
543 2200 654 2240 non
679 2199 823 2252 esse,
868 2186 944 2241 ita
981 2202 1086 2243 nec
1123 2190 1348 2260 gratiam
1379 2191 1616 2262 quidem.
1647 2191 1781 2247 Nam
1804 2208 1929 2249 cum

313 2283 537 2345 putaret
561 2273 850 2347 Epicurus,
881 2278 1118 2335 alienum
1149 2292 1319 2337 essea
1349 2282 1460 2340 Deo
1499 2283 1825 2341 malefacere
1850 2294 1930 2340 at-

2042 1916 2280 1988 quietus,
2308 1919 2363 1967 et
2388 1908 2676 1966 immobilis
2702 1908 2918 1981 torpet?
2945 1910 2993 1966 si
3034 1913 3380 1982 precantibus
3406 1916 3629 1987 surdus,

2042 2010 2086 2066 si
2113 2005 2418 2064 colentibus
2440 2002 2657 2059 caecus?
2676 2002 2814 2071 Quid
2837 2011 2943 2059 tam
2962 2004 3205 2077 dignum,
3230 2012 3337 2063 tam
3359 2012 3635 2081 proprium

2042 2098 2176 2165 Deo,
2222 2110 2382 2167 quam
2430 2092 2815 2165 providentia?
2860 2094 2969 2151 Sed
3013 2097 3059 2152 si
3108 2098 3242 2153 nihil
3278 2108 3463 2170 curat,
3502 2098 3639 2159 nihil

2041 2187 2308 2262 providet,
2334 2185 2515 2242 amisit
2541 2196 2759 2241 omnem
2790 2185 3151 2244 divinitatem.
3181 2188 3280 2259 Qui
3312 2206 3441 2262 ergo
3468 2201 3635 2249 totam

2040 2282 2173 2350 vim,
2205 2290 2374 2337 totam
2401 2278 2511 2335 lieo
2545 2277 2905 2335 substantiam
2936 2280 3096 2348 tollit,
3128 2280 3258 2353 quid
3297 2283 3443 2340 aliud
3480 2284 3631 2355 dicit,

1673 2418 2036 2478 VARIORUM
2073 2416 2305 2475 NOTAE.

385 2531 579 2602 Utique
596 2532 648 2587 si
672 2530 811 2587 Deus
838 2543 914 2588 est
936 2541 1117 2588 auctor
1138 2534 1415 2600 malarum,
1451 2551 1558 2591 esse
1583 2537 1803 2590 alterum
1831 2553 1924 2592 ne-

308 2622 450 2660 cesse
482 2615 596 2676 est,
637 2604 723 2672 qui
769 2605 1028 2676 contraria
1082 2604 1185 2658 Deo
1226 2607 1401 2676 faciat.
1459 2606 1535 2661 Ita
1586 2609 1802 2675 reposui
1856 2623 1924 2662 ex

306 2691 446 2731 mss.
474 2673 512 2728 2
536 2675 743 2745 Belum.
771 2676 793 2745 ι
822 2674 982 2745 Reg.,
1015 2676 1050 2730 5
1068 2673 1250 2739 (1011),,
1276 2677 1301 2730 1
1324 2677 1580 2744 Sorbon.,
1608 2673 1766 2745 Tan,
1794 2677 1917 2732 edd.

309 2747 597 2818 Thom._et
622 2743 837 2801 Walch.
870 2743 929 2799 lii
958 2760 1089 2800 mss.
1121 2746 1181 2800 11
1218 2756 1272 2801 et
1298 2748 1331 2803 5
1355 2749 1515 2802 editis
1539 2743 1770 2818 legitur:
1806 2747 1921 2802 Uti-

302 2836 414 2888 que
433 2818 477 2871 si
500 2814 634 2872 Deus
662 2826 757 2883 est,
782 2827 1044 2889 auctorem
1061 2832 1179 2889 esse
1203 2817 1420 2873 alterum
1448 2814 1646 2873 necesie
1675 2829 1768 2879 est.
1798 2820 1919 2889 qui;

303 2885 364 2944 in
396 2888 434 2943 5
457 2889 615 2943 editis
637 2900 749 2942 rec.
777 2885 960 2957 Utique
978 2888 1021 2942 si
1051 2885 1187 2957 Deus
1212 2904 1314 2941 non
1344 2899 1440 2953 est,
1464 2905 1572 2944 esse
1589 2885 1820 2944 alterum
1837 2906 1919 2944 ne-

303 2977 447 3013 cesse
472 2970 546 3030 est
573 2958 694 3029 qui;
719 2958 773 3011 in
803 2956 1021 3027 scriptis
1046 2956 1081 3014 9
1105 2968 1161 3013 et
1190 2959 1413 3015 totidem
1441 2961 1720 3030 impressis
1753 2978 1765 3015 :
1802 2958 1916 3015 Uti-

300 3032 460 3102 qae_si
481 3029 623 3083 Deus
641 3044 742 3102 non
760 3038 851 3094 est,
865 3041 1125 3085 auctorem
1143 3044 1249 3084 esse
1266 3032 1484 3102 alterum
1505 3029 1705 3086 necesse
1721 3034 1910 3102 estqui.

296 3079 584 3171 rasa...
605 3079 669 3154 ιι
682 3079 824 3172 an;
838 3079 1005 3154 ’έὲῐξ
1018 3079 1382 3170 gaianas;
1401 3079 1912 3172 ᾘέὄῖςιὶὲᾇιῖἶιέἷιξ
1939 3079 1986 3142 C

297 3189 394 3228 nui
423 3168 768 3228 communem
797 3168 1104 3233 lectionem,
1138 3177 1384 3240 quamvis
1409 3172 1470 3228 Β.
1490 3168 1627 3227 ρι’Τ.
1654 3170 1905 3239 habeant,

303 3240 497 3312 Utique
519 3245 563 3295 si
586 3240 725 3295 Deus
746 3252 818 3295 est
833 3252 1009 3295 auctor
1034 3242 1308 3307 malorum,
1341 3259 1447 3298 esse
1468 3245 1686 3298 alterum
1714 3260 1913 3299 necesse

297 3316 482 3384 estqui
506 3314 790 3385 contraria,
815 3322 921 3368 etc.
953 3314 1008 3368 Si
1041 3313 1203 3379 Deus,
1232 3315 1423 3385 inquit,
1455 3329 1563 3370 non
1590 3323 1674 3369 est
1700 3328 1906 3379 auctor,

296 3388 519 3440 scilicet
545 3394 654 3437 tam
694 3384 977 3448 bonorum,
1010 3398 1172 3454 quain
1219 3388 1504 3453 tnalorum,
1548 3387 1618 3439 ita
1650 3395 1707 3439 ιιι
1734 3390 1907 3440 solum

298 3456 614 3511 tiialelaciat
636 3453 965 3521 hominibus,
993 3453 1216 3510 alterum
1242 3454 1403 3526 igitur
1424 3457 1756 3512 constituere
1784 3469 1910 3511 auc-

298 3539 481 3582 torem
502 3526 890 3581 beneiiciorum
925 3542 1147 3581 necesse
1176 3537 1279 3593 Cal,
1299 3542 1418 3582 cum
1441 3538 1495 3583 et
1518 3528 1657 3582 bona
1686 3538 1739 3581 et
1769 3527 1909 3582 mala

298 3599 675 3669 experiamur.
708 3598 815 3653 Sed
838 3596 973 3651 alius
995 3607 1191 3669 pneter
1214 3598 1380 3653 Deum
1403 3599 1657 3653 constitui
1683 3612 1790 3652 non
1814 3614 1910 3669 po-

299 3678 442 3724 test:
476 3683 607 3739 ergo
633 3668 941 3729 idemDeus
968 3668 1153 3723 auctor
1171 3677 1254 3724 est
1277 3679 1389 3724 tum
1411 3674 1697 3735 malorum,
1723 3669 1774 3724 id
1802 3678 1905 3734 est,

298 3738 615 3811 pinnarum,
647 3750 760 3812 tum
807 3740 1091 3808 honorum,
1120 3738 1173 3796 id
1192 3750 1276 3797 est
1304 3739 1713 3808 beneﬁciorum,
1746 3752 1908 3812 atque

297 3812 678 3881 praemiorum.
708 3811 894 3867 lseus.

377 3900 586 3975 Nocere
626 3918 807 3975 posse,
825 3903 1062 3973 prodesse
1118 3920 1220 3959 non
1250 3920 1415 3975 posse.
1458 3902 1581 3960 Tria
1635 3914 1906 3975 postrema

298 3974 473 4029 verba
502 3975 700 4029 absunt
728 3989 759 4028 ιι
786 3974 858 4030 20
883 3990 1011 4029 mss.
1045 3986 1099 4030 et
1127 3976 1162 4031 5
1189 3974 1275 4031 ed.

378 4066 535 4132 Quod
555 4067 675 4135 quia
704 4067 953 4120 convenit.
983 4066 1038 4120 Id
1068 4077 1172 4134 est,
1202 4068 1327 4137 quia
1379 4069 1432 4123 lu
1482 4083 1549 4123 eo
1579 4070 1907 4127 conveniunt

296 4152 536 4203 attines;
582 4139 706 4210 sive
744 4138 915 4210 nostri
953 4139 1133 4193 verbis
1158 4138 1225 4193 de
1253 4137 1421 4210 Opif.,
1452 4154 1569 4210 cap.
1607 4142 1673 4195 l7
1708 4158 1720 4194 :
1755 4142 1905 4206 Quod

298 4210 426 4278 quia
476 4209 611 4262 inter
651 4208 982 4279 philosOphos
1012 4210 1262 4263 convenit.
1298 4208 1373 4264 ita
1424 4208 1634 4275 Cicero,
1678 4214 1748 4266 lib
1778 4227 1791 4265 I
1825 4214 1904 4267 in-

300 4291 476 4344 vent.,
506 4295 625 4348 cap.
659 4286 692 4334 9
713 4297 727 4334 :
749 4279 887 4345 Quid
915 4284 1106 4349 factum
1130 4282 1216 4346 sit,
1245 4282 1494 4336 convenit.
1525 4281 1643 4336 Lib.
1670 4298 1686 4337 l
1709 4284 1775 4337 de
1800 4283 1902 4339 Na-

300 4361 433 4423 tura
456 4353 634 4416 deor.,
668 4365 788 4423 cap.
820 4350 890 4423 ἔιῇ
916 4348 935 4403 7:
970 4348 1251 4405 Conveniat
1293 4352 1348 4405 id
1374 4369 1589 4423 quoque.
1624 4354 1756 4408 Buu.

380 4421 713 4491 Mulefacere.
745 4422 835 4475 Sic
863 4421 1323 4478 Lactantiusiuira
1346 4421 1465 4492 cup.
1499 4423 1564 4491 5,
1596 4437 1650 4479 et
1671 4427 1748 4479 sic
1778 4439 1898 4479 om-

298 4507 404 4547 nes
439 4489 599 4558 mss;
623 4492 834 4547 duobus
862 4508 972 4545 rec.
998 4493 1251 4562 demptis,
1283 4495 1335 4547 in
1362 4489 1557 4563 quibus
1594 4508 1678 4549 est
1704 4494 1899 4549 malum
1923 4489 1977 4549 D

297 4567 496 4636 facere,
518 4566 647 4636 ut_in
674 4563 1054 4636 excusis_.—-:At
1095 4564 1270 4636 Bona:
1297 4564 1626 4636 Malefacere.
1659 4565 1902 4622 Restituo

294 4633 368 4689 ex
392 4635 557 4700 Bon.,
575 4633 943 4701 Tas.,Lond.,
960 4634 1323 4706 Reg.,Guth.,
1340 4633 1485 4706 Lips.
1505 4639 1557 4702 2,
1584 4640 1617 4692 3
1643 4639 1897 4701 licitum,

295 4705 628 4777 Heumanno
655 4705 1059 4772 consentiente,
1099 4705 1431 4775 malefucere,
1465 4715 1521 4762 ut
1543 4722 1661 4777 cap.
1695 4709 1764 4763 ὃς
1799 4707 1901 4763 Cur

295 4778 387 4847 qui
407 4776 550 4829 male
566 4777 710 4846 facit,
728 4777 897 4850 notior
923 4786 1015 4850 est,
1042 4790 1197 4847 quam
1223 4779 1341 4850 ille,
1369 4781 1453 4848 qui
1488 4776 1642 4845 bene;
1670 4794 1787 4850 cap.
1816 4780 1850 4835 5
1884 4799 1895 4833 ;

297 4863 392 4902 nec
417 4850 695 4917 quicquam
713 4848 845 4901 male
869 4847 1049 4916 faciat;
1075 4863 1196 4928 cap.
1268 4865 1358 4903 :ea:
1378 4847 1897 4918 inaleﬁcentiaCVcn.

297 4918 552 5001 39.9397
582 4937 595 4970 :
624 4919 837 5001 naulum,
859 4920 1031 4984 quod;
1065 4919 1278 5001 reliqui,
1302 4921 1492 5001 uiolant
1523 4922 1712 5001 facere,
1743 4921 1898 5001 quod.

294 4989 417 5045 Lib.
479 5000 715 5062 ttt,‘cap.
748 4988 837 5056 Π,
879 5005 944 5062 ex
1001 4992 1267 5044 setttentiu
1325 4988 1543 5060 Epicuri
1600 4988 1903 5062 :Sapientis

296 5072 442 5117 cst...
476 5057 853 5133 malefdcere..,
886 5057 1027 5113 Deus
1059 5076 1159 5114 non
1182 5057 1420 5133 irascitur
1448 5057 1735 5133 quicquam.
1768 5064 1899 5119 Bon.

371 5136 540 5202 Atque
568 5147 768 5202 nocere.
792 5131 941 5195 llaec,
963 5133 1161 5202 quippe
1180 5132 1317 5186 haud
1349 5131 1673 5199 necessaria,
1699 5136 1899 5202 Emm.,

294 5203 485 5268 Cant.,
510 5201 886 5275 Lond.,Beg.,
912 5202 1059 5272 Lips.
1080 5201 1140 5275 2,
1158 5202 1213 5269 5,
1240 5202 1494 5271 Reimm.,
1519 5204 1693 5271 Suhl.,
1724 5201 1901 5275 linst.,

296 5276 438 5347 Yeu.
476 5274 638 5347 1971,
672 5274 1032 5347 ἸᾉΑιιιι-ιιιιιιβΔ
1056 5274 1147 5340 78,
1197 5274 1285 5340 95,
1322 5275 1412 5347 97,
1465 5278 1631 5342 l’ier.,
1687 5276 1903 5347 Parrh.,

296 5345 501 5420 Betim,
518 5344 683 5420 13:20!
698 5345 914 5420 delent;
933 5344 1137 5420 addunt
1162 5344 1455 5420 vero_A|d.,
1479 5348 1650 5420 (ξι-ειη
1680 5344 1903 5420 Gymrn,

296 5415 716 5491 Essit.,_'l:orn.,
734 5416 937 5491 Betui”
962 5416 1244 5491 Thomam,
1266 5416 1460 5489 Thys.,
1489 5417 1657 5486 Guil.,
1687 5415 1904 5491 Simile,

296 5486 467 5552 Cell.,
500 5486 742 5554 Wulch.,
771 5486 1075 5542 Heumann.
1100 5487 1234 5543 Buri.

373 5557 573 5614 Euhoe
600 5559 788 5628 inquit.
807 5559 1053 5627 Lucret.,
1088 5560 1125 5613 Ι.
1154 5575 1195 5624 ι,
1228 5575 1276 5615 v.
1312 5559 1384 5616 66
1415 5578 1428 5615 :

428 5672 605 5736 Omnis
632 5672 766 5736 enim
791 5686 881 5736 per
905 5685 962 5722 se
984 5671 1165 5723 Divum
1189 5679 1360 5725 natura
1380 5688 1590 5727 necesse
1616 5684 1710 5728 est.

430 5728 703 5804 immortali
737 5728 975 5804 ciosum
996 5744 1055 5784 ua
1081 5746 1191 5785 cum
1218 5751 1337 5801 pace
1360 5738 1568 5804 fruatur,

427 5798 640 5851 Semela
657 5808 689 5849 ιι
706 5797 888 5850 nostris
904 5799 1198 5864 rebushetc.

2033 2537 2238 2607 Versus
2267 2530 2648 2607 suntLucretii
2679 2548 2693 2583 :
2717 2531 2813 2587 sed
2836 2533 3103 2607 sententia
3124 2543 3208 2591 est
3227 2537 3465 2607 Epicuri.
3494 2542 3629 2600 Lac-

2030 2606 2242 2683 t_antius_
2278 2604 2421 2658 enim
2458 2617 2555 2683 nos
2584 2601 2857 2683 admonet,
2892 2604 2985 2683 lib_.
3034 2605 3102 2659 de
3129 2601 3375 2683 Qpiiicio,
3404 2628 3523 2683 cap.
3567 2616 3621 2681 6,

2026 2676 2242 2748 Epicuri
2265 2690 2373 2754 esse
2386 2672 2571 2754 omnia
2590 2687 2705 2754 quae
2733 2672 3212 2754 deliratnLucretiu's
3224 2695 3243 2743 ;
3266 2672 3624 2754 eumdeinque

2024 2742 2267 2806 errorem
2302 2744 2533 2813 Epicuro
2590 2742 2877 2813 adscripsit
2909 2744 3134 2811 Cicero,
3160 2742 3254 2802 liii.
3285 2751 3387 2807 ide
3414 2742 3617 2812 Natura

2023 2822 2268 2891 deorum.
2320 2813 2657 2891 ll_:i-e_prima
2687 2823 2788 2891 est
2824 2820 2926 2869 τῶν
2970 2817 3339 2891 κρρὶωνᾼδόξων
3374 2841 3387 2878 ς
3422 2824 3616 2891 Quam.

2020 2907 2194 2964 quam,
2223 2881 2623 2965 inquitCieero‘,
2650 2883 2794 2965 video
2814 2881 3073 2965 nonnullis
3101 2881 3280 2965 videri,
3309 2881 3612 2965 Epicurum,

2020 2953 2083 3017 ne
2112 2966 2165 3017 in
2216 2953 2545 3025 offénsionetn
2583 2953 2967 3025 Atheniensium
3014 2960 3253 3025 caderet,
3297 2953 3458 3020 verbis
3499 2953 3622 3022 reli'o

2020 3035 2188 3104 quisse
2207 3018 2349 3092 deos,
2374 3043 2428 3080 re
2449 3026 2731 3108 sustulisse.
2755 3018 2942 3108 taque
2965 3029 3018 3083 in
3038 3031 3139 3085 illis
3158 3018 3353 3108 selectis
3370 3018 3481 3108 ejus
3502 3018 3616 3094 ιἰῖέ-

2019 3097 2259 3174 vibusque
2283 3098 2565 3174 sententiis,
2593 3114 2717 3174 quas
2746 3097 2915 3174 habet,
2943 3118 3069 3166 quas
3122 3097 3613 3174 αρρειιαιίί³κυρίας

2019 3131 2258 3174 vtuuoquc
2283 3131 2563 3160 acuwtuuo,
2593 3131 2717 3167 ιμιιιο
2746 3131 2915 3164 unum,
2943 3131 3069 3166 qou
3122 3131 3393 3172 ανμσιιαιιδ
3432 3131 3492 3163 κυ
3532 3132 3613 3172 tot:

2015 3176 2163 3241 δόξας
2181 3216 2194 3237 ,
2231 3174 2338 3225 Ιιιεε
2361 3169 2380 3242 (
2400 3168 2698 3242 ut‘opinor)
2728 3168 2892 3242 prima
2922 3173 3169 3226 sententia
3199 3185 3269 3227 est
3290 3191 3308 3228 :
3331 3176 3479 3242 Quod
3496 3131 3617 3235 bea-

2016 3239 2123 3301 tum
2150 3255 2195 3319 et
2214 3239 2502 3319 immortale
2519 3248 2615 3319 est,
2713 3255 2803 3319 nec
2833 3240 3123 3319 haben-nec
3147 3239 3607 3319 exhibet'cuiquam

2013 3318 2294 3388 negotiator,
2317 3324 2423 3388 etc.
2456 3309 2853 3388 Adscribendus
2868 3312 3047 3376 simul,
3078 3309 3611 3388 notandusque'Ter-

2012 3381 2218 3443 tulliani
2246 3384 2313 3439 tle
2344 3385 2455 3460 hac
2470 3396 2529 3436 re
2556 3381 2705 3436 locus
2729 3391 2830 3448 est,
2858 3397 2923 3437 ex
2950 3386 3320 3460 Apologelici,
3360 3381 3479 3460 cap.
3505 3392 3597 3448 46.

2011 3460 2117 3514 Alii
2164 3456 2865 3525 incorporalemasseverant,
2906 3456 2998 3509 alii
3017 3459 3367 3525 corporalem,
3400 3456 3454 3515 ut
3500 3473 3605 3518 tant

2012 3530 2291 3592 Platonici,
2320 3543 2472 3598 quam
2502 3525 2664 3600 Etoici
2680 3542 2697 3590 ,'
2721 3525 2811 3577 alli
2835 3541 2901 3579 ex
2923 3529 3129 3600 atomis,
3161 3529 3253 3581 alii
3278 3546 3340 3583 ea:
3360 3535 3606 3600 numeris,

2008 3603 2136 3657 sicut
2157 3595 2409 3669 Epicurus
2434 3607 2482 3651 et
2508 3595 2835 3669 Pythagoras
2849 3613 2877 3669 ;7
2893 3597 2984 3669 alii
3009 3614 3071 3669 ex
3098 3600 3231 3667 igne.
3250 3602 3467 3668 qualiter
3496 3595 3604 3658 lle;

2009 3666 2375 3726 raclito'visum
2405 3677 2498 3722 est.
2530 3666 2597 3719 Et
2626 3666 2880 3740 Platonici
2901 3667 3104 3736 quidem
3121 3666 3383 3723 curantem
3408 3688 3598 3740 rerum,

2011 3742 2255 3813 Epicurei
2285 3741 2583 3815 otiosumet
2632 3737 2995 3815 inexercitum,
3026 3747 3071 3791 et
3107 3740 3126 3810 (
3144 3749 3195 3792 ut
3224 3740 3295 3793 ita
3333 3737 3594 3815 dixerim)

2008 3808 2260 3867 nemiuem
2312 3809 2547 3863 humanis
2591 3810 2779 3868 rebus,
2827 3808 3043 3878 positum
3096 3808 3213 3864 vero
3261 3821 3404 3865 extra
3453 3808 3602 3871 mun-

2009 3886 2163 3950 dum,
2193 3896 2298 3939 etc.
2325 3881 2380 3937 lu
2414 3880 2587 3950 primo
2614 3876 2867 3950 membro
2888 3876 3055 3933 videri
3090 3894 3309 3949 pussent
3337 3895 3390 3938 et
3417 3883 3597 3941 Plato-

2009 3956 2113 4028 nici
2146 3965 2200 4010 et
2240 3949 2605 4028 Stoicipeum
2629 3949 3196 4028 corpomletuiacere,
3243 3968 3364 4028 eum
3390 3957 3599 4028 utrique

2006 4025 2399 4095 incorporalem
2423 4022 2639 4077 iaciant.
2658 4018 2787 4095 Nam
2806 4020 2953 4095 Plato
2964 4023 3233 4095 ἀσώματον
3250 4023 3412 4080 Deum
3439 4018 3607 4092 diiita

2005 4096 2111 4151 Sed
2137 4092 2233 4152 cur
2255 4095 2587 4150 'l‘ertuliiano
2614 4107 2732 4147 sum
2763 4092 3012 4164 iniquior,
3042 4092 3184 4164 quod
3231 4095 3441 4151 Stoicos
3468 4099 3599 4154 dicit

2008 4167 2176 4223 Deum
2207 4181 2539 4236 corporeum
2556 4165 2750 4236 lacere,
2784 4162 2903 4236 cum
2935 4162 3034 4218 hoc
3062 4162 3201 4236 idem
3231 4165 3392 4221 etiam
3438 4167 3597 4225 faciat

2005 4237 2265 4308 Origenes
2288 4233 2474 4293 contra
2505 4234 2756 4309 Celsum?
2781 4233 2931 4287 Adde
2962 4234 3100 4309 quod
3129 4235 3290 4291 Stoici
3325 4237 3491 4293 Deum
3516 4240 3593 4309 ig-

2004 4305 2126 4364 neni
2155 4309 2339 4365 dicunt
2366 4326 2378 4360 :
2416 4307 2756 4378 ignisautetn
2777 4305 3348 4378 corpus._liETULEtus.

2077 4379 2190 4434 Nec
2240 4372 2484 4448 movetur.
2539 4374 2670 4429 Vide
2714 4372 3140 4448 itilra,’__nullum_
3176 4387 3387 4429 malum.
3419 4377 3594 4448 ωσι,

2003 4451 2095 4506 lib.
2130 4467 2187 4514 ll,
2214 4466 2334 4519 cap.
2358 4449 2391 4503 8
2412 4465 2425 4500 :
2445 4446 2679 4519 Potestas
2697 4443 2917 4519 faciendi
2944 4444 3141 4519 aliquid
3161 4462 3260 4519 non
3286 4458 3446 4517 potest
3467 4443 3594 4517 esse,

2002 4523 2103 4576 nisi
2132 4525 2183 4576 in
2209 4514 2447 4588 eo,'quod
2468 4517 2639 4589 sentit,
2670 4514 2804 4589 quod
2845 4516 2999 4589 sapit,
3036 4514 3172 4585 quod
3220 4514 3430 4589 cogitat,
3457 4514 3593 4589 quod

2003 4586 2297 4648 movetur...
2322 4586 2474 4658 Quod
2494 4586 2783 4641 insensibile
2812 4597 2907 4658 est,
2935 4587 3071 4639 iners
3094 4596 3141 4641 et
3171 4586 3425 4658 tarpidum
3462 4586 3594 4646 sem-

2005 4680 2094 4735 per
2129 4664 2288 4734 jacet,
2333 4657 2379 4715 et
2427 4659 2557 4735 nihil
2582 4658 2725 4735 jude
2770 4657 2895 4712 oriri
2942 4666 3122 4727 potest,
3174 4657 3260 4712 ubi
3306 4661 3477 4715 nullus
3520 4673 3593 4719 est

2004 4730 2181 4790 inultis
2213 4733 2547 4788 voluntarius.
2582 4730 2712 4785 BDN.

2080 4806 2227 4872 Quod
2252 4815 2322 4859 est
2354 4802 2617 4874 proprium
2632 4797 2840 4875 D_ei.Ut
2858 4799 3163 4875 supra,_liu.
3198 4798 3429 4872 przeced.
3458 4806 3595 4875 quod

2003 4869 2369 4948 estpropriuni
2398 4869 2623 4948 viventis.
2657 4871 2781 4948 Mss.
2812 4872 3001 4948 ἔνθα,
3033 4869 3161 4926 Deo.

2080 4942 2247 5015 Quam
2276 4946 2451 5000 mundi
2479 4943 2797 5016 gubernatio.
2827 4942 2953 4997 Mss.
2992 4956 3105 5016 rec.
3136 4950 3190 4999 et
3208 4942 3331 4999 edd.
3362 4944 3595 5016 addunt,

2004 5014 2161 5089 quam
2175 5035 2298 5071 cura
2322 5019 2607 5089 viventium,
2626 5014 2769 5089 quod
2794 5014 3160 5089 noncohceret
3182 5028 3305 5069 cum
3323 5016 3443 5089 aliis
3462 5014 3594 5074 Lae-

2002 5084 2159 5149 t'antii
2187 5088 2385 5161 verbis,
2409 5096 2463 5142 et
2498 5084 2761 5161 abestah
2808 5084 3195 5157 antiquioribus
3223 5101 3353 5142 mss.
3403 5084 3597 5161 Regiu-

2006 5163 2153 5227 Put.,
2184 5160 2388 5214 Bonon.
2416 5167 2470 5213 et
2498 5156 2629 5212 Tax.

2081 5223 2366 5286 [inmobilis
2417 5237 2601 5297 torpet.
2651 5223 2783 5281 Vide
2826 5224 2992 5281 Notas
3031 5226 3107 5297 ad,
3148 5226 3243 5283 lib.
3279 5242 3339 5293 tt,
3378 5244 3495 5297 cap.
3539 5232 3595 5288 8.

2010 5304 2164 5380 Enni.
2192 5302 2316 5357 Not.
2352 5296 2799 5380 “13.31.993.47
2826 5315 2839 5351 :
2868 5296 3155 5380 [inmobilis
3182 5307 3361 5380 stupor
3382 5296 3600 5380 mentis;

2012 5376 2081 5432 de
2113 5375 2218 5437 Ira,
2262 5387 2381 5440 cap.
2408 5370 2474 5424 l7
2510 5387 2521 5423 :
2559 5365 2661 5436 Qui
2688 5365 2855 5440 Deum
2886 5369 3082 5439 faciunt
3107 5365 3434 5425 immobilem.
3464 5365 3595 5429 Bon.

2088 5445 2192 5502 Sed
2219 5444 2262 5498 si
2290 5439 2419 5495 nihil
2449 5450 2616 5494 curat.
2648 5439 2705 5493 ld
2726 5450 2808 5494 est
2838 5439 2891 5493 in
2924 5440 3107 5496 multis
3136 5455 3270 5497 mss.
3309 5441 3469 5498 Extat
3504 5458 3601 5498 au-

2016 5528 2122 5573 tem
2156 5517 2208 5570 in
2242 5517 2264 5569 ι
2294 5513 2453 5584 Reg.,
2483 5511 2520 5565 ἓ
2548 5510 2772 5584 Bonna
2796 5509 2953 5584 Colb.
2986 5511 3314 5584 aliisque,et
3350 5515 3402 5568 in
3428 5510 3605 5569 ouini-

2016 5590 2119 5645 bus
2151 5585 2266 5642 fere
2288 5579 2586 5652 impressis.
2623 5579 2762 5636 Vide
2794 5581 2929 5636 inira
2957 5579 3198 5637 semel'et
3238 5582 3455 5653 iterum,
3484 5598 3603 5653 ergo

2017 5677 2110 5715 nec
2131 5674 2255 5711 cura
2277 5653 2432 5709 ullius
2458 5654 2554 5720 rei,
2583 5662 2671 5708 nec
2697 5652 3010 5721 providentia
3037 5662 3110 5707 est
3134 5656 3187 5707 in
3207 5670 3282 5707 eo.

2009 5747 2036 5800 ι.
2090 5730 2441 5800 ρὶυὶιιιιιιιεηι.
2475 5727 2531 5778 In
2561 5724 2828 5800 itis.-_Bov.
2857 5724 3171 5800 dignitatem.

2087 5794 2201 5855 Ded
2250 5792 2606 5854 substantiam.
2642 5790 2980 5872 -ﬂeumanito
3037 5790 3321 5864 legendum
3373 5792 3603 5867 videtur,
