4138 6190
504 271 575 344 si,
620 236 634 332 ζ
1807 306 1811 311 .
1876 262 2059 319 runt.
2098 258 2465 317 morsum
3737 255 3813 311 ss

498 385 600 441 nisi
627 384 792 440 Deum
824 382 1043 436 omnino
1072 396 1177 434 non
1201 380 1354 434 esse?
1380 379 1621 450 Denique
1644 379 1855 441 Marcus
1877 377 2089 434 Tullius
2121 381 2174 441 Α
2197 376 2393 431 cadere
2418 388 2523 427 non
2553 381 2747 443 potest.
2772 371 2927 441 Quod
2951 371 2994 426 si
3023 371 3202 426 nullus
3219 369 3446 427 affectus
3474 370 3531 425 in
3560 371 3669 425 Deo
3693 378 3804 436 est,

507 494 536 531 a
581 474 872 531 Posidonio
912 473 1113 527 dictum
1162 470 1346 537 refert,
1400 470 1452 526 id
1502 471 1789 542 Epicurum
1837 469 2095 537 sensisse,

504 569 678 624 nullos
707 567 838 623 deos
858 581 1000 632 esse,
1034 564 1129 621 sed
1156 580 1240 631 ea,
1270 579 1388 634 qua:
1419 564 1485 619 de
1514 563 1618 618 diis
1646 564 1857 618 loculus
1887 562 1978 627 sit,
2002 561 2098 617 de-

504 646 771 733 pellendas
801 659 1018 715 invidiae
1048 674 1206 714 causa
1250 658 1453 713 dixisse
1487 676 1498 710 :
1532 658 1713 728 itaque
1746 657 1922 733 verbis
1949 657 2099 712 illum

503 731 638 810 deos
669 753 997 823 relinquere,
1038 768 1096 807 re
1125 759 1303 806 autem
1340 751 1450 821 ipsa
1492 750 1701 813 tollere,
1741 731 1937 821 quibus
1979 751 2101 804 nul-

505 847 616 903 lum
641 856 869 911 motum,
902 845 1107 899 nullum
1137 844 1322 900 tribuit
1345 842 1603 898 officium.
1631 842 1784 909 Quod
1813 841 1859 897 si
1882 843 1949 896 ita
1974 851 2060 897 est
2085 857 2101 897 :

504 936 635 1009 quid
661 952 727 993 eo
750 936 1035 993 fallacius?
1053 936 1198 1008 quod
1224 952 1253 989 a
1279 936 1522 1006 sapiente
1544 945 1598 991 et
1622 935 1774 1006 gravi
1800 936 1918 989 viro
1943 934 2106 990 debet

507 1022 630 1086 esse
658 1029 920 1086 alienum.
951 1029 1049 1084 Hic
1078 1043 1209 1084 vero
1231 1028 1274 1083 si
1302 1026 1448 1082 aliud
1476 1028 1668 1095 sensit,
1697 1036 1754 1083 et
1777 1027 1924 1081 aliud
1954 1026 2105 1081 locu-

508 1132 595 1177 tus
621 1130 727 1188 est,
760 1120 889 1191 quid
930 1118 1078 1175 aliud
1104 1117 1462 1190 appellandus
1497 1128 1603 1185 est,
1633 1133 1793 1190 quam
1822 1117 2102 1189 deceptor,

509 1213 783 1284 bilinguis,
820 1213 1015 1279 malus,
1044 1222 1100 1268 et
1126 1221 1415 1289 prepterea
1444 1211 1684 1266 stultus?
1705 1209 1822 1267 Sed
1853 1225 1960 1265 non
1991 1219 2109 1266 erat

507 1317 617 1383 tam
648 1316 899 1362 versutus
928 1305 1213 1376 Epicurus,
1238 1315 1296 1361 ut
1328 1305 1549 1360 lallendi
1579 1304 1759 1361 studio
1785 1305 1886 1361 ista
1917 1305 2107 1377 loque-

508 1408 681 1463 retur,
722 1415 844 1454 cum
885 1399 1002 1454 base
1042 1398 1203 1454 etiam
1233 1399 1453 1469 scriptis
1492 1397 1561 1454 ad
1606 1409 1865 1454 aeternam
1905 1413 2111 1453 memo-

509 1490 643 1545 riam
682 1490 1024 1561 consignaret
1064 1510 1075 1545 :
1116 1490 1212 1547 sed
1253 1491 1554 1562 ignorantia
1597 1490 1846 1546 veritatis
1883 1491 2103 1546 erravit.

513 1583 770 1639 Inductus
796 1582 939 1639 enim
962 1600 992 1636 a
1020 1582 1285 1654 principio
1314 1582 1779 1639 verisimilitudine
1804 1586 1962 1638 unius
1988 1598 2113 1638 sen-
2150 1634 2153 1635 ν

514 1678 717 1744 tentia,
736 1678 1057 1733 necessario
1088 1677 1139 1732 in
1168 1692 1253 1742 ea,
1284 1692 1405 1748 qua:
1432 1679 1822 1748 sequebantur,
1857 1677 2107 1735 incurrit.

2202 465 2325 537 quia
2353 462 2613 536 quidquid
2637 462 2889 531 afﬁcitur,
2915 461 3240 519 imbecillum
3265 471 3376 529 est;
3402 476 3532 532 ergo
3555 476 3654 516 nec
3675 475 3805 517 cura

2206 559 2364 615 ullius
2390 558 2490 622 rei,
2520 572 2622 613 nec
2652 557 2990 628 providentia
3021 557 3184 611 estin
3212 571 3298 612 eo.

2281 654 2567 724 llucusqu‘e
2604 651 2850 723 pervenit
2887 651 3147 722 sapientis
3190 650 3426 706 hominis
3470 650 3806 721 diSputatio;

2206 755 2426 812 catera,
2451 761 2571 817 quae
2603 753 2937 815 sequuntur;
2969 743 3197 798 obtiCuit
3229 762 3242 797 :
3272 743 3505 811 scilicet,
3545 743 3671 814 quia
3707 757 3811 799 nec

2209 852 2338 893 cura
2361 837 2431 892 sit
2452 838 2506 891 in
2541 851 2630 903 eo,
2671 850 2775 892 nec
2802 834 3178 907 providentia;
3221 850 3351 905 ergo
3388 849 3490 890 nec
3529 834 3814 905 cogitatio-

2210 945 2333 985 nem
2361 928 2617 999 aliquam,
2647 942 2749 983 nec
2778 942 2998 983 sensum
3026 926 3080 982 in
3109 942 3174 982 eo
3198 940 3320 981 esse
3351 925 3520 981 ullum
3550 941 3565 979 :
3589 940 3697 996 quo
3726 926 3812 980 el-

2213 1022 2410 1090 licitur,
2439 1030 2497 1075 ut
2519 1036 2624 1076 non
2652 1020 2723 1075 sit
2758 1020 2999 1076 omnino.
3031 1017 3104 1074 lta
3133 1032 3256 1074 cum
3285 1016 3552 1089 gradatim
3581 1016 3814 1072 descen-

2213 1113 2404 1179 disset,
2451 1113 2502 1167 in
2531 1122 2783 1168 extremo
2813 1112 2983 1183 gradu
3014 1111 3234 1178 restitit,
3264 1110 3385 1181 quia
3416 1110 3528 1181 jam
3567 1110 3813 1182 praecipi-

2216 1208 2348 1263 tium
2377 1206 2612 1263 videbat.
2638 1205 2744 1263 Sed
2769 1206 2895 1279 qnid
2924 1204 3147 1276 prodest
3183 1203 3488 1267 reticuisse,
3512 1217 3576 1257 ac
3604 1204 3815 1273 pericu—

2215 1299 2324 1354 lttm
2362 1296 2777 1354 dissimulasse?
2807 1295 3114 1352 Necessitas
3142 1296 3288 1349 illuni
3327 1295 3415 1349 vel
3453 1294 3678 1349 invitum
3717 1307 3814 1348 ca-

2214 1392 2349 1448 dere
2373 1390 2569 1461 coegit.
2600 1389 2745 1444 Dixit
2772 1389 2917 1445 enim
2948 1388 3092 1460 quod
3134 1389 3328 1453 noluit,
3367 1387 3493 1457 quia
3523 1400 3815 1456 argumen-

2218 1497 2327 1540 tum
2354 1486 2431 1540 sic
2456 1483 2749 1549 ordinavit,
2785 1491 2842 1538 ut
2866 1483 2932 1537 ad
2969 1480 3121 1549 illud,
3159 1480 3302 1552 quod
3333 1480 3593 1544 evitabat,
3619 1492 3815 1535 neces-

2218 1580 2363 1635 sario
2415 1578 2714 1634 deveniret.
2771 1577 2936 1632 Vides
2985 1576 3148 1648 igitur
3200 1589 3305 1646 quo
3364 1574 3683 1645 perveniat,
3739 1573 3817 1627 ira

2215 1672 2449 1740 sublata,
2481 1680 2536 1726 et
2564 1671 2674 1726 Deo
2700 1669 2971 1741 adempta.
3009 1668 3248 1738 Denique
3269 1678 3359 1722 aut
3389 1666 3566 1721 nullus
3608 1664 3658 1719 id
3687 1679 3819 1719 ere-

525 1771 703 1826 Prima
731 1770 875 1826 enim
897 1772 1163 1826 sententia
1191 1770 1312 1837 fuit,
1340 1770 1473 1825 iram
1506 1772 1558 1826 in
1584 1770 1751 1827 Deum
1775 1787 1880 1828 non
1910 1786 2109 1828 conve-

2220 1765 2322 1830 dit,
2369 1773 2462 1820 aut
2505 1761 2799 1818 admodum
2845 1761 3024 1832 pauci,
3076 1769 3131 1816 et
3175 1758 3393 1829 quidem
3443 1756 3711 1817 scelerati.
3755 1770 3820 1810 ac

516 1867 656 1921 nire.
688 1863 842 1932 Quod
873 1879 994 1919 cum
1029 1863 1107 1919 illi
1136 1879 1319 1939 verum
1362 1874 1416 1920 et
1449 1865 1869 1936 inexpugnabile
1899 1864 2111 1921 videre-

514 1970 625 2023 tur,
650 1973 757 2013 non
788 1964 1001 2027 poterat
1021 1957 1404 2027 consequentia
1434 1971 1709 2025 recusare,
1736 1957 1860 2029 quia
1892 1973 1999 2012 uno
2031 1957 2111 2012 al-

520 2042 662 2106 l‘uctu
690 2058 989 2118 amputato,
1022 2049 1184 2104 etiam
1215 2058 1446 2104 caeteros
1482 2046 1705 2104 allectus
1735 2048 1975 2105 adimere
2002 2051 2113 2104 Deo

520 2134 820 2198 neceséitas
847 2142 964 2212 ipsa
984 2142 1228 2213 cogebat.
1258 2139 1335 2196 Ita
1363 2141 1457 2212 qui
1487 2157 1593 2196 non
1624 2142 1894 2209 irascitur,
1930 2143 2113 2213 utique

517 2250 617 2291 nec
643 2234 813 2305 gratia
845 2242 1117 2300 movetur,
1144 2234 1287 2305 quod
1321 2244 1405 2289 est
1433 2234 1528 2289 ira:
1570 2236 1900 2291 contrarium
1946 2253 1958 2290 :
1998 2236 2112 2307 jam

515 2329 560 2382 si
586 2343 684 2383 nec
707 2329 782 2382 ira
811 2329 863 2383 in
896 2343 982 2393 eo,
1005 2326 1105 2383 nec
1123 2328 1296 2398 gratia
1329 2336 1432 2395 est,
1457 2328 1642 2399 utique
1663 2344 1761 2385 nec
1792 2340 1988 2395 metus,
2013 2345 2113 2386 uec

516 2421 724 2486 latitia,
752 2436 855 2476 nec
882 2435 1104 2485 maeror,
1145 2434 1246 2475 nec
1270 2420 1666 2476 misericordia.
1701 2419 1815 2477 Una
1848 2432 1932 2478 est
1961 2425 2105 2478 enim

516 2514 651 2568 ratio
679 2514 888 2569 cunctis
910 2511 1213 2581 affectibus,
1239 2529 1340 2568 una
1369 2514 1684 2575 commotio,
1708 2530 1828 2584 quae
1855 2515 1906 2568 in
1938 2517 2105 2570 Deum

2218 1857 2367 1925 mali,
2395 1857 2485 1928 qni
2512 1864 2737 1927 sperant
2759 1856 2996 1927 peccatis
3030 1853 3141 1909 suis
3167 1852 3563 1923 impunitatem.
3597 1848 3749 1916 Quod
3774 1850 3821 1903 si

2219 1961 2273 2007 et
2304 1950 2406 2005 boc
2438 1948 2633 2004 falsum
2664 1949 2957 2013 invenitur,
2993 1962 3094 2003 nec
3131 1946 3264 2001 iram
3297 1945 3349 2000 in
3382 1946 3494 2001 Deo
3529 1959 3675 2012 esse,
3721 1957 3823 1998 nec

2218 2042 2471 2116 gratiam,
2504 2043 2783 2100 veniamus
2822 2041 2890 2099 ad
2933 2040 3088 2108 illud,
3135 2039 3276 2111 quod
3322 2037 3482 2093 tertio
3512 2037 3632 2094 loco
3678 2035 3823 2108 posi-

2220 2145 2332 2191 tum
2361 2144 2469 2191 est.

2863 2247 3090 2305 CAPUT
3130 2248 3197 2305 γ.

2280 2362 2357 2418 De
2389 2360 2496 2418 Dea
2524 2363 2799 2417 stoicorum
2826 2362 3110 2427 sententia;
3139 2361 3201 2414 de
3233 2359 3326 2415 Ira
3354 2369 3403 2415 et
3431 2359 3598 2431 gratia
3627 2361 3756 2432 ejus.

2288 2516 2676 2573 Existimantnr
2722 2517 2917 2584 stoici,
2971 2525 3025 2573 et
3074 2516 3163 2572 alii
3210 2514 3501 2581 nonnulli,
3547 2515 3825 2586 aliquanto

1818 2655 2179 2714 VARIORUM
2219 2657 2449 2714 NOTAE.

517 2770 636 2827 Dei.
667 2771 836 2840 Libri,
867 2770 998 2828 Deo.
1029 2772 1103 2826 lta
1135 2771 1416 2827 Salvianus
1459 2771 1552 2826 lib.
1578 2786 1652 2837 tv,
1690 2786 1811 2841 cap.
1846 2771 1879 2825 9
1912 2790 1926 2826 :
1971 2771 2111 2826 Nam

515 2844 601 2914 qui
647 2842 778 2897 nihil
822 2841 987 2911 aspici
1032 2860 1064 2895 a
1111 2841 1219 2895 Deo
1264 2843 1538 2914 afﬁrmant,
1584 2858 1743 2912 prope
1780 2853 1876 2907 est,
1928 2853 1981 2895 ut
2024 2844 2110 2897 cui

516 2923 779 2984 aspectum
800 2914 1054 2975 adimunt,
1085 2914 1239 2967 etiam
1269 2913 1607 2967 substantiam
1638 2914 1854 2977 tollant;
1881 2922 1927 2967 et
1961 2929 2112 2984 quem

519 2983 695 3039 dicunt
720 2984 928 3038 omnino
954 2984 1085 3038 nihil
1109 3000 1330 3050 cernere,
1366 2984 1540 3038 dicunt
1581 2984 1737 3037 etiam
1775 2983 1983 3039 omnino
2008 3001 2112 3040 non

519 3071 649 3109 esse.
682 3055 812 3111 Bon.

592 3126 823 3197 Denique
864 3123 1077 3197 Marcus
1116 3122 1340 3197 Tullius,
1375 3135 1481 3180 etc.
1530 3126 1643 3180 Sub
1685 3125 1846 3180 linem
1878 3127 1968 3186 lib.
2002 3144 2019 3182 t
2049 3127 2117 3182 de

519 3194 715 3269 Natura
732 3194 882 3253 deor.
909 3214 922 3249 :
961 3194 1136 3250 Verius
1153 3207 1228 3250 est
1251 3196 1427 3269 igitur,
1446 3196 1692 3269 nimirum
1713 3197 2016 3269 illud,quod
2039 3200 2119 3267 fa-

519 3268 736 3322 miliaris
764 3269 990 3322 omnium
1027 3266 1603 3321 nostrum'Posidonius
1632 3268 1871 3321 disseruit
1892 3266 1963 3321 'in
1991 3266 2119 3323 libro

518 3340 692 3461 qtuiulo
720 3339 783 3392 tle
812 3336 1022 3392 Natura
1049 3338 1281 3405 deorum,
1312 3338 1482 3393 nullos
1513 3356 1619 3393 esse
1644 3337 1764 3392 deos
1793 3337 2020 3409 Epicuro
2041 3342 2118 3394 vi-

559 3425 650 3461 eri.

559 3425 650 3462 ενι.

522 3549 553 3604 Γ
594 3479 790 3550 Refert.
823 3479 957 3535 Vide
991 3479 1168 3536 Cicer.
1224 3480 1316 3534 lib.
1371 3497 1384 3534 ι
1422 3480 1488 3535 de
1539 3479 1659 3535 Nat.
1709 3480 1931 3536 deorum
1975 3483 2115 3537 circa

542 3566 704 3604 mem.

542 3566 704 3606 IIICI".

606 3620 688 3675 l’ei
703 3624 779 3678 bis
810 3623 956 3677 illum
992 3624 1113 3677 deos
1143 3624 1446 3692 relinquere,
1492 3626 1662 3690 reipsa
1693 3624 1892 3679 tollere.
1922 3624 2118 3679 Cicero

519 3707 642 3762 cap.
673 3696 725 3762 1,
758 3696 810 3749 in
841 3695 946 3747 line
978 3713 990 3748 :
1024 3694 1186 3764 quue
1221 3695 1393 3748 videns
1425 3693 1699 3760 Epicurus,
1736 3711 1790 3748 re
1816 3696 1970 3758 tollit,
2000 3713 2121 3749 orn-

520 3764 656 3833 tione
678 3765 916 3833 relinquit
941 3764 1075 3819 Deos
1088 3781 1108 3829 ;
1129 3772 1185 3818 et
1206 3764 1297 3820 lib.
1323 3767 1423 3819 tde
1440 3764 1641 3819 Natura
1665 3766 1841 3829 deor.,
1869 3782 1989 3831 cap.
2008 3768 2114 3823 50:

522 3832 827 3901 Epicurum,
874 3851 937 3888 ne
981 3837 1034 3889 in
1075 3833 1407 3901 o/fensionem
1452 3836 1835 3890 Atheniensium
1877 3836 2114 3901 caderet,

520 3904 684 3959 verbis
714 3906 981 3973 reliquisse
1009 3906 1148 3968 deos,
1181 3921 1236 3958 re
1254 3906 1544 3961 sustulisse.
1578 3906 1709 3960 Bux.

596 3976 734 4041 Quid
753 3993 811 4030 eo
842 3975 1119 4048 fallacius?
1152 3975 1252 4040 Eo,
1284 3976 1491 4048 scilicet
1519 3977 1775 4045 Epicuro,
1803 3978 1927 4047 quid
1946 3979 2113 4048 falla-

521 4045 670 4118 cius?
708 4045 857 4113 Quod
903 4045 1358 4118 (fallacemiesse)
1404 4063 1435 4099 a
1483 4048 1779 4116 sapiente...
1814 4045 1971 4102 debet
2009 4065 2117 4103 esse

520 4116 767 4171 alienum.
820 4116 937 4172 Mox
998 4117 1133 4171 infra
1187 4116 1476 4185 Epicurum
1528 4119 1745 4173 fallendi
1788 4119 1969 4172 studio
2012 4122 2112 4174 ista

521 4187 722 4244 dixisse
744 4198 922 4259 negat.
946 4187 1081 4242 llinc
1100 4189 1290 4243 Cicero
1313 4187 1406 4241 lib.
1433 4204 1448 4243 l
1471 4190 1539 4242 de
1559 4189 1680 4243 Nat.
1700 4191 1851 4245 deor.
1871 4206 1990 4257 cap.
2006 4191 2066 4244 5|
2097 4208 2110 4244 :

523 4274 602 4326 pr.
653 4261 788 4315 Sunt
822 4261 908 4331 qui
945 4260 1251 4326 existiment,
1290 4260 1426 4331 quod
1465 4260 1554 4314 ille
1599 4260 1751 4331 plane
1793 4261 1996 4314 inscitia
2036 4263 2114 4315 lo-

520 4332 706 4398 quendi
753 4330 948 4399 fccerit,
1002 4332 1179 4400 fecisse
1222 4330 1455 4384 consulto
1496 4346 1514 4384 :
1551 4330 1613 4383 de
1662 4332 1865 4385 homine
1908 4332 2114 4385 minime

518 4400 667 4475 vafro
698 4401 872 4475 (Lact.
904 4419 1003 4475 non
1029 4406 1262 4475 versuto)
1282 4400 1762 4475 ntale‘eaislimant.
1797 4402 1931 4456 Buu.

2143 3089 2192 3152 (Γ.

2215 2787 2337 2843 qua:
2381 2774 2604 2830 omnino
2639 2772 2999 2843 Ciceroniana
3044 2781 3149 2835 est,
3199 2770 3410 2827 restitui
3454 2787 3545 2843 ex_
3562 2774 3818 2829 omnibus

2219 2840 2386 2913 prope
2411 2858 2542 2900 mss.
2575 2843 2873 2899 codicibus.
2908 2842 2964 2897 in
2988 2843 3158 2898 tribus
3181 2858 3291 2899 rec.
3322 2844 3483 2898 estin
3514 2840 3653 2908 Deo;
3676 2845 3729 2899 in
3758 2847 3824 2901 l3

2215 2914 2379 2970 editis
2408 2926 2493 2971 est
2530 2914 2641 2968 Deo
2671 2915 2790 2969 sine
2821 2914 3217 2984 prapositione.

2287 2984 2657 3058 Consequentia
2698 3001 2949 3040 recusare.
2982 2984 3073 3041 Sic
3108 2985 3320 3058 reposui
3352 3001 3416 3058 ex
3447 2987 3658 3041 cunctis
3700 2988 3817 3043 fere

2220 3055 2473 3127 scriptis.
2497 3058 2550 3111 in
2581 3057 2751 3112 tribus
2780 3072 2909 3111 mss.
2938 3065 2994 3112 et
3017 3057 3051 3111 9..
3078 3067 3182 3111 vet.
3211 3055 3341 3111 edit.
3375 3056 3534 3127 Roin.
3567 3070 3649 3112 est
3671 3075 3817 3113 recu-

2222 3125 2366 3193 sari;
2396 3130 2449 3184 in
2471 3129 2505 3183 5
2528 3143 2639 3183 rec.
2665 3142 2827 3182 manu
2850 3131 3084 3183 exaratis
3106 3136 3160 3183 et
3187 3127 3370 3182 multis
3391 3125 3549 3181 editis
3573 3144 3820 3185 resecare.

2297 3198 2408 3254 Nec
2449 3201 2549 3254 ira.
2594 3199 2671 3254 lta
2715 3215 2905 3254 omnes
2948 3214 3077 3253 mss.
3126 3211 3321 3268 printer
3360 3198 3403 3252 εὶ
3439 3197 3574 3269 Reg.
3609 3215 3720 3257 rec.
3764 3202 3818 3256 in

2222 3270 2419 3341 quibus
2447 3280 2531 3326 est
2538 3287 2656 3341 non
2678 3271 2779 3334 ira,
2810 3280 2868 3325 ut
2895 3271 2946 3325 in
2974 3270 3149 3325 editis.

2296 3340 2424 3408 Qua
2446 3344 2499 3396 in
2528 3338 2693 3395 Deum
2721 3341 2904 3396 cadere
2933 3359 3034 3395 non
3066 3353 3247 3410 potest.
3275 3341 3473 3397 Scribit
3501 3342 3814 3400 Lactantius

2223 3410 2340 3467 hac
2367 3414 2535 3468 verba
2565 3428 2636 3466 ex
2668 3423 2848 3466 mente
2881 3413 3115 3479 Epicuri,
3145 3430 3249 3467 non
3278 3428 3394 3466 sua.
3428 3412 3556 3467 Bua.
3658 3458 3663 3463 .

2296 3483 2562 3554 Sapientis
2594 3483 2836 3554 hominis.
2871 3482 3109 3554 Epicuri.
3141 3499 3237 3554 per
3260 3484 3487 3538 ironiam
3520 3483 3598 3538 sic
3625 3484 3775 3540 dicti.

2295 3553 2518 3609 Restitit.
2561 3553 2660 3609 Ms.
2690 3552 2851 3609 Goth.
2887 3552 3104 3623 perstitit
3121 3552 3215 3618 {2
3256 3554 3387 3624 Reg.
3431 3569 3543 3610 rec.
3583 3567 3636 3609 et
3662 3555 3815 3624 edd.,

2221 3627 2467 3698 constitit.
2499 3655 2572 3667 ——
2598 3625 2823 3680 Restitit.
2866 3624 2940 3698 De
2970 3625 3190 3698 Opil‘._c.
3219 3625 3285 3681 14
3316 3644 3328 3676 :
3361 3624 3509 3698 Circa
3547 3627 3640 3679 hoc
3684 3644 3815 3698 apus

2220 3697 2372 3751 homo
2412 3697 2632 3760 resistit;
2669 3705 2723 3750 et
2749 3711 2866 3764 cap.
2900 3696 2932 3750 7
2966 3712 2979 3749 :
3016 3695 3210 3763 Quibus
3251 3712 3390 3749 mens
3419 3697 3531 3751 si...
3582 3695 3819 3754 resisiere

2222 3769 2359 3833 velit,
2390 3777 2632 3839 tanquam
2658 3767 2958 3839 retinaculis
2988 3778 3228 3821 uteretur.
3266 3767 3396 3821 BDN.

2294 3839 2409 3903 Quo
2431 3837 2708 3911 perueniat.
2740 3837 3389 3911 Mss.Aliabcntpervenias
3400 3853 3420 3901 ,'
3438 3838 3475 3911 2
3495 3841 3816 3908 perveniret,-

2223 3908 2441 3979 plurimi
2482 3910 2634 3975 editi,
2688 3909 3027 3979 perveniatur.
3081 3908 3470 3979 Quamplnrinii
3519 3925 3649 3962 mss.
3684 3922 3739 3966 et
3778 3912 3815 3966 2

2218 3990 2348 4108 lvett.
2381 3980 2503 4036 edd.
2541 3981 2697 4035 Rom.
2729 3988 2786 4034 ut
2824 3981 2875 4034 in
2910 3988 3054 4035 textu
3085 3981 3364 4050 perveniat,
3403 3979 3666 4051 Epicurus
3704 3983 3812 4037 sci~

2242 4063 2363 4106 teet.

2242 4063 2363 4106 lcet.

2292 4120 2676 4189 lmpimitatem,
2725 4131 2829 4178 etc.
2878 4122 3028 4176 Hanc
3068 4138 3286 4192 sperare
3332 4132 3679 4194 nonipotrSI,
3725 4124 3814 4194 qni

2221 4191 2386 4247 Deum
2412 4193 2553 4247 novit
2582 4194 2921 4259 omniscium,
2953 4207 3007 4248 et
3033 4194 3410 4258 iustissimum.
3447 4193 3579 4248 Nam
3621 4205 3675 4248 et
3703 4191 3816 4248 nia—

2215 4263 2473 4332 gistratns
2499 4277 2666 4332 saepe,
2699 4274 2755 4318 et
2783 4264 3173 4335 ludimagister,
3204 4276 3261 4319 et
3289 4275 3439 4335 pater
3467 4280 3688 4318 suorum
3718 4266 3815 4318 de-

2219 4337 2337 4388 licta
2365 4338 2482 4389 sine
2522 4335 2599 4388 ira
2629 4337 2875 4404 puniunt,
2918 4336 3276 4404 promptiores
3316 4337 3383 4390 ad
3429 4336 3671 4401 veniam,
3708 4338 3809 4391 nisi

2216 4404 2493 4474 disciplina
2517 4405 2601 4459 vel
2630 4406 2865 4475 publica,
2897 4407 2980 4460 vel
3009 4407 3308 4461 domestica
3341 4408 3485 4461 aliud
3516 4407 3808 4475 ﬂagitaret.

594 4469 1051 4547 Caiisigiiai-ct._lta
1086 4472 1297 4547 restitui
1327 4487 1395 4526 ex
1428 4473 1461 4526 9
1491 4474 1769 4542 impressis
1793 4473 2112 4547 cunctisque
2137 4478 2193 4539 D
2216 4469 2399 4546 Neque
2441 4475 2585 4531 enim
2628 4469 2766 4530 unus
2809 4476 3069 4533 duntaxat
3114 4479 3233 4532 linis
3272 4477 3558 4547 puniendi,
3589 4469 3811 4532 “nam

523 4556 654 4621 mss.
687 4542 881 4626 prieter
907 4542 1056 4611 Lips.
1089 4544 1139 4622 in
1168 4558 1275 4611 quo
1303 4543 1921 4626 esthconsignaretnr._ln
1951 4542 2113 4600 Caete-

522 4611 598 4692 ris
644 4614 803 4692 editis
844 4623 927 4667 est
973 4613 1347 4683 consignemus.
1394 4611 1654 4670 Francius
1698 4615 1950 4679 malebat,
1991 4631 2113 4670 con-

520 4686 755 4750 signarit.

604 4755 850 4811 Inductus
889 4756 1040 4809 enim.
1074 4754 1163 4809 Sic
1188 4754 1470 4810 emendavi
1501 4770 1564 4810 ex
1610 4756 1860 4810 omnibus
1899 4770 2028 4810 mss.
2058 4766 2114 4812 et.

523 4840 646 4884 octo
682 4828 840 4882 editis
882 4826 1176 4881 veteribus.
1220 4827 1284 4880 Et
1319 4841 1408 4881 res
1442 4827 1515 4880 ita
1558 4826 1753 4896 poscit.
1784 4824 1977 4881 (Σπιθτί
2016 4831 2113 4883 im-

528 4898 697 4966 pressi
721 4899 918 4953 habent
946 4897 1201 4952 indoctus.
1226 4926 1298 4937 —-
1325 4896 1589 4951 Inductus.
1610 4897 1728 4952 Lib.
1754 4912 1838 4963 tit,
1862 4912 1981 4966 cap.
2007 4899 2108 4953 l7:

525 4968 653 5025 Cum
681 4969 788 5023 hac
813 4970 969 5037 igitur
997 4970 1240 5038 cogitaret
1264 4967 1543 5039 Epicurus,
1579 4984 1752 5022 eorum
1782 4984 1950 5039 rerum
1978 4969 2113 5023 velut

524 5041 790 5108 iniquitate
827 5039 1134 5095 inductus...
1183 5041 1505 5093 existimavit.
1548 5039 1696 5110 Lips.
1725 5039 1761 5093 2
1791 5051 1845 5095 et
1873 5038 2109 5098 Reitnm.

530 5110 781 5166 Inductus
810 5112 1011 5167 enim...
1042 5126 1157 5165 vero
1187 5109 1389 5180 legunt.

603 5180 768 5253 Unius
792 5183 1067 5236 sententia.
1103 5181 1348 5253 Expunxi
1376 5189 1434 5253 ut
1462 5180 1701 5253 inutilem
1731 5181 1879 5253 falsa
1901 5196 2110 5249 vocem,

526 5269 688 5324 quam
726 5252 972 5324 inserunt
1012 5251 1617 5324 quampluritniﬁeditizi
1642 5251 2112 5324 respuntttAautem

526 5321 717 5377 omnes
737 5323 942 5392 scripti.
971 5321 1080 5377 tres
1103 5332 1208 5377 vet.
1232 5323 1361 5377 edit.
1387 5323 1566 5387 Rom.,
1598 5322 1871 5387 Parrbas.,
1889 5321 2109 5391 Cellar.,

528 5392 739 5449 Walcb.
790 5422 863 5433 —
914 5392 1079 5447 Unius
1127 5394 1403 5448 sententia.
1458 5394 1618 5459 Ald.,
1672 5393 1846 5458 Crat.,
1888 5392 2110 5461 Gyinn.,

528 5463 677 5535 Fas,
699 5463 929 5535 Grypli.,
958 5463 1159 5531 Betu|.,
1179 5463 1370 5535 'l‘orn.,
1392 5462 1677 5529 Thomas,
1707 5463 1886 5527 Isaus,
1917 5462 2110 5535 Tbys.,

526 5534 694 5599 Gall.,
725 5533 916 5601 Spark.
951 5536 1099 5588 unius
1134 5534 1283 5602 falsa
1317 5536 1594 5589 sententia.
1637 5535 1703 5589 Et.
1742 5544 1857 5589 erat
1891 5533 2111 5589 omnino

522 5608 661 5732 falsa
688 5622 706 5661 :
734 5605 876 5660 unde
905 5620 1024 5660 eam
1062 5605 1375 5660 Lactantius
1412 5604 1646 5670 refutat;
1692 5616 1748 5661 at
1781 5604 2109 5677 antiquiores

546 5677 645 5732 ibri
670 5692 773 5731 non
799 5687 1115 5732 atmoscunt.
1146 5675 1279 5732 Bua.

546 5677 645 5732 ibri
670 5692 773 5731 non
799 5687 1115 5747 agnoscunt.
1146 5675 1279 5732 Bua.

518 5800 527 5814 ,
594 5747 736 5802 Iram
776 5745 1036 5803 iit—Deum
1076 5764 1179 5804 non
1218 5748 1498 5803 convenire.
1547 5745 1697 5804 Hanc
1736 5747 2100 5818 locutionem,

2221 4547 2516 4620 castigandi
2545 4555 2647 4612 est,
2695 4547 2791 4603 sed
2822 4547 3002 4618 plores
3035 4568 3046 4600 :
3078 4565 3218 4620 quae,
3255 4560 3311 4602 nt
3350 4551 3548 4619 reipsa,
3599 4550 3811 4620 itagno-

2224 4617 2456 4691 minibus
2496 4632 2711 4691 quoque
2746 4617 2886 4674 inter
2913 4634 2973 4675 se
3006 4617 3227 4674 disiant.
3258 4620 3332 4675 De
3369 4617 3475 4691 quo
3520 4620 3639 4689 lege
3668 4618 3804 4676 Gell.

2221 4687 2261 4744 l.
2285 4704 2359 4747 vt.
2383 4703 2433 4745 c.
2468 4687 2555 4743 14.
2583 4688 2789 4745 Bevus.
3028 4727 3039 4735 .

2295 4760 2669 4814 Existimantur
2698 4761 2865 4827 stoici,
2897 4770 3000 4815 etc.
3026 4761 3390 4831 Reprehendit
3425 4763 3641 4824 stoicos,
3666 4761 3808 4831 quod

2224 4831 2334 4903 Deo
2362 4833 2589 4903 gratiam
2619 4831 2874 4898 tribuant,
2912 4832 3237 4887 clementem
3268 4833 3442 4888 solum
3472 4833 3572 4889 sibi
3610 4834 3810 4903 lingant

2224 4902 2416 4966 Deum,
2442 4917 2545 4955 non
2575 4902 2698 4957 item
2727 4918 2999 4975 severum,
3026 4904 3299 4957 iracundia
3323 4906 3495 4975 ipsum
3516 4902 3806 4973 privantes.

2224 4975 2609 5042 Argumentum
2664 4972 3001 5041 potissimum
3048 4990 3156 5044 quo
3209 4972 3416 5039 nititur,
3462 4972 3547 5029 est
3593 4994 3607 5031 :
3654 4976 3808 5041 Quod

2220 5045 2548 5116 omniaquae
2580 5056 2878 5116 moventur,
2920 5056 3245 5100 moveantur
3282 5048 3332 5100 in
3373 5059 3653 5116 utramque
3686 5060 3808 5114 par-

2222 5124 2329 5187 tem
2356 5133 2373 5187 ι
2390 5114 2560 5187 Deum
2583 5116 2782 5187 itaque,
2810 5115 2853 5168 si
2886 5126 3165 5170 moveatur
3192 5121 3386 5187 gratia,
3418 5114 3619 5172 moveri
3646 5117 3807 5171 etiam

2222 5185 2319 5260 ira.
2362 5185 2487 5260 lloc‘
2519 5186 2897 5260 concederem,
2940 5187 2994 5260 si
3022 5185 3217 5243 sensus
3255 5192 3498 5260 corporis
3535 5189 3810 5260 utriusque

2221 5254 2521 5329 aﬁ‘eetionis
2559 5258 2819 5329 opposita:
2861 5258 3130 5329 particeps
3177 5271 3321 5313 esset
3339 5254 3370 5322 ,’
3389 5269 3446 5314 ιιι
3486 5276 3500 5313 :
3540 5254 3806 5327 Quidquid

2223 5325 2390 5399 sentit
2416 5325 2671 5399 calorem,
2712 5327 2852 5384 idem
2897 5325 3323 5399 frigus'quoque
3365 5331 3548 5384 sentit.
3600 5325 3709 5384 Sed
3752 5329 3805 5383 in

2219 5396 2384 5472 Deum
2412 5396 2562 5470 (quia
2603 5398 2953 5472 incorporeus
2976 5396 3087 5472 est)
3117 5396 3264 5472 nulla
3292 5402 3470 5471 passio
3496 5400 3640 5454 cadit
3680 5418 3692 5453 :
3724 5399 3805 5454 Ira

2213 5469 2395 5537 passio
2424 5469 2536 5534 est,
2587 5478 2642 5524 et
2678 5469 2749 5523 ob
2797 5469 2850 5523 id
2896 5469 3254 5526 imbecillitas.
3294 5469 3478 5526 Gratia
3523 5486 3656 5526 vero
3694 5485 3803 5525 non

2213 5538 2394 5611 modo,
2432 5553 2547 5611 non
2586 5542 2762 5607 passio
2791 5549 2894 5606 est,
2932 5542 3029 5597 sed
3068 5544 3240 5598 virtus
3268 5543 3508 5611 insuper,
3540 5554 3594 5599 et
3632 5543 3801 5597 virtus

2210 5608 2391 5664 divina
2422 5627 2435 5664 :
2464 5610 2586 5687 quia
2621 5611 2979 5687 χρηπρτητος
3009 5629 3140 5687 pars,
3171 5628 3290 5681 qum
3341 5608 3450 5668 Deo
3490 5608 3590 5668 Soli
3631 5622 3797 5687 recte,

2210 5693 2317 5763 non
2349 5689 2413 5763 tit
2438 5680 2708 5763 accidens,
2740 5684 2836 5737 sed
2869 5696 2924 5738 ut
2966 5680 3237 5763 proprium
3276 5687 3578 5763 ᾀχὼριστεν
3609 5684 3797 5739 tribui-

2209 5760 2316 5807 tur.
2347 5750 2426 5808 Ex
2453 5751 2649 5822 quibus
2677 5767 2919 5825 apparet,
2944 5750 3167 5826 gratiam
3197 5765 3251 5813 et
3278 5750 3412 5812 irani
3444 5756 3497 5811 in
3527 5757 3654 5823 Deo,
3688 5772 3793 5812 non
