4138 6190
333 252 396 309 sa
1642 247 1843 303 LIBER
1886 246 1973 302 ne
2014 244 2129 325 IRA
2171 245 2301 300 DEI.
3559 236 3632 292 90

332 367 523 422 melius
551 365 624 420 de
656 363 945 420 Divinitate
982 364 1239 429 sensisse,
1272 363 1363 432 qui
1403 363 1574 428 aiunt,
1611 363 1840 431 gratiam
1871 363 1923 416 in
1951 364 2004 426 Α
2029 361 2295 416 maximus
2325 359 2427 414 dici
2461 359 2691 428 poterit,
2741 358 2885 430 quod
2923 358 3127 428 expetit
3153 355 3335 413 divina
3363 356 3626 412 caelestis-

331 459 433 512 Deo
460 472 610 522 esse,
656 458 788 511 iram
831 470 937 511 non
987 470 1126 510 esse.
1163 455 1495 510 Favorabilis
1525 454 1834 522 admodum,
1865 468 1928 509 ac

331 551 606 623 popularis
644 551 842 615 oratio,
891 565 996 605 non
1047 551 1245 606 cadere
1288 551 1339 604 in
1380 550 1546 604 Deum
1593 551 1731 605 hanc
1762 549 1927 604 animi

329 642 705 714 pusillitatem,
740 652 796 696 ut
826 641 892 696 ab
922 642 1034 697 ullo
1063 659 1122 696 se
1146 643 1332 696 laesum
1357 651 1528 712 putet,
1559 643 1650 712 qui
1673 642 1795 696 laedi
1819 656 1925 697 non

328 743 541 804 potest;
576 744 632 787 ut
660 733 838 802 quieta
867 733 978 798 illa,
1007 742 1061 788 et
1088 743 1271 788 sancta
1305 733 1560 803 majestas
1590 734 1916 800 concitetur,

330 827 710 897 perturbetur,
744 826 999 892 insaniat,
1039 826 1180 897 quod
1211 836 1294 881 est
1338 837 1565 881 terrente
1603 824 1924 895 fragilitatis.

329 922 459 976 Iram
493 922 644 977 enim
667 965 680 987 ,
711 921 1130 977 commotionem
1164 921 1359 975 mentis
1400 935 1522 976 esse
1553 934 1615 975 ac
1645 919 1927 990 perturba-

331 1016 557 1081 tionem,
607 1030 728 1084 qure
771 1014 839 1068 sit
883 1029 912 1066 a
967 1014 1074 1067 Deo
1118 1012 1316 1066 aliena.
1365 1011 1518 1080 Quod
1565 1012 1607 1066 si
1653 1010 1926 1065 hominem

329 1122 563 1178 quoque,
594 1107 686 1175 qui
717 1105 881 1160 modo
909 1105 978 1158 sit
1007 1104 1223 1174 sapiens
1250 1112 1304 1159 et
1329 1105 1532 1174 gravis,
1585 1104 1660 1158 ira
1704 1119 1809 1158 non
1837 1103 1929 1158 de—

332 1209 446 1254 ceat
485 1200 555 1271 (si
583 1198 826 1269 quidem,
855 1213 977 1253 cum
1016 1199 1071 1252 in
1104 1197 1343 1251 animum
1373 1196 1688 1266 cujusquam
1722 1196 1926 1264 incidit,

331 1293 469 1347 velut
500 1308 644 1346 smva
672 1301 964 1361 tempestas
986 1300 1161 1345 tantos
1185 1290 1385 1346 excitet
1411 1289 1628 1356 ﬂuctus,
1649 1298 1706 1344 ut
1726 1299 1928 1344 statum

332 1387 535 1441 mentis
569 1388 842 1450 immutet,
887 1384 1172 1439 ardescant
1205 1383 1368 1450 oculi,
1403 1398 1463 1437 os
1493 1391 1718 1447 tremat,
1749 1382 1928 1452 lingua

327 1482 548 1546 titubet,
585 1481 776 1535 dentes
807 1488 1157 1549 concrepent,
1192 1478 1416 1533 alternis
1445 1477 1651 1531 vultum
1697 1477 1931 1532 maculet

325 1593 468 1630 nunc
501 1575 742 1629 suffusus
766 1574 953 1639 rubor,
980 1588 1121 1627 nunc
1144 1573 1315 1642 pallor
1345 1572 1654 1643 albescens)
1682 1589 1694 1624 :
1726 1581 1931 1640 quanto

326 1671 497 1740 magis
543 1669 712 1722 Deum
762 1683 866 1720 non
909 1665 1101 1720 deceat
1133 1674 1240 1719 tam
1285 1664 1425 1720 {teda
1458 1664 1730 1720 mutatio?
1773 1665 1840 1719 Et
1884 1666 1928 1720 si

2033 471 2135 528 que
2163 463 2375 510 natura.
2427 451 2560 508 Nam
2588 453 2631 508 si
2664 453 2804 508 inter
2834 452 3080 508 homines
3114 449 3381 506 laudabile
3418 449 3629 506 videtur

2032 550 2288 621 prodesse
2353 550 2532 618 potius
2603 563 2764 619 quam
2834 562 3060 612 nocere,
3125 543 3394 601 vivificare
3461 558 3623 615 quam

2028 643 2310 710 occidere,
2359 642 2602 710 salvare,
2666 657 2827 714 quam
2881 640 3144 712 perdere,
3198 653 3296 695 nec
3356 637 3630 694 immerito

2030 736 2338 792 innocentia
2398 736 2540 790 inter
2597 736 2820 790 virtutes
2873 740 3188 789 numeratur
3251 742 3306 788 et
3373 730 3464 803 qui
3513 729 3631 788 haec

2030 829 2236 896 fecerit,
2259 828 2518 900 diligitur,
2535 827 2842 899 prmlertur,
2865 836 3108 893 ornatur,
3133 823 3432 881 benedictis
3449 823 3628 878 omni-

2029 921 2128 976 bus
2147 921 2391 991 votisque
2404 921 2732 983 celebratur,
2752 919 2982 989 denique
2997 917 3068 973 ob
3085 917 3278 972 merita
3295 925 3350 970 et
3365 914 3625 971 beneﬁcia

2033 1012 2143 1067 Deo
2166 997 2476 1066 simillimus
2497 1011 2806 1081 judicatur;
2839 1018 3038 1080 quanto
3061 1007 3227 1078 magis
3258 1007 3433 1078 ipsum
3459 1006 3627 1062 Deum

2032 1119 2130 1176 par
2149 1113 2252 1170 est,
2285 1104 2478 1159 divinis
2502 1103 2861 1174 perfectisque
2882 1101 3167 1157 virtutibus
3199 1099 3622 1171 praecellentem,

2030 1208 2189 1269 atque
2215 1197 2283 1251 ab
2321 1198 2467 1252 omni
2511 1206 2722 1252 terrena
2763 1197 2883 1252 labe
2924 1203 3252 1251 summotum
3280 1235 3294 1260 ,
3336 1193 3533 1249 divinis
3571 1200 3627 1248 et

2037 1289 2348 1346 caelestibus
2379 1289 2653 1344 beneﬁciis
2695 1305 2856 1344 omne
2890 1303 3059 1360 genus
3097 1288 3370 1342 hominum
3416 1300 3630 1357 prome-

2032 1384 2179 1440 reri?
2243 1383 2497 1452 Speciosc
2551 1383 2686 1447 ista,
2749 1381 3186 1452 populariterque
3236 1379 3526 1448 dicuntur,
3574 1390 3628 1435 et

2034 1475 2232 1531 multos
2260 1475 2484 1530 illiciunt
2509 1476 2574 1530 ad
2603 1474 2962 1530 credendum:
2991 1473 3086 1528 sed
3111 1474 3201 1544 qui
3231 1473 3346 1527 hare
3368 1473 3626 1538 sentiunt,

2033 1569 2098 1624 ad
2133 1567 2412 1622 veritatem
2443 1566 2658 1637 quidem
2688 1566 2909 1637 prepius
2938 1565 3229 1628 accedunt;
3269 1563 3364 1620 sed
3392 1564 3445 1618 in
3471 1573 3628 1636 parte

2036 1660 2321 1726 labuntur,
2356 1670 2601 1714 naturam
2630 1658 2707 1713 rei
2742 1673 2934 1728 parum
2962 1657 3388 1712 considerantes.
3429 1655 3563 1712 Nam
3586 1658 3632 1714 si

327 1757 525 1823 homo,
556 1760 650 1828 qui
679 1758 844 1813 habet
885 1759 1170 1828 imperimn
1199 1772 1262 1812 ac
1303 1767 1645 1826 potestatem,
1682 1757 1787 1813 late
1829 1773 1928 1812 no-
1960 1752 2008 1812 B
2037 1754 2175 1810 Deus
2211 1768 2316 1807 non
2349 1752 2599 1807 irascitur
2629 1752 2807 1820 impiis
2829 1759 2884 1806 et
2903 1750 3142 1819 injustis,
3176 1765 3275 1804 nec
3307 1750 3424 1820 pios
3446 1749 3630 1820 utique

326 1859 445 1902 ceat
478 1865 576 1919 per
616 1851 772 1914 iram,
808 1851 1122 1921 sanguinem
1167 1848 1374 1913 fundat,
1420 1850 1582 1904 urbes
1627 1851 1924 1918 subvertat,

328 1942 565 2013 populos
610 1941 808 2008 deleat,
853 1943 1157 2012 provincias
1197 1943 1261 1996 ad
1307 1942 1654 1997 solitudinem
1687 1942 1926 2013 redigat;

328 2044 541 2105 quanto
573 2033 746 2104 magis
774 2035 963 2102 Deum,
1011 2036 1100 2105 qui
1143 2034 1338 2090 habeat
1380 2035 1543 2090 totius
1587 2037 1804 2105 generis
1832 2037 1931 2092 hu-

321 2129 501 2192 mani,
534 2137 592 2183 et
620 2129 788 2200 ipsius
816 2128 998 2184 mundi
1029 2137 1368 2199 potestatem,
1405 2128 1737 2198 perditurum
1764 2129 1931 2187 fuisse

322 2223 585 2276 universa
619 2220 874 2276 credibile
901 2221 988 2285 sit,
1023 2220 1067 2275 si
1099 2221 1466 2276 irasceretur?

315 2326 323 2362 .-'
394 2312 610 2371 Abesse
642 2313 807 2382 igitur
841 2312 908 2367 ab
947 2328 1012 2368 eo
1043 2321 1150 2367 tam
1186 2329 1471 2383 magnum,
1505 2321 1612 2368 tam
1652 2313 1927 2385 pernicio-

319 2422 447 2461 sum
477 2405 682 2462 malum
710 2413 982 2476 Oportere.
1042 2404 1112 2459 Et
1135 2405 1180 2459 si
1209 2405 1347 2460 absit
1376 2405 1444 2460 ab
1473 2420 1538 2461 eo
1567 2406 1644 2461 ira
1665 2449 1679 2472 ,
1711 2417 1761 2461 et
1795 2423 1926 2463 con-

315 2499 541 2564 citatio,
573 2490 698 2568 quia
725 2506 781 2553 et
808 2497 1086 2563 deformis,
1117 2506 1170 2552 et
1205 2499 1363 2552 noxia
1394 2507 1477 2554 est
1497 2539 1512 2565 ,
1544 2513 1644 2555 nec
1673 2500 1921 2571 cuiquam

317 2588 631 2644 malefaciat
652 2631 666 2654 ,
720 2589 852 2644 nihil
881 2589 1026 2644 aliud
1057 2604 1339 2660 superesse
1360 2632 1376 2658 ,
1420 2591 1519 2646 nisi
1562 2599 1620 2646 ut
1655 2592 1725 2646 sit
1759 2591 1918 2660 lenis,

320 2683 685 2754 tranquillus,
728 2685 1028 2755 propitius,
1068 2684 1367 2752 beneﬁcus,
1415 2697 1786 2743 conservator.
1845 2688 1920 2744 lia

321 2776 472 2829 enim
500 2775 718 2831 demum
742 2783 795 2831 et
814 2776 1114 2831 communis
1141 2778 1380 2831 omnium
1413 2789 1584 2848 pater,
1614 2788 1668 2834 et
1689 2781 1922 2850 optimus

2028 1849 2314 1920 justosque
2343 1847 2537 1918 diligit.
2587 1847 2728 1916 Ergo
2755 1845 3088 1900 constantior
3108 1855 3192 1898 est
3211 1859 3365 1899 error
3387 1843 3624 1909 illorum,

2032 1943 2121 2013 qui
2151 1952 2205 1996 et
2236 1943 2369 1996 iram
2397 1939 2580 2005 simul,
2614 1948 2668 1993 et
2696 1939 2920 2010 gratiam
2951 1936 3164 1990 tollunt.
3208 1935 3265 1989 In
3295 1934 3456 1990 rebus
3478 1937 3620 1989 enim

2032 2034 2299 2099 diversis,
2345 2041 2438 2088 aut
2483 2034 2537 2087 in
2580 2041 2862 2101 utramque
2907 2038 3116 2100 partem
3161 2026 3368 2083 moveri
3407 2040 3630 2082 necesse

2033 2141 2147 2199 est,
2186 2139 2278 2184 aut
2310 2130 2362 2184 in
2393 2139 2661 2184 neutram.
2704 2125 2782 2181 Ita
2809 2127 2897 2198 qui
2938 2125 3109 2181 bonos
3137 2123 3344 2195 diligit,
3375 2132 3430 2178 et
3461 2122 3631 2176 malos

2034 2223 2180 2290 odit,
2213 2236 2268 2280 et
2288 2224 2378 2294 qui
2414 2222 2584 2278 malos
2614 2236 2721 2276 non
2751 2219 2896 2287 odit,
2945 2235 3045 2274 nec
3076 2219 3249 2274 bonos
3272 2216 3474 2288 diligit:
3505 2215 3631 2286 quia

2035 2328 2090 2374 et
2117 2317 2341 2388 diligere
2367 2317 2567 2380 bonos,
2614 2329 2681 2370 ex
2704 2313 2832 2368 odio
2869 2312 3134 2367 malorum
3163 2311 3334 2374 venit;
3376 2318 3429 2364 et
3462 2308 3633 2363 malos

2029 2410 2242 2478 odisse,
2272 2425 2338 2466 ex
2382 2410 2646 2465 bonorum
2678 2407 2944 2463 charitate
2982 2403 3284 2461 descendit.
3341 2401 3514 2458 Nemo
3550 2409 3635 2456 est

2025 2503 2117 2574 qui
2146 2511 2290 2557 amet
2317 2501 2478 2557 vitam
2510 2500 2626 2556 sine
2648 2499 2774 2556 odio
2805 2499 3017 2565 mortis,
3050 2513 3149 2553 nec
3175 2505 3392 2568 appetat
3417 2495 3616 2560 lucem,

2025 2596 2124 2652 nisi
2166 2597 2255 2668 qui
2295 2595 2543 2651 tenebras
2583 2593 2735 2663 fugit.
2799 2591 2950 2647 Adeo
3002 2601 3190 2645 natura
3237 2591 3339 2644 ista
3381 2601 3624 2644 connexa

2025 2700 2168 2755 sunt,
2200 2699 2259 2745 nt
2281 2690 2508 2744 alterum
2536 2687 2652 2742 sine
2678 2685 2849 2740 altero
2876 2683 2992 2739 ﬁeri
3025 2689 3281 2753 nequeat.

2103 2780 2160 2836 Si
2188 2781 2309 2854 quis
2335 2778 2594 2835 Dominus
2623 2776 2826 2833 habens
2856 2776 2908 2831 in
2941 2773 3141 2830 familia
3170 2785 3382 2841 servos,
3427 2770 3628 2827 bonum

1620 2916 1979 2978 VARIORUM
2016 2919 2246 2977 NOTAE.

318 3067 375 3111 ut
405 3055 463 3110 in
494 3055 832 3124 magistratu,
860 3069 956 3110 seu
981 3053 1242 3125 principe.
1272 3057 1543 3112 contrario
1565 3071 1629 3112 ex
1654 3058 1918 3114 diametro
1944 3058 1989 3121 C

318 3143 458 3182 esse.
501 3126 823 3181 Berceews.

391 3198 632 3252 Gratiam
669 3200 720 3250 in
751 3196 859 3251 Deo
902 3214 1030 3260 esse,
1075 3200 1206 3251 iram
1247 3215 1346 3251 non
1385 3215 1514 3252 esse.
1561 3199 1629 3254 Ut
1675 3202 1766 3269 qui
1815 3216 1918 3255 non

317 3270 451 3324 velit
497 3269 713 3332 obesse,
745 3285 830 3323 me
869 3272 1058 3339 possit,
1091 3280 1146 3322 ut
1182 3271 1255 3324 ait
1287 3271 1478 3326 Senec.
1527 3271 1618 3324 lib.
1651 3287 1684 3325 ll
1714 3273 1780 3326 de
1813 3273 1915 3337 lra,

323 3342 412 3396 tibi
444 3341 514 3394 de
548 3341 649 3393 hoc
677 3341 915 3395 disserit.
952 3339 1137 3396 lsreus.
1535 3363 1564 3396 ο

395 3411 726 3464 Favorabilis
772 3412 1068 3466 admodum.
1115 3412 1189 3466 lta
1237 3412 1590 3480 antiquissimi
1637 3423 1690 3466 et
1735 3414 1921 3483 optimi

319 3499 460 3537 mss.
494 3483 833 3552 Regio-Put.,
874 3483 908 3536 9.
952 3484 1184 3542 Borion,
1230 3483 1263 3534 '5
1291 3483 1555 3549 Cull)8t‘l.,
1597 3483 1753 3547 Tam,
1790 3486 1918 3538 Pen.

322 3557 534 3608 Auctor
573 3564 758 3607 noster
797 3555 1092 3622 favorabilis
1123 3555 1294 3608 active
1336 3556 1534 3623 posuit,
1568 3555 1708 3624 quod
1741 3571 1920 3609 rarum

322 3637 426 3679 est.
467 3625 752 3678 Admodum
779 3626 930 3679 abest
961 3640 990 3677 a
1019 3625 1086 3678 10
1114 3642 1243 3679 mss.
1274 3636 1323 3678 et
1348 3643 1374 3676 ει
1407 3627 1472 3679 15
1500 3627 1682 3680 editis.

399 3694 682 3764 Papularis
706 3698 890 3749 oratio.
936 3696 988 3748 Id
1029 3707 1132 3760 est,
1173 3712 1290 3761 quae
1332 3698 1526 3765 popqu
1566 3707 1711 3761 grata
1753 3709 1835 3753 est
1872 3708 1926 3753 et

320 3777 573 3836 accepta,
603 3782 724 3836 quze
751 3767 930 3820 studet
960 3767 1218 3821 voluntati
1245 3769 1442 3836 pepuli.
1475 3767 1700 3822 WAIJIH.

393 3839 573 3891 Animi
602 3838 955 3908 pusillitatem.
990 3838 1115 3892 Mss.
1141 3839 1173 3892 6
1206 3854 1315 3892 rec.
1352 3850 1406 3893 et
1444 3840 1476 3892 5
1519 3841 1669 3905 cdd.,
1705 3841 1925 3910 pusilla-

320 3911 607 3962 nimitatem
619 3951 630 3961 .

397 3979 551 4032 Iram
584 3981 741 4045 enim,
775 3981 1158 4033 connuotionem
1198 3982 1374 4035 mentis
1405 3998 1527 4035 esse.
1563 3981 1808 4035 Sulticiat
1837 3997 1925 4036 se-

322 4053 435 4104 mel
489 4053 785 4112 monuisse,
833 4052 1044 4119 quoties
1086 4052 1217 4104 iram
1259 4052 1368 4106 Deo
1414 4053 1717 4113 tribuimus,
1765 4069 1830 4107 eo
1874 4053 1926 4107 id

322 4136 490 4176 sensu
521 4136 619 4176 nos
649 4121 975 4192 intelligere,
1008 4136 1114 4191 quo
1144 4122 1424 4177 Durandus
1456 4123 1546 4178 lib.
1578 4140 1636 4189 ιι,
1669 4125 1790 4177 dist.
1832 4124 1923 4188 '50,

322 4203 521 4259 quiest.
550 4193 608 4256 2,
639 4195 724 4247 ubi
752 4195 828 4246 ait
858 4211 870 4246 :
904 4191 1042 4247 Deus
1067 4194 1254 4246 dicitur
1294 4196 1476 4258 iratus,
1517 4211 1616 4247 non
1649 4196 1926 4248 secundum

325 4263 602 4328 aﬂectum,
649 4266 735 4316 sed
777 4262 1030 4330 eﬂ'ectam,
1081 4266 1133 4316 in
1173 4276 1420 4334 quantum
1469 4279 1724 4331 prtenarat
1769 4267 1927 4319 alicui

325 4351 528 4400 plenam
558 4335 634 4386 vel
654 4335 862 4406 inﬂigit.
891 4335 1202 4389 Duriuscule
1229 4336 1370 4389 enim
1406 4337 1661 4406 loquitur.
1694 4336 1923 4391 Lactan-

329 4409 459 4467 tius,
487 4420 607 4457 cum
654 4407 744 4458 ira:
772 4403 1035 4458 affectum
1081 4407 1149 4459 ita
1185 4407 1292 4459 Deo
1322 4403 1630 4476 competere
1665 4409 1920 4468 afﬁrmet,

325 4487 591 4544 quatenus
623 4476 695 4529 illi
729 4485 930 4528 motum
971 4479 1253 4543 quemdam
1285 4479 1574 4544 imprimat.
1600 4480 1880 4532 SPARKIUS.

403 4544 672 4615 Siquidem
709 4565 822 4598 cum
864 4547 916 4598 in
955 4548 1181 4599 animum
1220 4551 1522 4617 cujusquam
1560 4550 1768 4613 incidit,
1811 4561 1918 4604 etc.

326 4615 554 4688 ljierun.
587 4619 638 4670 iu
673 4618 842 4684 Epist.
890 4617 954 4670 ad
988 4617 1164 4671 Titum
1211 4615 1331 4688 cap.
1365 4615 1470 4674 ide
1503 4621 1638 4673 irato
1670 4621 1916 4674 homine:

327 4686 499 4740 Torva
538 4691 695 4753 vultu,
735 4689 1061 4741 trementibus
1091 4686 1490 4759 labiis,'rugata
1529 4695 1714 4760 fronte,
1755 4690 1921 4758 effric-

325 4759 468 4811 nntis
494 4762 752 4823 conviciis,
775 4760 905 4830 facie
927 4760 1055 4812 inter
1079 4762 1324 4828 pallorem
1347 4759 1677 4827 ruboremqae
1701 4764 1917 4816 variata.

327 4832 541 4884 Seneca
575 4830 642 4883 de
683 4831 784 4889 Ira.
821 4831 912 4884 lib.
945 4847 979 4894 I,
1009 4846 1127 4899 cap.
1161 4849 1172 4884 l
1205 4852 1219 4887 :
1264 4831 1458 4886 Multus
1489 4849 1574 4885 ore
1612 4843 1716 4886 toto
1746 4833 1918 4895 rubor,

327 4911 643 4973 extenuatur
682 4902 742 4953 ab
788 4902 902 4954 imis
954 4902 1250 4965 praecordiis
1303 4905 1550 4973 sanguine
1577 4920 1594 4956 :
1625 4905 1758 4956 labia
1796 4921 1918 4972 qua-

326 4971 546 5044 tiuntur,
599 4974 773 5026 dentes
801 4973 1229 5039 comprimantur,
1270 4971 1474 5027 horrent
1501 4991 1561 5026 ac
1591 4975 1924 5044 subriguntur

323 5043 526 5109 capilli,
570 5045 782 5123 spiritus
813 5054 1048 5106 coactus,
1089 5046 1308 5098 stridens
1350 5047 1685 5098 articulorum
1731 5043 1924 5111 seipsos

324 5119 667 5182 torquentium
699 5131 873 5175 sonus,
916 5119 1130 5180 gemitus
1159 5119 1494 5184 mugitusque,
1538 5126 1583 5170 et
1629 5133 1808 5184 parum
1837 5134 1925 5170 ex-

323 5185 554 5252 planatis
581 5185 784 5237 vocibus
811 5201 973 5236 sermo
1004 5199 1314 5254 prwruptus,
1355 5198 1399 5241 et
1431 5187 1704 5255 complosis
1738 5189 1925 5250 stepias

325 5271 510 5308 manus
537 5296 549 5317 ,
599 5265 646 5309 et
670 5257 874 5320 pulsata
914 5256 1096 5307 humus
1119 5258 1328 5324 pedibus
1350 5301 1363 5322 ,
1415 5269 1460 5310 et
1487 5269 1646 5310 totum
1674 5260 1924 5310 concitum

326 5341 538 5392 corpus,
568 5342 878 5397 magnasque
907 5327 1067 5379 atinas
1096 5345 1271 5398 agens,
1301 5328 1437 5397 [teda
1468 5331 1576 5382 visu
1604 5339 1650 5382 et
1673 5330 1925 5382 horrenda

325 5402 487 5464 [acies
524 5398 906 5465 depravantium
939 5415 992 5451 se
1016 5411 1166 5467 atque
1205 5401 1659 5454 intumescentium.
1713 5401 1926 5454 ELIEN-

326 5481 527 5521 BORS‘T.

408 5537 605 5592 Excitet
635 5541 842 5608 ﬂuctus.
889 5538 1181 5604 Francius,
1204 5543 1408 5596 excitat.

406 5610 878 5684 Atdcscanl._Yitlc
909 5610 1102 5684 Seuec.
1131 5611 1198 5666 de
1224 5613 1327 5677 lra,
1354 5614 1506 5668 initio
1542 5614 1634 5670 lib.
1662 5629 1699 5679 ι,
1724 5630 1841 5684 cap.
1871 5617 1920 5670 l.

409 5680 646 5758 Alternis.
703 5681 1232 5758 Eleganter_alternis
1266 5685 1512 5740 absolute
1549 5685 1743 5742 dicitur
1765 5680 1919 5758 ,'pro

325 5766 396 5806 co
424 5754 564 5822 quod
596 5752 651 5807 tit
677 5769 774 5824 per
799 5752 961 5809 vices.
991 5754 1270 5810 Lucretius
1296 5773 1331 5822 i,
1367 5757 1503 5814 1010
1532 5775 1542 5809 :

1952 4442 2004 4500 D

2178 3078 2242 3128 Ut
2258 3080 2328 3128 sic
2345 3079 2548 3130 alternis
2571 3079 2755 3128 inﬁnita
2779 3077 2940 3127 omnia
2961 3075 3156 3126 reddat.

2024 3183 2231 3238 Plinius
2261 3184 2353 3238 lib.
2389 3200 2451 3245 ν,
2481 3200 2567 3250 ep.
2602 3183 2687 3238 18.
2742 3183 2870 3251 Qua:
2899 3181 3153 3236 interdum
3181 3180 3422 3247 alternis,
3467 3191 3513 3235 et
3541 3180 3622 3234 in-

2025 3255 2226 3308 terdum
2254 3257 2582 3326 simulfacio.
3189 3323 3199 3326 _
3268 3252 3402 3326 Rus.

2100 3323 2433 3380 Perditurum
2453 3329 2609 3393 fuisse
2637 3326 2868 3379 universa
2895 3324 3132 3377 credibile
3155 3323 3241 3377 sit.
3287 3323 3428 3377 Duas
3455 3337 3618 3378 voces

2025 3409 2330 3467 postremas
2371 3397 2553 3452 addidi
2587 3413 2653 3451 ex
2680 3396 2932 3451 omnibus
2963 3395 3136 3448 ferme
3167 3409 3296 3467 mss.
3327 3394 3482 3467 etl‘z
3511 3404 3619 3448 vet.

2025 3466 2207 3524 editis.
2271 3469 2479 3522 Absmit
2521 3477 2696 3522 autem
2737 3483 2767 3521 a
2812 3482 2939 3521 mss.
2975 3467 3009 3522 5
3037 3475 3092 3520 et
3125 3466 3348 3520 totidem
3396 3466 3626 3535 impres-

2025 3540 2121 3594 sis.
2155 3570 2226 3581 ——-
2262 3539 2513 3594 Credibile
2552 3540 2635 3591 sit.
2702 3539 2826 3592 llaec
2864 3539 3115 3590 videntur
3157 3537 3481 3590 necessaria.
3561 3535 3626 3590 Ut

2025 3613 2168 3664 enim
2193 3611 2352 3664 modo
2377 3625 2536 3676 supra
2565 3609 2726 3662 dixit:
2763 3609 2914 3676 Quod
2935 3609 2978 3660 si
3008 3608 3264 3660 hominem
3291 3645 3304 3658 .
3331 3648 3343 3660 .
3367 3645 3380 3658 .
3407 3623 3508 3658 non
3532 3607 3621 3656 de-

2025 3690 2134 3735 ceat
2160 3723 2174 3736 .
2200 3721 2212 3733 .
2235 3720 2248 3734 .
2271 3692 2460 3750 quanto
2487 3681 2648 3751 magis
2675 3678 2841 3733 Deum
2870 3695 2973 3731 non
2997 3678 3169 3731 deceat
3191 3693 3202 3741 ;
3251 3678 3328 3751 sic
3365 3677 3416 3729 in
3455 3677 3624 3746 appli-

2026 3753 2260 3806 catioue.
2286 3749 2291 3750 “
2576 3749 2586 3751 ’
3280 3749 3410 3802 Ilua.

2101 3843 2432 3914 Malefaciat.
2463 3842 2588 3896 Mss.
2620 3843 2674 3908 5,
2700 3841 2991 3914 malefacit;
3015 3837 3278 3906 Clarom.,
3312 3839 3621 3914 malefaciet.

2104 3910 2251 3968 Nihil
2290 3913 2433 3966 aliud
2459 3930 2736 3979 superesse.
2797 3910 2885 3967 Sic
2928 3913 3046 3981 lego
3072 3927 3137 3965 ex
3161 3926 3292 3966 mss.
3323 3910 3357 3964 2
3389 3910 3622 3973 Bonon.,

2029 3987 2051 4040 1
2084 3985 2217 4055 Reg.
2248 3986 2470 4054 aliisque
2500 3994 2553 4036 et
2579 3985 2707 4039 edit.
2735 3984 2802 4037 ls.
2835 3984 2901 4038 Et
2941 3984 3020 4037 sic
3050 3982 3330 4055 legendum
3377 3997 3498 4055 esse
3535 3997 3626 4047 pa-

2029 4067 2103 4111 tet
2128 4053 2194 4111 ex
2233 4053 2677 4126 praecedentibus.
2739 4055 2798 4109 In
2841 4056 3021 4110 multis
3063 4067 3174 4109 tum
3208 4053 3450 4123 scriptis,
3513 4064 3624 4106 tum

2028 4129 2304 4191 impressis
2337 4127 2530 4197 legitur
2569 4127 2728 4182 abest.

2099 4196 2408 4252 Communis
2431 4200 2658 4251 omnium
2701 4207 2863 4267 pater.
2916 4197 2982 4252 Ut
3016 4197 3109 4252 lib.
3143 4211 3195 4261 ν,
3223 4211 3342 4258 cap.
3373 4196 3434 4250 8:
3485 4212 3626 4246 com-

2027 4287 2226 4322 munem
2258 4271 2482 4322 omnium
2510 4282 2704 4338 patrem
2737 4268 2921 4322 Deum.
2969 4268 3244 4336 Elegantia
3277 4267 3318 4318 Τ
3323 4267 3623 4338 eretitiana.

2027 4341 2162 4394 Vide
2186 4340 2307 4394 Not.
2339 4341 2405 4393 ad
2436 4336 2581 4394 Lact.
2611 4341 2698 4393 lib.
2729 4355 2810 4401 ιιι,
2841 4354 2962 4405 cap.
2997 4339 3081 4392 ~l8.
3343 4336 3477 4388 Bos.

2103 4410 2166 4464 Et
2194 4413 2411 4479 optimus
2437 4412 2705 4464 maximus.
2760 4409 2834 4463 ita
2879 4423 3006 4462 mss.
3042 4409 3074 4460 :‘i
3121 4406 3281 4479 Reg._
3306 4406 3445 4479 inter
3474 4420 3625 4479 quos

2029 4492 2110 4536 est
2150 4473 2318 4549 aniiq.
2373 4481 2694 4550 Regio-Pot.
2747 4490 2802 4536 et
2839 4480 2926 4535 ed.
2974 4479 3130 4533 Rom.
3181 4473 3623 4550 ﬂ?_(),Cel|ar_.,

2027 4552 2237 4607 Walcli.
2274 4544 2404 4607 Aliis
2432 4544 2550 4618 est,
2585 4563 2630 4606 et
2678 4569 2790 4606 vere
2831 4551 3102 4605 maximus.
3132 4578 3202 4588 -—-
3243 4547 3520 4602 Maximus.
3567 4544 3624 4601 lu

2027 4639 2129 4678 ms.
2166 4624 2293 4677 Bov.
2328 4633 2410 4677 est
2437 4625 2806 4694 maximusque.

2102 4694 2346 4749 Ornatur.
2390 4694 2462 4748 ita
2494 4711 2614 4750 cum
2647 4688 2804 4750 editis
2830 4695 2984 4748 Rom.
3012 4692 3151 4747 1470
3181 4706 3242 4744 ac
3272 4688 3474 4744 Cellar.
3499 4702 3618 4742 om-

2027 4781 2122 4821 nes
2151 4782 2282 4820 mss.
2313 4778 2508 4836 przeter
2537 4769 2569 4819 2
2597 4781 2706 4821 rec.
2742 4768 2792 4820 in
2818 4766 3009 4836 quibus
3035 4775 3118 4819 est
3145 4764 3444 4823 honoratur,
3480 4769 3536 4813 ut
3563 4760 3615 4814 in

2029 4838 2307 4908 impressis
2337 4839 2538 4891 multis.

2102 4901 2382 4962 Benedictis
2441 4909 2671 4961 onmibus
2720 4910 2944 4974 votisque
2991 4906 3294 4958 celebratur.
3367 4902 3456 4957 Sic
3503 4901 3621 4971 lego

2027 4995 2146 5034 cum
2178 4980 2336 5033 editis
2363 4981 2677 5048 cunctisque
2705 4993 2831 5031 mss.
2863 4987 3056 5042 praeter
3085 4976 3121 5028 2
3152 4990 3257 5048 rec.
3293 4975 3485 5042 quibus
3515 4985 3619 5037 est,

2030 5059 2239 5102 ornatur
2266 5050 2558 5108 benedictis.
2592 5047 2816 5118 votisque
2843 5049 3075 5101 omnibus
3096 5047 3391 5099 celebratur.

2101 5120 2164 5173 In
2197 5131 2357 5190 parte.
2402 5120 2597 5183 Lond.,
2633 5116 2784 5189 Regﬁ,
2834 5121 2884 5171 in
2939 5128 3152 5182 partem.
3197 5119 3302 5190 rAt
3347 5116 3492 5190 prius
3541 5123 3624 5166 est

2028 5185 2246 5246 rectius.
2281 5191 2394 5245 Lib.
2428 5207 2508 5256 Ill,
2541 5207 2656 5259 cap.
2687 5185 2750 5245 (ἴε
2782 5193 2832 5244 in
2866 5200 3010 5259 parte
3036 5189 3368 5242 sustulerant.
3400 5185 3620 5246 Lil).\‘ll,

2027 5277 2144 5331 cap.
2191 5261 2264 5316 22
2302 5281 2314 5316 :
2365 5264 2414 5315 in
2466 5275 2608 5331 parte
2645 5261 3003 5330 corruperint.
3031 5300 3043 5312 .
3069 5303 3080 5313 .
3127 5261 3180 5312 in
3221 5269 3366 5331 parte
3413 5273 3625 5308 consen-

2029 5329 2179 5387 tiunt.
2468 5329 2473 5331 ν
2804 5329 2808 5330 ⁷
3278 5329 3408 5382 Bos.

2101 5404 2358 5458 Naturam
2388 5405 2481 5457 rei.
2534 5403 2810 5458 Francius.
2844 5402 3007 5458 Forte
3033 5401 3320 5473 legendum
3352 5399 3468 5452 Dei.
3521 5395 3619 5452 Ms.

2026 5475 2292 5538 Clarom.,
2323 5492 2511 5527 rerum.

2100 5547 2184 5600 Ita
2203 5549 2289 5616 qui
2309 5549 2465 5602 bonos
2493 5547 2678 5616 diligit,
2710 5557 2812 5601 etc.
2872 5547 3008 5601 Tres
3049 5559 3177 5599 mss.
3214 5545 3344 5610 Reg.
3383 5553 3616 5616 sequen-

2028 5620 2099 5673 tia
2131 5613 2293 5673 verba
2319 5613 2610 5690 respuunt,
2660 5628 2705 5672 et
2747 5619 2906 5672 malos
2947 5619 3084 5682 odit,
3135 5626 3180 5670 et
3213 5617 3299 5678 qui
3331 5613 3490 5666 malos
3515 5624 3616 5660 non

2029 5691 2158 5744 odit.

2101 5760 2305 5816 Natura
2355 5764 2450 5815 ista
2486 5778 2715 5816 connexa
2758 5773 2892 5817 sunt.
2957 5759 3152 5826 Loud.,
3204 5757 3356 5824 Reg,
3409 5750 3613 5814 Βοὶηιη
