4138 6190
455 234 524 292 9|
1782 228 1970 289 FIRM.
2012 223 2379 289 LAC'I'ANTll
3678 228 3753 287 92

459 361 523 404 ac
545 346 743 404 malum
764 384 781 415 ,
821 356 929 403 non
970 346 1155 417 utique
1178 352 1272 401 aut
1310 345 1500 401 ambos
1531 345 1676 411 odit.
1720 352 1815 403 aut
1851 348 2042 405 ambos
2068 344 2123 405 Α
2144 343 2354 415 gratia;
2390 306 2686 399 abeundum
2727 347 2847 409 est,
2883 352 2954 399 ex
2978 339 3185 399 incerto
3208 346 3419 398 certum
3458 341 3601 399 velle
3628 343 3758 398 sub.

463 439 742 498 actisactis
764 446 823 495 et
852 436 1058 494 honore
1092 436 1474 509 prosequitur;
1518 432 1661 508 quod
1691 438 1737 495 si
1766 437 1956 507 tactet,
1997 446 2057 499 et
2159 443 2391 502 vertere,
2417 444 2543 491 cum
2570 434 2640 490 sit
2658 432 2982 506 pmntptius,
3013 433 3083 490 de
3106 433 3271 490 certis
3292 432 3497 491 incerta
3517 432 3756 491 limare.

464 534 681 605 iniquus
734 541 791 587 et
844 530 1047 587 stultus
1098 538 1214 586 est:
1268 529 1366 586 sed
1413 530 1613 586 bonum
1659 540 1717 586 et
1763 531 2058 603 alloquitur

464 628 656 693 amice,
685 633 743 682 et
770 633 947 691 ornat,
970 633 1028 680 ct
1051 622 1202 680 domi
1232 637 1295 679 ae
1321 623 1539 680 familiae
1562 624 1781 695 suisque
1804 626 2059 682 omnibus

466 718 626 775 rebus
654 716 909 788 prmlicit;
951 715 1152 771 malum
1190 729 1319 771 vero
1347 715 1678 783 maledictis,
1718 718 2055 785 verberibus,

466 809 740 877 nuditate,
781 808 955 877 tame,
993 808 1117 874 siti,
1171 807 1520 878 compedibus
1554 809 1735 878 punit,
1784 818 1844 864 ut
1881 819 1938 865 et
1972 810 2063 867 hie

469 902 724 972 exornplo
759 901 979 957 ueteris
1017 901 1088 955 sit
1114 900 1182 956 ad
1220 916 1327 955 non
1360 900 1686 970 peccandum
1708 940 1723 966 ,
1772 910 1829 957 et
1868 901 1959 957 ille
1994 902 2060 959 ad

468 994 888 1066 promerendum
910 1034 927 1059 ,
960 1002 1020 1048 ut
1044 992 1178 1048 alios
1208 1002 1382 1049 metus
1408 1002 1681 1060 coerceat,
1712 990 1852 1048 alios
1888 991 2065 1050 honor

469 1096 749 1159 provocet.
766 1086 869 1155 Qui
886 1100 1016 1156 ergo
1036 1084 1231 1156 diligit,
1252 1093 1310 1139 et
1328 1082 1470 1151 odit;
1490 1084 1581 1155 qui
1610 1082 1745 1151 odit,
1775 1093 1830 1139 et
1852 1084 2061 1156 diligit;

473 1186 598 1233 sunt
622 1177 767 1233 enim
789 1219 804 1245 ,
836 1177 926 1247 qtti
952 1176 1102 1246 diligi
1124 1176 1396 1244 debeant,
1424 1185 1551 1230 sunt
1569 1175 1661 1246 qui
1695 1176 1822 1232 odio
1853 1178 2062 1234 haberi.

472 1272 542 1327 Et
569 1271 708 1326 sicut
732 1272 799 1338 is,
825 1270 916 1341 qui
940 1269 1136 1339 diligit,
1170 1269 1383 1324 confert
1409 1271 1549 1323 bona
1574 1267 1629 1323 in
1650 1282 1776 1335 eos,
1806 1282 1944 1340 quos
1982 1270 2069 1324 dic

474 1365 624 1436 ligit:
654 1365 722 1419 ita
748 1364 840 1434 qui
866 1362 1002 1432 odit,
1030 1365 1231 1434 irrogat
1253 1361 1395 1417 mala
1424 1362 1509 1427 iis,
1546 1376 1685 1433 quos
1710 1361 1837 1417 odio
1867 1360 2065 1429 habet;

476 1456 620 1528 quod
659 1464 1067 1528 argumentum,
1105 1455 1226 1525 quia
1262 1466 1448 1509 verum
1489 1463 1614 1521 est,
1652 1453 1872 1510 dissolvi
1916 1455 2067 1511 nullo

473 1557 631 1620 pacto
657 1558 845 1619 potest.
891 1548 1039 1602 Vane
1062 1561 1193 1617 ergo
1218 1554 1273 1601 et
1292 1546 1425 1601 falsa
1450 1554 1537 1602 est
1566 1546 1830 1602 sententia
1847 1559 2064 1617 eorum,

2757 542 2986 605 CAPUT
3032 541 3125 604 Vl.

2645 636 2798 710 Quod
2824 639 2964 697 Deus
2990 640 3259 698 irascatur.

2232 754 2328 812 Hae
2356 764 2480 812 sunt
2513 753 2580 813 de
2611 755 2721 813 Deo
2762 755 3212 828 philosophorum
3245 757 3547 814 sententias.
3602 758 3763 817 Aliud

2162 858 2421 921 prteterea
2446 848 2577 903 nihil
2602 848 2881 920 quisquam
2910 847 3068 904 dixit.
3090 847 3245 917 Quod
3273 849 3318 904 si
3347 850 3483 915 haec,
3506 866 3625 921 qua:
3649 849 3764 907 dic.

2165 954 2217 1000 ta
2238 953 2384 1012 sunt,
2410 944 2538 999 falsa
2568 958 2691 1001 esse
2717 943 3205 1014 deprehendimus,
3230 959 3395 998 unum
3422 942 3552 998 illud
3579 953 3765 1000 extre-

2166 1052 2310 1093 mum
2363 1046 2608 1107 superest
2628 1076 2645 1104 ,
2690 1036 2743 1092 in
2785 1052 2892 1108 quo
2919 1036 3034 1091 solo
3063 1035 3234 1107 possit
3264 1035 3462 1091 veritas
3491 1036 3716 1092 inveniri
3739 1077 3760 1105 ,

2166 1130 2309 1202 quod
2340 1147 2371 1184 a
2402 1128 2736 1200 philosOphis
2764 1144 2862 1185 nec
2890 1137 3200 1199 susceptum
3225 1138 3312 1184 est
3353 1143 3587 1199 unquam
3608 1168 3624 1194 ,
3661 1142 3766 1184 nec

2168 1223 2459 1295 aliquando
2502 1222 2818 1289 defensum;
2848 1236 3188 1292 consequens
3231 1235 3375 1288 esse,
3406 1231 3464 1275 ut
3503 1222 3768 1278 irascatur

2172 1317 2331 1383 Deus,
2358 1316 2609 1387 quoniam
2626 1318 2796 1388 gratia
2821 1325 3214 1373 commovetur.
3243 1315 3369 1371 Htec
3391 1316 3588 1372 tuenda
3611 1317 3769 1373 nobis

2172 1419 2228 1468 et
2251 1406 2542 1465 asserenda
2568 1409 2835 1464 sententia
2858 1417 2964 1464 est.
2994 1408 3050 1463 la
3076 1421 3142 1464 eo
3158 1406 3302 1461 enim
3333 1420 3541 1462 summa
3563 1408 3767 1473 omnis,

2172 1510 2227 1559 et
2263 1498 2427 1556 cardo
2464 1499 2738 1570 religionis
2780 1499 3100 1571 pietatisque
3127 1508 3394 1556 versatur.
3427 1498 3561 1554 Nam
3588 1515 3772 1572 neque

2175 1592 2347 1649 bonos
2375 1592 2515 1649 ullus
2540 1589 2727 1648 deberi
2771 1600 2952 1663 potest
2997 1590 3133 1657 Deo,
3168 1591 3214 1648 si
3252 1590 3387 1645 nihil
3416 1601 3639 1662 prtestat
3681 1606 3776 1648 co-

511 1641 714 1696 uicum
742 1639 974 1695 alterum
1002 1639 1115 1695 Deo
1149 1638 1386 1694 tribuant
1470 1638 1701 1694 alterum
1742 1638 2045 1695 detrahunt
2175 1638 2345 1649 """
2377 1638 2515 1649 "'"'
2543 1638 2727 1648 """
2771 1638 2952 1663 """
2998 1638 3133 1657 "'"
3168 1638 3214 1648 "
3416 1638 3639 1662 ""‘"'
3684 1638 3744 1648 "

473 1652 577 1752 Ἰ-
619 1733 791 1752 M,____
863 1747 1011 1752 um
1057 1731 1267 1752 ,ηωω
1304 1676 1715 1752 ,ηιξμωμωῃ
1755 1678 2067 1752 Δμμιμ]
2094 1732 2142 1752 _
2174 1682 2337 1749 lenti,
2382 1698 2482 1740 nec
2506 1683 2645 1740 ullus
2667 1693 2864 1752 metus,
2897 1682 2942 1739 si
2972 1699 3078 1739 non
3116 1681 3365 1740 irascitur
3394 1696 3506 1740 non
3533 1683 3753 1740 colenti.

474 1748 583 1789 non
617 1733 816 1798 minus,
854 1747 1017 1803 quam
1057 1731 1270 1787 illorum
1302 1731 1394 1801 qui
1432 1741 1719 1803 utrumque
1749 1731 2063 1789 detrahunt.
2094 1732 2145 1798 Β

477 1824 586 1882 Sed
616 1824 716 1890 illi,
754 1834 814 1879 ut
838 1822 1194 1888 ostendimus,
1236 1837 1307 1878 ex
1333 1831 1488 1894 parte
1510 1836 1619 1878 non
1644 1832 1847 1891 errant,
1890 1824 1986 1881 sed
2010 1823 2066 1883 id

476 1916 619 1990 quod
656 1916 852 1973 melius
888 1926 975 1972 est
1005 1931 1072 1971 ex
1100 1914 1312 1971 duobus
1352 1916 1609 1970 retinent.
1660 1915 1701 1971 li
1728 1930 1888 1982 vero,
1934 1929 2070 1988 quos

477 2008 614 2067 ratio
636 2019 691 2065 et
714 2009 913 2066 veritas
931 2009 1230 2080 argumenti
1255 2006 1417 2078 hujus
1436 2006 1663 2075 inducit,
1694 2007 1827 2064 l'alsa
1848 2010 2072 2065 omnino

477 2102 745 2160 sententia
796 2111 1075 2171 suscepta,
1121 2100 1177 2156 in
1222 2099 1515 2155 maximum
1564 2113 1804 2155 errorem
1846 2100 2068 2157 cadunt.

472 2195 593 2275 Eon
620 2196 766 2251 enim
789 2193 868 2251 sic
894 2196 1183 2266 oportebat
1210 2207 1305 2250 eos
1323 2192 1725 2264 argumentari:
1755 2192 1894 2260 Quia
1927 2193 2073 2250 Deus

473 2304 583 2346 non
609 2289 878 2355 irascitur,
916 2303 1047 2359 ergo
1076 2300 1178 2343 nec
1201 2286 1372 2359 gratia
1399 2297 1802 2353 commovetur;
1851 2287 1949 2344 sed
1976 2288 2074 2355 ita,

473 2380 607 2449 Quia
634 2379 777 2436 Deus
805 2378 974 2451 gratia
1006 2386 1270 2445 movetur,
1303 2390 1434 2449 ergo
1458 2386 1514 2434 et
1545 2376 1815 2434 irascitur.
1851 2378 1907 2436 Si
1927 2380 2074 2436 enim

472 2485 678 2529 certum
726 2484 780 2530 et
829 2473 1185 2529 indubitatum
1226 2471 1450 2541 fuisset,
1515 2486 1625 2528 non
1682 2472 1843 2531 irasci
1883 2475 2074 2544 Deum,

473 2578 602 2624 tunc
629 2565 697 2622 ad
721 2565 852 2621 illud
879 2565 1111 2621 alterum
1143 2564 1315 2621 veniri
1343 2573 1488 2621 esset
1509 2578 1751 2622 necesse.
1810 2566 1945 2623 Cum
1974 2582 2072 2622 au-

473 2667 581 2715 tem
613 2659 783 2732 magis
812 2659 883 2716 sit
905 2657 1218 2730 ambiguum
1241 2657 1310 2715 de
1332 2658 1434 2726 ira,
1465 2673 1605 2730 pene
1631 2657 1982 2717 manifestum
2007 2661 2079 2717 de

2765 1800 3000 1858 CAPUT
3037 1800 3154 1856 Vll.

2454 1894 2529 1951 De
2555 1894 2779 1951 Homine
2800 1903 2849 1949 et
2873 1891 3070 1961 Brutis,
3093 1906 3159 1948 ac
3184 1892 3476 1965 Religion.

2238 2006 2377 2067 Cum
2404 2022 2552 2079 saepe
2586 2007 2892 2080 philosophi
2932 2018 3030 2078 per
3056 2006 3413 2078 ignorantiam
3441 2003 3685 2061 veritatis
3723 2018 3755 2061 a

2170 2104 2382 2160 ratione
2408 2102 2757 2167 desciverint,
2783 2101 3022 2171 atquein
3049 2113 3268 2156 errores
3297 2098 3586 2156 inciderint
3615 2098 3772 2156 inex-

2176 2196 2451 2253 tricabiles
2494 2196 2571 2268 (id
2622 2196 2767 2251 enim
2796 2195 2939 2251 solet
2967 2195 3054 2250 his
3092 2196 3346 2263 evenire,
3386 2195 3536 2267 quod
3572 2194 3771 2252 viatori

2178 2289 2322 2345 viam
2349 2288 2609 2344 nescienti
2635 2298 2826 2344 etnon
2851 2286 3038 2342 latenti
3068 2301 3129 2342 se
3150 2286 3420 2359 ignorare,
3448 2295 3507 2341 ut
3527 2293 3776 2358 vagetur,

2180 2381 2309 2437 dum
2344 2379 2651 2452 percontari
2689 2378 2878 2436 obvios
2906 2376 3202 2450 erubescit)
3229 2377 3361 2434 illud
3387 2386 3566 2434 tamen
3594 2377 3780 2434 nullus

2178 2473 2535 2545 philosophus
2552 2472 2784 2527 asseruit
2806 2482 3064 2541 unquam,
3088 2469 3225 2525 nihil
3255 2470 3396 2525 inter
3421 2470 3694 2524 hominem
3719 2475 3778 2525 et

2180 2565 2444 2641 pecudem
2472 2567 2757 2632 interesse;
2785 2578 2890 2622 nec
2912 2564 3139 2619 omnino
3154 2564 3465 2635 quisquam,
3491 2561 3652 2618 modo
3676 2562 3769 2634 qui
3824 2576 3833 2584 ·

2180 2663 2401 2735 sapiens
2427 2660 2602 2717 videri
2643 2660 2829 2728 vellet,
2859 2658 3124 2715 rationale
3152 2657 3350 2714 animi
3377 2670 3504 2713 cum
3532 2658 3692 2712 mutis
3717 2666 3773 2713 et

1825 2791 2187 2857 VARIORUM
2221 2794 2451 2854 NOTAE.

470 2938 659 3002 Goth.,
714 2935 920 2989 Natura
957 2934 1057 2986 ista
1084 2948 1314 2986 connexa
1339 2940 1447 2997 est,

470 3006 864 3065 nominativus:
917 3003 1435 3073 sedestablativus.
1494 3003 1740 3073 Imitatur
1769 3006 2051 3073 Quintilia-

470 3095 619 3138 num.
650 3093 718 3132 ex
747 3091 853 3147 quo
880 3072 1065 3129 citavit
1094 3072 1184 3129 ltb.
1220 3087 1294 3139 vt,
1325 3087 1375 3129 c.
1404 3071 1509 3126 ‘25:
1565 3072 1693 3140 Qui:
1718 3071 1849 3147 inter
1879 3089 1933 3129 se
1961 3092 2055 3129 na-

471 3163 587 3207 tura
613 3145 842 3203 connexa
870 3154 1010 3200 sunt.
1748 3145 1881 3202 Bon.

552 3218 873 3283 Verberibus,
896 3217 1146 3279 nuditate,
1175 3225 1278 3269 etc.
1328 3213 1586 3285 Rtlspexit
1611 3215 1675 3269 ad
1704 3216 1958 3285 Cyprian.
1993 3217 2063 3273 ad

475 3292 875 3350 Demetrianntn
898 3306 910 3341 :
947 3288 1163 3343 Seruum
1183 3286 1428 3356 ﬂagellis,
1452 3286 1758 3352 verberibus,
1777 3286 1928 3356 fame,
1954 3289 2060 3355 siti,

469 3364 722 3425 nuditate,
752 3361 1037 3431 frequenter
1067 3361 1279 3431 fert-oet
1306 3373 1510 3431 carcere
1530 3357 1735 3431 adﬂigis
1762 3368 1809 3412 et
1842 3361 2059 3431 crucias.

469 3377 722 3425 nuditate,
752 3377 1037 3485 trequemer
1067 3377 1204 3428 [erro
1231 3377 1279 3410 et
1306 3377 1510 3411 carcere
1530 3377 1735 3428 (inpigra
1762 3377 1809 3412 et
1842 3377 2022 3413 cructm

468 3434 623 3491 Cnnl.
656 3431 805 3487 Lact.
861 3431 931 3484 ib.
967 3444 1021 3492 ν,
1050 3442 1169 3497 cap.
1202 3427 1289 3492 l8,
1324 3428 1414 3483 lib.
1443 3443 1539 3493 vn,
1569 3444 1617 3483 c.
1651 3430 1741 3485 27.
1888 3430 2022 3486 Βυη.

543 3503 647 3570 Qui
668 3502 793 3567 odit,
835 3510 885 3555 et
910 3500 1099 3570 diligit.
1153 3498 1212 3555 lu
1242 3500 1653 3569 quatupluritttis
1681 3500 1841 3557 editis
1870 3514 1975 3568 cat,
2019 3510 2065 3556 et

472 3579 559 3647 qui
583 3574 687 3629 odit
708 3583 756 3628 et
777 3572 965 3647 diligit.

545 3647 646 3715 Qui
673 3662 790 3700 cum
814 3641 1033 3698 alterum
1058 3642 1170 3697 Deo
1212 3641 1432 3715 tribuant
1450 3683 1465 3707 ,
1514 3642 1733 3715 alterum
1764 3642 2061 3700 detrahunt.

467 3719 526 3774 lu
554 3712 687 3772 iuss.
720 3717 780 3771 ll
812 3716 968 3769 deest
990 3717 1208 3767 alterum
1238 3712 1346 3767 Deo
1375 3712 1665 3770 detrahunt.
1694 3716 1802 3770 Sex
1831 3715 1946 3781 alii,
1976 3715 2065 3785 qui

469 3790 689 3846 alterum
717 3785 826 3840 Deo
852 3786 1100 3839 tribuunt.

546 3857 670 3912 Non
699 3858 887 3921 minus,
924 3871 1077 3925 quam
1104 3854 1309 3925 illorum
1338 3863 1609 3924 utrumque
1631 3856 1925 3910 detrahunt.
1976 3854 2066 3912 Sic

468 3932 656 4001 legunt
682 3943 812 4001 mss.
841 3924 1081 4001 etedit.
1125 3924 1588 4001 TbomasLatque
1632 3927 1769 3982 hanc
1805 3942 1935 4001 esse
1971 3942 2065 3993 ge-

468 3992 687 4057 ntiinam
735 3998 1047 4067 lectionem,
1100 4010 1316 4050 censeo.
1364 3992 1418 4050 Si
1460 3992 1728 4051 editorum
1771 3992 2064 4067 recipiatur

470 4070 651 4133 let-tio,
682 4086 835 4141 quam
855 4066 1167 4141 illoruntaui
1195 4078 1489 4141 utrumque,
1524 4077 1795 4141 expuncto
1814 4068 1873 4125 τὸ
1890 4066 2068 4123 detra-

471 4144 618 4208 Imnt,
662 4138 855 4195 sensus
891 4140 994 4193 erit
1024 4138 1326 4209 obscurior,
1366 4138 1668 4208 poteritque
1695 4154 1849 4209 tuque
1875 4140 1941 4193 ad
1972 4141 2066 4209 tri—

470 4215 630 4340 puunt
664 4210 875 4276 referri.
923 4209 1064 4281 quod
1092 4222 1258 4279 scopo
1293 4207 1556 4266 Lactantii
1587 4207 1929 4281 repugnaret.
1982 4208 2065 4265 Ea:

497 4300 626 4339 suo.

497 4300 626 4339 5:80.

546 4352 655 4410 Illi.
684 4352 899 4409 Scilicet
927 4351 1102 4408 stoici.
1148 4351 1277 4407 Bon.

547 4427 650 4482 Sed
671 4426 725 4477 id
752 4425 890 4495 quod
919 4422 1097 4495 melius
1122 4434 1233 4495 est.
1272 4419 1552 4490 Francius,
1583 4432 1628 4478 et
1655 4423 1728 4478 id.

546 4497 616 4552 lli
643 4493 779 4552 vero.
828 4494 957 4551 Scil.
996 4494 1263 4565 Epicurei,
1309 4495 1398 4564 qui
1426 4500 1695 4566 utrumque
1720 4493 2013 4620 detréthunt.

1867 4582 1953 4620 un.

1867 4582 1953 4623 UN.

547 4638 708 4693 Falsa
729 4636 935 4692 omnino
956 4636 1205 4690 sententia
1233 4643 1487 4700 suscepta.
1521 4633 1681 4692 Deest
1719 4639 1966 4693 sententia
2012 4636 2063 4693 iu

474 4711 533 4765 ll
570 4723 699 4764 mss.
731 4722 841 4763 rec.
875 4707 1009 4762 etin
1041 4705 1126 4760 ed.
1165 4706 1319 4759 llotu.
1363 4704 1500 4760 1470
1525 4713 1576 4760 et
1610 4706 1769 4762 ιι74.
1821 4706 1925 4763 Pro
1952 4724 2063 4764 ont-

479 4782 604 4836 nino
633 4781 658 4835 l
690 4780 924 4833 Clarum.
974 4775 1134 4830 habet
1163 4779 1335 4830 animo
1348 4793 1367 4842 ;
1407 4775 1665 4845 abestque
1706 4780 1972 4836 sententia.
1998 4810 2069 4820 _

475 4853 630 4919 Apud
672 4851 970 4905 Bunemau.
1013 4862 1139 4902 vero
1171 4847 1363 4919 legitur
1400 4866 1411 4900 :
1446 4846 1523 4901 0b
1548 4845 1686 4919 falsa
1727 4850 1934 4919 omnino
1972 4866 2064 4906 su-

474 4917 665 4991 scepta.
717 4919 886 4991 Ven.,
948 4928 1173 4987 utraque
1218 4917 1559 4975 1478-ίόῑὸ
1622 4929 1703 4991 et_
1736 4917 2065 4977 recentiores

476 4988 686 5057 omnes,
716 4990 848 5061 falsa
875 4992 1085 5061 omnino,
1105 4994 1351 5044 sententia
1375 4999 1629 5060 suscepta.
1672 4988 1848 5061 liene,
1901 4994 1944 5047 si
1974 4992 2069 5048 ad-

476 5058 724 5119 dicerent
769 5077 896 5117 tnss.
946 5059 1146 5116 Confer
1189 5075 1237 5115 c.
1272 5062 1305 5115 6
1328 5102 1342 5122 ,
1368 5058 1634 5117 sententia.
1688 5058 1886 5118 lterum
1915 5062 2062 5120 Lact.

477 5135 544 5190 de
588 5133 700 5200 ira,
750 5148 870 5203 cap.
918 5132 951 5189 6
973 5174 987 5197 ,
1024 5130 1235 5203 qundo
1268 5132 1602 5203 philosophis
1631 5147 1731 5187 nec
1760 5145 2066 5201 susceptum

477 5148 544 5190 de
588 5148 700 5200 Ira,
750 5148 870 5203 cap.
918 5148 951 5189 o
973 5174 987 5197 ,
1037 5148 1179 5187 tuou
1207 5148 1235 5184 a
1268 5148 1602 5203 puuosopnts
1631 5148 1731 5187 nec
1760 5148 2065 5201 susceptum

476 5214 580 5261 est.
626 5205 742 5259 Lib.
777 5219 835 5269 tt,
863 5218 981 5273 cap.
1013 5148 1111 5256 li:
1158 5201 1249 5258 Sic
1276 5219 1423 5268 eum,
1478 5204 1562 5271 qui
1601 5203 1652 5256 in
1686 5203 1938 5272 principio
1963 5206 2065 5273 fal-

476 5293 592 5331 sum
614 5282 923 5341 susceperat,
946 5274 1361 5343 consequentium
1384 5290 1553 5329 rerum
1566 5276 1833 5329 necessitas
1853 5275 1920 5329 ad
1941 5274 2068 5333 deli-

479 5358 706 5402 ramenta
743 5346 997 5415 perduxit.
1124 5414 1153 5415 η
1296 5414 1301 5415 ί
1436 5414 1439 5415 ν
1721 5346 1851 5403 ΒυΝ.

556 5418 698 5472 Pene
723 5414 1087 5489 titanifestum.
1115 5414 1393 5477 Francius.
1422 5414 1564 5471 forte
1595 5416 1716 5489 bene
1741 5427 1833 5472 aut
1857 5417 2023 5489 plene.

554 5488 846 5543 Absurdum
879 5525 893 5540 .
912 5527 925 5540 .
942 5524 958 5539 .
990 5501 1055 5542 ea:
1074 5488 1259 5540 incerto
1287 5497 1478 5541 certum
1501 5526 1514 5543 .
1541 5528 1553 5541 .
1577 5526 1589 5542 .
1627 5488 1932 5555 subvertere,
1959 5498 2064 5545 etc.

486 5560 606 5617 Lib.
652 5574 707 5627 tt,
750 5574 869 5625 cap.
892 5559 926 5613 9
968 5572 979 5608 :
1011 5555 1103 5611 Sic
1153 5596 1165 5609 .
1191 5597 1204 5609 .
1224 5597 1238 5610 .
1285 5558 1415 5627 illud
1453 5560 1726 5627 assumpsit
1756 5598 1770 5613 .
1797 5602 1811 5615 .
1835 5599 1847 5613 .
1872 5577 1987 5615 cum
2014 5559 2069 5614 id

488 5632 653 5686 multo
674 5625 798 5684 esset
819 5628 1080 5701 incertius,
1105 5625 1420 5701 quantillud,
1451 5625 1657 5699 propter
1677 5630 1815 5701 quod
1830 5646 2069 5701 assump-

490 5714 597 5756 tum
624 5710 695 5756 est
721 5739 764 5755 ..
791 5740 805 5755 .
854 5699 936 5753 Ex
961 5698 1093 5769 {also
1121 5698 1298 5753 maluit
1324 5698 1559 5769 colligere
1588 5700 1736 5769 quod
1759 5700 1948 5769 falsum
1973 5698 2066 5765 est,

492 5789 643 5844 quant
673 5784 735 5828 ex
760 5784 892 5860 verq,
924 5761 1060 5841 quod
1085 5782 1276 5827 verum.
1322 5761 1388 5825 Et
1418 5761 1533 5824 cum
1561 5761 1768 5827 débeani
1790 5771 1981 5829 incerta
2007 5761 2071 5827 de

1532 2933 1643 3006 nasi
1683 2942 1870 2987 natura
1910 2945 2056 2990 esset
2158 2935 2306 2990 certis
2345 2935 2581 3005 probari,
2641 2936 2724 2989 hic
2762 2935 3113 3006 probationem
3137 2935 3357 3006 sumpsit
3383 2950 3448 2990 ea:
3482 2935 3673 3006 incerto
3706 2935 3776 2988 ad

2084 3040 2131 3104 ρ
2159 3008 2485 3104 sese?
2510 3007 2649 3104 «ινιξά
2670 3016 3028 3104 βττιξετευηις

3495 3005 3629 3061 Bon.

2244 3076 2632 3133 Sententia‘est.
2661 3078 2913 3134 Additum
2946 3087 3113 3134 estex
3142 3076 3352 3133 cunctis
3378 3090 3509 3133 mss.
3535 3087 3592 3133 et
3619 3091 3778 3132 como

2167 3149 2411 3221 pluribus
2431 3150 2609 3221 editis.
2744 3173 2750 3179 ·

2240 3218 2306 3274 In
2330 3236 2409 3274 eo.
2438 3222 2472 3277 5
2509 3220 2750 3276 Colbert.
2783 3219 3021 3276 Clarom.
3051 3235 3079 3273 a
3106 3217 3344 3276 secunda
3370 3232 3531 3272 manu
3551 3258 3566 3283 ,
3598 3227 3654 3273 et
3679 3218 3775 3275 ed.

2166 3291 2413 3365 Gytunic.
2444 3293 2495 3345 in
2527 3308 2607 3365 θ..
2631 3290 2874 3365 Clarum.
2898 3309 2925 3343 a
2957 3293 3339 3365 primamanu.
3368 3290 3570 3365 inqua.

2241 3362 2382 3434 Nam
2411 3359 2758 3434 neque'ltonos
2797 3363 2935 3416 ullus
2962 3359 3153 3434 deberi
3196 3369 3357 3434 potest
3384 3359 3527 3434 ‘_Deo,
3558 3369 3664 3434 et_c.
3694 3361 3776 3416 Si-

2168 3433 2283 3489 mili
2313 3431 2560 3490 tnodo'in
2598 3434 2926 3490 Hieremiam
2971 3431 3233 3502 Origenes
3282 3431 3579 3501 benignum,
3605 3431 3771 3487 Deum

2168 3504 2317 3564 dicit.
2349 3520 2418 3559 ne
2441 3503 2817 3571 desperemus;
2840 3519 3109 3567 severum,
3144 3519 3211 3557 ne
3225 3502 3613 3571 benignitatem
3642 3516 3775 3557 con-

2169 3585 2491 3631 temnamus.
2525 3576 2629 3648 Sed
2660 3574 3111 3648 quemadmodum
3138 3573 3328 3648 Cicero
3351 3573 3404 3627 in
3431 3572 3766 3648 (illiciis-do-

2167 3655 2255 3704 cet
2281 3690 2296 3715 ,
2342 3648 2514 3702 virum
2556 3643 2755 3701 bonum
2806 3661 2911 3701 non
2955 3643 3213 3715 peccare,
3244 3643 3406 3699 etiam
3461 3643 3774 3713 impunitate

2168 3719 2486 3790 proposita?
2513 3716 2755 3790 Oderunt
2770 3718 2915 3774 enim
2939 3716 3303 3790 peccareboni
3326 3715 3539 3790 virtutis
3562 3728 3769 3778 amore;

2169 3785 2224 3845 et
2252 3785 2473 3857 contra,
2524 3787 2754 3843 oderunt
2804 3802 3025 3857 peccare
3074 3787 3199 3841 ntali
3244 3785 3532 3841 formidine
3571 3799 3769 3855 pceuae.

2167 3858 2306 3928 Quid
2334 3860 2475 3929 quod
2505 3859 2702 3913 Paulus
2723 3861 2885 3914 etiam
2932 3859 3025 3923 ait,
3074 3858 3240 3913 Justis
3285 3857 3459 3927 legem
3506 3872 3612 3929 non
3653 3871 3777 3912 esse

2169 3927 2439 4001 positam?
2484 3930 2793 3999 Benignitas
2837 3929 2930 4001 Dei
2972 3938 3344 3997 contemptum
3385 3929 3468 3983 sui
3500 3927 3638 3981 adeo
3666 3942 3775 4001 non

2168 3998 2359 4072 gignit,
2374 4013 2432 4056 ut
2450 4001 2517 4071 (si
2543 3998 2706 4072 Paulo
2726 4000 3017 4071 credimus)
3046 4001 3185 4072 Deus
3207 4014 3358 4054 suam
3373 4011 3624 4072 erga__ttos
3648 3998 3778 4052 cbao

2170 4068 2386 4127 riiatetn
2418 4068 2531 4127 tum
2564 4071 2797 4126 maxime
2821 4068 3212 4126 commendarit
3232 4111 3247 4135 ,
3296 4084 3418 4124 cum
3446 4068 3627 4123 adhuc
3653 4083 3776 4137 pec-

2169 4154 2382 4199 catores
2431 4158 2696 4198 essemus.
2744 4142 2913 4197 Porro
2950 4140 2998 4198 si
3043 4141 3161 4197 haec
3190 4143 3306 4196 sive
3336 4138 3629 4205 Lactantii,
3661 4141 3776 4195 sire

2168 4213 2418 4284 Origenis
2442 4213 2708 4270 sententia
2733 4225 2847 4269 rata
2867 4213 3386 4284 esset,_irritalicret
3405 4221 3521 4284 tota
3534 4209 3686 4267 Pauli
3704 4212 3776 4266 de
3810 4208 3815 4219 ’

2171 4280 2647 4356 ρτιιῖάθειίιιειιίοηθ
2673 4283 2989 4351 diSputatio.
3027 4281 3168 4356 Nam
3192 4282 3344 4339 deest
3380 4283 3431 4336 in
3462 4280 3529 4336 l3
3557 4296 3688 4356 mss.
3715 4290 3774 4337 et

2171 4351 2205 4411 It
2238 4356 2418 4412 editis.
2449 4355 2506 4410 In
2540 4355 2659 4410 Em.
2699 4365 2783 4411 est
2810 4356 2929 4410 ulli.
2965 4356 3031 4410 Et
3075 4354 3342 4409 Heumau.
3380 4359 3533 4423 putat
3576 4351 3773 4409 delen-

2094 4431 2149 4493 D
2171 4427 2298 4483 dum
2329 4441 2451 4482 esse
2473 4435 2727 4494 punctum
2762 4435 2882 4496 post
2909 4436 3161 4482 uersatur.

2246 4497 2309 4554 Si
2336 4514 2437 4552 non
2476 4493 2884 4565 irascitur,'etc.
2928 4497 3095 4552 Deum
3126 4493 3283 4551 irasci
3315 4500 3584 4549 testantur
3611 4493 3774 4565 multa

2171 4568 2461 4640 Scriptum
2483 4567 2621 4624 loca.
2648 4564 3074 4640 At’uotandum,
3104 4568 3237 4640 iram
3271 4579 3377 4620 non
3404 4578 3533 4640 esse
3562 4564 3774 4640 passio-

2171 4633 2311 4696 ncm'
2334 4640 2620 4695 violentam
2666 4640 2717 4694 in
2749 4641 2878 4705 Deo,
2916 4638 3013 4694 sed
3043 4639 3375 4694 voluntatem
3410 4633 3688 4705 puniendi,
3721 4640 3777 4689 et

2172 4711 2286 4767 Deo
2312 4711 2529 4767 attribui
2558 4708 2805 4767 ellective
2832 4751 2847 4776 ,
2868 4704 2872 4705 ί
2896 4724 3005 4765 non
3037 4708 3310 4769 aflective,
3345 4704 3417 4761 ut
3441 4704 3771 4776 loquuntur;

2173 4782 2277 4838 hoc
2322 4791 2425 4846 cst,
2474 4782 2640 4836 Detnn
2673 4780 2851 4837 facere
2876 4781 3018 4851 quod
3062 4780 3181 4836 irati
3228 4777 3459 4851 faciunt,
3496 4792 3603 4832 non
3643 4791 3774 4851 vero

2172 4862 2457 4924 proriterea
2484 4852 2625 4908 afﬁci
2648 4853 2825 4924 aliqua
2854 4846 3258 4924 perturbatione
3283 4848 3484 4916 animi,
3508 4846 3771 4919 quemad-

2172 4922 2390 4980 modum
2416 4922 2661 4979 homines
2692 4922 2836 4978 irati.
2877 4923 3015 4979 GAL.

2246 4993 2314 5050 Ut
2335 5005 2563 5066 vagetur.
2580 4994 2702 5050 Mss.
2724 4993 2884 5058 Ultr..
2903 4991 3091 5061 Brun.,
3109 4987 3603 5065 uteoagetttr.Edd.,
3624 4987 3774 5056 Ald.,

2171 5065 2417 5137 Fasitel.,
2439 5065 2693 5132 'l‘ornes.,
2722 5075 2777 5119 ut
2805 5074 3040 5137 vagatur.

2246 5135 2395 5192 Nihil
2441 5137 2573 5191 inter
2617 5131 2891 5192 hominem.
2919 5135 2995 5191 lla
3022 5150 3153 5191 mss.
3179 5133 3216 5189 9
3246 5134 3480 5198 Bonon.,
3513 5131 3678 5195 Tan,
3738 5131 3773 5185 3

2170 5206 2325 5264 Colb.
2358 5207 2685 5278 totidemque
2715 5208 2865 5264 editi.
2908 5205 2965 5261 In
3006 5208 3129 5262 aliis
3153 5215 3411 5275 corrupte
3441 5204 3637 5278 legitur
3651 5217 3774 5278 non

2172 5281 2320 5345 nihil,
2354 5278 2495 5350 quod
2513 5272 2795 5335 sententia:
2812 5278 3077 5350 Lactantii
3104 5272 3619 5350 repugnat._-Niltil
3644 5274 3778 5350 inter

2172 5343 2446 5415 hominem,
2475 5361 2581 5404 etc.
2624 5349 2698 5405 Ita
2729 5350 2789 5405 Β.
2820 5348 2883 5421 ΤΑ.
2924 5351 3067 5419 quod
3102 5343 3357 5421 corrupte
3389 5347 3459 5421 in_
3497 5343 3774 5401 nonnullis

2172 5422 2368 5492 legitur
2395 5420 2651 5487 nonnihil,
2681 5432 2783 5477 etc.
2816 5419 2875 5492 ld
2896 5418 3181 5475 scutentizc
3203 5418 3465 5492 Lactantii
3490 5423 3775 5492 repugnat,

2172 5488 2263 5563 qui
2283 5495 2384 5548 boc
2402 5492 2522 5545 loco
2537 5493 2817 5563 resipiscit
2830 5490 2899 5545 ab
2932 5507 3122 5548 errore
3138 5493 3271 5563 alias
3287 5490 3489 5563 habito,
3509 5488 3774 5563 rationem

2173 5557 2350 5650 mutis
2367 5563 2529 5687 etliam
2559 5557 2753 5628 inesse,
2788 5560 2857 5618 de
2892 5576 3001 5634 quo
3028 5562 3259 5620 disserui
3288 5560 3531 5617 secundo
3568 5557 3772 5622 lnstit.,

2173 5649 2290 5687 can.
2320 5650 2374 5687 ο.
2430 5648 2597 5687 satus.

2170 5649 2290 5691 Cal).
2320 5648 2374 5688 ὒ.
2405 5648 2597 5689 15.303.

2236 5651 2773 5767 Ιῖἰαῗέοῒιῇἓῒιιὲιηαι.
2813 5712 2920 5764 etc.
2970 5706 3086 5763 Non
3134 5698 3411 5759 dissimilia
3460 5706 3613 5766 sunt,
3654 5713 3777 5771 quin

2196 5775 2513 5835 Aristoteles
2539 5774 2592 5831 iu
2621 5776 2794 5847 primo
2818 5777 2886 5834 de
2915 5777 3127 5845 Anima,
3157 5776 3489 5844 Anaxagora:
3522 5772 3775 5845 dogmata
