4138 6190
365 266 448 318 97

1707 265 1905 322 LIBER
1950 265 2039 322 DE
2079 264 2195 321 IRA
2236 263 2366 321 DEI.
3606 266 3678 334 98

370 382 509 435 licus
541 399 639 435 nec
672 381 850 444 habet,
880 395 978 435 nec
1007 380 1243 447 exhibet,
1271 395 1366 436 cur
1393 400 1495 436 non
1529 400 1656 452 ergo
1685 383 1964 453 delinqua-
1995 388 2038 444 Α
2071 385 2243 440 aliena
2272 380 2499 454 qtuestio
2528 387 2643 437 est:
2670 379 2766 436 sed
2795 379 2919 450 quia
2938 379 3242 437 necessario
3271 379 3478 446 incidit,
3515 381 3676 440 debet

366 488 510 538 mus,
541 472 760 543 quoties
809 471 1086 526 hominum
1137 472 1520 528 conscientiam
1551 475 1737 529 fallere
1767 474 1967 540 licebit,

363 579 428 617 ac
461 564 612 634 leges
644 563 888 633 publicas
915 563 1359 619 circumscribere
1388 565 1410 618 ?
1442 564 1781 635 Ubicumque
1815 565 1970 620 nobis

361 655 575 711 latendi
606 655 824 711 occasio
851 655 1116 721 arriserit,
1147 656 1497 710 consulamus
1525 657 1624 722 rei,
1657 656 1969 710 auferamus

359 753 571 814 aliena,
604 753 689 806 vel
717 753 834 807 sine
882 766 1097 817 cruore,
1145 752 1226 807 vel
1259 753 1425 807 etiam
1469 767 1588 806 cum
1618 753 1890 822 sanguine
1923 752 1967 807 si

355 857 567 920 praeter
593 847 742 917 leges
769 846 902 901 nihil
933 855 1016 902 est
1039 848 1270 916 amplius
1289 846 1430 917 quod
1455 846 1738 902 colendum
1769 847 1854 900 sit.

439 940 570 996 ηερε
600 940 726 995 dum
757 942 926 995 sentit
952 940 1236 1011 Epicurus,
1277 941 1589 1010 religionem
1616 941 1852 996 funditus
1874 941 1967 996 de-

356 1033 468 1094 let;
497 1050 599 1104 qua
631 1033 863 1098 sublata,
893 1033 1140 1089 conlusio
1169 1049 1230 1088 ae
1260 1035 1592 1102 perturbatio
1623 1036 1744 1089 vita:
1775 1051 1968 1106 seque-

352 1137 474 1184 tur.
497 1127 650 1197 Quod
684 1129 727 1182 si
758 1127 947 1198 religio
965 1128 1077 1183 tolli
1098 1143 1203 1182 non
1237 1137 1434 1198 potest,
1467 1139 1522 1183 ut
1550 1138 1604 1185 et
1624 1131 1962 1199 sapientiam,

397 1238 465 1277 na
525 1223 790 1278 distamus
839 1238 868 1276 a
920 1222 1135 1285 belluis,
1177 1232 1230 1277 et
1277 1222 1538 1292 justitiam
1602 1223 1962 1287 retineamus,

357 1333 467 1388 qua
509 1317 816 1373 communis
846 1316 953 1371 vita
981 1318 1050 1371 sit
1076 1317 1270 1379 tutior;
1320 1315 1590 1386 quomodo
1617 1315 1822 1387 Religio
1852 1317 1964 1386 ipsa

350 1414 474 1468 sine
495 1423 646 1467 metu
679 1411 958 1468 teneriaut
983 1410 1238 1465 custodiri
1271 1408 1484 1478 potest?
1505 1407 1658 1476 Quod
1688 1407 1829 1464 enim
1858 1424 1962 1463 non

348 1506 660 1572 metuitur,
706 1504 1109 1560 contemnitur:
1161 1503 1303 1573 quod
1357 1503 1740 1565 contemnitur,
1783 1502 1965 1572 utique

348 1614 462 1654 non
509 1599 726 1654 colitur.
780 1597 857 1651 lta
916 1597 1011 1661 lit,
1084 1604 1142 1649 ut
1186 1594 1409 1665 religio,
1460 1606 1514 1650 et
1570 1594 1858 1664 maiestas,
1910 1601 1966 1648 et

345 1693 535 1747 honor
567 1700 713 1746 metu
765 1699 1011 1745 constet:
1039 1697 1214 1744 metus
1243 1695 1420 1742 autem
1452 1701 1557 1741 non
1590 1696 1693 1752 est,
1727 1685 1814 1739 ubi
1848 1685 1964 1739 nul-

2074 476 2320 547 quamvis
2367 474 2602 529 breviter
2631 471 2839 544 attingi.

2705 586 2933 644 CAPUT
2971 587 3061 644 IX.

2073 720 2150 776 De
2169 723 2489 791 prouidentia
2518 722 2632 789 Dei,
2665 724 2826 794 deque
2850 724 3108 779 sententiis
3138 723 3216 778 illi
3254 727 3669 796 repugnantibus.

2142 857 2274 912 Cum
2298 861 2580 914 sententiae
2609 857 3054 930 phil050phorum
3089 858 3283 928 prioris
3321 862 3580 932 temporis
3607 861 3676 918 de

2071 949 2403 1019 providentia
2451 950 2877 1013 consensissent,
2922 966 3022 1005 nec
3072 950 3176 1005 ulla
3219 963 3365 1008 esset
3390 952 3674 1020 dubitatio,

2071 1043 2198 1110 quin
2222 1042 2451 1097 mundus
2482 1059 2512 1097 a
2543 1042 2672 1109 Deo,
2698 1050 2751 1096 et
2772 1043 2981 1098 ratione
3003 1051 3148 1098 esset
3167 1043 3481 1113 instructus,
3505 1055 3559 1101 et
3586 1061 3675 1101 ra-

2069 1135 2216 1188 tione
2246 1144 2564 1206 regeretur:
2608 1134 2812 1204 primus
2864 1135 3103 1189 onmium
3148 1135 3472 1208 Protagoras
3499 1146 3590 1193 ext
3613 1137 3675 1193 tit

2069 1227 2404 1297 temporibus
2456 1226 2718 1293 Socratis,
2780 1227 2868 1296 qui
2907 1227 3006 1281 sibi
3055 1227 3257 1283 diceret
3306 1243 3412 1284 non
3443 1230 3671 1300 liquere,

2069 1329 2247 1374 utrum
2277 1329 2422 1376 esset
2449 1320 2629 1390 aliqua
2657 1319 2932 1385 divinitas,
2976 1335 3167 1376 necne.
3223 1323 3354 1390 Qua:
3382 1322 3674 1392 disputatio

2066 1411 2184 1482 ejus
2215 1412 2352 1467 adeo
2397 1412 2658 1482 impia,et
2687 1421 2874 1466 contra
2932 1413 3214 1468 veritatem
3255 1424 3311 1468 et
3356 1414 3672 1484 religionem

2063 1503 2298 1572 iudicata
2321 1512 2424 1568 est,
2455 1511 2510 1556 ut
2533 1513 2586 1556 et
2613 1503 2787 1571 ipsum
2833 1501 3192 1560 Athenienses
3221 1504 3531 1574 expulerint
3557 1505 3673 1562 suis

2068 1594 2282 1658 tinibus,
2309 1594 2546 1650 etlibros
2577 1593 2695 1663 ejus
2727 1593 2778 1648 in
2805 1593 3084 1662 concione,
3136 1595 3330 1666 quibus
3359 1595 3474 1652 haec
3502 1597 3672 1652 conti-

2067 1689 2354 1753 nebantur,
2382 1688 2711 1742 exusserint.
2737 1687 2807 1742 De
2821 1687 2975 1758 cujus
2999 1689 3268 1744 sententia
3300 1705 3405 1746 non
3436 1700 3515 1747 est
3536 1706 3672 1759 opus

341 1781 439 1838 lus
461 1783 732 1838 irascitur.
758 1783 884 1839 Sive
912 1782 1072 1853 igitur
1098 1780 1323 1850 gratiam
1356 1777 1488 1843 Deo,
1519 1779 1633 1832 sive
1661 1777 1816 1844 iram,
1841 1775 1955 1831 sive
1987 1783 2034 1843 Β
2060 1781 2357 1851 disputare.
2391 1781 2514 1851 quia
2566 1781 2696 1835 nihil
2752 1781 2887 1837 certi
2939 1783 3323 1851 pronuntiavit.
3381 1784 3509 1838 Post
3557 1784 3673 1840 haec

342 1885 641 1945 utrumque
654 1872 975 1938 detraxeris,
996 1871 1309 1941 religionem
1334 1868 1447 1924 tolli
1471 1882 1695 1924 necesse
1713 1877 1816 1933 est,
1846 1867 1962 1921 sine

338 1983 451 2039 qua
474 1967 585 2020 vita
607 1965 886 2021 hominum
911 1963 1159 2030 stultitia,
1187 1961 1416 2028 scelere,
1448 1959 1779 2014 immanitate
1811 1973 1960 2013 com-

339 2061 548 2133 pletur.
582 2059 806 2115 Multum
857 2057 1000 2114 enim
1029 2055 1283 2112 relrtenat
1309 2053 1556 2108 homines
1601 2051 1956 2117 conscientia,

337 2154 386 2208 si
420 2153 713 2209 credamus
735 2167 833 2207 nos
861 2151 916 2206 in
941 2159 1236 2220 conspectu
1267 2147 1362 2203 Dei
1392 2148 1612 2211 vivere;
1643 2145 1686 2201 si
1711 2161 1815 2200 non
1841 2155 1958 2200 tan-

337 2252 457 2300 tum
489 2259 614 2313 qua:
640 2243 903 2314 gerimus,
935 2239 1104 2296 videri
1134 2239 1388 2308 desuper,
1419 2235 1515 2294 sed
1532 2237 1696 2292 etiam
1718 2250 1839 2306 quae
1864 2250 1956 2291 co-

331 2336 602 2408 gilamus,
625 2345 718 2390 aut
739 2334 1029 2405 loquimur,
1053 2331 1227 2386 audiri
1253 2347 1282 2384 a
1305 2331 1412 2386 Deo
1437 2339 1707 2400 putemus.
1736 2328 1950 2383 Atenim

332 2429 568 2500 prodest
598 2427 650 2483 id
681 2427 925 2490 credere,
973 2435 1030 2480 ut
1057 2423 1276 2496 quidam
1321 2431 1529 2494 putant,
1559 2437 1665 2495 non
1710 2421 1952 2476 veritatis

327 2523 546 2594 gratia;
571 2521 666 2576 sed
692 2520 967 2584 utilitatis;
995 2519 1246 2590 quoniam
1272 2516 1416 2586 leges
1437 2515 1822 2570 conscientiam
1851 2530 1949 2584 pu-

334 2615 462 2670 nire
492 2630 598 2668 non
625 2622 872 2685 possunt,
904 2611 1005 2666 nisi
1046 2610 1240 2681 aliquis
1265 2609 1499 2676 desuper
1541 2616 1718 2663 terror
1740 2608 1949 2677 impen-

332 2709 470 2764 deat
498 2708 566 2763 ad
591 2707 890 2764 cohibenda
946 2713 1186 2776 peccata.
1245 2703 1401 2758 Falsa
1428 2711 1514 2772 est
1565 2701 1724 2772 igitur
1777 2702 1953 2756 omnis

333 2803 541 2873 religio
566 2801 888 2857 etdivinitas
918 2800 1058 2854 nulla
1105 2807 1206 2854 est.
1242 2797 1348 2854 Sed
1375 2812 1404 2850 a
1435 2795 1563 2850 viris
1599 2794 1953 2866 prudentibus

330 2896 598 2950 universa
638 2893 866 2949 conﬁcta
907 2901 1050 2959 sunt,
1107 2907 1214 2962 quo
1266 2889 1464 2944 rectius
1497 2887 1950 2957 innocentiusque

2068 1872 2339 1938 Socrates,
2371 1882 2425 1927 et
2444 1871 2656 1927 auditor
2677 1873 2794 1943 ejus
2817 1873 2990 1938 Plato,
3021 1882 3076 1929 et
3095 1875 3183 1944 qui
3212 1874 3281 1930 de
3327 1874 3514 1930 schola
3545 1875 3670 1931 Pla-

2067 1965 2230 2031 tonis,
2262 1975 2514 2036 tanquam
2547 1965 2706 2020 rivuli
2736 1965 3042 2021 diversasin
3068 1975 3249 2036 partes
3266 1966 3668 2036 proﬂuxerunt;

2063 2056 2218 2112 stoici
2249 2065 2304 2112 et
2330 2058 2685 2128 peripatetici,
2732 2057 2784 2113 in
2833 2057 3022 2114 eadem
3053 2058 3202 2114 fuere
3231 2061 3520 2128 sententia,
3565 2077 3670 2132 qua

2062 2150 2289 2220 priores.

2130 2241 2322 2299 Postea
2347 2259 2478 2300 vero
2498 2244 2760 2316 Epicurus
2789 2245 2956 2301 Deum
2979 2245 3196 2317 quidem
3228 2261 3351 2303 esse
3371 2246 3528 2315 dixit,
3545 2248 3669 2319 quia

2059 2348 2283 2390 necesse
2305 2335 2375 2389 sit
2400 2351 2521 2392 esse
2570 2336 2772 2407 aliquid
2805 2337 2855 2392 in
2905 2338 3107 2394 mundo
3136 2347 3423 2409 praestans,
3465 2349 3520 2396 et
3553 2339 3670 2396 cxi-

2056 2427 2244 2494 mium,
2279 2437 2331 2482 et
2357 2427 2603 2492 beatum;
2663 2429 3058 2499 providentiam
3085 2440 3265 2488 tamen
3293 2433 3525 2488 nullam:
3564 2435 3667 2490 ita.

2053 2535 2160 2589 que
2190 2519 2445 2575 mundum
2472 2521 2644 2591 ipsuat
2699 2537 2798 2578 nec
2826 2523 3036 2578 ratione
3080 2524 3212 2590 ulla,
3269 2540 3369 2580 nec
3399 2534 3536 2590 arte,
3567 2542 3668 2582 nec

2057 2610 2258 2665 fabrica
2288 2612 2630 2675 instruetum,
2683 2613 2780 2668 sed
2832 2623 3076 2668 naturam
3129 2632 3307 2670 rerum
3346 2617 3666 2688 quibusdam

2055 2702 2276 2756 tninutis
2305 2703 2602 2758 seminibus
2623 2715 2676 2760 et
2708 2705 3084 2761 insecabilibus
3112 2708 3513 2778 conglobatam.
3547 2708 3667 2776 Quo

2055 2795 2183 2866 quid
2224 2786 2608 2867 répuguantius
2653 2797 2759 2853 dici
2790 2801 2982 2870 possit,
3015 2814 3122 2854 non
3152 2800 3328 2856 video.
3379 2801 3591 2856 Etenim
3618 2802 3665 2857 si

2057 2898 2137 2943 est
2172 2888 2334 2955 Deus,
2365 2890 2548 2958 utique
2567 2889 2858 2961 providens
2889 2901 2993 2958 est,
3025 2899 3082 2945 ut
3111 2891 3416 2957 Deus;_nee
3442 2892 3601 2948 aliter
3617 2893 3666 2949 ei

333 2987 575 3042 vivatur.
608 2986 797 3057 Magna
817 2987 949 3052 haec,
995 2994 1047 3040 et
1077 2999 1107 3038 a
1139 2982 1362 3038 materia
1381 2995 1540 3052 quam
1565 2979 1942 3051 proposuimus
2047 2991 2230 3052 potest
2267 2983 2521 3038 divinitas
2571 2984 2812 3054 attribui,
2859 2984 2962 3039 nisi
3003 2993 3058 3040 et
3088 2987 3361 3056 praeterita
3385 2996 3586 3054 teneat,
3613 2995 3667 3043 et

1688 3121 2045 3180 VARIORUM
2085 3122 2314 3182 NOTAE.

410 3264 675 3325 Arriserit.
699 3263 1024 3319 consulamus
1072 3261 1166 3316 rei.
1195 3259 1322 3315 Haec
1357 3257 1466 3314 duo
1487 3266 1757 3329 postrema
1787 3257 1948 3313 verba

328 3338 537 3393 absunt
564 3353 592 3390 a
624 3336 692 3390 15
716 3350 848 3391 mss.
876 3344 930 3390 et
958 3341 1065 3389 vet‘.
1088 3334 1220 3388 edit.
1246 3332 1403 3386 Rom.

413 3429 569 3497 Quod
590 3427 857 3482 colendum
878 3427 962 3480 sit.
994 3424 1068 3479 Ita
1099 3438 1228 3497 mss.
1279 3437 1418 3497 pene
1446 3436 1634 3497 omnes
1658 3429 1712 3476 et
1737 3430 1949 3497 veteres

332 3493 494 3556 ediii.
526 3501 578 3554 In
623 3500 656 3554 4
693 3498 909 3567 scriptis
954 3511 1064 3551 rce.
1085 3506 1140 3551 et
1167 3493 1328 3567 editis
1360 3493 1540 3567 multis
1562 3494 1836 3567 verendum
1858 3494 1946 3546 sit.

334 3572 583 3642 Utraque
605 3571 766 3625 lectio
789 3563 952 3623 bona.
971 3567 1006 3620 ἓ
1023 3567 1148 3622 Mss.
1181 3582 1292 3622 rec.
1320 3565 1588 3621 levissima
1615 3563 1944 3629 mutatione,

337 3643 623 3697 dolendum
643 3643 729 3695 sit.

411 3714 580 3770 Sentit
608 3712 886 3780 Epicurus.
917 3711 952 3764 2
983 3710 1118 3781 Reg.
1153 3721 1206 3766 et
1229 3709 1360 3765 edit.
1394 3708 1550 3781 Rom.
1582 3707 1743 3781 H70,
1779 3706 1949 3761 Sentit

333 3784 629 3840 Lucretius.
663 3779 734 3838 Et
759 3781 972 3854 quidem
998 3779 1216 3850 Epicuri
1234 3781 1369 3836 echo
1395 3790 1477 3854 est
1499 3779 1800 3854 Lucretius.

411 3858 687 3926 Sequetur.
715 3851 792 3908 lla
810 3853 987 3908 cuncti
1004 3868 1158 3916 mss.,
1185 3851 1426 3922 praeter?
1443 3867 1553 3906 rec.
1577 3852 1628 3905 in
1650 3851 1844 3921 quibus
1865 3858 1949 3905 est

334 3937 414 3992 ut,
449 3930 504 3981 in
533 3927 716 3991 editis,
746 3926 989 3994 sequitur.

412 4020 481 4075 Ut
504 4032 551 4074 et
573 4020 893 4088 sapientiam.
917 4019 1030 4086 Qua
1055 4018 1300 4070 distamus
1322 4034 1352 4068 (ι
1375 4016 1574 4076 belluis,
1602 4015 1934 4086 etjuslitium.

334 4094 583 4159 Quatuor
612 4101 883 4160 postrema
914 4090 1074 4143 verba
1099 4088 1475 4160 desiderantur
1499 4089 1549 4140 in
1580 4089 1650 4141 20
1673 4102 1800 4160 mss.
1827 4097 1877 4140 et
1908 4088 1938 4139 7

336 4157 521 4217 editis.
547 4157 756 4226 -έριιπ
782 4161 1030 4213 distamus
1067 4177 1098 4212 a
1133 4159 1333 4220 belluis,
1361 4169 1406 4211 et
1436 4159 1713 4226 justitiam.
1752 4157 1809 4210 L.
1858 4171 1936 4219 ιιι,

337 4250 457 4304 cap.
485 4234 584 4289 1οε
608 4244 658 4304 et
687 4233 745 4286 tl
781 4232 1014 4286 maxime
1039 4231 1107 4285 de
1137 4231 1238 4292 Ira,
1261 4245 1381 4304 cap.
1412 4230 1468 4282 11
1494 4247 1505 4282 :
1529 4227 1787 4304 Diximus,
1817 4229 1938 4304 reli-

336 4300 491 4374 gione
505 4303 727 4365 sublata,
755 4319 846 4356 nec
859 4303 1160 4369 sapientiam
1177 4301 1334 4374 teneri
1355 4317 1522 4374 posse,
1542 4317 1632 4353 nec
1652 4300 1934 4374 justitiam,

337 4370 465 4429 dum
495 4376 772 4429 divinitatis
811 4374 1114 4437 intellectus,
1143 4389 1242 4441 quo
1269 4371 1562 4441 differimus
1590 4388 1620 4423 α
1651 4370 1857 4432 belluis,
1883 4371 1936 4422 in

2128 3258 2378 3333 Quamuis
2401 3257 2638 3333 breviter.
2663 3261 2739 3316 lta
2774 3275 2964 3333 omnes
2991 3276 3160 3333 prope
3188 3279 3318 3318 mss.
3350 3274 3401 3320 et
3425 3264 3458 3320 ϐ
3485 3274 3664 3321 vetus-

2055 3327 2218 3385 tiores
2251 3331 2404 3395 editi,
2437 3348 2500 3386 ac
2534 3332 2752 3397 Cellar.,
2788 3327 3006 3390 Walclt:
3033 3327 3152 3390 ln'5
3203 3350 3315 3392 rec.
3353 3352 3483 3392 mss.
3510 3347 3565 3394 et
3597 3339 3663 3394 10

2053 3401 2329 3468 impressis
2355 3412 2462 3470 est,
2489 3420 2643 3473 quant
2674 3404 2906 3459 breviter.

2127 3493 2597 3571 Protagorastetc.
2636 3497 2767 3552 Vide
2796 3499 3089 3571 Laertium.
3117 3499 3190 3554 De
3220 3499 3514 3571 Protagora
3545 3501 3661 3558 dico

2053 3574 2164 3618 tum
2187 3574 2269 3619 est
2297 3568 2389 3620 lib.
2421 3583 2436 3619 ι
2469 3567 2700 3622 Institut.
2733 3584 2782 3624 c.
2813 3571 2868 3623 2.
2899 3569 3158 3624 Refertur
3185 3573 3351 3625 etiam
3379 3567 3449 3626 ab
3485 3575 3659 3626 Arno-

2053 3635 2295 3712 bio,_li‘b_.
2347 3638 2730 3712 vm_ad_versus
2770 3640 2997 3712 Gentes.
3044 3639 3260 3712 Similes
3286 3643 3510 3712 catalogi
3534 3654 3660 3699 sunt

2053 3707 2194 3777 apud
2222 3707 2401 3763 Cicer.
2431 3707 2501 3764 de
2523 3709 2724 3763 Natura
2748 3711 2971 3764 deorum
3003 3710 3204 3780 primo;
3238 3720 3294 3765 et
3316 3707 3657 3771 inter'eccle-

2053 3779 2297 3853 siasticos
2312 3779 2770 3853 scriptoresstpud
2793 3779 3150 3850 Epiphanium
3166 3783 3217 3838 in
3235 3783 3501 3853 Epitome,
3517 3787 3655 3851 apud

2052 3849 2343 3924 Eusebium
2373 3851 2439 3905 de
2470 3850 2763 3924 Praeparat.
2802 3849 3056 3922 Evangel.
3089 3855 3180 3924 lib.
3207 3849 3297 3909 xxv
3323 3870 3444 3924 cap.
3475 3849 3520 3909 l.
3542 3849 3655 3912 lre-

2053 3937 2201 3994 nmus
2233 3921 2326 3976 lib.
2363 3939 2398 3977 ιι
2430 3939 2550 3992 cap.
2585 3927 2672 3979 10.
2697 3921 3075 3994 Anaxagoram
3105 3922 3246 3983 ἄθεον
3271 3921 3532 3992 nominat,
3553 3929 3654 3984 nisi

2051 3993 2208 4066 lectio
2230 3994 2297 4066 sit
2323 3994 2615 4066 tuendosa;
2643 3997 2786 4066 qttod
2815 3993 2924 4051 non
2954 4005 3100 4065 puto.
3133 3997 3459 4054 Bc'ruu-ztus.
3484 3999 3656 4054 —Ci—

2048 4065 2285 4142 cerolib.
2318 4082 2332 4119 l
2381 4065 2448 4120 de
2478 4066 2593 4142 Nat.
2625 4065 2780 4142 door.
2806 4069 2982 4142 c.25:
3020 4069 3286 4142 Abderites
3314 4069 3651 4142 Protagoras,

2047 4137 2296 4211 sopitistes
2325 4139 2636 4211 temporibus
2659 4140 2762 4211 illis
2788 4141 2865 4194 uel
2891 4141 3165 4204 maximus,
3191 4142 3372 4195 cmuin
3395 4137 3651 4211 principio

2045 4206 2161 4280 libri
2180 4208 2252 4280 sic
2273 4210 2522 4280 posuisset
2555 4226 2572 4262 :
2603 4208 2681 4262 De
2709 4209 2845 4264 Divis
2873 4228 3029 4280 neque
3051 4222 3104 4263 ut
3125 4212 3248 4274 sint,
3274 4206 3434 4280 neque
3469 4220 3520 4265 ut
3553 4206 3654 4266 non

2043 4277 2162 4342 sint,
2197 4277 2356 4353 [iubeo
2381 4279 2577 4344 direre;
2611 4277 2992 4353 Atheniensium
3011 4283 3164 4353 jussu
3209 4281 3331 4334 urbe
3348 4277 3505 4353 atque
3524 4298 3652 4353 agro

2043 4359 2115 4402 est
2145 4351 2528 4416 exterminatus,
2555 4353 2766 4420 librique
2786 4352 2895 4420 ejus
2913 4352 2964 4404 in
2993 4352 3240 4405 concione
3269 4350 3543 4406 combusti.

335 4448 546 4501 nomine
571 4449 678 4500 solo
709 4457 1024 4514 reperiatur;
1052 4439 1170 4515 qua:
1189 4439 1358 4497 verba
1379 4457 1564 4512 aperte
1596 4453 1836 4496 nostrum
1861 4442 1938 4495 lo-
1965 4453 2018 4513 D
2087 4439 2728 4515 _T_emporibus_Soeratis.
2761 4441 2920 4515 '_l_‘este
2954 4439 3190 4507 Laertio,
3221 4439 3425 4515 lloruit
3447 4441 3644 4515 plynt-

333 4535 465 4572 cunt
496 4517 805 4588 reSpiciunt.
836 4516 968 4571 Bua.

414 4609 538 4666 Non
567 4611 787 4664 veritatis
807 4611 996 4681 gratia,
1035 4617 1140 4665 etc.
1170 4609 1260 4663 Sic
1290 4607 1709 4681 enintNumant,
1740 4607 1945 4681 Scipio-

340 4700 467 4739 nem
498 4693 552 4736 et
578 4683 711 4736 alios
742 4679 1056 4752 religionem
1089 4681 1376 4734 simulasse
1404 4679 1652 4752 Valerius
1679 4679 1944 4752 exemplis

336 4757 527 4809 docet.
579 4754 780 4808 Beroe.
814 4751 884 4792 -ὲ-
914 4753 1074 4822 ldqttc
1107 4760 1164 4806 ut
1203 4767 1446 4806 morosos
1490 4751 1711 4820 populos
1754 4751 1946 4805 timore

337 4828 568 4880 deorum
599 4826 662 4878 ad
695 4825 867 4890 legum
891 4822 1293 4879 observantiam
1318 4823 1620 4892 adigerent.

411 4897 521 4951 Sed
551 4897 809 4949 utilitatis.
857 4895 1178 4966 llegio-l’ut.
1232 4894 1460 4947 utilitati.
1520 4893 1642 4948 Mss.
1686 4893 1767 4957 15,
1810 4892 1948 4945 utili--

339 4979 468 5023 tate.

413 5061 602 5116 Terror
628 5060 934 5128 impendeat.
960 5057 1034 5111 lta
1067 5073 1257 5112 omnes
1287 5058 1456 5112 ferme
1495 5073 1624 5112 mss.
1651 5068 1704 5111 et
1731 5055 1764 5110 6
1791 5055 1939 5111 editi.

333 5135 537 5202 Scripti
573 5142 679 5186 tres
710 5146 817 5202 ree.
850 5140 914 5202 ct
968 5131 1019 5182 7.
1047 5131 1238 5202 excusi
1281 5129 1537 5183 tuendosc
1587 5129 1865 5202 impendat.
1911 5128 1946 5181 2

335 5199 475 5274 Reg:
510 5219 621 5258 rec.
655 5213 708 5256 et
733 5201 818 5257 ed.
846 5201 1002 5259 llont.
1042 5199 1194 5268 H70,
1226 5201 1488 5270 impediat.
1526 5205 1547 5254 1
1585 5200 1946 5254 (lolbet'tJor-

333 5287 416 5330 tor
439 5275 722 5342 impendat.

406 5346 645 5412 Con/icta
659 5356 797 5399 sunt.
823 5344 914 5399 Sic
943 5345 1156 5412 reposui
1183 5359 1245 5398 ex
1275 5343 1485 5398 cunctis
1519 5359 1654 5410 pene
1686 5357 1816 5396 mss.
1845 5343 1947 5397 εξιὸ

331 5419 520 5476 editis.
557 5417 614 5471 lu
651 5417 713 5470 10
744 5416 960 5484 scriptis
983 5427 1035 5469 et
1061 5417 1128 5470 1‘2
1161 5417 1437 5484 impressis
1495 5416 1686 5482 legitur
1715 5417 1945 5482 confecta

331 5502 474 5545 sunt.
496 5519 570 5530 —-—
591 5488 824 5552 (Ion/icta
846 5498 984 5540 sunt.
1021 5487 1087 5542 Ut
1117 5487 1390 5541 Arnobius
1423 5487 1458 5538 l.
1498 5502 1604 5541 vn:
1655 5484 1944 5553 Religioni-

333 5565 428 5616 bus
456 5561 647 5632 artifex
667 5561 719 5612 in
747 5559 1189 5632 comminisceudis
1208 5556 1402 5610 Numa.
1427 5557 1753 5632 Lactantius
1771 5558 1947 5632 imitaf

333 5643 426 5688 tur
463 5627 715 5686 Ciceron.
750 5631 824 5685 l.t
855 5629 923 5685 de
949 5628 1069 5683 Nat.
1105 5631 1280 5694 deor.,
1327 5644 1448 5699 cap.
1482 5627 1580 5681 5'2:
1616 5628 1753 5694 Quid
1778 5628 1835 5690 ii,
1859 5629 1946 5695 qui

331 5705 598 5760 dixerunt,
628 5711 786 5755 totam
815 5703 880 5756 de
898 5701 997 5754 diis
1045 5701 1416 5755 inmtortnlibus
1448 5700 1741 5770 opinionem
1772 5700 1947 5769 [ictam

325 5790 447 5835 esse
465 5774 529 5828 ab
555 5773 844 5828 hominibus
870 5772 1202 5843 sapientibus.
1236 5771 1367 5828 Bua.

2049 4511 2204 4581 piade
2228 4526 2403 4566 Lxxtv.
2437 4510 2544 4566 Sed
2572 4512 2710 4566 hanc
2766 4511 3022 4566 librorum
3053 4514 3400 4568 exustionem
3446 4510 3646 4570 Euseb.

2048 4585 2100 4637 in
2127 4581 2406 4637 Chronicis
2435 4597 2577 4636 anno
2605 4584 2762 4639 tertio
2787 4583 3118 4654 Olympiadis
3163 4599 3367 4639 cxxnv
3400 4584 3570 4654 ponit,
3597 4595 3653 4640 et

2049 4654 2230 4727 lloruit
2257 4670 2386 4708 sane
2416 4664 2526 4708 tum
2553 4656 2826 4721 Socrates,
2857 4665 3045 4710 eteum
3072 4655 3311 4711 Socratis
3338 4656 3502 4711 fuisse
3525 4673 3652 4727 syn-

2049 4724 2290 4778 chronon
2323 4734 2547 4780 testatur
2586 4727 2746 4781 etiam
2779 4727 3018 4782 Platonis
3048 4727 3318 4796 Dialogus,
3345 4727 3436 4797 qui
3467 4724 3653 4782 Prota-

2048 4811 2196 4865 gora:
2221 4797 2437 4852 nomine
2464 4797 2757 4866 inscriptus
2785 4798 2900 4851 fuit.
2927 4799 3242 4867 Quanquam
3262 4797 3330 4852 de
3361 4799 3462 4853 hoc
3482 4814 3655 4868 quzrs~

2051 4868 2242 4938 tioiest
2271 4868 2412 4938 apud
2439 4868 2673 4924 Macrob.
2704 4868 2798 4922 lib.
2833 4885 2849 4923 ι
2875 4870 2989 4924 Sat.
3019 4884 3141 4932 cap.
3175 4870 3226 4923 1.
3259 4868 3591 4924 Βετυιιιιυε.

2124 4937 2193 4991 Ει
2225 4937 2380 4993 libros
2408 4940 2520 5009 ejus
2549 4939 2600 5010 iu
2621 4939 2886 5010 concione,
2914 4950 3021 4995 etc.
3055 4939 3193 4995 Vide
3218 4955 3338 5009 qua:
3385 4955 3545 5010 supra
3565 4941 3652 4995 di-

2053 5009 2227 5064 ximus
2257 5011 2322 5063 ad
2346 5025 2464 5081 cap.
2485 5009 2571 5081 72%
2603 5009 2693 5064 lib.
2730 5026 2765 5064 ι.
2802 5011 2881 5065 Ex
2913 5010 3016 5066 hoc
3045 5011 3164 5067 loco
3194 5009 3548 5081 corrigendus
3570 5013 3651 5066 lo-

2050 5096 2146 5136 cus
2171 5081 2378 5153 Minutii
2404 5080 2569 5153 Felic.
2597 5081 2682 5153 ubi
2717 5081 2960 5136 nonnulli
2986 5083 3190 5152 legunt,
3213 5080 3405 5150 scripta
3431 5084 3543 5153 ejus
3563 5084 3656 5137 de-

2049 5153 2276 5217 riserint,
2303 5152 2609 5221 legendum.
2638 5152 2946 5207 deusserint.
2981 5153 3132 5208 Patet
3179 5155 3282 5209 hoc
3307 5168 3375 5209 ex
3401 5152 3647 5209 Lactant.

2051 5223 2210 5294 etiam
2237 5239 2307 5294 ex,
2334 5223 2568 5294 Diogene
2595 5222 2781 5278 Laert.
2815 5224 2904 5294 qui
2933 5223 3002 5278 de
3028 5225 3176 5279 omni
3204 5224 3303 5279 hac
3333 5240 3392 5280 re
3410 5225 3649 5281 disserit.

2053 5293 2186 5349 Vide
2207 5304 2262 5349 et
2283 5293 2598 5350 Ciceronem
2631 5296 2726 5349 lib.
2753 5311 2768 5349 ι
2798 5293 2868 5351 de
2897 5294 3096 5350 Natura
3121 5296 3366 5350 deorum.
3531 5322 3534 5326 -

2125 5388 2190 5440 Et
2220 5388 2425 5442 auditor
2454 5389 2566 5454 eius
2599 5387 2772 5448 Plato,
2805 5397 2910 5444 etc.
2941 5388 3110 5456 Quam
3151 5389 3524 5445 inconstanter
3558 5405 3653 5446 an-

2054 5467 2158 5513 tem
2187 5459 2232 5514 is
2254 5461 2321 5513 de
2340 5460 2501 5514 rebus
2525 5458 2723 5514 divinis
2749 5459 3090 5524 disseruerit,
3107 5475 3213 5514 non
3244 5460 3403 5516 modo
3419 5460 3652 5516 Velleius

2055 5529 2352 5598 Epicureus
2380 5531 2520 5598 apud
2550 5532 2864 5586 Ciceronem
2894 5530 3102 5599 objicit,
3133 5531 3227 5586 sed
3258 5533 3422 5587 etiam
3455 5531 3648 5586 Enscb.

2051 5601 2120 5657 de
2143 5603 2315 5671 Prrcp.
2349 5601 2551 5672 Evang.
2571 5602 2662 5657 lib.
2699 5617 2796 5657 xm
2826 5603 3113 5673 collatione
3143 5603 3467 5673 scriptorum
3487 5601 3654 5671 ipsius

2053 5673 2292 5743 diligenti
2321 5673 2599 5730 evidenter
2620 5673 2973 5728 demonstrat.
3002 5672 3206 5729 Βιιτυι.
3257 5672 3269 5673 “
3650 5696 3658 5704 ·

2134 5765 2520 5826 Iusecabilibus.
2545 5767 2752 5827 Atomis
2777 5768 3002 5828 scilicet.
