4138 6190
472 315 578 374 105

1783 313 1801 326 ⁸
1856 311 2040 369 FIRM.
2083 309 2446 368 LACTANTII

3675 305 3775 361 101

474 429 590 485 sine
617 434 768 500 partu
791 472 806 495 ,
833 425 960 484 item
980 432 1177 483 caetera
1207 426 1436 483 viventia
1459 425 1576 482 sine
1599 426 1743 481 coitu
1770 445 1781 480 :
1816 429 2058 495 arbores,
2089 433 2142 494 Λ
2237 427 2437 482 Omitto
2465 423 2666 480 silicem
2697 437 2760 480 ac
2791 422 3014 480 ferrum.
3045 421 3246 478 Orbem
3273 421 3505 477 vitreum
3543 420 3768 491 plenum

475 529 529 575 et
554 535 673 592 qua:
701 522 986 591 gignuntur
1010 534 1042 574 e
1086 527 1226 574 terra
1247 560 1262 586 ,
1290 519 1505 590 propria
1533 519 1738 574 semina
1766 533 1870 574 non
1897 519 2062 574 habe-

478 622 636 679 rent,
705 628 822 683 quae
880 627 978 668 nos
1021 613 1262 683 quotidie
1309 622 1638 677 tractamus,
1687 622 1741 668 et
1813 613 2063 668 serimus.

477 707 584 760 Cur
604 719 666 760 ex
699 704 968 760 frumento
997 720 1151 776 seges
1177 711 1435 770 nascitur,
1466 714 1522 760 et
1549 721 1734 760 rursus
1763 720 1829 760 ex
1882 713 2069 774 segete

479 800 847 856 frumentum?
877 799 1117 870 Denique
1137 800 1182 854 si
1229 809 1530 854 atomorum
1580 798 1741 853 coitio
1767 805 1823 852 et
1847 796 2071 868 conglo-

479 893 624 950 batio
650 893 888 948 efficeret
918 893 1133 959 omnia,
1171 891 1225 946 in
1272 906 1399 948 aere
1452 891 1704 946 universa
1755 904 2074 946 concresce-

483 995 633 1052 rcnt;
676 985 721 1040 si
750 985 965 1056 quidem
997 1000 1091 1054 per
1121 986 1280 1040 inane
1306 984 1473 1039 atomi
1497 984 1724 1039 volitant
1756 1001 1770 1038 :
1817 998 1914 1038 cur
1955 985 2076 1038 sine

485 1087 623 1134 terra
649 1119 665 1146 ,
693 1077 810 1132 sine
835 1075 1107 1132 radicibus
1126 1118 1140 1142 ,
1193 1077 1309 1131 sine
1340 1075 1567 1130 humore
1587 1117 1600 1141 ,
1659 1075 1777 1130 sine
1825 1073 2030 1130 semine
2059 1115 2074 1138 ,

484 1188 592 1229 non
617 1169 824 1237 herba,
856 1186 962 1225 non
993 1169 1175 1237 arbor,
1228 1184 1336 1224 non
1387 1167 1566 1238 fruges
1615 1168 1744 1223 oriri
1785 1167 2079 1237 augerique

487 1265 754 1339 possunt?
781 1263 932 1320 Unde
964 1273 1220 1334 apparet,
1243 1261 1376 1317 nihil
1399 1277 1463 1317 ex
1486 1263 1686 1317 atomis
1726 1260 1839 1316 ﬁeri
1871 1277 1885 1324 ;
1912 1275 2079 1330 quau-

487 1357 776 1430 doquidem
805 1371 1138 1426 unaquaeque
1161 1370 1248 1410 res
1277 1354 1438 1409 habet
1458 1357 1730 1424 pr0priam
1769 1361 2081 1422 certamque

489 1460 763 1518 naturam,
794 1465 950 1505 suum
970 1463 1155 1504 semen
1177 1490 1192 1514 ,
1222 1462 1372 1502 suam
1406 1449 1576 1518 legem
1622 1447 1690 1502 ab
1728 1443 1953 1502 exordio
1987 1445 2082 1500 da-

491 1555 620 1599 tam.
665 1542 903 1612 Denique
952 1541 1268 1605 Lucretius,
1309 1539 1461 1610 quasi
1501 1539 1699 1594 oblitus
1742 1547 2079 1604 atomorum,

491 1651 624 1707 quas
653 1633 961 1699 asserebat,
993 1642 1052 1688 ut
1096 1633 1442 1702 redargueret
1483 1645 1610 1698 eos,
1655 1630 1743 1701 qui
1773 1629 1958 1685 dicunt
2011 1645 2081 1684 ex

493 1728 660 1784 nihilo
707 1728 822 1783 fieri
869 1729 1086 1791 omnia,
1134 1727 1217 1781 his
1266 1727 1596 1799 argumentis
1643 1740 1770 1781 usus
1816 1734 1931 1789 est,
1966 1739 2086 1796 quae

492 1830 676 1877 contra
701 1820 872 1891 ipsum
894 1821 1155 1875 valerent.
1185 1817 1274 1874 Sic
1300 1819 1443 1873 enim
1471 1818 1604 1872 dixit
1639 1835 1652 1871 :

648 1937 770 1986 Nam
792 1938 832 1986 si
852 1937 915 1986 de
934 1934 1083 1985 nihilo
1104 1932 1307 1996 ﬁerent,
1335 1933 1616 1996 exgomnibu
1635 1932 1788 1982 rebus

650 2000 807 2050 Omne
823 2011 985 2062 genus
1008 1999 1136 2047 nasci
1159 1995 1328 2059 posset
1351 1995 1418 2044 nil
1442 1995 1635 2045 semine
1657 2001 1856 2057 egeret.

495 2107 626 2165 Item
657 2115 840 2178 postea
863 2147 878 2171 ,

679 2221 756 2272 Nil
777 2223 931 2284 igitur
952 2222 1061 2272 ﬂeri
1083 2222 1152 2271 de
1173 2220 1270 2271 nilo
1290 2233 1435 2284 posse
1460 2218 1710 2270 fatendum
1731 2226 1812 2268 est

681 2282 883 2334 Semine
908 2285 1101 2348 quando
1120 2297 1243 2346 Opus
1262 2282 1346 2348 est
1368 2282 1538 2348 rebus,
1561 2297 1660 2346 quo
1681 2294 1893 2345 quaeque
1909 2289 2091 2332 creatae

682 2349 826 2397 Aeris
849 2348 897 2396 in
919 2345 1119 2397 teneras
1142 2345 1326 2410 possint
1350 2345 1614 2408 proferrier
1636 2358 1796 2396 auras.

497 2475 627 2544 Quis
652 2475 809 2532 hunc.
829 2485 975 2546 putet
1022 2474 1273 2530 habuisse
1302 2473 1622 2537 cerebrum,
1654 2487 1779 2528 eum
1807 2473 1923 2529 haec
1947 2473 2094 2528 dice-

496 2577 608 2634 ret,
638 2583 737 2623 nec
774 2567 985 2623 videret
1013 2565 1116 2621 sibi
1145 2580 1267 2622 esse
1308 2565 1618 2620 contraria?
1647 2564 1793 2620 Nihil
1822 2566 1966 2620 enim
1996 2580 2095 2635 per

496 2669 705 2716 atomos
744 2661 859 2716 fieri
903 2660 1097 2717 exinde
1141 2669 1399 2731 apparet,
1431 2659 1572 2730 quod
1621 2675 1805 2716 semen
1834 2661 2096 2732 cujusque

498 2754 574 2808 rei
600 2763 804 2809 certum
845 2763 928 2808 est
956 2769 971 2818 ;
1002 2751 1100 2805 nisi
1137 2751 1276 2807 forte
1300 2761 1354 2807 et
1376 2751 1544 2823 ignis,
1585 2761 1638 2806 et
1664 2767 1815 2822 aquae
1844 2762 2093 2806 naturam

498 2864 562 2904 ex
594 2849 790 2904 atomis
810 2862 930 2902 esse
953 2846 1255 2902 credemus.
1307 2845 1479 2913 Quid,
1530 2843 1674 2915 quod
1702 2844 1976 2900 durissimi
2024 2847 2098 2900 ri-

499 2941 643 3011 goris
669 2939 937 3003 materiae,
967 2939 1011 2992 si
1041 2938 1145 2992 ictu
1172 2935 1575 2993 vehementiore
1590 2935 1933 3004 collidantur,
1957 2937 2096 3009 ignis

501 3032 764 3088 excutitur
789 3032 812 3084 1’
841 3029 977 3086 Num
1000 3029 1053 3085 in
1078 3031 1221 3086 ferro
1247 3038 1339 3084 aut
1363 3029 1511 3084 silice
1539 3029 1704 3085 atomi
1728 3029 1940 3086 latent?
1965 3031 2096 3097 Quis

501 3109 761 3180 inclusit"!
787 3134 992 3178 auteur
1018 3137 1112 3178 sua
1143 3130 1335 3191 sponte
1382 3137 1487 3176 non
1514 3121 1781 3186 emicant;
1827 3131 1919 3177 aut
1963 3138 2099 3193 quo-

2168 533 2322 589 aqua:
2349 519 2394 572 si
2427 517 2666 572 tenueris
2691 517 2743 572 in
2771 517 2886 572 sole
2913 558 2929 584 ,
2962 517 3030 571 de
3061 515 3295 584 lumine,
3333 514 3474 586 quod
3509 515 3579 570 ab
3632 529 3771 584 aqua

2171 610 2432 680 refulget,
2466 610 2604 680 ignis
2633 609 2948 664 accenditur
2971 609 3133 664 etiam
3157 609 3211 662 in
3233 607 3526 663 durissimo
3550 607 3770 677 frigore.

2171 703 2307 759 Num
2331 705 2493 759 etiam
2526 705 2576 758 in
2606 719 2744 774 aqua
2771 705 2947 774 ignem
2978 717 3098 758 esse
3123 700 3451 758 credendum
3474 709 3560 756 est
3577 700 3602 754 ?
3622 701 3772 769 atqui

2173 797 2241 852 de
2267 798 2382 852 sole
2415 797 2552 867 ignis
2599 812 2666 851 ne
2714 805 2902 851 testate
2931 795 3144 865 quidem
3185 793 3406 849 accendi
3463 800 3654 862 potest.
3709 792 3766 848 Si

2176 906 2314 947 cera:
2340 892 2665 947 inhalaveris
2686 932 2700 954 ,
2733 891 2818 945 vel
2851 890 2893 944 si
2922 905 3089 960 vapor
3116 890 3249 944 levis
3278 887 3478 959 aliquid
3503 887 3738 958 attigerit
3757 929 3773 950 ,

2177 996 2270 1041 aut
2297 997 2532 1042 crustam
2576 985 2896 1049 marmoris,
2927 992 3020 1039 aut
3061 984 3316 1038 laminam
3346 1024 3361 1050 ,
3394 981 3650 1052 paulatim
3681 997 3779 1052 per

2180 1079 2572 1133 minutissimos
2617 1093 2767 1132 rores
2803 1091 2940 1146 aqua
2969 1075 3288 1132 concrescit.
3323 1073 3453 1129 Item
3485 1073 3553 1130 de
3603 1073 3773 1128 halitu

2183 1179 2339 1227 terra:
2361 1181 2452 1226 aut
2479 1173 2644 1226 maris
2669 1171 2864 1228 nebula
2891 1170 3075 1226 existit
3099 1186 3112 1222 :
3138 1183 3258 1240 qua:
3282 1179 3376 1224 aut
3405 1167 3648 1238 dispersa
3677 1166 3778 1222 hu-

2183 1267 2399 1322 mefacit
2444 1265 2703 1337 quidquid
2754 1265 2985 1330 texerit;
3041 1272 3133 1318 aut
3179 1263 3444 1330 collecta,
3488 1263 3541 1317 in
3583 1261 3782 1318 arduos

2184 1370 2395 1415 montes
2425 1359 2477 1414 in
2519 1359 2748 1414 sublime
2777 1371 2940 1413 vento
2978 1365 3165 1427 rapta,
3195 1359 3428 1427 stipatur
3462 1356 3513 1410 in
3541 1354 3773 1418 nubem,

2186 1463 2347 1522 atque
2378 1451 2576 1508 imbres
2607 1451 2872 1505 maximos
2913 1449 3116 1519 dejicit.
3147 1447 3249 1504 Ubi
3275 1462 3404 1517 ergo
3449 1445 3681 1501 dicimus
3722 1446 3785 1499 li-

2186 1559 2383 1616 quores
2406 1553 2560 1598 natos
2585 1557 2708 1597 esse
2733 1541 2756 1595 ?
2783 1540 2920 1596 Num
2944 1540 2997 1594 in
3049 1538 3284 1610 vapore?
3323 1536 3459 1593 Num
3493 1538 3546 1592 in
3578 1537 3785 1592 halitu?

2186 1639 2323 1694 Num
2351 1639 2402 1692 in
2435 1637 2638 1692 vento?
2670 1635 2830 1706 Atqui
2859 1634 2989 1690 nihil
3023 1642 3198 1704 potest
3229 1633 3529 1688 consistere
3576 1633 3626 1687 in
3677 1647 3744 1687 eo
3764 1670 3782 1698 ,

2188 1733 2329 1802 quod
2358 1747 2454 1787 uec
2485 1732 2738 1802 tangitur,
2770 1746 2870 1787 nec
2917 1729 3146 1785 videtur.
3175 1729 3318 1798 Quid
3345 1744 3446 1800 ego
3472 1727 3540 1784 de
3567 1729 3780 1783 anima-

2111 1833 2161 1894 Β
2189 1825 2328 1880 libus
2365 1825 2574 1894 loquar,
2609 1824 2661 1877 iu
2691 1836 2918 1893 quorum
2975 1821 3292 1892 corporibus
3319 1821 3450 1875 nihil
3480 1821 3596 1876 sine
3620 1821 3788 1875 ratio-

2194 1932 2264 1972 ne
2288 1958 2302 1982 ,
2332 1915 2450 1970 sine
2488 1913 2707 1979 ordine,
2736 1913 2854 1969 sine
2894 1913 3162 1978 utilitate,
3216 1913 3332 1968 sine
3367 1913 3550 1983 specie
3595 1912 3792 1982 figura-

2194 2021 2305 2066 tum
2334 2010 2615 2076 videmus;
2649 2009 2784 2064 adeo
2801 2016 2859 2063 ut
2881 2007 3234 2064 solertissima
3257 2048 3272 2072 ,
3303 1989 3362 2062 et.
3381 2005 3790 2077 diligentissima

2193 2104 2431 2159 omnium
2466 2102 2694 2173 partium
2729 2102 3198 2170 membrorumque
3247 2098 3542 2170 descriptio
3563 2141 3577 2166 ,
3607 2114 3790 2155 casum

2194 2213 2257 2255 ac
2305 2198 2571 2253 fortunam
2603 2197 2845 2266 repellat.
2893 2195 3000 2252 Sed
3033 2204 3282 2266 putemus
3328 2203 3478 2250 artus
3506 2203 3560 2249 et
3586 2208 3706 2248 ossa
3739 2200 3796 2248 et

2195 2306 2392 2347 nervos
2419 2301 2473 2346 et
2503 2293 2817 2361 sanguinem
2869 2289 2938 2344 de
2979 2289 3174 2343 atomis
3219 2303 3379 2359 posse
3421 2301 3793 2343 concrescere.

2195 2386 2334 2453 Quid
2364 2400 2556 2440 sensus
2580 2426 2595 2450 ,
2626 2383 2880 2454 cogitatio
2904 2423 2918 2446 ,
2951 2383 3208 2438 memoria
3231 2424 3246 2450 ,
3275 2397 3429 2437 mens
3448 2421 3463 2447 ,
3495 2379 3792 2451 ingenium,

2194 2478 2390 2549 quibus
2409 2475 2704 2532 seminibus
2723 2476 3088 2548 coagmentari
3109 2474 3370 2546 possunt?
3395 2474 3792 2540 minutissimis,

2196 2570 2388 2641 inquit.
2425 2570 2563 2625 Sunt
2585 2583 2714 2640 ergo
2754 2569 2862 2623 alia
2891 2567 3118 2639 majora.
3149 2567 3437 2637 Quomodo
3463 2567 3622 2639 igitur
3653 2567 3800 2622 inse-

2198 2664 2389 2720 cabilia
2413 2664 2437 2717 ?
2497 2659 2504 2666 ”

2271 2756 2475 2812 Deinde
2497 2797 2512 2821 ,
2545 2756 2589 2811 si
2622 2771 2688 2812 ex
2735 2754 3093 2811 invisibilibus
3121 2763 3246 2810 sunt
3267 2796 3282 2820 ,
3315 2768 3437 2825 quae
3467 2768 3574 2808 non
3604 2752 3795 2808 riden-

2199 2858 2317 2917 tur,
2351 2865 2689 2920 consequens
2713 2858 2795 2905 est
2817 2892 2832 2916 ,
2863 2858 2920 2904 ut
2945 2865 3010 2904 ex
3040 2847 3341 2902 visibilibus
3370 2847 3474 2902 sint
3497 2888 3511 2912 ,
3559 2861 3677 2917 qua:
3723 2843 3803 2899 vi-

2198 2942 2427 3007 dentur;
2469 2959 2565 2998 cur
2616 2942 2775 3013 igitur
2811 2955 2978 2997 nemo
3020 2940 3203 2995 videt?
3235 2939 3340 2996 Sed
3369 2939 3482 2994 sive
3513 2937 3801 2993 invisibilia

2161 3035 2320 3104 'qutn
2345 3047 2469 3092 sunt
2499 3037 2549 3091 in
2580 3037 2796 3091 homine
2816 3035 3161 3100 consideret,
3183 3034 3298 3089 sive
3319 3032 3621 3089 traetabilia
3642 3074 3655 3097 ,
3681 3046 3804 3102 qua:

2203 3129 2424 3184 veniunt
2452 3129 2552 3183 sub
2579 3139 2855 3200 aspectum
2873 3171 2888 3196 ,
2918 3128 3128 3183 ratione
3152 3137 3382 3198 utraque
3407 3137 3657 3182 constare
3679 3125 3800 3196 quis

501 3217 662 3274 modo
687 3217 890 3273 semina
919 3215 1055 3287 ignis
1080 3216 1133 3270 in
1156 3214 1379 3270 materia
1401 3213 1748 3285 frigidissima
1775 3228 2099 3284 permanere
2124 3251 2169 3313 Ο
2207 3238 2313 3278 non
2347 3221 2532 3277 videt?
2561 3221 2844 3290 Quomodo
2875 3236 3004 3292 ergo
3025 3221 3143 3276 sine
3170 3221 3379 3275 ratione
3405 3220 3652 3274 coeuntia
3682 3233 3805 3288 pos-

503 3320 789 3383 potuerunt
817 3311 840 3364 ?

2201 3325 2326 3370 sunt
2349 3314 2549 3385 aliquid
2573 3314 2789 3370 efﬁcere
2831 3313 3141 3369 rationale?
3175 3309 3429 3369 Videmus
3469 3312 3613 3368 enim
3657 3310 3795 3366 nihil

1849 3403 2204 3462 VARIORUM
2243 3406 2469 3463 ΝΟΤᾸΞ.

581 3501 696 3556 Νοη
713 3500 884 3556 herba.
917 3499 1006 3556 Sic
1026 3499 1239 3570 reposui
1269 3514 1334 3554 es
1359 3513 1490 3555 mss.
1520 3506 1576 3554 et
1602 3498 1764 3554 editis
1793 3507 1902 3554 vet.
1933 3499 2090 3555 Rom.

503 3572 783 3646 Gymnic.,
847 3572 1042 3628 Cellar.
1113 3571 1167 3626 In
1225 3571 1439 3627 czeteris
1504 3570 1666 3626 editis
1718 3571 1937 3642 legitur,
1993 3589 2096 3626 non

504 3647 856 3798 [exiguique
876 3725 1107 3786 possunt.
1143 3715 1265 3770 Mss.
1307 3716 1369 3771 11
1401 3724 1454 3769 et
1482 3715 1548 3770 15
1577 3715 1728 3782 edd.,
1759 3724 1847 3769 aut
1874 3731 2094 3786 genera-

513 3797 556 3842 rt
584 3797 813 3856 possunt.

578 3857 718 3911 Fieri
767 3857 830 3912 de
875 3858 999 3912 nilo.
1056 3857 1205 3926 Lips.
1265 3857 1337 3923 2,
1404 3857 1660 3924 lieimm.,
1716 3857 1895 3922 Rost.,
1954 3856 2087 3910 Ven.

512 3929 637 3984 H71
673 3931 735 3984 de
760 3930 923 3983 nullo.
974 3929 1202 3999 Bonam,
1238 3927 1426 3990 60th.,
1461 3927 1598 3983 Ven.
1628 3938 1856 3999 utraque
1901 3928 2041 3983 M78
2065 3971 2080 3994 ,

504 4000 700 4064 Betul.,
734 4000 924 4066 'l‘orn.,
948 3997 1184 4064 Walch.,
1219 3999 1330 4054 fieri
1356 4000 1419 4053 de
1451 3999 1611 4053 nihilo
1642 3997 1908 4068 posterius
1927 4016 2090 4069 repu-

503 4083 628 4141 gnat
656 4073 830 4126 versui
862 4089 876 4139 ;
909 4071 1057 4141 prius
1083 4071 1145 4123 de
1175 4070 1319 4124 nulla
1344 4069 1578 4126 Lucretii
1604 4070 1774 4136 mori,
1806 4072 1894 4140 qui
1928 4071 2100 4126 liben-

507 4154 588 4198 tcr
613 4143 834 4198 nihilum
863 4143 914 4197 in
948 4142 1112 4196 nilutn
1154 4141 1459 4207 contrahit,
1487 4141 1720 4212 exempli
1749 4143 1918 4213 gratia
1943 4183 1957 4208 ,

761 4297 771 4308 .
801 4296 812 4307 .
844 4295 855 4306 .
886 4293 900 4307 .
931 4296 941 4306 .
971 4255 1042 4305 Ad
1063 4256 1210 4306 nilum
1229 4269 1439 4320 quaeque
1464 4258 1686 4318 reverti;

506 4365 573 4423 Et
601 4383 737 4424 vers.
769 4367 874 4423 674
908 4385 920 4420 :

659 4481 734 4530 Ne
754 4480 840 4530 tibi
860 4494 944 4531 res
960 4481 1170 4531 redeant
1187 4480 1246 4530 ad
1268 4479 1419 4530 nilum
1440 4479 1656 4530 funditus
1673 4492 1750 4529 om
1759 4492 1864 4529 nes.

587 4583 870 4638 Fatendum
896 4594 988 4638 est.
1018 4582 1148 4638 Mss.
1174 4585 1211 4638 2
1235 4583 1442 4638 Bonon.
1463 4624 1478 4648 ,
1506 4585 1527 4636 1
1557 4583 1714 4654 Reg.,
1743 4598 1853 4638 rec.
1873 4625 1888 4648 ,
1916 4583 1951 4638 3
1975 4582 2100 4639 Col-

513 4655 676 4722 hcrt.,
729 4654 884 4721 Pen.,
945 4654 1212 4722 Clarom.,
1255 4656 1554 4723 putandum
1603 4665 1698 4708 est.
1749 4654 1772 4707 1
1828 4654 2094 4720 Sorbon.,

509 4744 552 4780 ει
567 4727 770 4780 iendum
784 4736 880 4780 est.

583 4797 710 4865 Quis
749 4798 883 4852 hunc
929 4807 1066 4870 putet
1107 4795 1340 4870 habuisse
1385 4795 1689 4870 cerebrum?
1721 4795 1916 4870 Sicca
1965 4813 2098 4870 mss.

509 4869 620 4924 fere
646 4870 894 4924 omnibus
920 4866 1157 4933 restitui;
1190 4869 1240 4922 in
1271 4870 1306 4922 4
1343 4883 1454 4922 rec.
1505 4877 1559 4922 et
1608 4866 1660 4920 in
1708 4866 1869 4921 editis
1906 4868 2101 4938 legitur

510 4950 674 5009 putat.
707 4939 960 4996 Habuisse
979 4939 1261 5003 cerebrum,
1295 4939 1346 4994 id
1387 4947 1469 4993 est
1518 4939 1781 4992 rationem
1829 4947 1884 4992 et
1909 4953 2096 4993 sanam

509 5021 782 5075 mentem;
838 5027 958 5066 nam
1009 5022 1219 5066 veteres
1249 5011 1304 5065 in
1356 5009 1582 5065 cerebro
1633 5010 1884 5064 dixerunt
1933 5010 2101 5064 animi

509 5099 630 5136 esse
652 5082 856 5137 sedem.
877 5083 990 5138 Cic.
1021 5082 1240 5138 Tuscul.
1271 5099 1319 5145 ι,
1355 5097 1473 5150 cap.
1493 5082 1548 5136 9.
1579 5110 1651 5120 —
1679 5079 1933 5135 Habuisse
1965 5099 2104 5136 cere—

508 5153 675 5207 brum.
706 5153 1013 5224 Eleganter,
1044 5166 1104 5208 ut
1131 5153 1394 5208 Pha-drus
1445 5152 1511 5206 de
1561 5150 1730 5206 Larva
1791 5152 1886 5224 lib.
1947 5153 2099 5224 1,],

508 5227 580 5296 :27:
619 5224 663 5278 0
690 5221 881 5296 quanta
907 5226 1128 5295 species,
1147 5224 1350 5296 inquit,
1375 5225 1636 5276 cerebrum
1662 5239 1762 5276 non
1792 5223 1957 5296 habet.
2002 5221 2102 5280 Ubi

509 5295 632 5350 vide
689 5294 1096 5351 Bunemannum
1143 5295 1195 5349 in
1261 5309 1402 5348 novo
1453 5295 1867 5348 commentario.
1903 5294 2101 5349 lterum

509 5366 657 5422 Lact.
689 5369 819 5434 epit.
858 5383 978 5434 cap.
1013 5369 1080 5423 54
1107 5384 1122 5422 :
1150 5364 1393 5420 Homines
1414 5367 1583 5420 inanis
1611 5365 1799 5418 cerebri
1821 5380 1840 5428 ;
1863 5364 1930 5418 de
1955 5363 2102 5434 Opif.

508 5454 626 5507 cap.
672 5439 742 5495 16
791 5455 805 5490 τ
849 5439 950 5492 Alii
995 5439 1165 5493 sedem
1191 5437 1302 5504 ejus
1331 5435 1576 5508 (mentis)
1629 5437 1682 5490 in
1737 5435 1939 5490 cerebro
1984 5451 2105 5491 esse

505 5509 776 5565 dixerunt.
809 5508 939 5564 BUN.

581 5579 875 5636 Credamus.
899 5581 926 5635 1
955 5580 1218 5644 Colbert.,
1270 5580 1558 5645 credimus;
1592 5579 1616 5634 1
1663 5578 1733 5632 al.
1782 5577 2022 5634 Colbert.
2051 5587 2107 5634 et

510 5652 699 5717 Brun.,
733 5653 1023 5707 credamus.

583 5722 726 5795 Ignis
753 5725 1022 5795 excutitur.
1054 5723 1144 5779 Sic
1170 5736 1361 5778 omnes
1399 5720 1582 5791 scripti
1607 5720 1841 5795 editique
1862 5762 1876 5785 ,
1909 5730 2106 5795 praeter;

509 5792 646 5853 Ven.
679 5796 905 5872 primam
935 5794 1097 5871 1178,
1120 5795 1394 5862 excutitur,
1418 5807 1601 5866 prave.
1631 5793 1838 5850 Mallem
1869 5835 1884 5866 ,
1915 5792 1959 5848 si
1983 5793 2105 5850 libri

2203 3511 2507 3558 aunuerent
2529 3544 2542 3566 ,
2572 3501 2865 3568 excuditur,
2888 3512 2947 3557 ut
2974 3501 3123 3573 Virg.
3155 3518 3170 3556 ι
3202 3501 3328 3557 Ain.
3364 3501 3462 3557 171
3500 3519 3512 3555 :

2392 3617 2465 3668 Ac
2489 3617 2698 3680 primum
2725 3618 2871 3667 silicis
2895 3616 3153 3667 scintillam
3177 3616 3382 3667 excudit
3401 3615 3630 3666 Achates.

3482 3699 3610 3753 Buu.

2279 3801 2465 3856 Orbem
2485 3801 2719 3869 vitreum,
2743 3811 2848 3857 etc.
2891 3800 3016 3856 Haec
3042 3800 3265 3854 cristalli
3307 3808 3496 3854 natura
3529 3806 3648 3863 est,
3683 3814 3804 3868 qua:

2203 3873 2336 3927 nihil
2369 3873 2513 3927 aliud
2539 3883 2621 3928 est
2642 3915 2654 3938 ,
2681 3889 2840 3941 quam
2867 3887 3004 3942 aqua
3028 3871 3080 3925 in
3107 3873 3297 3942 lapidis
3319 3871 3570 3925 duritiem
3601 3871 3799 3940 frigore

2198 3955 2250 3998 et
2281 3953 2546 3999 vetustate
2593 3941 3081 4014 eongelata.’Vide
3128 3941 3490 4014 Marboﬁdaeum
3532 3943 3808 4014 cuiusuis

2209 4011 2742 4070 commentatorihus.
2775 4015 2847 4068 De
2877 4015 3015 4084 ignis
3045 4024 3234 4068 natura
3263 4013 3304 4068 Τ
3310 4011 3626 4081 he0phrasti
3668 4013 3804 4084 liber

2210 4096 2376 4141 extat.
2425 4087 2566 4142 Sunt
2613 4086 2820 4141 similes
2870 4081 3006 4155 ignis
3060 4084 3310 4139 eliciendi
3387 4081 3809 4155 rationesapud

2213 4157 2349 4212 Plin.
2377 4167 2431 4212 et
2461 4157 2768 4212 Lucretium
2799 4153 3008 4226 ipsum,
3053 4167 3212 4225 atque
3239 4157 3401 4212 etiam
3451 4153 3592 4225 apud
3637 4154 3812 4210 Sene-

2213 4242 2330 4298 cam
2365 4229 2414 4282 in
2447 4228 2687 4282 Natural.
2717 4237 2908 4298 qmest.
2935 4227 3139 4282 Βετυι.

2286 4297 2608 4354 dredendum
2635 4297 2882 4355 est.’Mss.
2907 4298 2961 4364 5,
2991 4299 3216 4352 credent.

2288 4370 2442 4440 Atqui
2471 4373 2533 4423 de
2555 4372 2661 4424 sole
2689 4371 2844 4442 ignis,
2897 4379 3001 4426 etc.
3045 4369 3418 4424 Hallueinatur
3449 4368 3762 4424 Lactantius
3792 4385 3806 4425 :

2136 4480 2187 4540 n
2216 4442 2914 4540 “R‘Ei‘i‘f'lflffﬁi’f‘iﬁ‘f'iﬂ'ﬁ
2935 4449 3182 4540 ιεξειίιξιίξ·

2286 4511 2428 4567 Cera:
2455 4513 2784 4568 inhalaveris.
2812 4512 2936 4566 Mss.
2971 4528 3024 4578 1,
3056 4512 3189 4583 Reg.
3224 4526 3360 4578 rec.,
3387 4513 3422 4566 5
3460 4511 3701 4568 Colbert.
3754 4519 3809 4565 et

2207 4583 2412 4646 Baluz..
2448 4584 2509 4639 Si
2541 4600 2672 4639 cera:
2691 4587 2743 4638 in
2768 4585 3028 4638 alveariis.

2289 4655 2457 4725 Vapor
2474 4656 2615 4710 levis.
2640 4655 2765 4726 Mss.
2787 4655 2974 4718 60th.,
2991 4655 3150 4722 lenis;
3176 4655 3201 4709 1
3220 4653 3434 4710 Bonon.
3455 4655 3646 4726 antiq.,
3673 4655 3800 4709 lene.

2276 4728 2375 4780 Aut
2403 4728 2576 4782 maris.
2606 4725 2733 4782 Mss.
2766 4727 2799 4782 6
2829 4736 2876 4780 et
2899 4727 3076 4781 maris.

2279 4797 2420 4869 Quid
2445 4815 2557 4867 ego.
2599 4799 2689 4855 Sic
2737 4798 3018 4869 legendum
3067 4813 3134 4852 ex
3177 4804 3288 4869 vet:
3345 4813 3474 4852 mss.
3514 4797 3803 4860 iBonon.,

2203 4868 2365 4924 Cane.
2395 4868 2588 4924 Czeteri
2614 4879 2667 4924 et
2693 4867 2818 4924 edd.
2840 4870 3040 4925 habent
3079 4885 3234 4938 ergo;
3261 4867 3452 4932 Brun.,
3482 4869 3662 4939 igitur.

2277 4939 2492 4994 Deinde.
2526 4940 2600 4995 lta
2634 4939 2848 5009 reposui
2878 4957 2942 4996 ex
2967 4940 3216 4995 omnibus
3239 4954 3370 4995 mss.
3400 4950 3596 5009 pneter
3624 4941 3658 4995 3
3685 4955 3799 4994 rec.

2207 5011 2258 5066 in
2291 5012 2486 5084 quibus
2512 5022 2595 5067 est
2623 5011 2884 5084 Denique,
2916 5019 2976 5066 ut
3003 5015 3056 5065 in
3091 5009 3274 5066 editis.

2285 5082 2345 5136 Si
2376 5099 2438 5137 ex
2465 5081 2797 5138 invisibilibus
2823 5093 2939 5138 sunt
2962 5125 2976 5148 ,
3007 5097 3122 5152 qua:
3150 5098 3251 5136 non
3277 5081 3533 5142 videntur,
3568 5098 3713 5135 nemo
3737 5081 3811 5134 vi-

2205 5153 2332 5209 det?
2361 5154 2451 5208 Sic
2497 5153 2780 5224 legendum
2829 5170 2899 5208 ex
2951 5163 3179 5222 utroque
3209 5153 3442 5218 Bonou.,
3476 5155 3509 5208 ὅ
3536 5152 3807 5217 Colbert.,

2206 5224 2392 5280 Baluz.
2422 5233 2477 5280 et
2501 5223 2657 5290 Tax.,
2695 5242 2801 5280 non
2835 5237 2891 5280 ut
2928 5225 3043 5290 alii,
3071 5225 3113 5278 si
3164 5240 3226 5278 ea:
3261 5223 3600 5278 invisibilibus
3651 5235 3767 5276 sunt
3795 5265 3809 5288 ,

2204 5312 2318 5366 qua:
2342 5297 2592 5361 videntur,
2621 5297 2880 5368 curigitur
2911 5313 3056 5351 nemo
3085 5296 3218 5350 videt
3242 5298 3265 5349 ?
3287 5295 3466 5351 Utitur
3488 5304 3812 5364 argumento

2204 5382 2234 5420 a
2262 5370 2550 5423 contrariis
2582 5387 2594 5422 :
2627 5369 2671 5422 si
2697 5383 2761 5423 ea
2789 5385 2911 5438 qua:
2952 5383 3057 5423 non
3083 5369 3352 5438 videntur,
3393 5375 3614 5420 manant
3636 5381 3808 5438 acor-

2209 5438 2426 5511 poribns
2457 5436 2860 5511 invisibilibus;
2892 5455 3021 5511 ergo
3069 5455 3190 5510 quae
3235 5436 3812 5511 videnturtnrodruut

2205 5525 2274 5564 ex
2297 5508 2601 5580 visibilibus
2627 5527 2642 5575 ;
2670 5526 2731 5566 ea
2756 5511 2916 5580 igitur
2939 5507 3038 5565 e'ur
3065 5507 3170 5564 non
3194 5507 3484 5564 videntur?
3507 5507 3695 5564 lsaus.

2281 5578 2598 5636 Cansideret.
2634 5580 2760 5636 Mss.
2781 5578 2824 5635 ’7
2853 5582 3163 5636 consideres.

2277 5648 2610 5723 Tractabilia.
2627 5651 2754 5709 Mss.
2780 5652 2846 5708 16
2861 5655 3000 5708 inter
3016 5667 3150 5723 quos
3167 5659 3251 5706 est
3267 5650 3562 5723 Regio-Pal
3574 5690 3587 5703 .
3613 5649 3815 5723 habent

2208 5722 2457 5796 tactibilia
2483 5741 2499 5786 ;
2529 5723 2739 5780 Borion.
2761 5725 2958 5796 antiq.,
2981 5721 3176 5796 tactiiia
3190 5739 3210 5787 ;
3239 5723 3275 5775 2
3294 5721 3814 5796 (Ξοὶὺεε-ιαειαρἱὶᾳς

2205 5796 2241 5858 ‘2.
2266 5794 2399 5868 Reg.
2423 5809 2534 5852 ree.
2583 5804 2639 5851 et
2684 5796 2772 5852 ed.
2809 5793 2964 5852 Rom.
3017 5793 3180 5862 N70,
3227 5793 3571 5864 iutactibilia;
3612 5793 3682 5850 al.
3716 5794 3804 5853 ed.
