4138 6190
269 258 374 326 {05

1623 265 1823 323 LIBER
1867 265 1957 322 DE
1998 265 2115 323 IRA
2159 266 2295 323 DEI.

3475 281 3582 339 106

265 397 387 438 esse
418 381 471 435 in
499 380 650 435 omni
676 378 896 443 mundo,
925 376 1067 449 quod
1086 391 1194 433 non
1213 376 1406 435 habeat
1425 377 1555 434 inse
1579 379 1865 433 maximam
1898 383 1951 442 Α
1975 380 2118 434 tione
2147 379 2216 435 de
2235 378 2464 438 confuso
2484 395 2680 440 acervo
2707 399 2767 444 se
2797 389 2962 445 atomi
2989 403 3453 464 congregaverant
3475 441 3489 463 ,
3520 407 3580 454 ut

269 473 686 544 mirabiletnqtte
714 473 1000 525 rationem.
1051 470 1182 538 Qua:
1209 511 1224 534 ,
1252 471 1377 540 quia
1419 486 1579 540 supra
1633 470 1869 524 hominis

269 580 491 622 sensum
518 574 576 620 et
607 564 879 635 ingenium
919 573 1038 630 est,
1070 565 1156 618 cui
1188 565 1423 631 rectius,
1474 579 1634 634 quam
1669 563 1870 618 divina:

267 659 630 730 providentia:
664 657 948 712 tribuenda
980 657 1101 712 est?
1131 656 1213 710 An
1249 657 1599 712 simulacrum
1632 655 1870 710 hominis

266 762 321 808 et
355 761 596 806 statuam
625 750 766 806 ratio
819 761 875 806 et
915 765 1004 805 ars
1044 749 1228 821 fingit;
1280 751 1456 822 ipsum
1500 751 1774 804 hominem
1805 748 1874 804 de

269 845 456 899 frustis
510 853 714 898 temere
757 843 1208 898 concurrentibus
1261 841 1376 898 fieri
1431 841 1768 911 putabimus?
1808 841 1875 896 Et

272 937 397 1007 quid
428 936 611 991 simile
651 934 898 990 veritatis
938 937 990 990 iu
1039 934 1196 1000 ficto,
1233 949 1354 990 cunt
1384 949 1654 990 summum
1686 943 1742 988 et
1779 949 1874 988 ex-

272 1030 477 1084 ecllens
508 1027 798 1082 artificium
828 1027 961 1082 nihil
985 1026 1126 1081 aliud
1147 1067 1163 1091 ,
1198 1027 1298 1080 nisi
1340 1027 1583 1081 umbram
1607 1035 1664 1081 et
1689 1036 1872 1081 extre-

275 1139 358 1180 ma
399 1124 648 1193 corporis
677 1123 1002 1178 lineamenta
1035 1122 1208 1192 possit
1247 1123 1482 1177 imitari?
1528 1121 1667 1176 Num
1703 1123 1877 1191 potuit

277 1217 510 1271 humana
542 1214 763 1269 solertia
794 1213 924 1269 dare
954 1215 1106 1285 operi
1137 1229 1236 1271 suo
1265 1225 1357 1270 aut
1390 1223 1593 1269 motum
1615 1216 1873 1285 aliquem,

277 1320 364 1365 aut
391 1308 661 1364 sensum?
689 1307 892 1362 Omitto
944 1322 1099 1363 usum
1149 1308 1403 1373 videndi,
1439 1307 1688 1363 audiendi
1709 1351 1721 1368 .
1753 1308 1878 1362 odo-

277 1401 428 1457 randi
455 1442 470 1467 ,
497 1409 929 1468 cacterorumque
950 1400 1318 1454 membrorum
1340 1440 1356 1467 ,
1375 1399 1455 1454 vel
1479 1399 1874 1469 apparentium,

279 1491 365 1546 vel
397 1491 721 1554 latentium,
771 1489 1050 1545 mirabiles
1078 1491 1355 1547 utilitates.
1382 1490 1515 1558 Quis
1553 1489 1745 1545 artifex
1778 1505 1876 1560 po-

275 1585 376 1638 tuit
396 1625 411 1650 ,
443 1593 540 1638 aut
567 1598 662 1637 cor
693 1581 929 1636 hominis
949 1623 963 1647 ,
1016 1593 1108 1635 aut
1142 1597 1363 1648 vocem,
1394 1592 1484 1635 aut
1514 1581 1681 1650 ipsam
1713 1580 1877 1634 fabri-

277 1692 403 1732 care
428 1676 757 1746 sapientiam
776 1674 798 1728 ?
815 1673 1180 1744 Quisquamne
1203 1673 1364 1742 igitur
1383 1687 1552 1729 sanus
1573 1674 1877 1737 existimat,

1973 487 2038 526 ex
2065 472 2185 528 aliis
2207 473 2434 528 inferius
2459 486 2600 532 terra
2623 481 3060 550 conglobaretur,
3092 485 3291 542 coelum
3340 489 3579 560 desuper

1979 564 2313 630 tenderetur,
2369 575 2516 622 tanta
2565 569 2803 626 siderum
2851 576 3110 631 varietate
3152 576 3495 647 distinctum,
3523 589 3588 640 ut

1976 656 2109 712 nihil
2143 673 2383 729 unquam
2415 661 2712 732 excogitari
2748 666 2919 733 possit
2945 669 3229 723 ornatius?
3249 669 3418 725 Tanta
3449 687 3584 742 ergo

1975 751 2064 820 qtti
2094 750 2274 806 videat
2303 761 2358 806 et
2393 753 2515 807 talia
2541 796 2555 820 ,
2599 763 2781 822 potest
2829 757 3143 813 existimare
3195 761 3342 815 nullo
3385 761 3589 820 effecta

1976 859 2097 899 esse
2112 845 2362 909 consilio,
2385 845 2530 900 nulla
2555 847 2915 916 providentia,
2946 849 3095 904 nulla
3117 851 3328 907 ratione
3356 853 3579 920 divina;

1978 937 2074 992 sed
2102 952 2168 992 ex
2196 938 2390 992 atomis
2409 939 2695 994 subtilibus
2719 979 2734 1005 ,
2768 940 2978 1010 exiguis
3003 955 3256 998 concreta
3282 959 3404 1000 esse
3435 954 3587 1001 tanta

1980 1028 2235 1083 tuiracula
2263 1029 2285 1082 ?
2313 1029 2502 1084 Nonne
2531 1030 2776 1100 prodigio
2804 1030 2981 1087 simile
3008 1041 3094 1088 est
3130 1045 3222 1088 aut
3249 1045 3434 1089 natum
3461 1049 3586 1092 esse

1979 1120 2291 1187 hominem,
2334 1123 2423 1192 qui
2459 1122 2572 1177 hate
2593 1121 2830 1190 diceret,
2861 1125 3250 1190 autextitisse,
3280 1129 3369 1197 qui
3396 1129 3590 1186 credo-

1981 1214 2108 1268 rct?
2142 1223 2199 1267 ut
2229 1213 2595 1269 Democritum
2620 1255 2634 1281 ,
2664 1215 2755 1285 qui
2787 1215 3003 1272 auditor
3030 1217 3147 1287 ejus
3173 1218 3312 1283 fuit,
3342 1221 3426 1274 vel
3459 1221 3592 1291 Epi-

1979 1318 2204 1368 curum,
2240 1306 2290 1360 in
2321 1321 2481 1375 quem
2530 1306 2734 1362 vanitas
2792 1309 2972 1363 omnis
3025 1307 3094 1364 de
3139 1309 3397 1381 Leucippi
3437 1313 3589 1376 fonte

1981 1397 2251 1467 profluxit.
2280 1400 2348 1452 At
2375 1400 2517 1453 enim
2550 1399 2732 1468 (sicut
2757 1400 2846 1454 alii
2873 1399 3098 1472 dicunt)
3125 1414 3315 1457 natura
3349 1405 3587 1460 mundus

1981 1489 2212 1544 effectus
2238 1500 2355 1555 est,
2389 1484 2510 1559 quae
2561 1503 2725 1544 sensu
2776 1502 2832 1545 et
2887 1491 3054 1560 ﬁgura
3104 1505 3271 1547 caret.
3303 1493 3414 1549 lloc
3458 1510 3595 1551 vero

1983 1585 2152 1640 multo
2180 1593 2266 1639 est
2289 1584 2595 1640 absurdius.
2618 1584 2674 1640 Si
2707 1595 2895 1639 natura
2928 1586 3184 1641 mundum
3218 1586 3378 1652 fecit,
3401 1590 3587 1645 consi~

1984 1678 2055 1731 lio
2077 1688 2130 1732 et
2163 1677 2372 1732 ratione
2423 1677 2642 1741 fecerit,
2685 1691 2910 1733 necesse
2937 1687 3062 1744 est;
3097 1679 3142 1732 is
3169 1681 3314 1734 enim
3339 1681 3464 1735 facit
3487 1682 3590 1737 ali-

276 1770 424 1841 quod
458 1769 621 1823 homo
651 1769 862 1823 ratione
888 1777 943 1821 et
970 1766 1198 1822 consilio
1231 1767 1407 1821 facere
1435 1781 1541 1820 non
1583 1766 1786 1835 possit,
1820 1765 1876 1820 id
1911 1767 1960 1828 B
1987 1771 2112 1842 quid
2139 1812 2155 1837 ,
2177 1773 2266 1842 qui
2292 1780 2383 1826 aut
2413 1771 2742 1825 voluntatem
2770 1769 3001 1827 faciendi
3029 1770 3231 1836 habet,
3279 1782 3371 1827 aut
3409 1773 3588 1829 scien-

277 1877 547 1917 concursu
588 1869 894 1916 atomorum
921 1859 1118 1930 passim
1141 1858 1527 1913 cohaerentium
1558 1857 1739 1927 perlici
1783 1873 1875 1927 po-

276 1955 486 2012 tuisse?
519 1951 688 2008 Vidcs
728 1953 780 2006 in
813 1966 934 2022 quas
987 1950 1340 2006 deliramenta
1387 1949 1675 2004 inciderint
1704 1991 1718 2014 ,
1746 1948 1873 2004 dum

278 2051 469 2106 nolunt
492 2048 832 2104 effectiouem
861 2061 1155 2117 curamque
1183 2060 1366 2102 rerum
1391 2044 1502 2100 Deo
1539 2044 1690 2100 dare.

345 2140 736 2199 Coucetlatnus
776 2149 952 2194 tamen
984 2137 1104 2202 his,
1137 2147 1196 2192 ut
1236 2153 1301 2192 ex
1348 2137 1544 2192 atomis
1584 2139 1712 2192 fiant
1760 2154 1878 2208 qua:

279 2245 491 2290 terrena
510 2241 673 2287 sunt:
705 2247 832 2285 num
862 2230 1024 2286 etiam
1051 2229 1330 2286 ccelestia?
1359 2229 1495 2284 Deos
1524 2230 1673 2283 aiunt
1700 2231 1878 2284 incor-

279 2339 503 2398 ruptos,
531 2335 767 2381 asternos
790 2365 804 2388 ,
836 2325 1022 2378 beatos
1047 2338 1206 2388 esse;
1234 2322 1472 2392 solisque
1500 2323 1629 2376 dant
1677 2323 1876 2376 immu-

279 2419 541 2485 nitatem,
576 2433 644 2471 ne
684 2430 948 2470 concursu
1001 2424 1304 2469 atomorum
1353 2413 1590 2468 concreti
1633 2427 1756 2468 esse
1796 2414 1873 2468 vi-

279 2510 536 2567 deantur.
570 2505 630 2563 Si
658 2508 800 2562 enim
831 2506 904 2562 dii
950 2520 1163 2577 quoque
1205 2519 1271 2560 ex
1316 2503 1424 2559 illis
1469 2505 1874 2575 constitissent,

235 2663 238 2666 ,
281 2602 628 2674 dissipabiles
655 2600 880 2667 fierettt,
926 2599 1224 2655 seminibus
1252 2597 1544 2668 aliquando
1583 2599 1874 2664 resolutis,

280 2706 444 2766 atque
495 2694 548 2748 in
596 2705 841 2748 naturam
883 2705 1033 2746 suam
1076 2690 1491 2745 revertentibus.
1522 2689 1666 2759 Ergo
1711 2691 1755 2743 si
1795 2701 1880 2746 est

281 2785 523 2857 aliquid,
553 2783 696 2854 quod
725 2784 887 2837 atomi
922 2798 1026 2836 non
1073 2780 1345 2837 eﬂ‘ecerint
1369 2823 1383 2847 ,
1407 2797 1507 2836 cur
1547 2797 1654 2837 non
1681 2793 1876 2837 caetera

283 2878 476 2934 eodem
509 2877 670 2932 modo
727 2873 1135 2946 intelligamus?
1170 2873 1300 2941 Sed,
1327 2889 1511 2944 quaero
1535 2914 1552 2940 ,
1591 2885 1876 2944 antequam

281 2970 543 3029 mundum
578 2969 866 3040 primordia
908 2969 1009 3022 ista
1049 2975 1400 3037 generarent,
1425 2982 1521 3022 cur
1546 2967 1646 3021 sibi
1677 2967 1748 3022 dii
1777 2967 1878 3023 ba-

281 3066 582 3122 bitaculum
637 3081 743 3119 non
799 3063 1220 3118 :edificaverint?
1255 3061 1519 3118 Videlicet
1570 3062 1670 3116 nisi
1712 3063 1877 3117 atomi

1980 1865 2128 1920 tiam.
2167 1865 2221 1920 Si
2249 1873 2399 1918 caret
2439 1877 2600 1918 sensu
2643 1877 2706 1917 ac
2761 1862 2928 1930 ﬁgura
2954 1904 2968 1928 ,
2999 1863 3273 1933 quomodo
3315 1875 3488 1934 potest
3512 1866 3586 1920 ab

1980 1974 2040 2012 ea
2071 1957 2184 2012 fieri
2207 2001 2221 2024 ,
2245 1957 2388 2027 quod
2413 1964 2468 2012 et
2492 1969 2710 2012 sensum
2735 1954 2998 2011 habeatet
3025 1956 3288 2028 figuram?
3312 1958 3411 2011 nisi
3442 1955 3586 2012 forte

1981 2051 2103 2120 quis
2129 2049 2442 2113 arbitretur,
2473 2047 2790 2104 animalium
2823 2047 3078 2103 fabricam
3112 2055 3218 2102 tant
3251 2047 3506 2103 subtilem
3551 2063 3588 2103 a

1985 2157 2092 2197 non
2119 2141 2390 2197 sentiente
2409 2139 2630 2196 formari
2653 2139 2987 2210 animarique
3013 2141 3252 2210 patuisse
3274 2157 3289 2204 ;
3311 2149 3404 2194 aut
3425 2141 3585 2195 istam

1983 2237 2103 2292 coeli
2125 2237 2360 2306 Speciem
2378 2277 2394 2303 ,
2420 2245 2526 2290 tam
2548 2233 2891 2304 providenter
2911 2234 2976 2290 ad
3001 2235 3261 2290 utilitates
3289 2234 3586 2291 viventium

1987 2339 2376 2399 temperatam,
2407 2326 2590 2383 nescio
2629 2343 2736 2398 quo
2781 2341 2911 2382 casu
2932 2368 2947 2392 ,
2984 2328 3103 2384 sine
3136 2327 3436 2396 conditore,
3463 2328 3585 2384 sine

1985 2421 2226 2486 artifice,
2270 2420 2450 2476 subito
2487 2417 2750 2474 extitisse.

2061 2531 2078 2564 ι
2116 2513 2170 2568 Si
2199 2511 2325 2582 quid
2352 2518 2466 2577 est,
2497 2511 2671 2580 inquit
2698 2509 3064 2580 Chrysippus,
3087 2511 3231 2581 quod
3262 2510 3463 2568 efficiat
3486 2527 3578 2578 ea,

1984 2620 2103 2674 qua:
2132 2605 2314 2667 homo.
2347 2602 2472 2656 licet
2503 2603 2713 2656 ratione
2768 2603 2836 2655 sit
2891 2601 3191 2672 praeditus,
3243 2603 3418 2658 facere
3471 2619 3583 2660 non

1986 2697 2185 2766 possit,
2221 2695 2270 2748 id
2295 2693 2536 2764 profecto
2562 2702 2646 2748 est
2676 2692 2880 2762 majus,
2910 2703 2964 2748 et
2991 2691 3216 2762 fortius,
3263 2704 3316 2750 et
3355 2696 3580 2766 sapien-

1986 2788 2090 2843 tius
2119 2787 2354 2841 homine.
2389 2804 2406 2838 ι
2436 2785 2607 2839 ΙΙοιιιο
2632 2793 2810 2838 autem
2841 2798 2946 2838 non
2981 2793 3157 2853 potest
3184 2788 3358 2840 facere
3398 2787 3592 2843 caeles-

1984 2881 2091 2944 tia;
2121 2893 2250 2948 ergo
2281 2877 2412 2932 illud
2437 2918 2452 2942 ,
2482 2876 2625 2946 quod
2675 2877 2789 2929 hanc
2813 2875 3012 2929 efficiet
3051 2877 3132 2930 vel
3170 2876 3412 2932 effecerit
3439 2920 3452 2943 ,
3495 2893 3590 2933 su-

1986 2979 2140 3041 perat
2168 2969 2442 3023 hominem
2473 2976 2611 3033 arte,
2652 2967 2912 3035 consilio,
2945 2967 3262 3038 prudentia,
3297 2979 3585 3039 pmestate.

1987 3067 2117 3134 Quis
2167 3066 2328 3137 igitur
2355 3073 2531 3134 potest
2574 3078 2732 3128 esse,
2793 3062 2895 3117 nisi
2952 3063 3131 3117 Deus?
3177 3061 3376 3118 Natura
3433 3080 3584 3132 vero,

283 3163 543 3217 coiissent
571 3202 586 3226 ,
617 3160 923 3229 cminmque
955 3158 1237 3222 fecissent,
1290 3155 1466 3210 adhuc
1513 3155 1584 3210 dii
1631 3172 1727 3228 per
1769 3172 1883 3211 me-
1912 3140 1957 3202 Ο
1991 3175 2148 3232 quam
2177 3159 2343 3215 veluti
2373 3167 2598 3213 matrem
2631 3171 2753 3213 esse
2777 3171 2958 3212 rerum
3003 3164 3214 3226 putant,
3261 3158 3304 3211 si
3353 3169 3588 3213 mentem

285 3254 430 3310 dium
461 3256 625 3312 inane
657 3252 973 3323 penderent.
1005 3251 1124 3318 Quo
1173 3249 1334 3320 igitur
1383 3251 1634 3318 consilio,
1669 3266 1770 3322 qua
1802 3267 1886 3306 ra-

1993 3268 2098 3308 nou
2131 3251 2320 3320 habet,
2346 3250 2479 3306 nihil
2499 3249 2699 3306 efficiet
2725 3264 2993 3318 unquam,
3027 3247 3160 3303 nihil
3186 3249 3456 3304 molietnr.
3487 3248 3587 3306 Ubi

1641 3366 1994 3424 VARIORUM
2025 3365 2256 3424 ΝΟΤᾸΞ.

286 3487 441 3543 Rom.
476 3482 645 3555 M74,
675 3481 1032 3555 intactabilia;
1061 3480 1223 3555 altera
1249 3481 1408 3555 Rom.
1443 3481 1585 3536 1468
1608 3497 1728 3555 cunt
1772 3497 1875 3537 ca:-

286 3560 416 3614 teris
466 3553 757 3626 impressis
793 3569 856 3608 ac
907 3553 1470 3626 scriptisnlractabilia,
1502 3564 1558 3606 ut
1606 3554 1659 3626 in
1706 3564 1870 3609 textu.

287 3628 444 3686 Unde
471 3624 669 3696 liquet,
716 3624 854 3680 sicut
896 3639 962 3678 ex
1012 3625 1174 3678 variis
1212 3625 1542 3696 lectionibus
1571 3624 1726 3690 aliis,
1769 3635 1878 3680 tres

289 3695 562 3754 Romanas
616 3697 880 3751 editiones
922 3711 951 3749 a
1006 3710 1065 3749 se
1118 3695 1345 3750 invicem
1401 3695 1661 3749 diversas.
1691 3695 1794 3750 Sed
1825 3704 1880 3750 et

287 3772 416 3826 alibi
447 3771 677 3839 legimus
702 3765 844 3836 apud
868 3765 1202 3820 Lactantium
1229 3766 1323 3839 lib.
1355 3781 1384 3818 v
1414 3765 1593 3839 Divin.
1618 3766 1878 3839 Ιιιξιίιιη.2

286 3857 403 3911 cap.
431 3835 528 3904 22',
561 3835 1016 3911 oculis’manuque
1060 3838 1320 3891 tractabile
1343 3836 1480 3911 ;__ubi
1508 3835 1629 3890 vide
1656 3835 1780 3892 Not.
1814 3837 1879 3892 ad

288 3908 381 3968 lib.
415 3914 486 3966 de
514 3908 767 3979 Opificio,
791 3923 912 3978 cap.
944 3909 969 3962 1
1001 3924 1153 3960 manu
1185 3909 1423 3979 et_oculis
1453 3918 1785 3979 contrectare.

363 3977 615 4037 taxtrenia
636 3980 864 4048 corporis
886 3979 1207 4033 lineamenta.
1236 3977 1433 4044 Lond.,
1461 3979 1616 4049 lleg.,
1645 3978 1874 4033 Reimm.

290 4065 344 4109 et
371 4068 565 4108 omnes
615 4052 763 4114 libri,
821 4061 1063 4103 extrema.
1119 4049 1281 4103 Recte
1312 4065 1442 4120 ergo
1480 4066 1544 4104 ex
1607 4049 1707 4103 hoc
1762 4049 1881 4120 loco

294 4127 356 4180 D.
387 4124 627 4180 Bouhier
667 4129 848 4176 mouet
887 4123 1149 4175 adversus
1180 4119 1485 4185 Davisimu;
1519 4121 1679 4175 etiam
1712 4121 1762 4175 itt
1791 4119 1881 4175 Ci-

293 4212 489 4251 cerone
519 4195 614 4247 lib.
672 4208 687 4246 l
732 4193 801 4247 de
849 4191 965 4246 Nat.
1019 4191 1202 4256 Deor.,
1255 4207 1373 4263 cap.
1404 4192 1474 4247 44
1508 4209 1520 4244 :
1551 4190 1881 4245 Lineamettta

294 4270 541 4320 duntaxat
572 4264 808 4318 extremis
847 4264 1150 4316 servandum
1176 4279 1304 4318 esse.
1356 4263 1477 4317 Pari
1523 4263 1683 4316 modo
1729 4265 1876 4317 Lact.

291 4339 386 4394 lib.
416 4353 470 4403 v,
493 4350 613 4404 cap.
637 4335 672 4388 2
703 4376 715 4390 .
743 4333 1067 4388 Lineamenta
1105 4343 1152 4387 et
1179 4350 1428 4388 summam
1457 4335 1677 4459 ﬁggram
1732 4335 1878 4388 dixit.

1576 4421 1661 4459 ou.

1576 4421 1661 4460 UN.

369 4477 582 4532 Omitto.
612 4476 755 4532 Μελ
782 4475 915 4532 Bon.
947 4478 1140 4546 antiq.,
1171 4474 1340 4531 Mitto.
1362 4474 1466 4531 Pro
1487 4493 1636 4529 usum
1653 4477 1881 4542 videndi,

290 4553 348 4606 in
387 4550 521 4604 edit.
565 4548 756 4603 Venet.
799 4547 948 4602 Trid.
991 4546 1231 4602 Florent.
1281 4557 1364 4602 est
1401 4564 1599 4602 sensum
1648 4548 1880 4614 videndi,

291 4623 435 4678 male
455 4662 472 4686 ,
501 4635 624 4674 mox
649 4624 792 4674 enim
826 4635 926 4672 vox
954 4635 1154 4672 sensum
1187 4621 1480 4689 praecessit.

369 4689 725 4759 Eﬂ'ectionem.
759 4690 896 4744 Rara
928 4706 1031 4742 vox
1053 4733 1065 4754 ,
1092 4706 1209 4759 qua:
1237 4699 1418 4744 tamen
1451 4690 1720 4760 reperitur
1741 4688 1882 4758 apud

291 4763 637 4824 Ciceronem,
665 4763 754 4815 lib.
773 4777 810 4815 ιι
840 4762 906 4814 tle
923 4760 1166 4827 Finibus,
1190 4777 1309 4830 cap.
1341 4763 1432 4828 45,
1454 4773 1506 4816 et
1531 4761 1625 4816 lib.
1656 4776 1735 4828 ttt,
1760 4775 1881 4830 cap.

289 4836 384 4898 24,
418 4836 548 4888 artis
577 4833 790 4898 effectio.

369 4907 428 4961 Si
457 4907 594 4958 enim
623 4905 694 4956 dii
723 4918 918 4972 quoque
956 4919 1018 4957 ex
1043 4901 1148 4956 illis
1172 4903 1530 4957 constitissent.
1559 4902 1650 4958 Sic
1679 4903 1883 4956 restitui

290 4994 358 5033 ex
393 4975 811 5047 quatnplurjtttis
839 4987 968 5047 utss.
993 4975 1144 5047 inter
1183 4988 1332 5047 quos
1363 4982 1489 5029 sunt
1525 4974 1882 5047 antiquissimi

292 5050 319 5104 1
347 5042 647 5102 Βόηοιι.“ει
675 5044 958 5113 Βαε.›Ριιι.
993 5042 1048 5098 ln
1079 5045 1112 5098 6
1152 5042 1367 5112 scriptis
1395 5056 1451 5099 et
1480 5044 1639 5099 editis
1661 5042 1882 5114 legitttr,

290 5121 417 5174 deos
442 5133 646 5186 quoque
669 5132 731 5169 ex
756 5115 861 5170 illis
889 5117 1291 5187 constituissent;
1317 5117 1368 5169 in
1393 5117 1427 5169 5
1451 5115 1582 5187 Reg.
1609 5129 1744 5183 rec.,
1767 5115 1888 5170 Cla-

292 5185 464 5255 rout.,
498 5185 585 5242 ed.
608 5188 762 5241 Rom.
794 5185 952 5250 M70,
983 5187 1171 5241 deos...
1195 5185 1549 5242 constituisset.

368 5258 728 5329 Dissipabites.
751 5258 876 5312 llaec
893 5273 995 5312 vox
1018 5257 1107 5312 vix
1124 5260 1359 5329 occurrit
1385 5257 1524 5328 apud
1556 5257 1690 5312 alios
1718 5257 1888 5329 scrip-

294 5342 446 5387 torcs
475 5347 490 5384 :
517 5326 874 5384 nihilominus
905 5339 1050 5383 extat
1078 5327 1217 5399 apud
1241 5326 1581 5393 Ciceronem,
1616 5329 1709 5383 lib.
1737 5343 1794 5381 ut
1822 5328 1890 5381 de

289 5403 500 5458 Natura
527 5401 705 5466 deor.,
733 5416 852 5471 cap.
884 5399 955 5455 12
980 5417 992 5454 :
1027 5400 1123 5454 Aer
1149 5409 1333 5454 natura
1357 5403 1542 5455 cedens
1569 5409 1643 5455 est
1670 5399 1890 5452 maxime

289 5484 341 5527 et
360 5472 699 5542 dissipabitis.

367 5539 774 5668 titubantibus.
804 5541 929 5598 Mss.
976 5541 1014 5596 2
1062 5542 1219 5610 Bon.,
1251 5541 1408 5611 Tax.,
1441 5543 1466 5597 1
1501 5539 1683 5607 Colb.,
1716 5555 1891 5596 recur-

367 5632 426 5668 ιι
501 5630 544 5668 s.

288 5615 544 5671 rentibus.

367 5685 675 5742 Primordia
695 5685 796 5740 ista
818 5694 1134 5757 generarent.
1160 5686 1184 5740 1
1225 5684 1429 5740 Bonan.
1461 5685 1627 5754 autiq.
1657 5699 1891 5754 generas-

287 5768 424 5848 sent.

829 5850 1106 5916 Puncta
1160 5848 1297 5912 VII.

2055 3481 2177 3537 Non
2202 3482 2590 3547 wdiﬁcaverint.
2632 3481 2758 3537 Mss.
2812 3481 2843 3534 7
2880 3488 2934 3536 et
2961 3481 2996 3536 4
3027 3480 3196 3548 editi,
3229 3499 3331 3538 non
3356 3485 3590 3547 adiﬁca-

1981 3565 2182 3608 verunt.
2210 3583 2282 3594 --
2309 3555 2496 3619 Quer
2524 3569 2618 3606 cur
2634 3569 2805 3607 non...
2832 3549 3224 3620 wdi/ic'averint.
3249 3553 3428 3618 Rost.,
3448 3556 3584 3612 Ven.

1988 3626 2086 3678 147
2105 3625 2314 3688 1-1515,
2343 3635 2398 3678 et
2425 3624 2621 3685 Paris,
2649 3623 2904 3689 Quwro...
2933 3639 3026 3675 cur
3057 3641 3158 3678 nou
3177 3624 3582 3692 wdiﬁcarerunt.

1987 3695 2135 3750 Haud
2170 3697 2333 3761 male,
2360 3694 2540 3762 judice
2569 3694 2903 3757 lleumanuo,
2933 3695 3021 3762 qui
3053 3710 3151 3748 nec
3179 3698 3325 3763 prius
3353 3697 3586 3752 Lactan-

1989 3769 2062 3820 tio
2104 3767 2379 3836 indignum
2407 3781 2472 3820 ex
2488 3763 2813 3836 supradictis
2839 3776 3042 3836 censet.
3077 3765 3200 3819 Mihi
3227 3766 3372 3835 prius
3403 3770 3578 3824 solum

1990 3837 2138 3892 Lact.
2169 3837 2388 3906 dignum
2415 3835 2650 3900 videtur,
2683 3837 2771 3902 qui
2797 3869 2814 3895 ,η
2838 3835 2926 3889 ubi
2956 3850 3060 3889 non
3089 3845 3407 3905 corruptus,
3441 3855 3587 3895 sem-

1992 3925 2085 3976 per
2113 3917 2234 3974 post
2261 3923 2433 3976 quwro
2466 3923 2577 3969 cur,
2614 3907 3015 3972 conjunctivutn
3045 3909 3215 3976 ponit.
3243 3909 3330 3962 Sic
3379 3910 3472 3964 lib.
3506 3927 3576 3977 tt,

1989 3995 2106 4047 cap.
2140 3980 2206 4044 2f,
2261 3977 2518 4050 restitui:
2570 3977 2755 4042 Ουίενυ
2805 3993 2895 4030 cur
2920 3978 3098 4050 illi...
3148 3979 3436 4050 Sacrilegia
3480 3997 3582 4037 non

1987 4050 2388 4112 vindicareriut;
2435 4048 2529 4102 lib.
2565 4065 2676 4119 _ttt,
2735 4063 2854 4116 cap.
2912 4048 3020 4102 l3:
3081 4050 3260 4103 Solent
3313 4048 3577 4119 quaerere,

1988 4138 2144 4193 cur...
2179 4121 2522 4193 reperiantur.
2550 4117 2760 4193 Cicero,
2793 4121 2890 4193 lib.
2927 4134 2943 4171 ι
2974 4120 3040 4173 de
3081 4120 3203 4174 Nat.
3249 4117 3427 4186 deor.,
3457 4117 3576 4193 cap.

1987 4193 2064 4246 9:
2095 4189 2362 4254 Sciscitor,
2394 4206 2488 4244 cur
2532 4192 2706 4243 mutuli
2753 4189 3090 4255 adiﬁcutores
3136 4201 3340 4254 repente
3391 4189 3576 4246 extite-

1986 4263 2181 4316 rint....
2213 4278 2403 4332 quwro,
2434 4277 2526 4314 cur
2563 4260 2779 4314 Prouaza
2805 4270 2966 4332 vestra
2989 4262 3293 4332 cessaverit;
3322 4261 3388 4316 de
3415 4262 3572 4331 Fato,

1987 4349 2108 4404 cap.
2150 4335 2184 4388 8
2208 4329 2530 4404 κρυπτὴ...
2559 4347 2775 4404 cur_nou
2807 4331 3020 4404 possint.
3075 4329 3206 4383 BUN.

2064 4401 2220 4459 Terra
2243 4401 2649 4472 conglobaretur.
2666 4401 2738 4454 lta
2765 4414 2892 4454 mss.
2912 4402 3240 4467 antiquiores
3257 4410 3311 4456 et
3332 4401 3569 4472 potiores

1985 4475 2218 4538 Bouon.,
2255 4471 2569 4546 Regio-Pist.
2619 4473 2847 4546 aliique.
2901 4481 2953 4522 ct
3007 4471 3094 4524 ed.
3146 4472 3214 4526 Is.
3268 4471 3341 4532 At
3385 4475 3576 4546 scripti

1984 4549 2054 4602 12
2077 4563 2187 4601 rec.
2217 4556 2272 4598 et
2297 4544 2426 4598 editi
2453 4553 2598 4596 terra:
2616 4540 3058 4612 conglobarentur.

2058 4615 2341 4670 Subtilibns
2381 4614 2593 4685 exiguis.
2655 4613 2870 4681 Legitur
2919 4627 3046 4667 vero
3095 4613 3332 4668 subtilius
3380 4616 3576 4686 exiguis

1985 4688 2124 4754 apud
2157 4688 2475 4744 Bttttetnatt..
2495 4686 2655 4752 inque
2685 4687 2822 4738 haue
2850 4699 3036 4737 vocent
3059 4695 3236 4738 notant
3257 4699 3572 4754 sequentem

1988 4759 2245 4814 Itabet.——
2276 4757 2525 4811 Subtilius
2552 4757 2765 4826 exiguis.
2796 4754 2990 4826 Betul.,
3019 4755 3208 4818 Tut‘tt.,
3244 4757 3570 4820 1587—l6l3,

1986 4831 2190 4886 Gener.
2223 4829 2375 4892 lG’iO,
2404 4825 2654 4898 VWalch.,
2694 4825 2990 4898 διιιιιὶιὶυιιε
3025 4837 3069 4879 et
3125 4827 3341 4898 exiguis.
3372 4827 3571 4894 Loud.,

1987 4901 2144 4972 Reg,
2196 4911 2251 4954 ct
2291 4897 2480 4972 G_0t|t.,
2533 4897 2826 4972 subtilibus
2862 4896 3472 4972 _extgttis._Ft't-.qttettter
3501 4903 3572 4955 ita

1986 4967 2652 5040 Arnobiustfrequentius
2683 4967 2973 5040 Minucius,
2996 4982 3060 5040 ac
3091 4969 3174 5021 vix
3211 4967 3385 5040 setnel
3413 4981 3576 5040 atque

1987 5045 2179 5098 iteruttt
2210 5042 2278 5096 ita
2297 5036 2626 5094 Lactantius.
2660 5040 2729 5092 Ita
2754 5036 2915 5092 Gotlt.
2946 5038 3172 5102 minora,
3199 5039 3414 5092 humilia
3435 5082 3449 5102 ,
3480 5036 3575 5097 ubi

1989 5113 2201 5183 plures,
2235 5113 2431 5183 minora
2454 5120 2508 5164 et
2534 5109 2749 5183 humilia
2775 5125 2795 5183 ξ
2812 5107 2964 5183 unde
3004 5120 3222 5183 secutus
3251 5110 3571 5183 sumLond.

1987 5179 2042 5240 et
2070 5183 2208 5240 Goth
2242 5181 2579 5236 membranas
2612 5197 2625 5234 :
2653 5179 2902 5235 Subtilius
2935 5179 3152 5250 exiguis,
3187 5196 3282 5250 pro
3308 5181 3579 5240 subtilissi-

1989 5257 2108 5320 mis,
2131 5253 2499 5308 minutissimis.
2534 5251 2662 5306 BUN.

2060 5319 2192 5379 Tam
2231 5323 2504 5390 subtilem,
2544 5321 2672 5396 Mss.
2713 5320 2848 5396 _6_et
2884 5319 2922 5374 2
2959 5320 3334 5396 edd.__adduttt
3379 5331 3582 5396 tamque

1984 5398 2305 5462 mirabilem;
2335 5397 2495 5450 Cauc.
2525 5403 2579 5450 et
2598 5394 2632 5448 9
2663 5392 2788 5448 editi
2809 5434 2825 5459 ,
2845 5401 2948 5446 tam
2978 5392 3228 5448 subtiliter
3267 5412 3297 5447 (ι
3331 5411 3434 5450 non
3459 5392 3577 5450 scn-

1993 5469 2144 5524 tiente
2163 5479 2345 5523 natura
2362 5465 2594 5536 formari.

2066 5541 2127 5596 Si
2155 5531 2373 5593 utentem
2390 5553 2490 5590 non
2517 5535 2685 5589 habet.
2711 5531 2900 5590 Cicero
2929 5535 2994 5590 de
3023 5533 3143 5590 Nat.
3176 5533 3350 5602 deor.,
3375 5551 3412 5590 tt
3433 5576 3449 5602 ,
3494 5537 3580 5591 di-

1992 5610 2175 5666 versas
2199 5609 2267 5665 de
2302 5617 2488 5662 natura
2536 5607 2828 5662 sententias
2871 5623 2964 5662 seu
2996 5606 3339 5660 deﬁnitiones
3377 5608 3582 5661 descri-

1993 5683 2072 5737 bit
2103 5698 2116 5735 :
2147 5695 2310 5736 unam
2339 5695 2527 5738 eorum
2553 5721 2566 5743 ,
2596 5679 2684 5749 qui
2719 5691 2959 5732 naturam
3000 5686 3222 5749 censent
3252 5677 3356 5728 vim
3394 5692 3582 5749 quam-

1995 5754 2120 5812 dam
2183 5754 2301 5810 sino
2381 5754 2589 5810 ratione
2618 5747 2866 5806 cientem
2932 5760 3107 5804 motus
3161 5747 3213 5801 in
3270 5747 3589 5817 corporibus
3639 5811 3642 5816 _

3069 5839 3110 5902 ὁ
