4138 6190
476 285 579 342 Μ

1872 266 2056 323 FIRM.
2099 263 2465 322 LACTANTII

3680 250 3785 310 108

480 402 626 459 enim
674 414 779 454 non
821 405 903 452 est
942 392 1226 465 cogitatio,
1258 405 1359 447 nec
1413 398 1591 444 motus
1645 396 1727 442 est
1776 386 1952 449 ullus,
1985 400 2084 440 nec
2113 386 2166 443 Α
2262 381 2317 438 Si
2365 394 2495 434 vero
2532 381 2583 432 in
2636 375 2796 446 huius
2834 373 3018 431 mundi
3050 371 3152 445 (ut
3199 372 3272 427 ita
3322 370 3598 444 dixerim)
3628 384 3785 442 repu-

486 490 759 549 efficacio.
790 487 847 544 Si
887 461 1065 542 autem
1104 483 1335 541 consilio
1388 481 1554 537 utitur
1603 480 1667 535 ad
1716 476 2083 549 incipiendum
2186 475 2329 531 blica
2358 474 2497 527 nulla
2527 468 2865 543 providentia
2892 475 3013 534 est,
3037 482 3158 538 quae
3200 474 3386 535 regat,
3415 464 3591 519 nullus
3619 461 3785 530 Deus,

481 583 686 656 aliquid
705 624 719 649 ,
749 581 960 636 ratione
986 577 1054 633 ad
1085 575 1481 648 disponendum
1509 616 1524 641 ,
1574 580 1691 627 arte
1732 570 1798 625 ad
1846 569 2085 624 efficien-

485 676 645 739 dum,
680 674 877 728 virtute
912 670 984 726 ad
1009 667 1529 730 consummandam,
1572 672 1840 736 potestate
1882 661 1948 718 ad
1994 676 2085 717 re-

484 768 717 840 gendum
747 774 804 823 et
856 762 1274 827 continendum;
1324 776 1421 816 cur
1460 767 1648 815 natura
1703 757 1881 828 potius
1925 767 2085 826 quam

487 862 628 923 Deus
656 856 1004 917 nominetur?
1035 856 1140 912 Aut
1178 856 1227 910 si
1267 865 1566 908 concursus
1616 857 1918 905 atomorum
1946 889 1960 911 ,
1997 844 2090 901 vel

487 970 680 1012 carens
724 961 906 1009 mente
954 960 1178 1009 natura,
1230 960 1328 1011 ea,
1379 959 1497 1015 quae
1547 941 1824 1007 videmus,
1877 937 2087 1004 effecit,

491 1063 675 1116 quaero
726 1061 823 1102 cur
870 1044 1049 1099 facere
1104 1039 1301 1096 omium
1354 1035 1625 1107 potuerit,
1656 1032 1843 1088 urbem
1871 1038 1964 1084 aut
1988 1029 2089 1083 do-

491 1155 642 1198 mum
686 1153 791 1192 non
834 1132 1104 1207 potuerit?
1149 1145 1245 1187 cur
1288 1135 1498 1203 montes
1539 1123 1823 1180 marmoris
1863 1121 2089 1186 fecerit,

495 1234 773 1289 columnas
815 1237 870 1284 et
916 1225 1203 1283 simulacra
1249 1235 1356 1278 non
1403 1217 1626 1275 fecerit?
1652 1215 1817 1288 Atqui
1860 1230 1968 1270 non
1997 1212 2095 1269 de-

496 1325 728 1383 buerant
751 1320 917 1378 atomi
943 1320 1106 1376 etiam
1151 1317 1217 1371 ad
1263 1316 1378 1370 haec
1406 1310 1689 1369 efficienda
1726 1323 2093 1375 concurrere;

498 1417 768 1489 siquidem
798 1413 998 1471 nullam
1033 1409 1357 1482 positionem
1406 1405 1751 1475 relinquunt,
1784 1416 1945 1473 quam
1985 1413 2097 1455 non

500 1515 869 1585 experiantur.
892 1510 1024 1564 Nam
1066 1508 1136 1563 de
1176 1513 1397 1570 natura,
1420 1516 1541 1573 quae
1579 1509 1815 1555 mentem
1861 1513 1967 1552 non
1997 1496 2097 1551 ha-

499 1607 658 1671 beat,
692 1618 798 1659 non
820 1613 903 1659 est
926 1598 1228 1655 mirandum
1247 1638 1261 1661 ,
1292 1592 1437 1666 quod
1460 1592 1579 1647 haec
1606 1589 1784 1646 facere
1807 1589 1974 1645 oblita
2004 1589 2096 1643 sit.

503 1696 640 1765 Quid
665 1710 795 1766 ergo
821 1693 941 1750 est?
964 1691 1159 1761 Utique
1186 1689 1329 1744 Deus
1345 1727 1360 1754 ,
1383 1699 1511 1741 cum
1529 1684 1811 1738 inchoaret
1839 1682 1942 1736 hoc
1964 1695 2100 1749 opus

2190 566 2278 639 qui
2309 565 2651 620 administret
2670 604 2686 630 ,
2710 575 2812 617 nec
2831 561 3053 616 omnino
3091 573 3284 615 sensus
3314 557 3453 614 ullus
3482 557 3538 611 in
3566 555 3670 609 hac
3699 567 3790 610 re-

2189 673 2309 714 rum
2340 667 2528 712 natura
2558 655 2759 725 pollet;
2798 638 2943 708 unde
2993 652 3155 723 igitur
3199 663 3355 706 mens
3406 647 3641 703 humana
3681 656 3791 702 tam

2191 749 2365 806 solers
2388 790 2402 814 ,
2434 759 2542 803 tam
2587 745 2888 816 intelligens
2937 752 3055 798 orta
3093 755 3215 798 esse
3242 738 3538 797 credetur?
3564 737 3621 796 Si
3647 736 3792 794 enim

2192 842 2390 912 coipus
2410 840 2651 896 'hominis
2679 854 2746 894 ex
2774 838 2939 893 humo
2970 836 3149 891 ﬁctum
3173 845 3294 902 est,
3318 834 3463 891 unde
3488 832 3655 889 homo
3697 846 3798 889 no-

2193 950 2320 990 men
2348 933 2584 1004 acccpit;
2615 930 2825 987 animus
2855 943 2984 999 ergo
3011 928 3100 997 qui
3145 925 3322 996 sapit,
3357 926 3449 996 qui
3497 933 3679 980 rector
3712 930 3800 979 est

2195 1026 2467 1097 corporis,
2495 1025 2579 1079 cui
2613 1022 2854 1079 membra
2894 1021 3267 1090 obsequuntur
3309 1029 3563 1088 tanquam
3605 1015 3722 1088 regi
3743 1023 3805 1073 et

2197 1121 2508 1192 imperatori
2533 1161 2547 1186 ,
2576 1119 2664 1189 qui
2693 1131 2796 1173 nec
2823 1115 2988 1186 aspici
3012 1156 3026 1179 .
3060 1128 3162 1169 nec
3186 1110 3575 1183 comprehendi
3599 1117 3802 1182 potest,

2199 1229 2306 1269 non
2324 1212 2497 1283 potuit
2525 1210 2591 1266 ad
2615 1208 2888 1264 hominem
2917 1207 3019 1262 nisi
3056 1222 3085 1259 a
3123 1205 3363 1275 sapiente
3389 1215 3579 1259 natura
3611 1216 3807 1274 perve-

2201 1306 2336 1361 nire.
2354 1303 2459 1359 Sed
2489 1302 2628 1357 sicut
2670 1315 2830 1356 omne
2856 1314 3054 1369 corpus
3076 1312 3231 1353 mens
3257 1305 3313 1352 et
3350 1298 3563 1351 animus
3599 1295 3805 1367 guber-

2201 1409 2294 1455 nat
2326 1415 2340 1455 :
2374 1398 2446 1452 ita
2475 1406 2529 1452 et
2559 1394 2818 1451 mundum
2847 1394 3007 1449 Deus.
3049 1391 3159 1447 Nec
3185 1392 3329 1447 enim
3358 1388 3656 1446 verisimile
3682 1396 3806 1457 est,

2204 1498 2264 1546 ut
2292 1492 2502 1545 minora
2548 1498 2602 1542 et
2643 1485 2863 1541 humilia
2915 1484 3156 1555 regimen
3208 1482 3469 1545 habeant,
3501 1480 3707 1551 majora
3750 1487 3814 1536 et

2205 1600 2413 1640 summa
2451 1597 2555 1637 non
2584 1582 2835 1635 habeant.
2871 1578 3112 1649 Denique
3143 1576 3213 1632 Μ.
3241 1576 3432 1632 Cicero
3462 1577 3516 1631 in
3541 1574 3810 1631 Tuscula-

2206 1680 2290 1734 nis
2316 1718 2330 1744 ,
2359 1686 2414 1733 et
2436 1678 2485 1730 in
2514 1673 2927 1729 Consolatione:
2966 1689 2983 1721 ι
3020 1670 3340 1725 Animorum
3366 1667 3584 1739 (inquit
3618 1665 3812 1737 )nulla

505 1759 691 1846 mundi
712 1759 868 1857 ,vquo
890 1782 1023 1838 nihil
1042 1759 1220 1852 potest
1244 1792 1369 1835 esse
1397 1791 1499 1831 nec
1520 1774 1829 1844 dispositius
1856 1772 1923 1827 ad
1955 1770 2103 1826 ordi-
2131 1765 2180 1825 B
2208 1773 2264 1828 in
2296 1770 2453 1826 terris
2478 1768 2628 1837 origo
2653 1763 2880 1821 inveniri
2899 1770 3090 1834 potest.
3118 1760 3264 1817 Nihil
3293 1769 3375 1816 est
3396 1760 3539 1815 enim
3562 1801 3576 1826 ,
3607 1759 3809 1830 inquit,

510 1897 636 1938 nem
665 1922 680 1945 ,
710 1892 813 1934 nec
837 1876 1017 1946 aptius
1047 1873 1113 1929 ad
1154 1871 1437 1927 utilitatem
1461 1909 1475 1935 ,
1504 1881 1603 1922 nec
1631 1866 1871 1921 ornatius
1902 1863 1968 1918 ad
1986 1862 2106 1932 pul-

500 1973 896 2035 ch'itudinem,
944 1981 1045 2024 nec
1099 1964 1274 2036 majus
1329 1960 1397 2017 ad
1445 1960 1643 2016 molem
1670 1973 1830 2029 ,qure
1883 1956 2000 2012 ﬁeri
2036 1955 2107 2012 ab

507 2065 730 2123 homine
751 2079 858 2119 non
886 2068 1137 2133 poterant
1159 2099 1173 2124 ,
1192 2055 1320 2111 fecit
1341 2055 1494 2126 ipse;
1528 2054 1581 2108 in
1611 2052 1803 2122 quibus
1820 2050 1981 2106 etiam
2008 2047 2110 2103 ho-

510 2162 709 2216 minem
739 2158 911 2229 ipsum
933 2197 946 2221 ,
977 2153 1065 2210 cui
1090 2148 1407 2222 particulam
1429 2134 1499 2203 de
1520 2161 1615 2202 sua
1634 2145 1892 2216 sapientia
1919 2142 2103 2208 dedit;

509 2264 564 2310 et
592 2252 845 2309 instruxit
872 2263 995 2305 eum
1042 2248 1275 2312 ratione,
1305 2251 1565 2315 quantum
1596 2241 1856 2311 fragilitas
1886 2247 2107 2295 terrena

506 2346 752 2417 capiebat
768 2387 782 2412 ,
806 2352 865 2400 ut
885 2344 1003 2414 ipse
1028 2340 1134 2396 sibi
1165 2338 1407 2394 efﬁceret
1428 2376 1443 2402 ,
1472 2350 1593 2406 qua:
1618 2335 1687 2390 ad
1716 2348 1845 2390 usus
1871 2346 1999 2389 suos
2021 2346 2108 2387 es-

510 2446 634 2494 sent
654 2434 983 2492 necessaria.

510 2667 875 2730 necessarios;
920 2664 1144 2718 alteram
1188 2674 1408 2726 eorum,
1454 2658 1546 2728 qui
1591 2657 1855 2713 definiunt
1882 2659 1988 2712 vim
2019 2673 2107 2712 ra-

510 2739 673 2796 tionis
693 2745 854 2808 atque
877 2734 1084 2808 ordinis
1110 2732 1451 2808 participem,
1475 2738 1746 2808 tamquam
1770 2729 1854 2782 via
1884 2743 2111 2799 progre-

510 2800 783 2871 dientem:
811 2800 1284 2872 declarantemque
1312 2800 1456 2872 quid
1487 2800 1747 2869 cujusque
1785 2814 1975 2872 caussa
2020 2812 2111 2853 res

512 2881 742 2943 efficiat,
774 2878 904 2947 quid
950 2871 1249 2947 sequatur‘,
1283 2871 1438 2942 cujus
1493 2872 1777 2947 solertiam
1820 2871 1963 2947 nulla
1999 2884 2110 2947 ars,

518 2952 665 3007 nulla
687 2940 880 3003 manus
904 2988 920 3013 ,
946 2940 1108 3001 nerito
1134 2945 1317 3015 opifex
1346 2940 1600 3013 consequi
1627 2942 1806 3066 Ipossit
1832 2940 2113 2996 imitando.

1671 3027 1951 3066 eruamus.

1671 3027 1951 3068 ETULEIUS.

595 3110 704 3165 Nec
756 3119 955 3172 motus,
987 3118 1091 3164 etc.
1148 3104 1308 3176 Atqui
1363 3113 1551 3159 natura
1599 3104 1833 3159 Zenonis
1885 3103 2116 3176 artifex_,

521 3182 698 3252 opifex
723 3222 736 3246 ,
764 3180 1062 3252 consultrix
1083 3220 1098 3245 ,
1128 3189 1184 3232 et
1216 3174 1435 3252 provida
1465 3177 1757 3252 utilitatum
1798 3174 2121 3252 opportuni-

519 3246 798 3322 taumique
823 3251 1063 3306 omnium
1084 3248 1301 3312 mundi,
1324 3263 1524 3322 omnes
1538 3257 1715 3303 motus
1746 3246 1909 3302 habet
1932 3247 2125 3322 volun-

525 3318 728 3389 tarios,
774 3330 1110 3393 conatusque
1141 3388 1153 3393 _
1186 3328 1265 3393 et_
1310 3318 1699 3393 appetitiones,
1760 3334 1894 3393 quas
1957 3319 2123 3393 ὁρμὰς

520 3409 695 3465 graeco
716 3387 946 3465 vocant.
975 3387 1088 3465 Ci_c.
1122 3388 1193 3465 de
1223 3387 1355 3442 Nat.
1378 3389 1557 3455 deor.,
1582 3388 1683 3465 _lib_.
1712 3387 2012 3465 ιιςηΒΕτυιξ.

587 3460 836 3521 Consilio.
872 3461 997 3518 Mss.
1024 3462 1054 3514 7
1080 3460 1286 3515 addunt
1310 3476 1423 3523 suo,
1452 3460 1596 3529 quod
1627 3460 1695 3515 ab
1721 3460 1840 3513 aliis
1864 3472 1916 3514 ct
1948 3475 1978 3514 a
2003 3459 2123 3513 vul-

525 3535 841 3608 gatis‘abest
861 3546 1116 3608 2-ιιεξιδιιριι
1129 3548 1176 3608 _a
1199 3530 1414 3608 {ueteris
1443 3529 1653 3599 periodi
1685 3530 1963 3608 membris.

602 3575 841 3674 sua}?
861 3575 2020 3674 ἰιέἔῗ”ἕ”ὀὶ›ῖιῖζ”’ὀῖειῗόὶὶιῖζ’ρὲιῗξίιιίῖιια
2070 3610 2128 3655 et

528 3675 751 3751 Spark.,
781 3675 948 3747 efficit.

600 3767 800 3825 Cur....
830 3766 1013 3836 omium
1034 3765 1256 3836 potuerit
1273 3806 1288 3831 ,
1313 3764 1568 3836 urbem.._._
1586 3779 1690 3818 non
1719 3764 1982 3834 potuerit?
2004 3762 2131 3818 Hice

530 3839 728 3896 similia
758 3837 863 3892 illis
888 3833 1168 3891 Ciceronis
1207 3836 1301 3889 lib.
1336 3852 1373 3889 ιι
1408 3835 1478 3890 de
1525 3833 1727 3889 Natura
1779 3836 2003 3890 deorum
2029 3876 2044 3901 ,
2073 3850 2125 3889 c.

529 3912 598 3966 57
623 3926 638 3963 :
671 3908 819 3975 Quod
844 3908 886 3961 si
910 3907 1157 3961 mundum
1185 3907 1377 3976 efﬁcere
1405 3914 1564 3972 potest
1613 3921 1890 3960 concursus
1933 3916 2130 3959 atomo-

534 3998 653 4035 rum
671 4022 688 4048 ,
714 3995 805 4034 cur
834 3978 1084 4049 porticum
1109 4018 1124 4041 ,
1178 3992 1270 4030 cur
1322 3976 1569 4049 templum
1591 4015 1606 4041 ,
1632 3992 1723 4029 cur
1760 3976 1967 4030 domum
1990 4016 2005 4041 ,
2038 3988 2132 4049 cur

534 4047 710 4107 urbem
728 4047 842 4104 non
861 4049 1063 4118 potest?
1088 4063 1200 4117 quae
1240 4056 1358 4101 sunt
1406 4047 1576 4101 minus
1602 4062 1818 4116 operosa
1842 4091 1856 4114 ,
1892 4057 1937 4101 et
1969 4048 2130 4101 multo

535 4122 739 4194 quidem
758 4121 1031 4194 faciliora.
1065 4120 1198 4173 Bon.

615 4188 900 4262 Atqui'non
917 4189 1195 4262 debuerant
1217 4188 1392 4262 atomi.
1421 4188 1496 4242 lta
1520 4189 1729 4262 restitui
1748 4205 1814 4244 ex
1836 4198 1965 4262 mss.
1995 4191 2134 4245 anti—

537 4258 815 4335 quissimis
832 4273 888 4318 et
911 4271 1024 4335 opt.
1048 4261 1085 4316 2
1115 4261 1273 4335 Bury,
1291 4259 1503 4335 5Beg.,
1525 4260 1559 4315 5
1577 4258 1846 4335 Colhert.,
1864 4260 2130 4329 Clarum,

538 4331 747 4402 Baluz.,
779 4334 971 4399 Brun.,
1000 4332 1301 4387 faventibus
1330 4333 1364 4387 5
1387 4331 1505 4385 aliis
1525 4346 1553 4383 ιι
1576 4332 1769 4400 quibus
1794 4332 1945 4387 abest
1967 4347 2132 4402 nega-

540 4407 635 4462 tio.
670 4407 724 4461 ln
756 4406 791 4460 5
816 4405 1032 4474 scriptis
1057 4419 1166 4459 ree.
1190 4411 1246 4458 et
1268 4402 1338 4458 10
1381 4402 1508 4458 edd.
1558 4417 1655 4471 pro
1709 4403 2018 4467 debuerant,
2052 4412 2138 4458 est

544 4486 815 4548 potuerant
844 4492 862 4541 ;
895 4477 946 4528 in
978 4475 1101 4548 aliis
1123 4482 1356 4548 quatuor
1383 4475 1660 4548 impressis
1683 4483 1976 4548 potuerunt.

612 4548 947 4601 Buneinann.
1001 4546 1126 4613 legit
1146 4543 1456 4610 debuerant,
1500 4543 1701 4598 omisso
1730 4563 1831 4599 non
1866 4563 1879 4598 :
1917 4565 1935 4597 ι
1973 4545 2139 4614 Editi,

544 4616 1004 4687 inquitthahent,
1038 4616 1177 4684 atqui
1205 4623 1491 4687 potuerant.
1521 4614 1720 4687 Lond.,
1754 4616 1911 4687 Reg.,
1946 4616 2137 4684 60th.,

544 4684 690 4757 Lips.
734 4686 790 4747 2.
822 4687 877 4752 5,
911 4684 1142 4757 ιὶθίηιιιι.
1178 4700 1191 4736 :
1223 4685 1368 4757 atqui
1388 4699 1489 4757 non
1522 4684 1818 4757 debuerant.
1848 4686 1982 4741 Tum
2011 4704 2138 4753 non,

543 4754 644 4828 pro
682 4770 850 4812 nonne
891 4756 1232 4828 sumentium.
1266 4754 1372 4811 Sed
1417 4755 1577 4823 Bon.,
1606 4754 1765 4821 Tam,
1811 4757 1970 4824 Pen.,
2009 4758 2140 4812 Em.

549 4827 733 4884 tuam:
762 4828 915 4898 Atqui
942 4827 1238 4898 debuerant.
1261 4844 1280 4877 ι

621 4896 1175 4969 Nullam‘positioncm.
1210 4897 1283 4969 De
1308 4896 1524 4968 Opific.,
1571 4910 1690 4967 cap.
1723 4898 1791 4953 6:
1813 4898 1874 4953 Si
1918 4901 2143 4967 primor-

550 4970 638 5026 dia
684 4970 889 5026 nullum
933 4985 1091 5041 genus
1140 4968 1406 5039 positionis
1450 4969 1769 5095 inempeétum
1822 4970 2137 5043 relinquunt.

1662 5054 1750 5095 un.

1662 5054 1750 5095 0N.

626 5110 884 5178 Quantum
910 5110 1171 5183 fragilitas
1198 5120 1395 5183 terrena
1438 5111 1687 5182 capiebat.
1719 5112 1811 5168 Sic
1837 5113 2045 5169 restitui
2074 5127 2144 5170 ex

546 5184 755 5325 $53323
781 5194 913 5237 mss.
940 5180 1086 5239 et'iO
1109 5181 1289 5238 editis.
1338 5180 1531 5238 Cateri
1575 5185 1772 5255 vulgati
1816 5184 1999 5255 legunt
2051 5201 2144 5238 cu-

610 5347 701 5399 ‘M
726 5342 1231 5402 usus...necessaria.
1262 5344 1336 5400 Ita
1354 5344 1529 5415 jungit
1554 5352 1889 5402 constanter.
1924 5344 2043 5402 Lib.
2076 5362 2094 5401 ι
2123 5365 2139 5403 :

548 5415 819 5499 Dettelictis
839 5419 908 5499 ait
936 5417 1145 5498 tutelam
1173 5415 1841 5499 vitw_necessariis;nlt3pit.,
1875 5430 1996 5487 cap.
2025 5417 2095 5499 ὄρ
2123 5436 2138 5472 :

545 5489 722 5558 princ.
762 5506 774 5540 :
828 5486 1187 5542 Necessarium
1232 5488 1300 5541 ad
1356 5489 1593 5544 salutem.
1652 5486 1897 5554 Seneca,
1928 5486 2014 5558 ep.
2064 5489 2137 5543 8:

546 5557 729 5630 Multis
754 5558 824 5613 (ἑά
844 5558 1194 5630 quotidianum
1217 5574 1363 5613 usum
1391 5558 1685 5630 necessariis
1707 5575 1837 5626 opus
1854 5628 1865 5630 _
1882 5557 1975 5630 est.
2005 5559 2138 5616 BUN.

614 5628 937 5700 Animum...
954 5638 1120 5683 rector
1147 5630 1392 5700 corporis.
1424 5629 1541 5700 Lib.
1570 5645 1631 5695 ιι,
1654 5645 1774 5700 cap.
1811 5628 1909 5696 12,
1932 5629 2026 5688 lib.
2051 5645 2139 5700 γι,

614 5646 923 5684 ιυιιηιιιεηη
954 5646 1120 5683 rector
1147 5646 1392 5699 corporis.
1424 5646 1541 5685 ιιι).
1570 5646 1631 5695 ιι,
1654 5646 1715 5685 ca
1761 5669 1774 5682 .
1811 5646 1865 5684 υ

542 5701 692 5767 c.-i;
724 5701 791 5757 de
815 5698 982 5771 0pif.,
1005 5715 1053 5756 c.
1086 5701 1137 5767 l;
1169 5697 1386 5756 Sallust.
1420 5699 1543 5772 Jug.
1576 5715 1625 5770 ι,
1647 5701 1700 5756 5.
1723 5646 1865 5756 ῗὶυιι.

539 5812 555 5842 ι
610 5771 838 5829 Minus
869 5788 1008 5827 suos.
1038 5772 1247 5844 Sequor
1272 5771 1599 5843 antiquiOres
1631 5781 1684 5829 ct
1725 5772 1964 5843 potiores
1996 5788 2133 5831 mss.

2214 1866 2267 1919 in
2320 1860 2513 1917 animis
2562 1859 2782 1914 mistum
2828 1866 2988 1927 atque
3037 1863 3380 1915 concretum,
3414 1859 3507 1906 aut
3553 1849 3698 1921 quod
3739 1865 3819 1906 ex

2211 1970 2354 2016 terra
2382 1966 2561 2011 natum
2593 1962 2756 2024 atque
2789 1953 2970 2006 fictum
3001 1963 3123 2004 esse
3146 1947 3427 2010 videatur;
3476 1945 3680 2002 nihilne
3719 1952 3822 2000 aut

2212 2049 2490 2106 humidum
2519 2045 2732 2116 quidem
2754 2086 2768 2107 ,
2790 2052 2883 2097 aut
2911 2041 3090 2097 ﬂabile
3114 2082 3130 2108 ,
3154 2050 3245 2095 aut
3268 2039 3503 2108 igneum.
3535 2035 3630 2092 llis
3660 2034 3815 2093 enim

2215 2143 2422 2199 naturis
2448 2138 2581 2195 nihil
2609 2138 2780 2203 inest,
2814 2133 2959 2204 quod
2990 2133 3097 2187 vim
3121 2130 3398 2187 memoria:
3416 2171 3430 2196 ,
3458 2127 3659 2183 mentis
3681 2166 3700 2197 ,
3718 2140 3820 2183 co-

2215 2232 2487 2307 gitationis
2514 2230 2709 2285 habeat
2727 2270 2742 2296 ,
2765 2225 2908 2297 quod
2930 2234 2984 2280 et
3015 2223 3284 2294 praeterita
3317 2229 3496 2276 teneat
3514 2261 3527 2283 .
3554 2228 3607 2274 et
3634 2217 3823 2274 futura

2216 2323 2510 2400 prtevideat
2534 2364 2548 2388 ,
2583 2331 2639 2376 et
2668 2313 2949 2388 com'plecti
2982 2315 3153 2386 possit
3183 2310 3473 2384 praesentia
3497 2352 3513 2377 ,
3537 2322 3661 2381 quae
3697 2308 3823 2366 sola

2220 2419 2403 2475 divina
2430 2420 2578 2470 sunt.
2599 2404 2708 2468 Nec
2737 2410 2880 2467 enim
2903 2407 3254 2464 inveniuntur
3275 2421 3508 2476 unquam
3534 2446 3551 2472 ,
3579 2402 3723 2460 unde
3746 2401 3823 2461 ad

1858 2512 2217 2572 VARIORUM
2254 2506 2485 2567 NO'I‘IE.

2213 2651 2249 2706 2
2280 2651 2516 2714 Βοιιοιι.,
2550 2643 2871 2715 Regio-Pot.
2923 2640 3166 2715 aliosque
3209 2637 3443 2715 multos,
3474 2645 3532 2693 et
3559 2634 3689 2691 edd.
3738 2632 3824 2692 Is.

2217 2722 2276 2778 ln
2303 2710 2514 2776 caeteris
2540 2710 2702 2771 editis
2726 2724 2782 2770 et
2799 2710 3107 2785 inscriptis
3124 2724 3249 2785 ‘rec.
3279 2718 3363 2765 est
3392 2710 3448 2785 in
3472 2723 3591 2764 usus
3619 2722 3760 2762 suos.

2292 2775 2490 2860 Corpus
2529 2786 2749 2860 hominis
2781 2801 2843 2839 ex
2871 2775 3024 2837 humo
3053 2779 3230 2850 [iclum
3283 2789 3374 2835 est.
3399 2780 3562 2860 Cum.
3594 2785 3703 2833 vet.
3730 2775 3826 2834 ed.

2220 2850 2483 2918 Romfsie
2534 2859 2711 2913 ferunt
2760 2869 2951 2911 omnes
3002 2868 3133 2908 mss.
3167 2861 3362 2922 praeter
3394 2850 3420 2906 1
3453 2850 3586 2921 Reg.
3614 2862 3743 2922 rec.
3760 2856 3825 2905 et

2221 2933 2507 2988 Clarom.a
2538 2930 2709 3000 prima
2740 2940 2949 3000 manu,
3011 2919 3207 2994 quibus
3254 2931 3373 2989 est,
3424 2932 3484 2977 ut
3536 2919 3589 2977 in
3616 2919 3826 2989 editis,

2224 3007 2417 3073 factum
2450 2996 2553 3057 estf
2571 3000 2708 3054 Vide
2736 2997 2873 3053 infra
2901 2996 3074 3073 [ictum
3099 3010 3225 3073 esse.

2143 3063 2191 3126 C
2224 3063 2236 3073 ’
2302 3073 2450 3129 Unde
2479 3075 2625 3126 homo
2648 3086 2832 3122 nomen
2858 3063 3072 3136 accepit.
3104 3066 3311 3120 Allusio
3342 3073 3426 3118 est
3451 3078 3607 3136 ,_non
3633 3077 3825 3118 verum

2226 3158 2467 3217 etymnu,
2491 3142 2634 3217 quod
2665 3150 2747 3194 est
2774 3141 2840 3193 ab
2866 3133 3428 3217 Helirteonpetendum,
3463 3133 3833 3217 Fannius.—

2229 3206 2361 3273 Vide
2382 3206 2716 3270 Laclantium
2735 3226 2895 3279 supra
2923 3209 3013 3264 lib.
3039 3224 3073 3263 ll
3101 3207 3273 3279 Divin.
3301 3206 3561 3279 Institut.,
3591 3221 3640 3279 c.
3667 3206 3755 3279 il,
3773 3213 3835 3260 ει

2229 3288 2405 3344 Vossii
2435 3276 2843 3357 Etyinologicon
2871 3281 3089 3350 Linguae
3114 3277 3338 3332 Latinae.
3359 3278 3415 3333 In
3438 3277 3600 3333 editis
3624 3278 3655 3331 7
3676 3276 3836 3332 deest

2230 3361 2406 3414 homo.

2307 3430 2384 3485 Μ.
2413 3426 2655 3483 Ciceroin
2683 3422 2989 3478 Tusculanis
3017 3430 3063 3475 et
3097 3421 3150 3474 in
3189 3417 3566 3474 Consolatione.
3599 3417 3656 3475 In
3686 3417 3834 3477 Tus—

2231 3503 2439 3558 culanis
2466 3496 2896 3566 Qttzustiuttibus,
2934 3493 3025 3547 lib.
3055 3508 3109 3559 ι,
3141 3509 3191 3546 c.
3217 3493 3311 3566 27_
3337 3506 3402 3545 ex
3446 3491 3585 3566 libro
3617 3502 3721 3566 suo
3754 3489 3838 3566 de

2233 3560 2643 3634 Consolatione,
2696 3583 2817 3635 quae
2860 3573 3156 3632 sequuntur
3202 3562 3369 3635 verba
3414 3560 3834 3635 produxit._A_it

2233 3645 2377 3698 enirn
2411 3660 2424 3697 :
2465 3638 2612 3694 Hanc
2632 3631 2730 3692 nos
2759 3638 3056 3691 sententiam
3102 3636 3289 3692 secuti.
3318 3634 3398 3687 his
3432 3634 3559 3701 ipsis
3589 3631 3750 3687 verbis
3777 3632 3838 3687 in

2236 3713 2594 3770 Consolatione
2641 3712 2747 3763 hazc
2772 3708 3110 3778 expressimus
3152 3721 3171 3758 :
3215 3705 3517 3759 Animorum
3565 3702 3715 3758 nulla
3775 3703 3838 3758 its

2237 3786 2406 3844 terris.
2440 3794 2544 3840 etc.
2576 3783 2742 3836 (ista.

2311 3856 2461 3911 Nihil
2493 3864 2563 3909 est
2586 3854 2755 3918 enim,
2806 3849 2988 3917 inquit.
3050 3846 3105 3902 In
3138 3847 3224 3902 12.
3258 3859 3391 3918 mss.
3417 3859 3533 3918 rec.
3559 3846 3673 3918 et_7
3704 3843 3837 3901 edd.

2237 3927 2583 3983 desideratur
2609 3916 2749 3977 enim
2768 3963 2780 3985 ,
2808 3916 2950 3991 quod
2988 3928 3072 3973 est
3113 3919 3164 3973 in
3196 3916 3408 3991 caeteris
3436 3916 3719 3991 codicibus
3730 3956 3751 3984 ,
3776 3922 3842 3972 et

2239 3998 2385 4071 apud
2416 3998 2732 4071 Ciceroneni
2776 3987 2840 4047 ιη’
2862 3991 3172 4071 fragmentis
3196 3990 3263 4071 de
3291 3987 3693 4071 Cinisolatinne:

2311 4072 2472 4138 Atque
2505 4068 2689 4138 ﬁctum
2741 4080 2868 4117 esse.
2898 4057 3137 4138 Itauii'iss.
3170 4059 3304 4138 edit.
3339 4058 3509 4113 Betui.
3555 4074 3620 4113 ac
3644 4057 3843 4115 Cicero

2243 4131 2472 4212 ipsepln
2493 4131 2529 4192 2
2549 4138 2690 4212 Reg._
2707 4149 2819 4212 rec.
2838 4143 2898 4212 et
2924 4132 3089 4212 editi-sl
3107 4141 3178 4185 est
3204 4131 3419 4212 [αειιέιιι.

2315 4198 2534 4265 Nihilne
2563 4198 2657 4262 aut
2673 4204 2937 4260 humidum
2965 4198 3291 4273 quidemflta
3320 4199 3530 4273 Cicero.
3566 4198 3844 4273 Accedunt

2241 4298 2375 4338 mss.
2409 4280 2444 4334 2
2472 4280 2603 4350 Reg.
2639 4280 2828 4350 antiq.,
2851 4276 2886 4331 5
2906 4269 3086 4350 Co'lbq
3113 4273 3324 4350 Baluz._,_
3344 4272 3532 4337 Brom,
3561 4269 3844 4350 inquibus

2239 4363 2327 4408 cst
2370 4341 2579 4405 nihilne
2610 4341 2878 4403 humidum
2917 4346 3154 4413 quidem;
3187 4345 3238 4399 in
3288 4346 3492 4398 Βυιιοιι.
3525 4344 3695 4412 antiq.
3723 4349 3781 4398 et
3805 4341 3842 4399 4

2246 4424 2366 4479 aliis
2388 4424 2576 4476 nihilne
2603 4429 2691 4475 aut
2716 4418 2980 4472 humidum
3006 4416 3228 4481 quidem.

2325 4494 2547 4548 Flabile.
2571 4492 2629 4549 ιιι
2659 4502 2770 4557 est,
2801 4490 3025 4544 aerium.
3057 4484 3345 4542 Fnancws.

2327 4563 2424 4619 His
2451 4567 2582 4618 enim
2611 4554 2806 4616 naturis
2836 4561 2964 4613 nihil
2993 4560 3138 4612 inest.
3184 4558 3256 4611 Ita
3304 4570 3434 4611 mss.
3462 4570 3587 4611 cum
3611 4562 3722 4612 vet.
3746 4554 3840 4612 ed.

2250 4636 2412 4693 Rom.
2446 4636 2605 4695 M70,
2639 4633 2823 4686 Venet.
2853 4629 3011 4685 1490.
3046 4624 3102 4683 In
3145 4629 3180 4682 2
3209 4628 3386 4689 Colb.,
3411 4627 3593 4682 Baluz.
3618 4635 3676 4683 et
3696 4626 3751 4682 in
3774 4627 3844 4684 10

2250 4707 2533 4777 impressis
2554 4700 2894 4777 legiturLHis
2924 4705 3070 4777 enim_
3103 4701 3337 4777 innatum
3363 4699 3509 4777 nihil
3524 4709 3617 4777 est.
3642 4727 3716 4777 -_-
3736 4696 3844 4777 _His

2251 4769 2386 4835 enim
2415 4779 2468 4831 in
2495 4769 2709 4829 naturis.
2740 4773 3028 4843 Eleganter
3054 4770 3249 4843 Laud,
3282 4769 3438 4840 ch.,
3468 4769 3657 4837 00th.,
3683 4769 3839 4839 Lips.

2250 4850 2321 4919 2,
2354 4864 2474 4904 cum
2501 4845 2767 4919 Cicerone
2788 4885 2805 4908 ,
2830 4841 2883 4898 in
2915 4842 3129 4919 naturis.
3150 4841 3295 4919 lium.

2329 4920 2509 4984 Quod,
2538 4929 2642 4973 etc.
2669 4915 2901 4971 Siccuni
2930 4929 3063 4969 mss.
3086 4912 3122 4966 ἢ
3150 4912 3386 4975 Βοιιοιι..
3407 4911 3565 4984 Tax.,
3598 4910 3635 4965 2
3662 4910 3846 4984 Coll»,

2254 4980 2464 5057 Balbe,
2497 4980 2749 5044 ’Clarom.
2821 4984 3431 5057 ιιψειιίριιιιιιίιμιιιιιιιιι,Δ
3474 4982 3605 5039 edit.
3627 4980 3846 5057 _Cmt_.,

2252 5050 2504 5133 Graphi,
2566 5057 2804 5124 Cellar.,
2848 5052 3099 5124 Walch.,
3147 5053 3339 5112 Cicero
3416 5053 3554 5123 ipse.
3617 5050 3848 5122 Caeci,

2291 5150 2378 5196 uo,
2404 5143 2471 5187 et.

2253 5150 2640 5258 quoﬁf'flf’ilideﬂl.
2671 5201 2760 5258 Sic
2779 5200 2898 5266 lego
2912 5212 3035 5253 cum
3056 5211 3187 5253 mss.
3208 5198 3234 5253 Δ
3262 5197 3471 5253 Bon....
3492 5196 3692 5266 antiq.,
3710 5193 3848 5255 Pen.

2253 5284 2312 5331 et
2336 5276 2451 5344 ipso
2480 5274 2758 5330 Cicerone.
2806 5266 3043 5326 Clarom.
3088 5269 3262 5340 prima
3314 5283 3516 5337 manu,
3562 5266 3849 5339 pet-videat.

2252 5346 2474 5413 Cmteri,
2499 5344 2781 5416 provideat.

2333 5417 2445 5471 Nec
2469 5413 2600 5470 enim
2626 5416 2975 5469 inveniuntur.
3011 5413 3088 5468 lta
3135 5419 3448 5467 constanter
3494 5424 3688 5467 omnes
3712 5423 3852 5467 mss.

2252 5499 2312 5545 et
2349 5487 2638 5557 impressi,
2672 5484 2929 5557 praeter}
2961 5484 3083 5541 edd.
3126 5483 3333 5557 recpit)
3363 5483 3558 5552 quibus
3609 5489 3722 5549 est,
3770 5482 3855 5557 in-

2253 5551 2501 5624 venietur,
2559 5551 2633 5613 ut'
2667 5551 2805 5628 apud
2855 5554 3192 5612 Ciceronem.
3237 5551 3535 5628 Buneman.
3592 5568 3725 5609 vero
3749 5551 3852 5628 λθ·

2251 5633 2362 5702 git,
2393 5621 2772 5695 invenieturfet
2798 5638 2978 5683 notam
3012 5636 3325 5702 sequentem
3348 5626 3571 5702 (inhibet
3599 5643 3611 5678 :
3641 5652 3714 5667 —
3739 5621 3852 5678 Nec

2254 5696 2391 5757 Enim
2431 5702 2712 5756 invenietur
2750 5715 2991 5770 unquam.
3024 5697 3299 5770 llabebant
3324 5738 3339 5763 ,
3382 5696 3713 5770 inveniuntur
3753 5710 3853 5748 un-

2251 5790 2409 5845 quam
2431 5817 2445 5843 ,
2473 5773 2656 5844 plures
2687 5772 2808 5828 libri
2830 5767 2844 5838 ξ
2865 5771 3014 5829 solus
3049 5768 3224 5845 Betui.
3248 5784 3337 5823 nec
3362 5767 3497 5823 enim
3524 5767 3858 5823 inveniuntur
