4138 6190
328 200 491 293 sos

1684 246 1884 302 LIBER
1928 247 2015 304 DE
2061 250 2176 306 ΙΒΑ
2216 252 2348 308 DEI.

3555 268 3662 327 “0

352 352 626 453 hominem
652 355 836 409 venire
862 357 1103 425 possint,
1137 357 1238 411 nisi
1265 374 1293 411 a
1331 358 1459 412 Deo.
1501 377 1518 410 ι
1553 360 1803 431 Exceptis
1847 363 1949 433 igi-
1978 381 2027 440 Α
2057 365 2317 421 declarat.
2351 366 2622 437 Quidquid
2653 378 2739 426 est
2770 371 2915 427 enim
2939 413 2954 440 ,
2979 375 3124 445 quod
3162 377 3328 436 babet
3362 379 3655 453 rationem,

352 455 434 499 tur
452 443 669 500 duobus
705 447 943 502 tribusve
964 449 1443 506 calumniatoribus
1467 454 1614 507 vanis
1634 497 1649 519 ,
1674 470 1795 509 cum
1825 470 1954 509 con-

347 554 484 610 stet,
518 546 702 601 divina
730 548 1070 617 providentia
1101 550 1362 603 mundum
1408 551 1519 620 regi
1543 593 1558 616 ,
1591 552 1731 606 sicut
1754 562 1811 607 et
1837 552 1948 607 fac-

347 649 430 693 tus
448 650 566 704 est,
600 655 703 695 nec
729 641 801 695 sit
825 642 1145 711 quisquam,
1175 644 1264 712 qui
1296 643 1540 714 Diagora
1571 644 1950 717 Tbeodorique

341 734 668 789 sementiam
688 776 704 800 ,
723 734 807 789 vel
836 734 1093 805 Leucippi
1126 736 1282 791 inane
1307 748 1672 792 commentum
1698 780 1711 802 ,
1737 740 1818 793 vel
1849 740 1949 795 De-

341 825 558 879 mocriti
586 824 914 897 Epicurique
940 826 1209 882 levitatem
1230 828 1482 897 praeferre
1507 829 1949 886 audeatauctori—

338 920 469 985 tati,
494 918 583 975 vel
613 920 828 974 illorum
859 928 1067 990 septem
1104 921 1343 990 priorum
1364 963 1377 987 ,
1403 923 1494 992 qui
1523 934 1650 978 sunt
1693 926 1944 994 appellati

335 1011 648 1081 sapientes,
681 1011 767 1066 vel
807 1012 1124 1083 Pythagorae
1148 1055 1163 1079 ,
1218 1014 1304 1068 vel
1335 1015 1573 1070 Socratis
1594 1058 1608 1081 ,
1651 1017 1733 1072 vel
1761 1016 1944 1073 Plato-

335 1104 444 1166 nis,
470 1114 908 1174 ceterorumque
960 1105 1407 1177 philosophorum
1430 1151 1444 1174 ,
1477 1109 1565 1179 qui
1598 1123 1719 1165 esse
1752 1110 1945 1165 Provi-

334 1194 577 1251 dentiam
600 1195 1016 1266 judiraverunt;
1059 1197 1193 1253 falsa
1227 1200 1389 1269 igitur
1417 1211 1497 1256 est
1526 1211 1580 1256 et
1611 1203 1697 1257 illa
1721 1213 1943 1258 senten-

334 1288 404 1343 tia
422 1331 440 1355 ,
460 1304 571 1359 qua
599 1298 791 1359 putant
809 1291 1038 1345 terroris
1067 1306 1130 1346 ac
1178 1303 1353 1347 metus
1381 1296 1553 1365 gratia
1598 1296 1933 1368 Religionem

326 1396 358 1432 a
387 1381 730 1450 sapientibus
753 1383 1051 1437 institutam
1073 1425 1088 1449 ,
1130 1400 1237 1455 quo
1272 1400 1333 1441 se
1366 1386 1612 1443 homines
1640 1390 1877 1459 imperiti
1907 1407 1937 1446 a

327 1474 573 1544 peccatis
604 1473 959 1531 abstinerent.

397 1564 565 1631 Quod
593 1566 642 1620 si
673 1581 861 1620 verum
895 1568 996 1633 sit,
1028 1582 1158 1638 ergo
1183 1568 1347 1624 derisi
1375 1570 1443 1624 ab
1465 1556 1699 1642 antiquis
1722 1573 1936 1642 sapien-

323 1655 478 1710 tibus
503 1671 707 1711 sumus.
748 1658 903 1725 Quod
935 1660 978 1714 si
1007 1660 1220 1714 fallendi
1260 1663 1429 1715 nostri
1451 1703 1465 1725 ,
1499 1675 1662 1733 atque
1688 1666 1825 1720 adeo
1856 1676 1936 1719 to-

2058 462 2266 517 ratione
2294 462 2366 516 sit
2385 472 2562 517 ortum
2593 478 2816 520 necesse
2845 477 2949 522 est.
3000 468 3157 525 Ratio
3185 480 3366 529 autem
3412 474 3661 532 sentien-

2058 551 2125 605 tis
2154 553 2522 624 sapientisque
2551 564 2763 611 natura:
2789 567 2873 612 est
2905 576 2920 612 λ
2954 560 3172 630 saniem
3223 578 3354 619 vero
3387 566 3662 625 sentiatsi

2053 659 2158 714 que
2186 655 2374 701 natura
2402 645 2535 702 nihil
2562 648 2708 704 aliud
2730 658 2913 719 potest
2934 667 3059 708 esse
3079 694 3095 720 ,
3124 671 3284 725 quam
3317 655 3481 713 Deus.
3501 656 3660 715 Mun-

2051 736 2152 792 dus
2181 748 2359 794 autem
2385 781 2400 802 ,
2445 742 2699 812 quoniam
2733 745 2999 800 rationem
3023 745 3186 803 habet
3211 789 3226 816 ,
3257 760 3361 820 qua
3410 759 3469 806 et
3513 751 3660 823 regio

2051 840 2157 899 tur,
2187 840 2243 889 et
2268 844 2509 900 constat;
2540 851 2681 907 ergo
2720 852 2751 892 a
2806 838 2919 895 Deo
2946 840 3117 898 lactus
3146 852 3250 898 est.
3275 844 3428 910 Quod
3472 846 3521 903 si
3569 854 3660 906 est

2047 923 2295 980 conditor
2326 936 2617 998 rectorque
2636 929 2831 984 .mundi
2862 929 3039 997 Deus,
3072 942 3222 989 recte
3253 934 3416 1006 igitur
3438 951 3506 993 ac
3528 951 3658 997 vero

2049 1015 2256 1088 Religio
2282 1021 2573 1074 constituta
2612 1031 2728 1087 est;
2762 1024 2969 1079 auctori
3020 1026 3165 1080 enim
3196 1042 3379 1083 rerum
3421 1029 3659 1100 parenti-

2044 1125 2149 1180 que
2169 1114 2444 1167 communi
2467 1111 2641 1169 bonos
2672 1116 3055 1186 veneratioth
3074 1118 3323 1175 debetur.
3602 1133 3606 1137 '

2659 1226 2890 1283 CAPUT
2929 1227 3023 1283 XI.

2048 1338 2121 1395 De
2148 1339 2275 1408 Deo,
2308 1358 2465 1412 eoque
2484 1358 2607 1410 uno,
2639 1345 2885 1413 cujusque
2908 1344 3227 1413 providentia
3254 1348 3475 1402 tnundus
3504 1362 3654 1421 rega-

2649 1445 2731 1489 tur
2760 1446 2805 1490 et
2832 1447 3045 1491 constat.

2118 1571 2382 1639 Quoniam
2412 1571 2656 1626 constitit
2686 1570 2754 1626 de
2794 1572 3154 1641 providentia,
3185 1574 3433 1643 sequitur
3462 1583 3518 1630 ut
3546 1575 3648 1632 do-

2037 1678 2278 1730 ceamus,
2309 1672 2559 1718 utrumne
2596 1664 2888 1719 multorum
2934 1679 3055 1720 esse
3098 1665 3367 1721 credenda
3406 1669 3517 1737 sit,
3570 1685 3647 1727 an

324 1750 443 1805 tius
463 1752 679 1821 generis
720 1751 940 1807 humani
988 1768 1149 1808 causa
1193 1757 1487 1810 commenti
1526 1771 1653 1812 sum
1694 1759 1933 1830 Religio-
1961 1767 2009 1827 Β
2039 1756 2212 1825 potius
2243 1756 2420 1810 unius.
2454 1754 2598 1812 Satis
2628 1755 2709 1827 (nt
2737 1757 2955 1826 opinor)
2995 1756 3332 1813 ostendimus
3353 1760 3405 1815 iu
3442 1763 3646 1820 nostris

319 1858 487 1910 nem;
519 1845 796 1914 sapientes
818 1846 977 1915 igitur
1006 1863 1112 1902 non
1136 1846 1352 1904 luerunt
1373 1892 1388 1917 ,
1407 1851 1531 1921 quia
1559 1852 1611 1905 in
1631 1853 1929 1923 sapientem

320 1952 434 1991 non
491 1938 641 1992 cadit
685 1938 1045 1994 mendacium.
1075 1940 1180 1996 Sed
1229 1941 1425 1997 fuerint
1473 1945 1777 2014 sapientes;
1809 1963 1931 2016 qum

316 2038 473 2095 tanta
500 2030 736 2087 felicitas
763 2033 1058 2088 mentiendi
1079 2076 1094 2102 ,
1120 2043 1181 2089 ut
1217 2051 1326 2091 non
1349 2039 1723 2095 tantummodo
1744 2040 1932 2096 induc-

312 2131 442 2190 tos,
471 2122 572 2179 sed
611 2122 894 2179 Platonem
947 2141 1160 2196 quoque
1204 2142 1268 2183 ac
1314 2127 1592 2184 Socratem
1644 2131 1927 2199 fallerent,

308 2224 374 2271 et
410 2215 812 2287 Pythagoram,
863 2217 1175 2284 Zenonem,
1234 2220 1620 2288 Aristotelem,
1668 2225 1929 2278 maxima-

312 2323 441 2363 tum
467 2317 741 2364 sectarum
777 2309 1045 2380 principes
1071 2353 1085 2375 ,
1114 2320 1222 2366 tam
1249 2312 1407 2369 facile
1445 2313 1802 2370 deluderent?
1830 2316 1929 2373 Est

310 2400 485 2472 igitur
534 2402 716 2456 divina
758 2402 1123 2473 providentia,
1160 2414 1217 2458 ut
1256 2416 1546 2461 senserunt
1575 2407 1609 2461 ii
1641 2407 1921 2476 homines,

309 2509 457 2564 quos
484 2496 800 2560 nominavi;
842 2496 995 2564 cujus
1022 2499 1072 2550 vi
1123 2512 1186 2551 ac
1238 2507 1504 2567 potestate
1557 2501 1734 2554 omnia
1756 2539 1772 2564 ,
1801 2516 1925 2571 quae

309 2586 572 2641 videmus
592 2598 646 2642 et
672 2586 812 2655 facta
840 2599 1003 2654 sunt,
1046 2599 1100 2645 et
1126 2604 1407 2661 reguntur.
1438 2592 1551 2647 Nec
1585 2594 1729 2649 enim
1775 2604 1923 2649 tanta

308 2693 509 2733 rerum
541 2679 871 2748 magnitudo,
904 2690 1049 2734 tanta
1079 2681 1386 2752 dispositio,
1420 2692 1564 2738 tanta
1597 2684 1649 2738 in
1695 2700 1921 2740 servan-

306 2769 412 2826 dis
456 2771 738 2826 ordinibus
795 2773 1234 2843 temporibusque
1271 2775 1612 2842 conStantia,
1663 2784 1755 2830 aut
1793 2776 1921 2831 olim

305 2863 495 2934 potuit
520 2864 637 2918 sine
666 2864 891 2933 provido
918 2865 1123 2920 artilice
1150 2867 1300 2933 Oriri,
1326 2878 1418 2922 aut
1443 2877 1696 2924 constare
1721 2878 1798 2924 tot
1820 2885 1925 2925 sa:-

305 2957 456 3013 culis
483 2957 601 3013 sine
631 2958 804 3013 incola
836 2959 1073 3030 potenti,
1114 2969 1207 3014 aut
1250 2962 1305 3015 in
1360 2973 1677 3032 perpetuum
1727 2963 1927 3033 guber-

2037 1847 2497 1911 lustitutionibns.
2526 1848 2663 1903 deos
2710 1849 2911 1904 multos
2956 1864 3079 1905 esse
3121 1866 3227 1905 non
3274 1866 3466 1922 posse;
3495 1854 3645 1925 quod

2032 1940 2216 1996 divina
2244 1941 2326 1995 vis
2357 1955 2421 1996 ac
2450 1949 2690 2010 potestas
2722 1942 2766 1995 si
2788 1940 3144 1998 distribuatur
3172 1944 3224 1997 in
3249 1944 3453 2014 plures.
3481 1946 3642 2004 dini-

2033 2035 2125 2087 nui
2154 2047 2274 2088 eam
2303 2048 2529 2089 necesse
2556 2033 2667 2087 sit:
2695 2033 2838 2103 quod
2859 2041 3038 2089 autem
3070 2037 3348 2105 minuitur,
3368 2038 3557 2110 utique
3578 2050 3642 2099 et

2034 2124 2263 2179 mortale
2291 2133 2404 2190 est;
2428 2124 2474 2179 si
2504 2139 2638 2181 vero
2662 2125 2907 2180 mortalis
2926 2141 3035 2182 non
3060 2136 3169 2193 est,
3192 2143 3297 2186 nec
3320 2130 3514 2199 minui,
3534 2146 3641 2192 nec

2032 2216 2198 2275 dividi
2232 2225 2430 2286 potest.
2464 2217 2605 2273 Deus
2634 2217 2796 2288 igitur
2820 2232 2958 2275 unus
2983 2228 3091 2286 est,
3124 2219 3178 2275 in
3198 2207 3310 2292 quo
3338 2222 3417 2278 vis
3444 2232 3500 2283 et
3539 2238 3638 2295 po-

2028 2318 2197 2367 testas
2216 2318 2609 2375 consummata,
2634 2324 2738 2364 nec
2764 2310 2937 2365 minui
2968 2320 3169 2381 potest,
3198 2327 3302 2369 nec
3322 2315 3535 2385 augeri.
3568 2316 3635 2377 Si

2025 2412 2204 2457 autem
2234 2411 2362 2458 sunt
2382 2401 2563 2466 multi,
2593 2401 2718 2456 dum
2756 2401 2956 2457 habent
2979 2403 3175 2473 singuli
3206 2408 3489 2475 potestatis
3531 2407 3637 2467 αλδ

2027 2494 2159 2564 quid
2208 2507 2273 2548 ac
2303 2492 2562 2557 numinis,
2607 2507 2814 2546 summa
2862 2494 2977 2562 ipsa
3024 2493 3322 2553 decrescit:
3352 2507 3639 2569 necpoteé

2025 2594 2153 2643 runt
2179 2584 2370 2653 singuli
2415 2582 2831 2649 baberetotum,
2877 2584 3021 2653 quod
3061 2595 3144 2640 est
3185 2601 3471 2644 commune
3510 2605 3638 2649 cum

2026 2676 2270 2750 pluribus
2301 2695 2313 2729 :
2346 2675 2634 2745 unicuique
2668 2684 2872 2729 tantum
2919 2674 3113 2742 deerit,
3157 2686 3414 2747 quantum
3446 2683 3635 2740 exteri

2028 2776 2400 2849 possidebunt.
2430 2775 2546 2830 Non
2574 2785 2802 2846 possunt
2828 2775 2991 2846 igitur
3012 2775 3069 2829 in
3101 2773 3208 2829 hoc
3249 2773 3455 2830 mundo
3478 2773 3639 2837 multi

2029 2885 2152 2926 esse
2177 2879 2416 2924 rectores
2441 2887 2455 2924 :
2486 2884 2587 2924 nec
2615 2869 2665 2922 in
2695 2884 2795 2922 una
2824 2867 2987 2923 domo
3014 2866 3165 2921 multi
3188 2864 3418 2933 domui,
3446 2878 3551 2925 nec
3570 2865 3635 2925 Π

2030 2960 2150 3016 navi
2185 2976 2286 3015 una
2334 2960 2484 3013 multi
2534 2960 2925 3030 gubernatores
2951 3000 2965 3023 ,
3008 2973 3110 3014 nec
3151 2957 3203 3011 in
3250 2964 3496 3013 armento
3539 2966 3637 3016 aut

305 3049 434 3105 nari
456 3049 579 3106 sine
602 3051 776 3121 perito
802 3067 865 3106 ac
888 3054 1161 3108 sentiente
1184 3062 1398 3111 rectore
1423 3073 1437 3109 :
1468 3055 1613 3127 quod
1642 3056 1780 3112 ratio
1804 3057 1919 3129 ipsa
1950 3047 1995 3110 C
2026 3069 2187 3127 grege
2213 3052 2379 3109 duces
2402 3051 2575 3119 multi,
2606 3068 2709 3108 nec
2748 3052 2801 3107 in
2832 3068 2940 3107 uno
2981 3050 3232 3107 examine
3260 3050 3412 3109 multi
3451 3064 3635 3124 reges.

1650 3193 2009 3251 V’ARIORUM
2046 3191 2276 3250 ΝΟΤᾹΞ.

302 3348 562 3404 usquam.
587 3331 785 3404 Scripsi
812 3348 933 3388 cum
953 3332 1235 3400 Cicerone,
1260 3335 1416 3397 lsmo,
1436 3337 1653 3404 Sparte,
1685 3338 1902 3403 Heum.,

306 3403 426 3479 Nec
455 3406 590 3458 enim
620 3403 919 3479 inuenietur,
947 3406 1154 3479 scilicet
1184 3408 1523 3471 origo;dixit
1549 3413 1691 3463 enim
1720 3425 1902 3479 supra,

306 3478 622 3534 Animorum
646 3479 789 3532 nulla
817 3478 871 3529 in
893 3478 1039 3530 terris
1065 3478 1207 3546 origo
1235 3478 1448 3531 inveniri
1463 3489 1644 3546 potest.
1664 3478 1795 3536 Buu.

383 3546 795 3620 (litterarumque
856 3548 1299 3614 philosouhorum.
1346 3548 1417 3602 Ita
1468 3565 1590 3605 cum
1653 3551 1904 3607 omnibus

304 3621 482 3675 ferme
508 3634 640 3674 mss.
667 3622 795 3674 edit.
828 3620 980 3673 Rom.
1016 3620 1169 3673 M70.
1211 3622 1280 3673 At
1321 3621 1501 3689 scripti
1548 3622 1904 3677 t'iutentissimi

308 3694 335 3745 1
371 3690 530 3759 Reg,
562 3691 600 3745 ἓ
624 3689 808 3757 Colb.,
833 3690 1013 3745 Baluz.
1037 3703 1088 3744 ct
1109 3690 1358 3760 impressi
1382 3692 1741 3761 interjiciunt,
1766 3711 1907 3748 sum—

305 3779 511 3819 morum
518 3805 529 3815 .
1474 3784 1478 3787 '
1760 3814 1763 3817 λ

377 3832 665 3887 Commenti
703 3842 837 3887 sunt.
870 3832 994 3886 Mss.
1031 3832 1097 3886 15
1143 3849 1251 3887 rec.
1296 3847 1350 3887 et
1383 3833 1470 3887 ed.
1526 3833 1685 3888 Rom.
1738 3836 1902 3902 1470,

308 3906 637 3963 commentati
663 3915 799 3958 sunt.

379 3975 489 4029 Sed
514 3976 704 4045 fuerint
729 3975 1001 4041 sapientes.
1035 3973 1147 4029 Vox
1191 3976 1439 4045 sapientes
1476 3975 1629 4030 deest
1660 3976 1712 4028 in
1744 3977 1901 4033 Colb.

305 4056 360 4103 et
386 4046 521 4102 Pen.
557 4046 614 4102 In
645 4063 746 4102 ms.
774 4045 939 4101 Cane.
970 4055 1024 4100 et
1044 4047 1073 4098 7
1110 4046 1338 4117 vulgatis
1364 4048 1578 4117 legitur,
1596 4047 1685 4101 sed
1714 4064 1770 4101 ut
1790 4052 1909 4119 fue-

308 4130 440 4172 rint.

380 4187 452 4261 Et
485 4187 854 4259 Pythagoram.
888 4188 915 4261 Vl
946 4187 1076 4261 Bon.
1106 4195 1240 4261 aut,
1264 4198 1317 4261 ut
1336 4188 1719 4261 Pythagoram.

382 4259 450 4315 In
492 4261 752 4315 servandis
801 4259 1085 4315 ordinibus.
1132 4259 1258 4315 Mss.
1292 4259 1360 4314 12
1405 4259 1546 4327 recf,
1602 4263 1655 4315 in
1707 4279 1910 4318 conser-

306 4332 511 4386 umidis.

383 4403 487 4455 Aut
511 4403 632 4458 olim
663 4404 848 4474 potuit.
877 4401 913 4455 9.
934 4402 1093 4467 Βυη.,
1118 4400 1276 4470 Tax.,
1298 4400 1353 4457 ΕΞ.
1382 4401 1555 4468 Culb.,
1584 4402 1797 4475 B.iluz.,
1822 4418 1909 4460 aut
1935 4432 1989 4492 ι)

306 4476 535 4529 demum.
1138 4524 1141 4527 ,

380 4546 509 4601 Siue
533 4547 694 4615 perito
723 4563 784 4600 ac
828 4547 1068 4599 sentiente
1098 4557 1311 4601 rectore.
1357 4546 1448 4601 Sic
1477 4546 1685 4601 restitui
1716 4564 1781 4603 ex
1814 4563 1907 4603 ve-

303 4619 548 4672 terrimis
597 4628 652 4672 et
698 4619 915 4681 optimis
960 4634 1090 4671 mss.
1150 4617 1507 4687 licgio-Put.,
1540 4618 1730 4684 Cauc.,
1771 4620 1805 4673 ‘2
1835 4619 1903 4673 al.

304 4689 469 4757 Reg,
503 4688 819 4752 5Colbert.,
847 4688 1008 4753 Ultr.,
1034 4689 1291 4752 Clarom.,
1326 4689 1471 4753 Em.,
1502 4688 1665 4743 Brun.
1696 4701 1744 4744 et
1776 4691 1904 4744 edit.

302 4760 483 4815 Betui.
514 4758 651 4813 Vide
679 4759 814 4815 intra
836 4801 850 4823 ,
892 4761 1171 4825 sentientis,
1204 4772 1309 4814 etc.
1354 4776 1509 4827 quam
1541 4760 1690 4814 Deus.
1718 4761 1754 4814 ‘2
1785 4761 1908 4816 Col-

301 4831 447 4886 bert.
475 4839 532 4885 et
557 4831 741 4885 Baluz.
771 4848 832 4884 ac
861 4832 1123 4897 sapiente;
1163 4832 1199 4884 ‘2
1229 4831 1458 4897 Bonum,
1490 4832 1523 4885 5
1550 4832 1621 4885 al.
1655 4848 1764 4887 rec.
1793 4843 1849 4888 et
1874 4835 1907 4887 (i

300 4903 459 4966 editi,
491 4918 555 4954 ac
583 4904 767 4956 sciente
798 4920 810 4953 :
835 4919 953 4971 quae
979 4902 1143 4956 verba
1171 4902 1369 4955 desunt
1400 4903 1451 4954 in
1491 4903 1521 4956 7
1550 4903 1844 4970 impressis.

378 4971 602 5026 Natura:
647 4983 716 5026 est
742 4975 984 5037 :snpiens
1024 4989 1141 5027 vero
1186 4974 1500 5042 sentieusque
1529 4990 1546 5027 :
1576 4974 1700 5028 Hace
1746 4976 1903 5028 verba

300 5044 505 5099 absunt
540 5060 568 5096 a
609 5043 805 5108 Lund.,
839 5045 996 5112 Iit-gn,
1043 5045 1189 5112 Lips.
1224 5044 1258 5096 Ξ
1297 5055 1349 5096 et
1396 5044 1735 5098 lteimmann.
1771 5061 1896 5099 mss.

296 5117 434 5171 item
464 5114 642 5181 Rost.,
677 5114 811 5168 Ven.
850 5116 1010 5180 1m,
1038 5128 1265 5183 utraque
1292 5114 1384 5179 78,
1408 5115 1477 5169 95
1498 5156 1512 5178 ,
1548 5116 1709 5179 1497,
1749 5125 1805 5168 ut
1834 5116 1903 5169 ita

296 5189 616 5243 cohmreant
649 5204 662 5239 :
700 5184 856 5240 Ratio
885 5199 1049 5241 autem
1090 5188 1346 5240 sentientis
1391 5187 1730 5255 sapientisque
1758 5196 1906 5239 natu-

293 5275 371 5313 ra
396 5258 530 5310 nihil
554 5257 698 5310 aliud
724 5266 1028 5325 potestesse.
1062 5257 1249 5311 Parrh.
1277 5266 1330 5312 et
1360 5256 1529 5310 Paris.
1565 5257 1714 5310 Ratio
1741 5274 1772 5309 a
1792 5274 1908 5311 sen-

295 5330 471 5383 tientis
499 5329 842 5397 sapientisque
889 5341 1093 5382 natura:
1123 5329 1252 5382 nillil
1284 5328 1427 5382 aliud
1464 5337 1623 5395 potest
1663 5345 1789 5382 esse.
1838 5329 1910 5384 At

293 5399 491 5471 60th.,
525 5398 673 5467 Lips.
712 5400 774 5471 ξ),
809 5400 958 5465 Ald.,
983 5399 1154 5463 Crat.,
1187 5399 1410 5470 Gymn.
1456 5397 1644 5463 Fasit,
1674 5400 1904 5471 Gryph.,

292 5470 493 5535 Torm,
526 5471 670 5536 Bet.,
701 5470 983 5534 Thomas.,
1010 5472 1193 5529 lsmns,
1228 5471 1443 5539 reliqui.
1476 5480 1529 5522 ut
1556 5478 1638 5523 est
1666 5472 1902 5532 editum;

292 5543 402 5597 nisi
450 5542 595 5612 quod
642 5542 834 5608 Torn.,
870 5542 1066 5605 Betul.,
1098 5541 1345 5607 Walclt.,
1394 5555 1580 5596 vocem
1618 5542 1760 5595 aliud
1798 5556 1905 5596 non

288 5612 526 5669 habent.
557 5612 695 5668 Buu.

366 5682 626 5739 Constitit.
661 5683 816 5752 Apud
848 5685 1147 5739 Buncman.
1192 5684 1420 5738 Constat.
1456 5683 1713 5740 Londiu..
1746 5683 1905 5752 Reg,

286 5754 491 5823 00th.,
514 5754 690 5827 Lips,
718 5756 949 5811 licitum.
970 5765 1025 5810 et
1044 5756 1176 5812 editi
1198 5770 1411 5824 omnes,
1432 5754 1683 5809 Constitit.
1706 5754 1908 5823 Emm.,

2017 3335 2244 3398 Constat,
2297 3335 2439 3407 quod
2472 3336 2742 3405 prtel'ero:
2782 3335 2854 3388 ita
2893 3349 3108 3407 quoque
3148 3335 3498 3394 Heumannus
3538 3336 3630 3394 re;

2017 3409 2223 3464 scribit.
2244 3409 2319 3463 ltn
2353 3407 2455 3463 fert
2479 3421 2598 3462 mos
2625 3407 2908 3461 Lactantii.
2937 3405 3318 3465 CorifechO:
3344 3407 3475 3464 Cum
3504 3425 3630 3466 con-

2016 3489 2143 3551 stet;
2168 3490 2223 3534 et
2252 3495 2302 3535 c.
2338 3480 2406 3535 15
2436 3478 2527 3531 lib.
2563 3494 2641 3551 ut,
2669 3478 2835 3551 c.jl.
2868 3478 3005 3551 Dus.
3068 3550 3077 3551 ί
3134 3550 3142 3551 7
3283 3549 3290 3551 Α
3578 3548 3581 3551 γ

2086 3550 2529 3629 Ηιιιιοι·ιιιιι“εεεε.
2575 3548 2700 3629 Mss:
2732 3548 2766 3601 5
2792 3558 2846 3602 et
2875 3548 3011 3629 edd._
3054 3549 3469 3629 {interﬁciunt
3506 3548 3631 3608 ἄεσα

2297 3335 2439 3407 quod
2472 3336 2742 3405 prtelero:
2782 3335 2854 3388 ita
2893 3349 3108 3407 quoque
3148 3335 3498 3394 Heumannus
3538 3336 3630 3394 re:-

2011 3637 2163 3685 rum;
2197 3636 2325 3675 mss.
2362 3618 2395 3673 5
2421 3634 2554 3682 rec.,
2584 3618 2859 3671 multorum
2889 3619 3144 3672 credenda
3173 3620 3260 3674 sit.

2090 3691 2418 3746 Ostendimus
2446 3690 2500 3742 in
2540 3689 2729 3743 nostris
2757 3687 3190 3745 Institutionibus.
3227 3689 3356 3746 Mss.
3392 3690 3483 3758 10,
3532 3692 3629 3748 do-

2014 3765 2231 3817 cuimus.
2264 3761 2393 3816 lude
2418 3770 2583 3831 putet,
2619 3759 2926 3831 Divinarum
2957 3759 3359 3817 lnstitntiunun‘.
3388 3761 3560 3822 libros
3591 3779 3623 3821 a

2014 3834 2291 3893 Lactantio
2323 3830 2656 3901 conscriptos
2685 3840 2809 3884 ante
2841 3830 3034 3885 librum
3068 3830 3135 3886 de
3163 3831 3245 3885 Ira
3280 3833 3392 3888 Dei.

2090 3905 2239 3973 Quod
2262 3905 2435 3959 divina
2456 3904 2530 3957 vis
2557 3918 2617 3956 ac
2644 3911 2865 3972 potestas
2908 3903 2953 3957 si
2984 3903 3319 3958 distribuatur
3344 3905 3397 3958 in
3425 3906 3621 3973 plures,

2015 3976 2092 4031 Ita
2123 3991 2310 4030 omnes
2338 3974 2465 4030 editi
2492 3989 2613 4029 cum
2664 3988 2796 4029 mss.
2831 3985 3030 4043 praeter
3054 3983 3286 4047 septem,
3317 3976 3513 4048 quibus
3539 3986 3626 4034 est

2018 4047 2352 4102 distrahatur.

2089 4118 2323 4173 Diminui
2352 4133 2465 4170 eam
2495 4133 2696 4170 necesse
2724 4118 2787 4170 sit
2819 4132 2838 4171 :
2863 4117 3001 4182 quod
3025 4126 3195 4169 autem
3224 4118 3477 4171 minuitur
3516 4120 3623 4173 stti-

2016 4208 2112 4260 que
2140 4200 2185 4244 et
2212 4190 2421 4243 mortale
2446 4199 2552 4260 est;
2577 4189 2620 4240 si
2649 4203 2786 4260 vero.
2821 4188 2909 4243 Sic
2942 4204 3066 4242 mss.
3103 4187 3373 4260 2'Bonon.
3406 4190 3620 4259 plures-

2014 4258 2120 4332 quo
2145 4262 2232 4315 alii
2264 4276 2326 4314 ac
2357 4258 2793 4332 nonnttlliediti;
2826 4269 2883 4312 et
2902 4259 3219 4332 etvncinnius
3244 4258 3483 4332 qunntin
3511 4275 3619 4315 cte-

2017 4327 2182 4397 tcris;
2211 4333 2407 4400 quibus
2435 4339 2535 4395 est,
2571 4328 2873 4382 dintiuuitur
2912 4328 3109 4395 utique,
3154 4337 3207 4381 et
3243 4327 3477 4382 mortalis
3500 4339 3616 4398 est;

2014 4416 2056 4459 88
2085 4419 2221 4457 vero.

2091 4473 2212 4528 Non
2253 4480 2484 4541 possunt,
2535 4477 2640 4523 etc.
2686 4471 3016 4541 Argumento
3041 4468 3110 4522 ab
3137 4468 3385 4541 analogia
3424 4467 3613 4541 ducta;

2013 4556 2070 4602 et
2099 4540 2407 4599 inductione
2451 4541 2681 4611 quadam
2711 4540 2981 4596 Socratica
3013 4540 3203 4594 stituit
3238 4540 3616 4600 monarcth
3691 4542 3704 4555 ‘

2013 4618 2247 4672 divinam
2306 4614 2438 4668 lluic
2464 4612 2540 4667 rei
2567 4611 2951 4666 conﬁrmanda:
2979 4611 3135 4667 Philo
3163 4611 3384 4667 Judmns
3416 4611 3622 4668 llum!-

2012 4690 2124 4743 rico
2154 4688 2318 4741 utitur
2349 4700 2530 4748 versu,
2563 4698 2721 4752 quem
2762 4700 2866 4736 non
2913 4682 3084 4752 magis
3123 4681 3195 4738 de
3222 4683 3460 4752 pditieis
3492 4698 3619 4739 mo.

2012 4759 2270 4823 narcbiis,
2303 4754 2473 4826 quam
2492 4756 2560 4810 de
2588 4755 2793 4809 cmlesti
2818 4754 3022 4826 dictum
3049 4753 3243 4809 credit.

2088 4830 2197 4889 Nec
2228 4830 2281 4882 in
2311 4825 2560 4893 armento,
2588 4837 2677 4879 aut
2708 4842 2877 4895 grege.
2926 4825 3271 4879 Reimmann.
3302 4833 3536 4879 armento
3568 4834 3623 4882 α

2012 4919 2179 4972 grege.
2216 4903 2573 4972 lleumannus
2602 4897 2871 4972 rescribit,
2902 4911 2995 4972 n_ec
3028 4896 3083 4947 in
3120 4904 3467 4972 armentorum:
3499 4911 3619 4966 gre-

2010 4966 2121 5042 ges,
2143 4972 2261 5041 quia
2291 4970 2526 5042 etiamin
2549 4969 2597 5042 _l.
2632 4968 2699 5022 de
2731 4968 2893 5042 Μοηἐ
2926 4966 3074 5042 Pe_rs.
3113 4979 3169 5042 _c.
3221 4967 3332 5042 37_:
3356 4977 3618 5021 amento-

2010 5037 2123 5097 rum
2153 5037 2344 5109 greges.
2375 5041 2433 5094 1n
2466 5040 2733 5109 Epitome,
2784 5053 2834 5091 c.
2864 5037 2900 5090 2
2930 5056 2942 5091 :
2976 5037 3035 5091 Si
3069 5038 3241 5104 plures
3283 5039 3338 5089 in
3382 5046 3615 5109 armento

2012 5102 2186 5168 duces;
2230 5102 2719 5166 lilinucius'tamen
2764 5109 3006 5164 distinxit
3053 5102 3111 5160 ut
3146 5109 3200 5161 in
3231 5116 3419 5163 nostro
3463 5107 3613 5173 loco.

2010 5200 2060 5239 (τ.
2098 5186 2165 5239 18
2194 5201 2207 5238 z
2236 5184 2349 5238 Rea:
2388 5197 2520 5234 unus
2564 5180 2768 5251 apibus,
2822 5180 2929 5233 dux
2973 5194 3106 5232 unus
3133 5179 3407 5248 gregibus,
3447 5178 3500 5232 in
3528 5194 3617 5233 ar-

2013 5257 2207 5312 mentis
2235 5264 2414 5308 rector
2452 5269 2608 5305 umts.
2637 5251 2771 5305 Btttv.

2086 5327 2195 5382 Nec
2220 5327 2273 5378 in
2303 5341 2404 5380 uno
2431 5324 2681 5385 examine,
2708 5331 2813 5376 etc.
2848 5321 2921 5374 lta
2954 5320 3239 5389 legendum
3270 5336 3333 5374 cs
3359 5320 3612 5375 omnibus

2012 5398 2126 5455 fere
2159 5410 2265 5451 tmn
2298 5411 2425 5451 mss.
2464 5405 2575 5447 tttm
2600 5392 2776 5447 editis.
2803 5392 2933 5459 Quia
2963 5402 3117 5446 auten
3155 5400 3404 5459 posuerat
3426 5407 3612 5446 exem-

2015 5471 2099 5538 pla
2121 5468 2420 5531 hominum,
2456 5473 2641 5538 postea
2684 5463 2965 5538 descendit
2995 5464 3059 5538 ad
3089 5474 3233 5517 ntutn
3269 5462 3560 5538 animantia
3590 5479 3608 5516 :

2012 5532 2193 5607 itaque
2220 5532 2624 5607 intelligendum
2651 5546 2735 5590 est
2761 5537 2982 5589 omnino
3024 5532 3093 5587 de
3136 5534 3384 5607 examine
3419 5546 3604 5607 apum.

2012 5602 2237 5679 quarum
2267 5602 2474 5680 singula
2504 5609 2749 5662 examina
2798 5620 2976 5677 regem
3021 5619 3175 5680 suum
3224 5602 3606 5680 babent.’llss.

2010 5673 2631 5758 septenretﬁvimpressi
2651 5721 2667 5744 ,
2698 5673 2962 5758 regimine.
2989 5705 3060 5758 τ-
3085 5673 3195 5728 Nec
3210 5674 3292 5758 "in
3338 5687 3442 5758 uno
3467 5687 3611 5758 tetra-

2014 5742 2167 5807 ntine.
2199 5742 2486 5808 Verissitnu
2540 5742 2660 5806 lucc
2699 5742 2857 5805 lectio
2902 5748 3181 5814 utriusque
3206 5744 3416 5799 Bonan.
3462 5742 3617 5801 Conv
