4138 6190
311 316 416 375 113

305 531 357 587 in
387 532 590 603 Legum
625 535 778 591 libris
810 556 823 591 :
862 555 881 589 t
927 536 1066 605 Quid
1094 537 1316 593 omnino
1344 539 1414 593 sit
1442 539 1582 593 Deus
1603 582 1616 605 ,
1648 556 1755 595 non
1788 555 1911 595 esse

304 625 697 692 qua-rendam;
730 631 852 697 quia
876 643 977 684 nec
1003 629 1229 683 inveniri
1254 631 1443 700 possit,
1477 646 1577 687 nec
1596 632 1905 704 enarrari];

301 714 644 787 Pythagoras
673 733 887 790 quoque
934 736 1100 776 unum
1146 721 1317 776 Deum
1363 722 1651 778 confitetur
1683 723 1870 778 dicens
1893 764 1909 790 ,

301 808 707 880 incorporalem
737 827 861 868 esse
887 823 1124 869 mentem
1142 855 1158 881 ,
1199 830 1318 885 qua:
1346 830 1444 885 per
1472 830 1689 871 omnem
1731 831 1912 871 rerum

303 911 558 956 naturam
588 903 781 959 dill'usa
810 915 866 961 et
889 904 1098 961 intenta
1120 947 1135 971 ,
1168 906 1385 963 vitalem
1433 895 1654 964 sensum
1700 909 1912 966 cunctis

301 996 671 1053 animantibus
739 998 959 1055 tribuat.
1018 998 1369 1056 Antisthenes
1420 1009 1600 1057 autem
1662 1000 1717 1056 in
1765 1001 1912 1072 Phy-

298 1086 419 1140 sico
474 1103 643 1143 unum
672 1102 823 1145 esse
872 1090 1175 1146 naturalem
1236 1092 1402 1147 Deum
1446 1091 1617 1159 dixit,
1668 1093 1913 1163 quamvis

300 1188 495 1248 gentes
523 1189 583 1235 et
614 1180 780 1237 urbes
807 1196 935 1238 suos
962 1182 1200 1239 habeant
1229 1184 1536 1254 populares.
1578 1184 1779 1241 Eadem
1803 1185 1916 1242 fere

302 1277 357 1323 et
383 1269 713 1326 Aristoteles
759 1285 884 1327 cum
915 1272 1027 1328 suis
1069 1273 1466 1344 peripateticis,
1514 1284 1569 1330 et
1598 1274 1745 1331 Zeno
1790 1290 1914 1331 cum

299 1363 417 1418 suis
447 1364 659 1419 stoicis.
690 1365 939 1435 Longum
967 1377 1051 1423 est
1081 1367 1225 1422 enim
1258 1368 1592 1439 singulorum
1614 1369 1915 1425 sententias

299 1455 552 1523 exequi,
600 1456 692 1525 qui
736 1456 862 1513 licet
890 1457 1121 1514 diversis
1150 1459 1456 1514 nominibus
1500 1460 1817 1527 sintabusi,
1846 1459 1916 1516 ad

300 1560 470 1600 unam
502 1555 683 1603 tamen
712 1557 1056 1618 potestatem,
1087 1566 1207 1622 quae
1231 1551 1488 1607 mundum
1518 1562 1767 1625 regeret,
1786 1568 1915 1609 con-

303 1649 618 1693 currerunt.
651 1638 757 1695 Sed
807 1648 985 1697 tamen
1014 1657 1284 1697 summum
1314 1644 1481 1699 Deum
1503 1686 1519 1711 ,
1550 1659 1673 1699 cum
1715 1654 1769 1707 et
1795 1646 1916 1715 phi-

297 1729 558 1799 losophi,
586 1738 643 1786 et
670 1740 865 1801 poclm,
900 1743 957 1789 et
997 1734 1098 1803 ipsi
1141 1734 1376 1805 denique
1404 1736 1494 1807 qui
1535 1737 1665 1791 deos
1690 1738 1913 1805 colunt,

1614 324 1817 382 LIBER
1860 325 1949 384 DE
1988 326 2106 384 IRA
2148 328 2276 385 DEI.

303 440 373 490 ait
397 478 412 505 ,
460 454 480 489 ι
516 435 745 494 formam
775 440 870 497 Dei
898 455 1004 497 non
1034 449 1288 512 oportere
1310 443 1588 515 conquiri;
1626 463 1645 497 ι
1672 456 1727 501 et
1752 446 1906 501 Plato
1931 452 1988 510 Α

3514 322 3622 384 111

2623 445 2853 503 CAPUT
2902 446 3016 502 XII.

2410 559 2490 615 De
2536 560 2779 632 religione
2813 572 2862 617 et
2892 561 2987 618 Dei
3015 563 3215 618 timore.

2087 716 2255 773 Nunc'
2287 718 2538 788 quoniam
2589 719 2967 788 respondimus
3012 721 3189 790 impiae
3238 721 3593 791 quorumdam

2016 810 2430 881 detestabilique
2467 812 2769 882 prudentia:
2790 855 2804 879 ,
2835 813 2919 866 vel
2970 814 3145 882 potius
3192 814 3443 868 amentia!
3466 857 3480 879 ,
3502 796 3503 799 η
3526 829 3618 868 rc-

2012 902 2236 957 deatnus
2261 902 2327 957 ad
2356 903 2708 973 pr0positum.
2747 904 3020 970 Diximus,
3070 904 3333 975 religione
3372 906 3614 972 sublata,

2014 1008 2114 1050 nec
2140 994 2460 1063 sapientiam
2506 995 2678 1050 teneri
2710 1010 2898 1063 posse,
2924 1010 3023 1051 nec
3046 994 3341 1065 justitiam;
3370 997 3494 1066 quia
3525 1011 3614 1051 sa-

2015 1083 2216 1155 pientia
2244 1084 2543 1141 divinitatis
2584 1085 2893 1141 intellectus
2920 1095 3033 1152 est,
3084 1101 3192 1156 quo
3240 1085 3537 1143 diiferimus
3585 1103 3619 1142 a

2013 1176 2246 1233 belluis:
2290 1177 2343 1231 in
2372 1176 2594 1232 homine
2639 1178 2757 1233 solo
2787 1177 3013 1250 reperiri
3053 1178 3316 1247 justitiam
3336 1219 3350 1243 ,
3379 1192 3482 1246 qua
3513 1178 3621 1232 nisi

2015 1270 2339 1341 cupiditates
2364 1278 2577 1326 nostras
2607 1271 2780 1338 Deus,
2804 1272 2893 1341 qui
2922 1270 3033 1326 falli
3066 1286 3172 1326 non
3218 1280 3427 1341 potest,
3459 1286 3617 1326 coor-

2015 1362 2226 1428 cuerit,
2268 1362 2531 1418 scelerate
2575 1361 2845 1433 impieque
2890 1363 3151 1418 vivemus.
3187 1362 3434 1433 Spectari
3479 1375 3615 1433 ergo

2017 1466 2170 1511 actus
2199 1464 2415 1512 nostros
2453 1471 2483 1510 a
2529 1455 2673 1524 Deo,
2703 1470 2811 1511 non
2855 1456 3018 1511 modo
3054 1461 3121 1511 ad
3153 1457 3438 1513 utilitatem
3466 1470 3619 1512 com-

2018 1545 2198 1601 munis
2222 1546 2348 1601 vitae
2376 1546 2600 1611 attinet,
2634 1545 2728 1601 sed
2752 1546 2915 1602 etiam
2941 1547 3008 1602 ad
3034 1548 3354 1613 veritatem;
3386 1548 3508 1620 quia
3530 1562 3620 1603 re-

2018 1637 2217 1708 ligione
2237 1636 2556 1708 justitiaque
2580 1637 2820 1693 detracta
2844 1682 2858 1705 ,
2889 1639 2973 1695 vel
3004 1639 3073 1695 ad
3120 1640 3400 1696 stultitiam
3449 1654 3621 1711 pecu-

2017 1730 2146 1785 dum
2186 1732 2382 1785 amissa
2429 1732 2639 1787 ratione
2685 1731 3041 1799 devolvimur,
3086 1732 3171 1787 vel
3204 1733 3270 1788 ad
3317 1733 3617 1789 bestiarum

297 1834 460 1887 saepe
504 1820 813 1888 fateantur;
860 1824 929 1879 de
973 1826 1121 1880 cultu
1154 1834 1330 1881 tamen
1373 1835 1428 1882 et
1474 1827 1768 1882 honoribus
1797 1828 1913 1897 ejus
1943 1844 1993 1908 Β
2022 1823 2448 1877 immanitatem:
2500 1822 2607 1878 imo
2634 1838 2764 1878 VGI‘O
2808 1824 3072 1895 amplius;
3124 1823 3392 1895 SiQUidem
3426 1824 3618 1880 beSliie

301 1926 475 1967 nemo
505 1928 743 1984 unquam
772 1916 1056 1986 requisivit
1117 1932 1278 1973 nemo
1309 1918 1595 1985 disseruit;
1625 1934 1686 1973 ea
1709 1920 1916 1976 scilicet

296 2005 696 2072 persuasione,
728 2021 834 2076 qua
856 2021 1074 2078 semper
1100 2008 1401 2065 beneficum
1433 2011 1915 2082 incorruptumque

297 2094 633 2162 credentes,
668 2112 770 2153 nec
814 2099 974 2155 irasci
1004 2115 1127 2155 eum
1154 2100 1441 2171 cuiquam,
1473 2116 1572 2158 nec
1616 2103 1725 2159 ullo
1765 2104 1915 2160 cultu

291 2185 555 2257 indigere
580 2189 932 2245 arbitrantur.
974 2190 1126 2248 Adeo
1156 2192 1347 2265 religio
1391 2208 1513 2250 esse
1554 2209 1661 2250 non
1694 2204 1909 2266 potest,

297 2277 398 2333 ubi
428 2288 615 2336 uictus
636 2282 817 2338 nullus
841 2292 943 2339 est.

1980 1945 1993 1956 -
2022 1917 2108 1971 sui
2151 1915 2370 1985 generis
2399 1914 2724 1971 animalibus
2772 1926 3018 1987 parcunt.
3067 1915 3205 1984 Quid
3246 1916 3351 1972 erit
3397 1916 3621 1973 homine

2021 2009 2410 2076 truculentius,
2442 2009 2572 2080 quid
2603 2009 2864 2065 immitius
2887 2050 2903 2076 ,
2933 2011 2978 2066 si
3025 2009 3246 2080 dempto
3275 2017 3423 2065 metu
3450 2024 3617 2080 supe-

2018 2101 2197 2167 riore,
2225 2102 2331 2156 vim
2364 2103 2540 2174 legum
2588 2110 2681 2156 aut
2726 2101 2912 2158 fallere
2956 2102 3226 2173 potuerit,
3258 2111 3352 2157 aut
3376 2109 3620 2158 contem-

2019 2196 2185 2251 nere?
2209 2194 2394 2251 Timor
2418 2196 2580 2266 igitur
2608 2196 2701 2251 Dei
2742 2196 2891 2251 solus
2922 2204 3035 2262 est,
3063 2196 3155 2267 qui
3182 2195 3419 2252 custodit
3445 2194 3620 2251 homi-

2019 2302 2146 2343 num
2187 2288 2329 2343 inter
2358 2301 2418 2343 se
2456 2287 2808 2355 societatem,
2845 2302 2939 2358 per
2966 2302 3127 2359 quem
3153 2287 3265 2343 vita
3296 2288 3410 2359 ipsa
3456 2286 3622 2344 susti-

1640 2377 2003 2437 VARIORUM
2039 2378 2272 2435 NOTAS.

382 2485 448 2541 Et
478 2486 655 2564 Plato
676 2488 742 2564 in_
756 2488 949 2560 Legum
978 2490 1122 2564 libris
1141 2531 1156 2555 ,
1189 2499 1295 2546 etc.
1344 2492 1400 2564 In
1451 2494 1679 2564 septimo
1705 2494 1774 2550 de
1805 2496 1910 2552 Le-

298 2558 464 2639 gibus
500 2562 594 2639 _sic
622 2558 908 2639 legimus,
937 2561 1039 2621 sub
1081 2576 1333 2639 pegsona
1358 2558 1581 2639 hospiiis
1612 2566 1908 2639 Athenien—

301 2630 418 2707 s'is:
449 2632 545 2707 T6?
572 2633 806 2707 μέγιςτον
832 2633 939 2707 deos
967 2673 981 2697 ,
1016 2636 1100 2687 καὶ
1142 2630 1252 2688 ὅλον
1283 2634 1366 2687 τὸν
1395 2630 1579 2707 acceptos
1604 2640 1763 2707 φαμὲν
1791 2636 1907 2694 οὔτε

300 2706 485 2781 ζητεῖν
510 2701 651 2781 δεῖ-»2⁷
668 2701 783 2759 οὔτε
801 2704 1251 2781 ’πολιρπραγμονεξν
1275 2706 1370 2765 τὰς
1392 2701 1561 2781 ari-riu;
1578 2701 1907 2781 ἐρεὐνῶντας.

298 2773 728 2898 ῗιιηῑὲιωεόαω
769 2774 968 2830 similia
981 2773 1159 2831 etiam
1200 2776 1255 2831 in
1297 2792 1328 2830 x
1352 2817 1367 2844 ,
1399 2778 1495 2832 sed
1546 2773 1653 2833 huc
1678 2793 1785 2834 non
1819 2796 1907 2835 re-

327 2858 468 2898 eren
510 2860 559 2898 a.

327 2858 559 2900 ετεηαε.

385 2912 717 2991 Pythagoras
738 2931 936 2991 quoque
957 2957 971 2980 ,
1001 2916 1331 2991 etc._Simile
1354 2918 1609 2989 quiddam
1646 2930 1738 2991 est
1768 2920 1909 2991 apud

298 2986 424 3041 Cic.
476 2986 532 3041 in
559 2986 1069 3062 primo’de’Natura
1099 2986 1588 3062 deorumfnempe
1635 2986 1910 3062 Pythago-

300 3071 426 3112 ram
453 3059 766 3121 censuisse,
800 3058 965 3113 Deum
992 3074 1112 3115 esse
1142 3058 1385 3115 animum
1416 3058 1796 3130 pcr'naturam
1816 3058 1914 3118 re-

298 3142 432 3202 rum
459 3142 678 3202 omnem
706 3116 971 3184 intentum
1002 3139 1058 3185 et
1082 3116 1480 3187 commeantem
1500 3173 1514 3199 ,
1546 3148 1612 3187 ex
1644 3116 1752 3202 quo
1780 3116 1910 3188 nos-
1939 3116 1985 3181 Ο

298 3200 380 3251 tri
431 3199 597 3254 animi
640 3211 1012 3268 carperentur.
1041 3202 1173 3268 Quae
1207 3210 1384 3257 tamen
1430 3218 1460 3257 a
1508 3199 1713 3259 Velleio
1740 3205 1906 3260 etiam

300 3268 585 3342 Epicureo
614 3271 1117 3342 reprehenduntur;
1144 3287 1321 3342 neque
1348 3274 1639 3329 immerito.
1665 3275 1910 3331 Crassior

299 3350 396 3414 est
422 3340 517 3394 illa
538 3383 554 3408 ,
582 3356 703 3414 qua;
729 3340 924 3412 legitur
960 3343 1099 3412 apud
1130 3340 1489 3413 Epiphaniam
1509 3386 1524 3412 ,
1569 3353 1625 3400 et
1652 3347 1811 3414 plane
1840 3347 1910 3401 ab

302 3411 415 3465 hac
440 3422 626 3485 nostra
646 3411 959 3485 discrepans
979 3411 1005 3479 ,7
1025 3414 1116 3485 ubi
1143 3411 1405 3485 Epicurus
1430 3411 1594 3472 Deum
1620 3411 1726 3472 non
1752 3432 1909 3472 men-

302 3491 418 3553 tem
438 3525 454 3548 ,
486 3482 581 3536 sed
611 3497 806 3553 corpus
835 3482 983 3538 facit.
1016 3484 1122 3540 Sed
1153 3482 1219 3542 ei
1244 3484 1467 3542 Platone
1512 3487 1565 3541 in
1606 3504 1659 3541 κ.
1702 3487 1771 3542 de
1800 3488 1908 3543 Le-

300 3552 420 3628 gib.
446 3554 610 3628 A_stra
633 3569 744 3628 non
774 3553 998 3628 deorum
1028 3570 1253 3628 corpora
1282 3557 1408 3612 facit
1439 3557 1578 3614 idem
1601 3557 1905 3628 Epicurus;

303 3624 411 3678 sed
454 3622 589 3679 deos
630 3625 815 3694 ipsos:
851 3622 1044 3681 librum
1094 3622 1336 3684 Platonis
1363 3628 1544 3684 adeas.
1593 3622 1743 3684 Hanc
1771 3622 1907 3684 deli;

305 3694 575 3769 nitionem
597 3737 613 3762 ,
644 3711 765 3766 qua:
794 3696 884 3769 hic
908 3696 1125 3769 citatur,
1157 3696 1507 3768 produximus
1545 3715 1707 3769 supra
1737 3700 1828 3754 lib.
1855 3717 1901 3766 ι,

307 3779 435 3837 cap.
485 3766 553 3833 5,
587 3770 728 3822 sicut
769 3767 934 3822 etiam
960 3766 1295 3827 Antisthenis
1318 3770 1538 3841 jamjam
1556 3766 1903 3896 liquentem:

1638 3856 1763 3896 τυι..

1638 3856 1763 3896 τυι.

305 3908 794 4037 ἀθέλεΐζροναιεηι.
825 3908 1051 3981 Pythag.
1083 3910 1224 3981 apud
1257 3910 1372 3968 Cic.
1402 3913 1498 3970 lib.
1531 3929 1549 3968 ι
1593 3911 1663 3967 de
1706 3912 1906 3968 Natura

416 3996 559 4035 fUﬂL

378 4051 595 4124 Di/Ittsa
634 4060 682 4106 et
720 4052 930 4107 intenta.
982 4052 1134 4109 Lact.
1168 4052 1234 4107 de
1262 4053 1404 4124 Opif.
1451 4069 1499 4109 c.
1542 4054 1609 4108 16
1657 4072 1669 4106 :
1718 4052 1906 4108 Divina

309 4139 453 4179 utens
494 4123 595 4177 Dei
620 4138 713 4192 per
752 4124 1014 4179 universas
1054 4125 1230 4179 mundi
1260 4136 1432 4193 partes
1470 4126 1663 4180 intenta
1699 4124 1903 4178 discur-

308 4196 526 4267 rit"...
549 4195 735 4266 ubique
753 4193 966 4261 diffusa.
994 4196 1256 4250 Minucius
1282 4195 1397 4251 Fel.
1429 4209 1548 4264 cap.
1577 4196 1643 4251 19
1668 4214 1680 4249 :
1705 4194 1906 4267 Pytha-

306 4281 453 4336 gora
482 4264 621 4320 Dens
648 4264 722 4319 est
766 4267 969 4320 animus
1010 4282 1099 4331 per
1138 4267 1428 4320 universam"
1450 4282 1620 4320 rerum
1667 4264 1905 4321 naturam

305 4352 601 4391 commeans
620 4347 669 4390 et
696 4336 943 4402 intentus,
973 4353 1037 4391 ea:
1054 4353 1153 4407 quo
1173 4338 1327 4391 etiam
1351 4338 1652 4392 animalium
1677 4338 1904 4391 omnium

304 4409 418 4460 vita
444 4409 697 4475 capiatur.
730 4406 946 4462 Confer.
990 4406 1139 4462 Lact.
1174 4407 1263 4461 lib.
1297 4423 1346 4474 ι,
1378 4424 1496 4477 cap.
1526 4409 1560 4464 5
1606 4426 1620 4464 :
1655 4409 1900 4477 Quamvis

306 4478 427 4547 ipse
456 4495 546 4546 per
564 4489 726 4534 totum
750 4495 805 4533 se
832 4495 1015 4549 corpus
1038 4479 1340 4534 intenderat.
1371 4479 1500 4535 BDN.

387 4549 714 4605 Antisthenes
735 4560 904 4603 autem
924 4552 977 4604 in
1000 4550 1228 4621 physico.
1258 4549 1483 4620 liespice
1502 4550 1567 4604 ad
1591 4550 1682 4606 lib.
1709 4567 1723 4605 ι
1746 4549 1902 4605 Insti-

311 4629 441 4685 tut.,
471 4637 589 4691 cap.
619 4621 672 4677 6.
710 4622 987 4677 Ciceronis
1018 4622 1177 4676 verba
1223 4630 1347 4679 sunt
1374 4621 1443 4676 de
1483 4622 1681 4676 Natura
1722 4622 1896 4686 deor.,

309 4692 405 4745 lib.
437 4707 456 4745 ι
478 4733 494 4756 ,
521 4707 639 4762 Cap.
665 4693 731 4748 l5
760 4710 777 4748 :
804 4692 1125 4747 Antisthenes
1161 4692 1216 4746 in
1241 4708 1297 4745 eo
1328 4692 1456 4748 libro
1476 4734 1491 4757 ,
1533 4693 1619 4763 qui
1649 4691 1903 4763 Physicus

305 4763 632 4837 inscriltitur,
682 4766 967 4837 populares,
995 4763 1116 4817 deos
1156 4763 1379 4837 multos,
1422 4764 1705 4837 naturalem
1747 4780 1903 4817 unum

306 4849 422 4888 esse
451 4834 653 4900 dicens,
684 4834 823 4890 tollit
852 4834 967 4888 vim
987 4845 1041 4889 et
1068 4843 1311 4888 naturam
1348 4835 1595 4890 deorum.
1625 4835 1792 4890 CELL.

385 4903 635 4975 Physica.
668 4906 825 4959 Liber
853 4905 948 4959 fuit
971 4904 1327 4960 Antisthenis.

386 4975 529 5032 Suos
555 4976 774 5031 habeant
800 4976 1093 5045 populares.
1123 4975 1249 5029 Mss.
1280 4976 1313 5031 9
1335 4976 1535 5031 addunt
1564 4976 1702 5031 deos.

381 5046 589 5120 Eadem
610 5050 718 5120 fere
744 5058 791 5102 et
818 5048 1110 5120 Aristoteles
1133 5088 1146 5113 ,
1173 5057 1293 5120 etc.
1312 5047 1475 5120 Libro
1507 5048 1700 5115 primo,
1733 5050 1905 5117 capite

311 5118 366 5174 5.
400 5117 715 5173 Lactantius
742 5128 826 5174 est
860 5117 1135 5173 confessus
1158 5160 1172 5184 ,
1206 5118 1551 5175 Aristotelem
1576 5133 1758 5173 secum
1790 5120 1901 5173 dis-

310 5188 536 5261 sidere;
568 5191 619 5244 in
645 5205 855 5244 summa
877 5199 1080 5261 tamen,
1108 5188 1339 5261 Mentem
1360 5204 1481 5245 esse
1507 5190 1689 5261 mundi
1718 5190 1899 5261 praesi-

310 5260 464 5331 dem,
497 5260 576 5316 De
602 5261 691 5315 illa
726 5263 840 5331 ipsa
862 5275 989 5315 vero
1017 5260 1352 5316 dissensione
1378 5262 1495 5331 lege
1520 5260 1630 5316 Cic.
1656 5262 1707 5313 in
1724 5260 1906 5329 primo

307 5331 380 5387 de
404 5328 604 5387 Natura
619 5328 863 5388 deorum.
882 5328 1540 5388 BeroL.—DeAristo'tel.
1570 5342 1625 5387 et
1658 5328 1903 5399 Zenone,

309 5403 444 5458 vide
465 5401 712 5458 Ciceron.
738 5402 831 5460 lib.
860 5420 874 5457 ι
901 5402 969 5458 de
996 5403 1114 5458 Nat.
1144 5402 1296 5459 deor.

386 5474 457 5528 Et
500 5473 678 5543 Zeno,
709 5484 815 5531 etc.
848 5474 982 5530 Vide
1016 5474 1235 5529 omnino
1260 5474 1596 5530 Lactantium
1644 5475 1819 5545 ipsum
1848 5483 1902 5529 et

307 5543 633 5617 Ciceronem
667 5547 799 5601 locis
829 5546 940 5616 jam
984 5547 1181 5617 saepius
1219 5547 1424 5612 citatis,
1463 5545 1556 5600 ubi
1585 5543 1735 5613 haec,
1785 5562 1905 5617 qua:

298 5615 401 5746 lhic
431 5617 489 5699 in
510 5616 693 5674 medio
719 5632 981 5688 suspensa
1007 5615 1402 5689 relinquuntur,
1438 5618 1783 5673 excutiuntur
1806 5615 1907 5672 di—

322 5697 581 5746 taenttus.

322 5690 581 5745 iaentius.

533 5704 581 5742 s.

318 5704 785 5815 “mima-unt.
828 5760 918 5815 Sic
942 5760 1151 5814 restitui
1198 5775 1265 5814 ex
1307 5760 1488 5814 multis
1519 5759 1679 5816 editis
1706 5767 1759 5814 et
1788 5773 1905 5813 om-

293 5832 465 5889 nibus
494 5847 627 5887 mss.
675 5841 868 5901 prrctcr
918 5832 939 5885 l
988 5831 1140 5887 Colb.
1190 5846 1299 5889 rec.
1331 5832 1384 5888 in
1412 5846 1548 5903 quo,
1594 5841 1651 5890 ut
1698 5839 1754 5889 et
1788 5830 1841 5888 in
1869 5828 1902 5886 5

2014 2496 2227 2551 excusis
2248 2537 2263 2559 ,
2286 2504 2369 2550 est
2389 2506 2715 2549 concurrunt.

2086 2565 2810 2638 Detestabiliqueprudentia.
2858 2566 3091 2623 Malebat
3128 2568 3388 2623 Francius
3434 2566 3617 2638 legere

2015 2638 2367 2709 impudentia.
2396 2637 2771 2709 Atlegeudum
2799 2652 2921 2709 cum
2949 2653 3079 2693 mss.
3112 2638 3433 2709 Regio-Put.
3468 2637 3617 2694 aliis-

2022 2721 2129 2779 que
2155 2707 2366 2771 decem,
2392 2718 2446 2763 et
2469 2708 2504 2761 2
2531 2717 2640 2762 vet.
2670 2707 2794 2764 edd.
2822 2708 2979 2764 Rom.
3008 2723 3071 2764 ac
3096 2707 3267 2765 Betul.
3296 2708 3612 2779 prudentie,

2014 2779 2069 2833 id
2095 2788 2180 2835 est
2206 2779 2484 2849 sapientiae
2528 2778 2611 2851 vel
2650 2780 2892 2835 scientim
2941 2779 3221 2851 gentilium
3258 2778 3610 2851 philosopho-

2016 2865 2135 2904 rum
2155 2891 2169 2913 ,
2206 2848 2527 2904 utsumitur
2554 2849 2654 2904 hac
2681 2851 2902 2919 notione
2922 2848 3061 2918 apud
3091 2848 3267 2906 Cicer.

2091 2919 2226 2991 Quia
2249 2920 2807 2993 sapientiaidivinitatis
2831 2922 3115 2976 intellectus
3136 2931 3229 2976 est.
3266 2921 3476 2993 Sequor
3503 2921 3615 2993 lec-

2015 2990 2218 3046 tionem
2244 2992 2743 3063 antiquissitnorum
2776 3002 2831 3047 et
2858 3001 2970 3062 0pt.
3000 2993 3246 3048 codicum
3280 2990 3412 3049 mss.
3441 2992 3477 3046 2
3508 2992 3612 3048 Bo-

2015 3076 2168 3132 non.,
2204 3063 2238 3118 5
2266 3063 2531 3126 Colbert.,
2562 3062 2742 3119 Baluz.
2774 3073 2829 3117 et
2855 3064 2943 3118 ed.
2983 3063 3217 3118 Plantin.
3260 3064 3616 3132 probatam.a

2016 3131 2310 3188 Thomasio
2338 3135 2390 3189 in
2437 3134 2580 3188 nmis
2617 3134 2729 3188 suis
2753 3177 2767 3200 ,
2796 3134 2866 3189 Is.
2899 3133 3093 3203 Spark.
3128 3131 3323 3189 Caneri
3369 3133 3613 3189 multifa-

2014 3205 2150 3259 riam
2181 3203 2365 3275 legunt
2393 3223 2406 3260 :
2436 3204 2524 3259 alii
2556 3205 2717 3270 dum;
2744 3205 2898 3260 alteri
2916 3206 3034 3258 eum
3063 3205 3347 3259 divinitatis
3376 3206 3608 3260 intellec-

2013 3286 2235 3331 tus......
2264 3276 2573 3346 reperiatur,
2595 3277 2893 3346 justitiam;
2923 3275 3012 3331 alii
3029 3277 3238 3346 justitia
3269 3291 3287 3330 :
3316 3276 3452 3330 hanc
3485 3290 3610 3345 pos-

2015 3355 2240 3418 tremam
2270 3361 2456 3402 vocem
2474 3347 2666 3418 plures
2696 3357 3052 3418 respuunt.—
3077 3348 3213 3414 Quia
3255 3347 3507 3418 sapientia
3537 3355 3612 3402 est

2012 3416 2292 3471 divinitatis
2336 3417 2650 3479 intellectus,
2711 3416 2814 3473 etc.
2882 3416 3112 3474 Secutus
3157 3432 3275 3473 sum
3320 3416 3611 3472 lectionem

2012 3502 2147 3542 mss.
2174 3489 2523 3558 optimorum,
2553 3496 2608 3541 et
2636 3488 2990 3543 Plantinianae
3018 3488 3319 3558 probatam,
3349 3497 3404 3543 et
3430 3488 3611 3558 expli-

2010 3568 2186 3613 catam
2213 3574 2243 3612 a
2285 3558 2576 3613 Thomasio
2621 3558 2673 3611 in
2721 3560 2832 3613 suis
2864 3558 3023 3614 notis.
3056 3559 3321 3612 Antonius
3348 3559 3608 3627 Augusti-

2011 3644 2113 3682 nus
2137 3643 2236 3699 pro
2265 3644 2332 3684 eo
2360 3628 2501 3699 quod
2534 3629 2746 3699 legitur,
2777 3629 2846 3684 In
2892 3629 3094 3683 homine
3118 3629 3227 3682 solo
3251 3630 3467 3699 reperiri
3484 3630 3608 3699 jus-

2010 3697 2172 3753 titiam
2190 3742 2204 3764 ,
2238 3697 2505 3765 malebat,
2540 3697 2606 3752 In
2631 3699 2833 3753 homine
2858 3700 2968 3754 solo
2994 3699 3245 3770 reperitur
3260 3697 3609 3770 justitia.’lm-

2009 3772 2181 3840 pressi
2206 3771 2326 3825 libri
2351 3769 2463 3840 fere
2491 3784 2680 3824 omnes
2709 3771 2911 3826 habent
2931 3812 2947 3835 ,
2981 3770 3109 3824 Cum
3137 3769 3418 3824 divinitatis
3446 3770 3603 3824 intel—

2010 3842 2168 3896 lectus
2189 3883 2203 3907 ,
2229 3858 2329 3912 quo
2357 3839 2644 3909 di/ferimus
2671 3858 2703 3895 a
2733 3842 2915 3896 belluis
2935 3882 2950 3907 ,
2987 3843 3043 3896 in
3078 3840 3283 3912 homine
3320 3842 3430 3896 solo
3454 3857 3607 3910 repe-

2007 3912 2195 3983 riatur,
2222 3911 2323 3983 qua
2350 3914 2448 3967 nisi
2470 3912 2780 3983 cupiditates
2799 3954 2815 3979 ,
2840 3923 2944 3969 etc.
2977 3926 3137 3983 quam
3162 3911 3447 3983 lectionem
3477 3927 3597 3966 mu-

2010 3982 2160 4037 tilam
2185 3982 2324 4051 esse,
2347 3999 2447 4039 nec
2466 3982 2604 4038 bene
2629 3997 2749 4039 cum
2776 3982 3145 4053 superioribus
3164 3982 3463 4049 cohaerere,
3485 3997 3606 4037 om-

2008 4068 2140 4116 nes,
2171 4063 2229 4108 ut
2257 4065 2385 4123 puto
2409 4096 2424 4120 ,
2460 4055 2777 4123 intelligunt.
2812 4056 2943 4110 Bos.

2083 4122 2313 4195 Reperiri
2327 4125 2606 4196 justitiam.
2636 4126 2706 4178 Ita
2744 4141 2873 4181 mss.
2903 4126 2939 4178 ‘2
2968 4126 3200 4192 Bonon.,
3231 4122 3266 4180 ὃ
3288 4124 3469 4189 0011)..
3502 4123 3606 4179 Ba-

2009 4193 2114 4248 luz.
2147 4193 2202 4250 ln
2228 4193 2348 4251 aliis
2369 4205 2451 4251 est
2470 4197 2773 4265 reperiatur.

2083 4265 2199 4332 Qua
2236 4267 2333 4320 nisi
2367 4267 2689 4336 cupiditates.
2723 4268 2812 4323 Sic
2841 4266 2962 4334 lego
2991 4280 3112 4336 cum
3152 4280 3282 4319 mss.
3313 4265 3349 4318 2
3376 4264 3537 4336 Reg,
3566 4266 3601 4320 5

2006 4336 2270 4401 Colbert.,
2300 4337 2526 4399 Christ.,
2573 4338 2823 4399 Merton.,
2852 4335 3022 4401 Lips,
3057 4335 3219 4400 Ultr.,
3251 4337 3396 4399 Em.,
3428 4335 3599 4390 Bruu.

2007 4416 2060 4462 et
2090 4407 2175 4461 ed.
2212 4408 2455 4471 Fasitel.,
2486 4408 2647 4461 Basil.
2682 4406 2825 4463 1532
2850 4446 2865 4470 ,
2893 4406 3082 4475 Egnat.
3114 4406 3227 4469 AL,
3260 4407 3402 4475 quia.

1925 4497 2046 4558 Dn
2080 4475 2348 4548 Impieque
2397 4480 2657 4558 viventus._
2683 4476 2765 4558 Ita
2790 4474 2978 4531 omnes
3021 4490 3155 4558 mss.
3204 4485 3263 4558 et
3306 4486 3416 4558 vet.
3466 4474 3599 4531 cdd.

2008 4547 2174 4603 Rom.
2196 4565 2304 4604 non
2346 4559 2403 4603 ut
2443 4549 2495 4603 in
2528 4549 2688 4605 editis
2718 4549 3018 4603 viveremus.
3048 4547 3181 4603 Nam
3211 4547 3422 4603 dixerat
3451 4562 3600 4601 coer-

2005 4620 2183 4673 suerit.

2078 4689 2255 4746 Actus.
2288 4692 2391 4746 Pro
2422 4693 2619 4747 actione
2645 4690 2806 4747 etiam
2835 4689 2970 4746 intra
2997 4705 3119 4762 cap.
3152 4691 3240 4757 l7,
3265 4689 3591 4761 singulorum

2005 4773 2149 4818 actus
2178 4764 2552 4817 animadvertit.

2078 4813 2672 4906 lieliijioiiejustitiaque
2702 4834 2951 4906 detracta.
2985 4832 3112 4906 litec
3142 4831 3342 4885 locutio
3368 4813 3602 4906 Lactan-

2009 4906 2064 4958 tii
2093 4915 2175 4960 est
2197 4902 2217 4970 ξ
2238 4902 2489 4975 illamque
2520 4902 2716 4974 in’cjus
2754 4904 2968 4973 scriptis
2995 4902 3305 5026 frequenter
3334 4902 3597 4973 reperies.

2009 4976 2066 5026 In
2091 4976 2125 5026 2
2153 4992 2284 5026 mss.
2316 4979 2519 5026 Bonon.
2543 4986 2597 5026 et.
2624 4977 2657 5026 5
2683 4975 2803 5026 aliis
2828 4989 2938 5026 rec.
2967 4984 3049 5026 est
3111 4973 3333 5026 elractis.

2009 4976 2066 5031 In
2091 4976 2125 5030 2
2153 4992 2284 5031 mss.
2316 4973 2519 5029 Borion.
2543 4986 2597 5031 et
2624 4973 2657 5030 5
2683 4975 2803 5029 aliis
2828 4989 2938 5029 rec.
2967 4984 3049 5028 est
3074 4973 3333 5030 detractis.

2082 5046 2430 5102 Devolvimur.
2460 5046 2538 5100 Ex
2566 5046 2813 5100 omnibus
2844 5060 2974 5099 mss.
3008 5055 3063 5099 et
3085 5045 3311 5114 vulgatis
3338 5043 3500 5098 editis
3524 5044 3593 5098 ita

2007 5120 2249 5183 restitui,
2281 5119 2421 5188 quod
2453 5117 2668 5171 latinius
2696 5126 2752 5171 et
2779 5115 3062 5173 rotundius
3088 5126 3204 5181 est,
3248 5129 3408 5185 quam
3442 5116 3604 5170 volvi-

2008 5206 2144 5253 mur,
2177 5199 2233 5243 ut
2258 5187 2312 5243 in
2337 5188 2581 5258 pluribus
2606 5187 2782 5242 editis.

2083 5260 2299 5332 Dempta
2326 5255 2462 5313 metu
2501 5259 2565 5313 de
2594 5260 2873 5329 superiore.
2904 5256 2997 5332 S_i_c_
3032 5255 3396 5332 lcgitur_apud
3428 5256 3602 5310 Banc-

2009 5346 2154 5385 man.
2186 5327 2276 5401 qui
2308 5340 2486 5384 notam
2516 5327 2833 5401 sequentem
2855 5328 3188 5401 exhibete-r—
3211 5327 3429 5399 Dempta
3466 5338 3601 5381 metu

2010 5404 2074 5456 de
2111 5401 2388 5471 superiore.
2443 5401 2688 5471 Plerique
2733 5400 2917 5469 scripti
2962 5416 2973 5451 :
3018 5400 3147 5454 editi
3194 5414 3339 5471 vero
3369 5416 3598 5464 omnes,

2007 5484 2145 5527 metu
2177 5469 2466 5543 superiore.
2513 5469 2934 5543 Ita’Cyprianus
2972 5471 3135 5543 epist.
3161 5469 3229 5523 ad
3270 5470 3532 5543 Donatum
3582 5487 3593 5521 ε

2008 5545 2182 5599 nullus
2207 5541 2270 5597 de
2294 5541 2836 5615 legibusmetusest;
2861 5541 2943 5615 _de
2980 5542 3249 5615 quaesitore
3269 5583 3283 5609 ,
3316 5541 3384 5597 de
3421 5541 3600 5611 judice

2010 5631 2177 5687 pavor
2207 5610 2403 5672 uullu's.
2438 5614 2603 5672 Silius
2622 5613 2784 5668 Italus
2805 5656 2819 5681 ,
2852 5613 2917 5667 17
2938 5653 2953 5679 ,
2978 5610 3086 5669 594
3110 5629 3122 5665 :

2505 5693 2676 5746 Saevus
2694 5706 2871 5756 magno
2890 5692 2955 5743 de
2971 5693 3164 5743 nomine
3189 5698 3394 5805 terror.B

3397 5765 3483 5805 UN.

2088 5827 2192 5884 Per
2216 5844 2384 5898 quem.
2416 5827 2614 5897 Lond.,
2648 5827 2806 5897 Reg,
2841 5826 2986 5897 Lips.
3034 5825 3096 5891 2,
3141 5832 3194 5881 et
3219 5821 3474 5893 licitum,
3520 5838 3611 5895 per
