  <div class='ocr_page' id='page_1' title='image "/cluster/home/n/w/nwhite01/storage/ocr_20150623/7/hvd.32044096580352/063.png"; bbox 0 0 4138 6190; ppageno 0'>
   <div class='ocr_carea' id='block_1_1' title="bbox 547 237 652 298">
    <p class='ocr_par' dir='ltr' id='par_1_1' title="bbox 547 237 652 298">
     <span class='ocr_line' id='line_1_1' title="bbox 547 237 652 298; baseline 0.01 -1"><span class='ocrx_word' id='word_1_1' title='bbox 547 237 652 298; x_wconf 64' lang='grc' dir='ltr'><strong>με</strong></span> 
     </span>
    </p>
   </div>
   <div class='ocr_carea' id='block_1_2' title="bbox 1898 226 2494 289">
    <p class='ocr_par' dir='ltr' id='par_1_2' title="bbox 1898 226 2494 289">
     <span class='ocr_line' id='line_1_2' title="bbox 1898 226 2494 289; baseline -0.008 0"><span class='ocrx_word' id='word_1_2' title='bbox 1898 230 2084 289; x_wconf 81' lang='lat' dir='ltr'><strong>FIBM.</strong></span> <span class='ocrx_word' id='word_1_3' title='bbox 2125 226 2494 289; x_wconf 80' lang='lat' dir='ltr'><strong>LACTAN&#39;I‘II</strong></span> 
     </span>
    </p>
   </div>
   <div class='ocr_carea' id='block_1_3' title="bbox 3742 215 3845 276">
    <p class='ocr_par' dir='ltr' id='par_1_3' title="bbox 3742 215 3845 276">
     <span class='ocr_line' id='line_1_3' title="bbox 3742 215 3845 276; baseline -0.019 0"><span class='ocrx_word' id='word_1_4' title='bbox 3742 215 3845 276; x_wconf 73' lang='lat' dir='ltr'><strong>H6</strong></span> 
     </span>
    </p>
   </div>
   <div class='ocr_carea' id='block_1_4' title="bbox 540 330 3848 424">
    <p class='ocr_par' dir='ltr' id='par_1_4' title="bbox 540 330 3848 424">
     <span class='ocr_line' id='line_1_4' title="bbox 540 330 3848 424; baseline -0.007 -14"><span class='ocrx_word' id='word_1_5' title='bbox 540 362 726 423; x_wconf 86' lang='lat' dir='ltr'><strong>netur,</strong></span> <span class='ocrx_word' id='word_1_6' title='bbox 772 332 1029 418; x_wconf 73' lang='lat' dir='ltr'><strong>munitur,</strong></span> <span class='ocrx_word' id='word_1_7' title='bbox 1076 350 1428 424; x_wconf 74' lang='lat' dir='ltr'><strong>gubernatur.</strong></span> <span class='ocrx_word' id='word_1_8' title='bbox 1454 350 1506 407; x_wconf 88' lang='lat' dir='ltr'><strong>Is</strong></span> <span class='ocrx_word' id='word_1_9' title='bbox 1534 358 1712 406; x_wconf 91' lang='lat' dir='ltr'><strong>autem</strong></span> <span class='ocrx_word' id='word_1_10' title='bbox 1740 348 1901 404; x_wconf 90' lang='lat' dir='ltr'><strong>timor</strong></span> <span class='ocrx_word' id='word_1_11' title='bbox 1923 344 2134 402; x_wconf 83' lang='lat' dir='ltr'><strong>aufere-</strong></span> <span class='ocrx_word' id='word_1_12' title='bbox 2162 352 2212 413; x_wconf 76' lang='grc' dir='ltr'><strong>Α</strong></span> <span class='ocrx_word' id='word_1_13' title='bbox 2240 343 2399 411; x_wconf 90' lang='lat' dir='ltr'><strong>mari,</strong></span> <span class='ocrx_word' id='word_1_14' title='bbox 2419 357 2527 399; x_wconf 90' lang='lat' dir='ltr'><strong>non</strong></span> <span class='ocrx_word' id='word_1_15' title='bbox 2549 340 2725 399; x_wconf 88' lang='lat' dir='ltr'><strong>solum</strong></span> <span class='ocrx_word' id='word_1_16' title='bbox 2746 339 2813 396; x_wconf 88' lang='lat' dir='ltr'><strong>ad</strong></span> <span class='ocrx_word' id='word_1_17' title='bbox 2830 337 3153 396; x_wconf 87' lang='lat' dir='ltr'><strong>commercia</strong></span> <span class='ocrx_word' id='word_1_18' title='bbox 3175 345 3231 393; x_wconf 89' lang='lat' dir='ltr'><strong>et</strong></span> <span class='ocrx_word' id='word_1_19' title='bbox 3249 334 3432 407; x_wconf 88' lang='lat' dir='ltr'><strong>copias</strong></span> <span class='ocrx_word' id='word_1_20' title='bbox 3446 347 3516 391; x_wconf 85' lang='lat' dir='ltr'><strong>ex</strong></span> <span class='ocrx_word' id='word_1_21' title='bbox 3537 330 3848 424; x_wconf 84' lang='lat' dir='ltr'><strong>longinquis</strong></span> 
     </span>
    </p>
   </div>
   <div class='ocr_carea' id='block_1_5' title="bbox 541 440 2144 517">
    <p class='ocr_par' dir='ltr' id='par_1_5' title="bbox 541 440 2144 517">
     <span class='ocr_line' id='line_1_5' title="bbox 541 440 2144 517; baseline -0.004 -17"><span class='ocrx_word' id='word_1_22' title='bbox 541 454 653 514; x_wconf 89' lang='lat' dir='ltr'><strong>tur,</strong></span> <span class='ocrx_word' id='word_1_23' title='bbox 676 445 724 503; x_wconf 88' lang='lat' dir='ltr'><strong>si</strong></span> <span class='ocrx_word' id='word_1_24' title='bbox 752 444 914 501; x_wconf 84' lang='lat' dir='ltr'><strong>fuerit</strong></span> <span class='ocrx_word' id='word_1_25' title='bbox 936 442 1142 499; x_wconf 92' lang='lat' dir='ltr'><strong>homini</strong></span> <span class='ocrx_word' id='word_1_26' title='bbox 1169 458 1487 517; x_wconf 78' lang='lat' dir='ltr'><strong>persuasum</strong></span> <span class='ocrx_word' id='word_1_27' title='bbox 1505 484 1520 509; x_wconf 96' lang='lat'><strong>,</strong></span> <span class='ocrx_word' id='word_1_28' title='bbox 1545 442 1688 515; x_wconf 88' lang='lat' dir='ltr'><strong>quod</strong></span> <span class='ocrx_word' id='word_1_29' title='bbox 1730 442 1823 496; x_wconf 66' lang='lat' dir='ltr'><strong>irae</strong></span> <span class='ocrx_word' id='word_1_30' title='bbox 1855 440 1925 495; x_wconf 89' lang='lat' dir='ltr'><strong>sit</strong></span> <span class='ocrx_word' id='word_1_31' title='bbox 1948 453 2144 509; x_wconf 78' lang='lat' dir='ltr'><strong>expers</strong></span> 
     </span>
    </p>
   </div>
   <div class='ocr_carea' id='block_1_6' title="bbox 543 530 2139 606">
    <p class='ocr_par' dir='ltr' id='par_1_6' title="bbox 543 530 2139 606">
     <span class='ocr_line' id='line_1_6' title="bbox 543 530 2139 606; baseline -0.005 -14"><span class='ocrx_word' id='word_1_32' title='bbox 543 537 717 602; x_wconf 88' lang='lat' dir='ltr'><strong>Deus;</strong></span> <span class='ocrx_word' id='word_1_33' title='bbox 750 550 911 606; x_wconf 87' lang='lat' dir='ltr'><strong>quem</strong></span> <span class='ocrx_word' id='word_1_34' title='bbox 943 541 1148 591; x_wconf 77' lang='lat' dir='ltr'><strong>moveri</strong></span> <span class='ocrx_word' id='word_1_35' title='bbox 1176 544 1230 590; x_wconf 89' lang='lat' dir='ltr'><strong>et</strong></span> <span class='ocrx_word' id='word_1_36' title='bbox 1256 534 1556 606; x_wconf 88' lang='lat' dir='ltr'><strong>indignari,</strong></span> <span class='ocrx_word' id='word_1_37' title='bbox 1588 549 1708 589; x_wconf 92' lang='lat' dir='ltr'><strong>cum</strong></span> <span class='ocrx_word' id='word_1_38' title='bbox 1752 532 1947 602; x_wconf 89' lang='lat' dir='ltr'><strong>injusta</strong></span> <span class='ocrx_word' id='word_1_39' title='bbox 1974 530 2139 596; x_wconf 86' lang='lat' dir='ltr'><strong>ﬁunt,</strong></span> 
     </span>
    </p>
   </div>
   <div class='ocr_carea' id='block_1_7' title="bbox 541 623 2141 693">
    <p class='ocr_par' dir='ltr' id='par_1_7' title="bbox 541 623 2141 693">
     <span class='ocr_line' id='line_1_7' title="bbox 541 623 2141 693; baseline -0.006 -9"><span class='ocrx_word' id='word_1_40' title='bbox 541 642 652 684; x_wconf 89' lang='lat' dir='ltr'><strong>non</strong></span> <span class='ocrx_word' id='word_1_41' title='bbox 679 626 841 684; x_wconf 87' lang='lat' dir='ltr'><strong>modo</strong></span> <span class='ocrx_word' id='word_1_42' title='bbox 869 627 1173 682; x_wconf 81' lang='lat' dir='ltr'><strong>communis</strong></span> <span class='ocrx_word' id='word_1_43' title='bbox 1219 627 1451 693; x_wconf 88' lang='lat' dir='ltr'><strong>utilitas,</strong></span> <span class='ocrx_word' id='word_1_44' title='bbox 1499 626 1595 681; x_wconf 91' lang='lat' dir='ltr'><strong>sed</strong></span> <span class='ocrx_word' id='word_1_45' title='bbox 1637 625 1800 680; x_wconf 90' lang='lat' dir='ltr'><strong>etiam</strong></span> <span class='ocrx_word' id='word_1_46' title='bbox 1847 623 1984 677; x_wconf 91' lang='lat' dir='ltr'><strong>ratio</strong></span> <span class='ocrx_word' id='word_1_47' title='bbox 2025 623 2141 693; x_wconf 88' lang='lat' dir='ltr'><strong>ipsa</strong></span> 
     </span>
    </p>
   </div>
   <div class='ocr_carea' id='block_1_8' title="bbox 540 714 2134 790">
    <p class='ocr_par' dir='ltr' id='par_1_8' title="bbox 540 714 2134 790">
     <span class='ocr_line' id='line_1_8' title="bbox 540 714 2134 790; baseline -0.004 -16"><span class='ocrx_word' id='word_1_48' title='bbox 540 717 701 775; x_wconf 89' lang='lat' dir='ltr'><strong>nobis</strong></span> <span class='ocrx_word' id='word_1_49' title='bbox 727 728 784 774; x_wconf 90' lang='lat' dir='ltr'><strong>et</strong></span> <span class='ocrx_word' id='word_1_50' title='bbox 827 719 1027 774; x_wconf 87' lang='lat' dir='ltr'><strong>veritas</strong></span> <span class='ocrx_word' id='word_1_51' title='bbox 1075 718 1385 790; x_wconf 76' lang='lat' dir='ltr'><strong>persuadet.</strong></span> <span class='ocrx_word' id='word_1_52' title='bbox 1420 718 1626 772; x_wconf 80' lang='lat' dir='ltr'><strong>Rursus</strong></span> <span class='ocrx_word' id='word_1_53' title='bbox 1668 717 1821 771; x_wconf 88' lang='lat' dir='ltr'><strong>nobis</strong></span> <span class='ocrx_word' id='word_1_54' title='bbox 1866 714 1931 769; x_wconf 91' lang='lat' dir='ltr'><strong>ad</strong></span> <span class='ocrx_word' id='word_1_55' title='bbox 1983 729 2134 784; x_wconf 87' lang='lat' dir='ltr'><strong>supe-</strong></span> 
     </span>
    </p>
   </div>
   <div class='ocr_carea' id='block_1_9' title="bbox 538 808 2140 895">
    <p class='ocr_par' dir='ltr' id='par_1_9' title="bbox 538 808 2140 895">
     <span class='ocr_line' id='line_1_9' title="bbox 538 808 2140 895; baseline -0.002 -30"><span class='ocrx_word' id='word_1_56' title='bbox 538 810 687 895; x_wconf 69' lang='lat' dir='ltr'><strong>riora</strong></span> <span class='ocrx_word' id='word_1_57' title='bbox 713 810 1049 869; x_wconf 84' lang='lat' dir='ltr'><strong>redeundum</strong></span> <span class='ocrx_word' id='word_1_58' title='bbox 1077 820 1180 879; x_wconf 91' lang='lat' dir='ltr'><strong>est,</strong></span> <span class='ocrx_word' id='word_1_59' title='bbox 1206 823 1263 865; x_wconf 93' lang='lat' dir='ltr'><strong>ut</strong></span> <span class='ocrx_word' id='word_1_60' title='bbox 1284 813 1407 883; x_wconf 85' lang='lat' dir='ltr'><strong>quia</strong></span> <span class='ocrx_word' id='word_1_61' title='bbox 1439 812 1719 866; x_wconf 85' lang='lat' dir='ltr'><strong>docuimus</strong></span> <span class='ocrx_word' id='word_1_62' title='bbox 1740 825 1774 862; x_wconf 88' lang='lat' dir='ltr'><strong>a</strong></span> <span class='ocrx_word' id='word_1_63' title='bbox 1807 809 1916 864; x_wconf 88' lang='lat' dir='ltr'><strong>Deo</strong></span> <span class='ocrx_word' id='word_1_64' title='bbox 1942 808 2140 862; x_wconf 86' lang='lat' dir='ltr'><strong>factum</strong></span> 
     </span>
    </p>
   </div>
   <div class='ocr_carea' id='block_1_10' title="bbox 537 892 1853 975">
    <p class='ocr_par' dir='ltr' id='par_1_10' title="bbox 537 892 1853 975">
     <span class='ocr_line' id='line_1_10' title="bbox 537 892 1853 975; baseline -0.009 -8"><span class='ocrx_word' id='word_1_65' title='bbox 537 892 662 967; x_wconf 51' lang='lat' dir='ltr'><strong>esse</strong></span> <span class='ocrx_word' id='word_1_66' title='bbox 689 903 949 962; x_wconf 83' lang='lat' dir='ltr'><strong>mundum</strong></span> <span class='ocrx_word' id='word_1_67' title='bbox 966 944 985 971; x_wconf 89' lang='lat'><strong>,</strong></span> <span class='ocrx_word' id='word_1_68' title='bbox 1011 892 1300 962; x_wconf 83' lang='lat' dir='ltr'><strong>doceamus</strong></span> <span class='ocrx_word' id='word_1_69' title='bbox 1328 918 1495 975; x_wconf 85' lang='lat' dir='ltr'><strong>quare</strong></span> <span class='ocrx_word' id='word_1_70' title='bbox 1516 905 1586 958; x_wconf 85' lang='lat' dir='ltr'><strong>sit</strong></span> <span class='ocrx_word' id='word_1_71' title='bbox 1611 902 1853 959; x_wconf 66' lang='lat' dir='ltr'><strong>effectus.</strong></span> 
     </span>
    </p>
   </div>
   <div class='ocr_carea' id='block_1_11' title="bbox 1076 1058 1518 1118">
    <p class='ocr_par' dir='ltr' id='par_1_11' title="bbox 1076 1058 1518 1118">
     <span class='ocr_line' id='line_1_11' title="bbox 1076 1058 1518 1118; baseline -0.007 0"><span class='ocrx_word' id='word_1_72' title='bbox 1076 1075 1094 1091; x_wconf 86' lang='lat'><strong><em>‘</em></strong></span> <span class='ocrx_word' id='word_1_73' title='bbox 1133 1060 1363 1118; x_wconf 83' lang='lat' dir='ltr'><strong>CAPUT</strong></span> <span class='ocrx_word' id='word_1_74' title='bbox 1402 1058 1518 1115; x_wconf 82' lang='lat' dir='ltr'>XIII</span> 
     </span>
    </p>
   </div>
   <div class='ocr_carea' id='block_1_12' title="bbox 757 1197 1911 1268">
    <p class='ocr_par' dir='ltr' id='par_1_12' title="bbox 757 1197 1911 1268">
     <span class='ocr_line' id='line_1_12' title="bbox 757 1197 1911 1268; baseline -0.003 -16"><span class='ocrx_word' id='word_1_75' title='bbox 757 1197 835 1256; x_wconf 87' lang='lat' dir='ltr'><strong>De</strong></span> <span class='ocrx_word' id='word_1_76' title='bbox 858 1198 1037 1255; x_wconf 60' lang='lat' dir='ltr'><strong>mundi</strong></span> <span class='ocrx_word' id='word_1_77' title='bbox 1062 1207 1108 1251; x_wconf 85' lang='lat' dir='ltr'><strong>et</strong></span> <span class='ocrx_word' id='word_1_78' title='bbox 1133 1207 1418 1268; x_wconf 74' lang='lat' dir='ltr'><strong>temporum</strong></span> <span class='ocrx_word' id='word_1_79' title='bbox 1437 1197 1704 1252; x_wconf 82' lang='lat' dir='ltr'><strong>commodo</strong></span> <span class='ocrx_word' id='word_1_80' title='bbox 1727 1206 1774 1250; x_wconf 84' lang='lat' dir='ltr'><strong>et</strong></span> <span class='ocrx_word' id='word_1_81' title='bbox 1796 1213 1911 1251; x_wconf 88' lang='lat' dir='ltr'><strong>usu.</strong></span> 
     </span>
    </p>
   </div>
   <div class='ocr_carea' id='block_1_13' title="bbox 612 1356 2140 1428">
    <p class='ocr_par' dir='ltr' id='par_1_13' title="bbox 612 1356 2140 1428">
     <span class='ocr_line' id='line_1_13' title="bbox 612 1356 2140 1428; baseline -0.003 -13"><span class='ocrx_word' id='word_1_82' title='bbox 612 1356 675 1415; x_wconf 88' lang='lat' dir='ltr'><strong>Si</strong></span> <span class='ocrx_word' id='word_1_83' title='bbox 720 1356 1029 1415; x_wconf 83' lang='lat' dir='ltr'><strong>consideret</strong></span> <span class='ocrx_word' id='word_1_84' title='bbox 1072 1357 1267 1428; x_wconf 83' lang='lat' dir='ltr'><strong>aliquis</strong></span> <span class='ocrx_word' id='word_1_85' title='bbox 1314 1357 1622 1411; x_wconf 83' lang='lat' dir='ltr'><strong>universam</strong></span> <span class='ocrx_word' id='word_1_86' title='bbox 1674 1356 1856 1411; x_wconf 88' lang='lat' dir='ltr'><strong>mundi</strong></span> <span class='ocrx_word' id='word_1_87' title='bbox 1912 1356 2140 1412; x_wconf 89' lang='lat' dir='ltr'><strong>admini-</strong></span> 
     </span>
    </p>
   </div>
   <div class='ocr_carea' id='block_1_14' title="bbox 544 1449 2143 1522">
    <p class='ocr_par' dir='ltr' id='par_1_14' title="bbox 544 1449 2143 1522">
     <span class='ocr_line' id='line_1_14' title="bbox 544 1449 2143 1522; baseline 0 -16"><span class='ocrx_word' id='word_1_88' title='bbox 544 1451 888 1515; x_wconf 87' lang='lat' dir='ltr'><strong>strationem,</strong></span> <span class='ocrx_word' id='word_1_89' title='bbox 919 1451 1184 1522; x_wconf 79' lang='lat' dir='ltr'><strong>intelliget</strong></span> <span class='ocrx_word' id='word_1_90' title='bbox 1213 1449 1480 1520; x_wconf 84' lang='lat' dir='ltr'><strong>profecto,</strong></span> <span class='ocrx_word' id='word_1_91' title='bbox 1521 1465 1682 1520; x_wconf 90' lang='lat' dir='ltr'><strong>quam</strong></span> <span class='ocrx_word' id='word_1_92' title='bbox 1729 1466 1854 1505; x_wconf 89' lang='lat' dir='ltr'><strong>vera</strong></span> <span class='ocrx_word' id='word_1_93' title='bbox 1898 1452 1967 1505; x_wconf 90' lang='lat' dir='ltr'><strong>sit</strong></span> <span class='ocrx_word' id='word_1_94' title='bbox 2016 1466 2143 1506; x_wconf 89' lang='lat' dir='ltr'><strong>sen-</strong></span> 
     </span>
    </p>
   </div>
   <div class='ocr_carea' id='block_1_15' title="bbox 544 1542 2138 1613">
    <p class='ocr_par' dir='ltr' id='par_1_15' title="bbox 544 1542 2138 1613">
     <span class='ocr_line' id='line_1_15' title="bbox 544 1542 2138 1613; baseline -0.001 -15"><span class='ocrx_word' id='word_1_95' title='bbox 544 1543 707 1600; x_wconf 90' lang='lat' dir='ltr'><strong>tentia</strong></span> <span class='ocrx_word' id='word_1_96' title='bbox 740 1544 1045 1601; x_wconf 90' lang='lat' dir='ltr'><strong>Stoicorum</strong></span> <span class='ocrx_word' id='word_1_97' title='bbox 1071 1584 1088 1607; x_wconf 93' lang='lat'><strong>,</strong></span> <span class='ocrx_word' id='word_1_98' title='bbox 1127 1544 1220 1613; x_wconf 85' lang='lat' dir='ltr'><strong>qui</strong></span> <span class='ocrx_word' id='word_1_99' title='bbox 1268 1543 1418 1598; x_wconf 90' lang='lat' dir='ltr'><strong>aiunt</strong></span> <span class='ocrx_word' id='word_1_100' title='bbox 1474 1551 1659 1598; x_wconf 91' lang='lat' dir='ltr'><strong>nostra</strong></span> <span class='ocrx_word' id='word_1_101' title='bbox 1688 1558 1848 1598; x_wconf 89' lang='lat' dir='ltr'><strong>causa</strong></span> <span class='ocrx_word' id='word_1_102' title='bbox 1882 1542 2138 1597; x_wconf 90' lang='lat' dir='ltr'><strong>mundum</strong></span> 
     </span>
    </p>
   </div>
   <div class='ocr_carea' id='block_1_16' title="bbox 542 1635 2134 1717">
    <p class='ocr_par' dir='ltr' id='par_1_16' title="bbox 542 1635 2134 1717">
     <span class='ocr_line' id='line_1_16' title="bbox 542 1635 2134 1717; baseline -0.002 -23"><span class='ocrx_word' id='word_1_103' title='bbox 542 1650 668 1717; x_wconf 79' lang='lat' dir='ltr'><strong>esse</strong></span> <span class='ocrx_word' id='word_1_104' title='bbox 718 1645 1114 1697; x_wconf 80' lang='lat' dir='ltr'><strong>constructum.</strong></span> <span class='ocrx_word' id='word_1_105' title='bbox 1172 1635 1363 1692; x_wconf 82' lang='lat' dir='ltr'><strong>Omnia</strong></span> <span class='ocrx_word' id='word_1_106' title='bbox 1414 1637 1595 1700; x_wconf 91' lang='lat' dir='ltr'><strong>enim,</strong></span> <span class='ocrx_word' id='word_1_107' title='bbox 1645 1636 1839 1707; x_wconf 83' lang='lat' dir='ltr'><strong>quibus</strong></span> <span class='ocrx_word' id='word_1_108' title='bbox 1889 1646 2134 1702; x_wconf 92' lang='lat' dir='ltr'><strong>constat,</strong></span> 
     </span>
    </p>
   </div>
   <div class='ocr_carea' id='block_1_17' title="bbox 2250 423 3848 509">
    <p class='ocr_par' dir='ltr' id='par_1_17' title="bbox 2250 423 3848 509">
     <span class='ocr_line' id='line_1_17' title="bbox 2250 423 3848 509; baseline -0.011 -14"><span class='ocrx_word' id='word_1_109' title='bbox 2250 437 2566 509; x_wconf 74' lang='lat' dir='ltr'><strong>regionibus</strong></span> <span class='ocrx_word' id='word_1_110' title='bbox 2621 433 2911 498; x_wconf 80' lang='lat' dir='ltr'><strong>ferendas,</strong></span> <span class='ocrx_word' id='word_1_111' title='bbox 2965 446 3152 487; x_wconf 89' lang='lat' dir='ltr'><strong>verum</strong></span> <span class='ocrx_word' id='word_1_112' title='bbox 3205 428 3371 485; x_wconf 89' lang='lat' dir='ltr'><strong>etiam</strong></span> <span class='ocrx_word' id='word_1_113' title='bbox 3426 423 3496 481; x_wconf 86' lang='lat' dir='ltr'><strong>ad</strong></span> <span class='ocrx_word' id='word_1_114' title='bbox 3546 423 3848 480; x_wconf 72' lang='lat' dir='ltr'><strong>ubertatem</strong></span> 
     </span>
    </p>
   </div>
   <div class='ocr_carea' id='block_1_18' title="bbox 2252 516 3845 599">
    <p class='ocr_par' dir='ltr' id='par_1_18' title="bbox 2252 516 3845 599">
     <span class='ocr_line' id='line_1_18' title="bbox 2252 516 3845 599; baseline -0.009 -14"><span class='ocrx_word' id='word_1_115' title='bbox 2252 530 2432 585; x_wconf 88' lang='lat' dir='ltr'><strong>omnis</strong></span> <span class='ocrx_word' id='word_1_116' title='bbox 2461 528 2678 599; x_wconf 83' lang='lat' dir='ltr'><strong>generis</strong></span> <span class='ocrx_word' id='word_1_117' title='bbox 2708 527 2955 596; x_wconf 84' lang='lat' dir='ltr'><strong>piscium.</strong></span> <span class='ocrx_word' id='word_1_118' title='bbox 2986 522 3139 592; x_wconf 87' lang='lat' dir='ltr'><strong>Quod</strong></span> <span class='ocrx_word' id='word_1_119' title='bbox 3169 522 3216 577; x_wconf 90' lang='lat' dir='ltr'><strong>si</strong></span> <span class='ocrx_word' id='word_1_120' title='bbox 3247 520 3329 575; x_wconf 90' lang='lat' dir='ltr'><strong>his</strong></span> <span class='ocrx_word' id='word_1_121' title='bbox 3352 518 3638 574; x_wconf 89' lang='lat' dir='ltr'><strong>elementis</strong></span> <span class='ocrx_word' id='word_1_122' title='bbox 3660 516 3845 581; x_wconf 91' lang='lat' dir='ltr'><strong>utitur,</strong></span> 
     </span>
    </p>
   </div>
   <div class='ocr_carea' id='block_1_19' title="bbox 2248 609 3847 693">
    <p class='ocr_par' dir='ltr' id='par_1_19' title="bbox 2248 609 3847 693">
     <span class='ocr_line' id='line_1_19' title="bbox 2248 609 3847 693; baseline -0.007 -18"><span class='ocrx_word' id='word_1_123' title='bbox 2248 622 2444 693; x_wconf 80' lang='lat' dir='ltr'><strong>quibus</strong></span> <span class='ocrx_word' id='word_1_124' title='bbox 2469 630 2554 674; x_wconf 89' lang='lat' dir='ltr'><strong>est</strong></span> <span class='ocrx_word' id='word_1_125' title='bbox 2587 619 2879 689; x_wconf 84' lang='lat' dir='ltr'><strong>proximus,</strong></span> <span class='ocrx_word' id='word_1_126' title='bbox 2924 632 3028 670; x_wconf 91' lang='lat' dir='ltr'><strong>non</strong></span> <span class='ocrx_word' id='word_1_127' title='bbox 3055 624 3138 669; x_wconf 91' lang='lat' dir='ltr'><strong>est</strong></span> <span class='ocrx_word' id='word_1_128' title='bbox 3166 612 3409 679; x_wconf 88' lang='lat' dir='ltr'><strong>dubium,</strong></span> <span class='ocrx_word' id='word_1_129' title='bbox 3443 611 3571 683; x_wconf 91' lang='lat' dir='ltr'><strong>quin</strong></span> <span class='ocrx_word' id='word_1_130' title='bbox 3605 619 3661 665; x_wconf 89' lang='lat' dir='ltr'><strong>et</strong></span> <span class='ocrx_word' id='word_1_131' title='bbox 3686 609 3847 675; x_wconf 74' lang='lat' dir='ltr'><strong>cmlo,</strong></span> 
     </span>
    </p>
   </div>
   <div class='ocr_carea' id='block_1_20' title="bbox 2249 704 3847 784">
    <p class='ocr_par' dir='ltr' id='par_1_20' title="bbox 2249 704 3847 784">
     <span class='ocr_line' id='line_1_20' title="bbox 2249 704 3847 784; baseline -0.005 -17"><span class='ocrx_word' id='word_1_132' title='bbox 2249 712 2501 784; x_wconf 86' lang='lat' dir='ltr'><strong>quoniam</strong></span> <span class='ocrx_word' id='word_1_133' title='bbox 2532 721 2585 766; x_wconf 88' lang='lat' dir='ltr'><strong>et</strong></span> <span class='ocrx_word' id='word_1_134' title='bbox 2609 711 2910 766; x_wconf 66' lang='lat' dir='ltr'><strong>caelestium</strong></span> <span class='ocrx_word' id='word_1_135' title='bbox 2943 725 3121 764; x_wconf 87' lang='lat' dir='ltr'><strong>rerum</strong></span> <span class='ocrx_word' id='word_1_136' title='bbox 3169 705 3347 761; x_wconf 84' lang='lat' dir='ltr'><strong>officia</strong></span> <span class='ocrx_word' id='word_1_137' title='bbox 3398 705 3466 759; x_wconf 88' lang='lat' dir='ltr'><strong>ad</strong></span> <span class='ocrx_word' id='word_1_138' title='bbox 3512 704 3847 760; x_wconf 86' lang='lat' dir='ltr'><strong>fertilitatem</strong></span> 
     </span>
    </p>
   </div>
   <div class='ocr_carea' id='block_1_21' title="bbox 2252 797 3853 876">
    <p class='ocr_par' dir='ltr' id='par_1_21' title="bbox 2252 797 3853 876">
     <span class='ocr_line' id='line_1_21' title="bbox 2252 797 3853 876; baseline -0.004 -16"><span class='ocrx_word' id='word_1_139' title='bbox 2252 818 2431 871; x_wconf 70' lang='lat' dir='ltr'><strong>terrm,</strong></span> <span class='ocrx_word' id='word_1_140' title='bbox 2466 822 2529 861; x_wconf 82' lang='lat' dir='ltr'><strong>ex</strong></span> <span class='ocrx_word' id='word_1_141' title='bbox 2574 821 2677 876; x_wconf 90' lang='lat' dir='ltr'><strong>qua</strong></span> <span class='ocrx_word' id='word_1_142' title='bbox 2722 805 2988 867; x_wconf 85' lang='lat' dir='ltr'><strong>vivimus,</strong></span> <span class='ocrx_word' id='word_1_143' title='bbox 3038 809 3335 871; x_wconf 84' lang='lat' dir='ltr'><strong>temperata</strong></span> <span class='ocrx_word' id='word_1_144' title='bbox 3386 808 3532 854; x_wconf 91' lang='lat' dir='ltr'><strong>sunt.</strong></span> <span class='ocrx_word' id='word_1_145' title='bbox 3582 798 3674 854; x_wconf 90' lang='lat' dir='ltr'><strong>Sol</strong></span> <span class='ocrx_word' id='word_1_146' title='bbox 3718 797 3853 853; x_wconf 86' lang='lat' dir='ltr'><strong>irrc—</strong></span> 
     </span>
    </p>
   </div>
   <div class='ocr_carea' id='block_1_22' title="bbox 2248 893 3852 969">
    <p class='ocr_par' dir='ltr' id='par_1_22' title="bbox 2248 893 3852 969">
     <span class='ocr_line' id='line_1_22' title="bbox 2248 893 3852 969; baseline -0.004 -16"><span class='ocrx_word' id='word_1_147' title='bbox 2248 898 2445 969; x_wconf 85' lang='lat' dir='ltr'><strong>quietis</strong></span> <span class='ocrx_word' id='word_1_148' title='bbox 2472 898 2727 954; x_wconf 90' lang='lat' dir='ltr'><strong>cursibus</strong></span> <span class='ocrx_word' id='word_1_149' title='bbox 2757 907 2811 951; x_wconf 91' lang='lat' dir='ltr'><strong>et</strong></span> <span class='ocrx_word' id='word_1_150' title='bbox 2840 895 3029 966; x_wconf 86' lang='lat' dir='ltr'><strong>spatiis</strong></span> <span class='ocrx_word' id='word_1_151' title='bbox 3058 893 3409 963; x_wconf 65' lang='lat' dir='ltr'><strong>inaequalibus</strong></span> <span class='ocrx_word' id='word_1_152' title='bbox 3446 893 3609 947; x_wconf 86' lang='lat' dir='ltr'><strong>orbes</strong></span> <span class='ocrx_word' id='word_1_153' title='bbox 3632 906 3852 947; x_wconf 89' lang='lat' dir='ltr'><strong>annuos</strong></span> 
     </span>
    </p>
   </div>
   <div class='ocr_carea' id='block_1_23' title="bbox 2248 984 3851 1060">
    <p class='ocr_par' dir='ltr' id='par_1_23' title="bbox 2248 984 3851 1060">
     <span class='ocr_line' id='line_1_23' title="bbox 2248 984 3851 1060; baseline -0.007 -13"><span class='ocrx_word' id='word_1_154' title='bbox 2248 991 2489 1060; x_wconf 85' lang='lat' dir='ltr'><strong>conficit,</strong></span> <span class='ocrx_word' id='word_1_155' title='bbox 2518 1001 2572 1047; x_wconf 90' lang='lat' dir='ltr'><strong>et</strong></span> <span class='ocrx_word' id='word_1_156' title='bbox 2600 999 2692 1046; x_wconf 89' lang='lat' dir='ltr'><strong>aut</strong></span> <span class='ocrx_word' id='word_1_157' title='bbox 2713 991 2895 1044; x_wconf 88' lang='lat' dir='ltr'><strong>oriens</strong></span> <span class='ocrx_word' id='word_1_158' title='bbox 2926 988 3068 1042; x_wconf 88' lang='lat' dir='ltr'><strong>diem</strong></span> <span class='ocrx_word' id='word_1_159' title='bbox 3100 984 3296 1057; x_wconf 88' lang='lat' dir='ltr'><strong>promit</strong></span> <span class='ocrx_word' id='word_1_160' title='bbox 3336 987 3401 1039; x_wconf 88' lang='lat' dir='ltr'><strong>ad</strong></span> <span class='ocrx_word' id='word_1_161' title='bbox 3423 984 3665 1040; x_wconf 88' lang='lat' dir='ltr'><strong>laborem</strong></span> <span class='ocrx_word' id='word_1_162' title='bbox 3687 1024 3703 1049; x_wconf 93' lang='lat'><strong>,</strong></span> <span class='ocrx_word' id='word_1_163' title='bbox 3752 992 3851 1037; x_wconf 90' lang='lat' dir='ltr'><strong>aut</strong></span> 
     </span>
    </p>
   </div>
   <div class='ocr_carea' id='block_1_24' title="bbox 2248 1076 3854 1151">
    <p class='ocr_par' dir='ltr' id='par_1_24' title="bbox 2248 1076 3854 1151">
     <span class='ocr_line' id='line_1_24' title="bbox 2248 1076 3854 1151; baseline -0.006 -11"><span class='ocrx_word' id='word_1_164' title='bbox 2248 1084 2502 1141; x_wconf 89' lang='lat' dir='ltr'><strong>occidens</strong></span> <span class='ocrx_word' id='word_1_165' title='bbox 2548 1094 2759 1138; x_wconf 91' lang='lat' dir='ltr'><strong>noctem</strong></span> <span class='ocrx_word' id='word_1_166' title='bbox 2808 1078 3127 1151; x_wconf 90' lang='lat' dir='ltr'><strong>superducit</strong></span> <span class='ocrx_word' id='word_1_167' title='bbox 3172 1078 3239 1134; x_wconf 92' lang='lat' dir='ltr'><strong>ad</strong></span> <span class='ocrx_word' id='word_1_168' title='bbox 3292 1076 3535 1147; x_wconf 88' lang='lat' dir='ltr'><strong>requiem</strong></span> <span class='ocrx_word' id='word_1_169' title='bbox 3580 1093 3594 1131; x_wconf 88' lang='lat'><strong>:</strong></span> <span class='ocrx_word' id='word_1_170' title='bbox 3634 1084 3689 1130; x_wconf 91' lang='lat' dir='ltr'><strong>et</strong></span> <span class='ocrx_word' id='word_1_171' title='bbox 3738 1086 3854 1130; x_wconf 86' lang='lat' dir='ltr'><strong>tum</strong></span> 
     </span>
    </p>
   </div>
   <div class='ocr_carea' id='block_1_25' title="bbox 2248 1167 3853 1245">
    <p class='ocr_par' dir='ltr' id='par_1_25' title="bbox 2248 1167 3853 1245">
     <span class='ocr_line' id='line_1_25' title="bbox 2248 1167 3853 1245; baseline -0.007 -13"><span class='ocrx_word' id='word_1_172' title='bbox 2248 1177 2505 1232; x_wconf 89' lang='lat' dir='ltr'><strong>abscessu</strong></span> <span class='ocrx_word' id='word_1_173' title='bbox 2538 1176 2751 1245; x_wconf 82' lang='lat' dir='ltr'><strong>longius</strong></span> <span class='ocrx_word' id='word_1_174' title='bbox 2781 1172 2847 1227; x_wconf 89' lang='lat' dir='ltr'><strong>ad</strong></span> <span class='ocrx_word' id='word_1_175' title='bbox 2872 1171 3177 1238; x_wconf 89' lang='lat' dir='ltr'><strong>meridiem,</strong></span> <span class='ocrx_word' id='word_1_176' title='bbox 3207 1179 3319 1225; x_wconf 92' lang='lat' dir='ltr'><strong>tum</strong></span> <span class='ocrx_word' id='word_1_177' title='bbox 3360 1183 3584 1223; x_wconf 89' lang='lat' dir='ltr'><strong>accessu</strong></span> <span class='ocrx_word' id='word_1_178' title='bbox 3625 1167 3853 1238; x_wconf 89' lang='lat' dir='ltr'><strong>propius</strong></span> 
     </span>
    </p>
   </div>
   <div class='ocr_carea' id='block_1_26' title="bbox 2248 1259 3858 1339">
    <p class='ocr_par' dir='ltr' id='par_1_26' title="bbox 2248 1259 3858 1339">
     <span class='ocr_line' id='line_1_26' title="bbox 2248 1259 3858 1339; baseline -0.006 -14"><span class='ocrx_word' id='word_1_179' title='bbox 2248 1270 2317 1325; x_wconf 91' lang='lat' dir='ltr'><strong>ad</strong></span> <span class='ocrx_word' id='word_1_180' title='bbox 2349 1270 2774 1339; x_wconf 88' lang='lat' dir='ltr'><strong>septentrionem</strong></span> <span class='ocrx_word' id='word_1_181' title='bbox 2799 1309 2814 1334; x_wconf 92' lang='lat'><strong>,</strong></span> <span class='ocrx_word' id='word_1_182' title='bbox 2868 1263 3077 1336; x_wconf 82' lang='lat' dir='ltr'><strong>liyemis</strong></span> <span class='ocrx_word' id='word_1_183' title='bbox 3107 1272 3163 1319; x_wconf 91' lang='lat' dir='ltr'><strong>et</strong></span> <span class='ocrx_word' id='word_1_184' title='bbox 3200 1262 3404 1317; x_wconf 78' lang='lat' dir='ltr'><strong>:estalis</strong></span> <span class='ocrx_word' id='word_1_185' title='bbox 3448 1259 3858 1315; x_wconf 86' lang='lat' dir='ltr'><strong>vicissitudines</strong></span> 
     </span>
    </p>
   </div>
   <div class='ocr_carea' id='block_1_27' title="bbox 2247 1349 3859 1429">
    <p class='ocr_par' dir='ltr' id='par_1_27' title="bbox 2247 1349 3859 1429">
     <span class='ocr_line' id='line_1_27' title="bbox 2247 1349 3859 1429; baseline -0.007 -14"><span class='ocrx_word' id='word_1_186' title='bbox 2247 1357 2417 1427; x_wconf 88' lang='lat' dir='ltr'><strong>facit,</strong></span> <span class='ocrx_word' id='word_1_187' title='bbox 2488 1368 2545 1414; x_wconf 91' lang='lat' dir='ltr'><strong>ut</strong></span> <span class='ocrx_word' id='word_1_188' title='bbox 2615 1368 2671 1413; x_wconf 91' lang='lat' dir='ltr'><strong>et</strong></span> <span class='ocrx_word' id='word_1_189' title='bbox 2716 1355 2978 1429; x_wconf 82' lang='lat' dir='ltr'><strong>hyberuis</strong></span> <span class='ocrx_word' id='word_1_190' title='bbox 3053 1352 3371 1408; x_wconf 85' lang='lat' dir='ltr'><strong>humoribus</strong></span> <span class='ocrx_word' id='word_1_191' title='bbox 3419 1366 3484 1406; x_wconf 90' lang='lat' dir='ltr'><strong>ac</strong></span> <span class='ocrx_word' id='word_1_192' title='bbox 3539 1350 3743 1422; x_wconf 87' lang='lat' dir='ltr'><strong>pruinis</strong></span> <span class='ocrx_word' id='word_1_193' title='bbox 3800 1349 3859 1404; x_wconf 87' lang='lat' dir='ltr'><strong>in</strong></span> 
     </span>
    </p>
   </div>
   <div class='ocr_carea' id='block_1_28' title="bbox 2247 1443 3858 1520">
    <p class='ocr_par' dir='ltr' id='par_1_28' title="bbox 2247 1443 3858 1520">
     <span class='ocr_line' id='line_1_28' title="bbox 2247 1443 3858 1520; baseline -0.006 -12"><span class='ocrx_word' id='word_1_194' title='bbox 2247 1453 2548 1508; x_wconf 84' lang='lat' dir='ltr'><strong>ubertatem</strong></span> <span class='ocrx_word' id='word_1_195' title='bbox 2601 1462 2741 1507; x_wconf 88' lang='lat' dir='ltr'><strong>terra</strong></span> <span class='ocrx_word' id='word_1_196' title='bbox 2787 1450 3143 1520; x_wconf 88' lang='lat' dir='ltr'><strong>pinguescat,</strong></span> <span class='ocrx_word' id='word_1_197' title='bbox 3202 1455 3256 1501; x_wconf 92' lang='lat' dir='ltr'><strong>et</strong></span> <span class='ocrx_word' id='word_1_198' title='bbox 3300 1444 3504 1500; x_wconf 64' lang='lat' dir='ltr'><strong>aesdvis</strong></span> <span class='ocrx_word' id='word_1_199' title='bbox 3555 1443 3858 1511; x_wconf 88' lang='lat' dir='ltr'><strong>caloribus,</strong></span> 
     </span>
    </p>
   </div>
   <div class='ocr_carea' id='block_1_29' title="bbox 2248 1534 3861 1614">
    <p class='ocr_par' dir='ltr' id='par_1_29' title="bbox 2248 1534 3861 1614">
     <span class='ocr_line' id='line_1_29' title="bbox 2248 1534 3861 1614; baseline -0.006 -16"><span class='ocrx_word' id='word_1_200' title='bbox 2248 1545 2333 1600; x_wconf 87' lang='lat' dir='ltr'><strong>vel</strong></span> <span class='ocrx_word' id='word_1_201' title='bbox 2382 1542 2618 1601; x_wconf 59' lang='lat' dir='ltr'><strong>herbidae</strong></span> <span class='ocrx_word' id='word_1_202' title='bbox 2666 1542 2848 1614; x_wconf 79' lang='lat' dir='ltr'><strong>fruges</strong></span> <span class='ocrx_word' id='word_1_203' title='bbox 2910 1540 3214 1595; x_wconf 86' lang='lat' dir='ltr'><strong>maturitate</strong></span> <span class='ocrx_word' id='word_1_204' title='bbox 3258 1538 3559 1603; x_wconf 89' lang='lat' dir='ltr'><strong>durentur,</strong></span> <span class='ocrx_word' id='word_1_205' title='bbox 3605 1534 3690 1591; x_wconf 87' lang='lat' dir='ltr'><strong>vel</strong></span> <span class='ocrx_word' id='word_1_206' title='bbox 3732 1550 3861 1606; x_wconf 65' lang='lat' dir='ltr'><strong>quae</strong></span> 
     </span>
    </p>
   </div>
   <div class='ocr_carea' id='block_1_30' title="bbox 2245 1629 3856 1703">
    <p class='ocr_par' dir='ltr' id='par_1_30' title="bbox 2245 1629 3856 1703">
     <span class='ocr_line' id='line_1_30' title="bbox 2245 1629 3856 1703; baseline -0.007 -9"><span class='ocrx_word' id='word_1_207' title='bbox 2245 1649 2370 1694; x_wconf 90' lang='lat' dir='ltr'><strong>sunt</strong></span> <span class='ocrx_word' id='word_1_208' title='bbox 2416 1639 2467 1693; x_wconf 92' lang='lat' dir='ltr'><strong>in</strong></span> <span class='ocrx_word' id='word_1_209' title='bbox 2511 1637 2782 1703; x_wconf 87' lang='lat' dir='ltr'><strong>humidis,</strong></span> <span class='ocrx_word' id='word_1_210' title='bbox 2833 1638 3037 1691; x_wconf 90' lang='lat' dir='ltr'><strong>incocta</strong></span> <span class='ocrx_word' id='word_1_211' title='bbox 3083 1643 3138 1688; x_wconf 89' lang='lat' dir='ltr'><strong>et</strong></span> <span class='ocrx_word' id='word_1_212' title='bbox 3190 1630 3479 1687; x_wconf 84' lang='lat' dir='ltr'><strong>fervefacta</strong></span> <span class='ocrx_word' id='word_1_213' title='bbox 3544 1629 3856 1685; x_wconf 81' lang='lat' dir='ltr'><strong>mitescant.</strong></span> 
     </span>
    </p>
   </div>
   <div class='ocr_carea' id='block_1_31' title="bbox 542 1722 3858 1807">
    <p class='ocr_par' dir='ltr' id='par_1_31' title="bbox 542 1722 3858 1807">
     <span class='ocr_line' id='line_1_31' title="bbox 542 1722 3858 1807; baseline -0.005 -15"><span class='ocrx_word' id='word_1_214' title='bbox 542 1726 774 1802; x_wconf 62' lang='lat' dir='ltr'><strong>(illa?un</strong></span> <span class='ocrx_word' id='word_1_215' title='bbox 821 1738 1044 1803; x_wconf 62' lang='lat' dir='ltr'><strong>general</strong></span> <span class='ocrx_word' id='word_1_216' title='bbox 1086 1745 1153 1783; x_wconf 74' lang='lat' dir='ltr'><strong>CX</strong></span> <span class='ocrx_word' id='word_1_217' title='bbox 1198 1743 1260 1784; x_wconf 80' lang='lat' dir='ltr'><strong>se</strong></span> <span class='ocrx_word' id='word_1_218' title='bbox 1305 1729 1571 1795; x_wconf 77' lang='lat' dir='ltr'><strong>mundus.</strong></span> <span class='ocrx_word' id='word_1_219' title='bbox 1623 1728 1690 1782; x_wconf 75' lang='lat' dir='ltr'><strong>ad</strong></span> <span class='ocrx_word' id='word_1_220' title='bbox 1722 1729 2007 1783; x_wconf 75' lang='lat' dir='ltr'><strong>ulililalem</strong></span> <span class='ocrx_word' id='word_1_221' title='bbox 2039 1729 2140 1783; x_wconf 84' lang='lat' dir='ltr'><strong>lto-</strong></span> <span class='ocrx_word' id='word_1_222' title='bbox 2172 1732 2396 1807; x_wconf 74' lang='lat' dir='ltr'><strong>BLuna</strong></span> <span class='ocrx_word' id='word_1_223' title='bbox 2450 1747 2664 1804; x_wconf 88' lang='lat' dir='ltr'><strong>quoque</strong></span> <span class='ocrx_word' id='word_1_224' title='bbox 2729 1730 2974 1785; x_wconf 88' lang='lat' dir='ltr'><strong>nocturni</strong></span> <span class='ocrx_word' id='word_1_225' title='bbox 3046 1726 3307 1796; x_wconf 88' lang='lat' dir='ltr'><strong>temporis</strong></span> <span class='ocrx_word' id='word_1_226' title='bbox 3353 1722 3743 1795; x_wconf 76' lang='lat' dir='ltr'><strong>gubernatrix,</strong></span> <span class='ocrx_word' id='word_1_227' title='bbox 3798 1730 3858 1777; x_wconf 85' lang='lat' dir='ltr'><strong>et</strong></span> 
     </span>
    </p>
   </div>
   <div class='ocr_carea' id='block_1_32' title="bbox 548 1819 2169 1899">
    <p class='ocr_par' dir='ltr' id='par_1_32' title="bbox 548 1819 2169 1899">
     <span class='ocr_line' id='line_1_32' title="bbox 548 1819 2169 1899; baseline -0.001 -22"><span class='ocrx_word' id='word_1_228' title='bbox 548 1819 713 1899; x_wconf 82' lang='lat' dir='ltr'><strong>minis</strong></span> <span class='ocrx_word' id='word_1_229' title='bbox 736 1820 1141 1877; x_wconf 75' lang='lat' dir='ltr'><strong>accommodata</strong></span> <span class='ocrx_word' id='word_1_230' title='bbox 1174 1830 1320 1876; x_wconf 89' lang='lat' dir='ltr'><strong>sunt.</strong></span> <span class='ocrx_word' id='word_1_231' title='bbox 1358 1821 1533 1876; x_wconf 87' lang='lat' dir='ltr'><strong>Ilomo</strong></span> <span class='ocrx_word' id='word_1_232' title='bbox 1563 1822 1731 1875; x_wconf 86' lang='lat' dir='ltr'><strong>utitur</strong></span> <span class='ocrx_word' id='word_1_233' title='bbox 1758 1821 1864 1892; x_wconf 87' lang='lat' dir='ltr'><strong>igni</strong></span> <span class='ocrx_word' id='word_1_234' title='bbox 1894 1821 1959 1876; x_wconf 92' lang='lat' dir='ltr'><strong>ad</strong></span> <span class='ocrx_word' id='word_1_235' title='bbox 1989 1836 2169 1889; x_wconf 34' lang='lat' dir='ltr'><strong>usum.</strong></span> 
     </span>
    </p>
   </div>
   <div class='ocr_carea' id='block_1_33' title="bbox 549 1912 2144 1981">
    <p class='ocr_par' dir='ltr' id='par_1_33' title="bbox 549 1912 2144 1981">
     <span class='ocr_line' id='line_1_33' title="bbox 549 1912 2144 1981; baseline 0.002 -14"><span class='ocrx_word' id='word_1_236' title='bbox 549 1912 897 1973; x_wconf 86' lang='lat' dir='ltr'><strong>calefaciendi</strong></span> <span class='ocrx_word' id='word_1_237' title='bbox 920 1922 975 1970; x_wconf 87' lang='lat' dir='ltr'><strong>et</strong></span> <span class='ocrx_word' id='word_1_238' title='bbox 992 1913 1233 1981; x_wconf 87' lang='lat' dir='ltr'><strong>luminis,</strong></span> <span class='ocrx_word' id='word_1_239' title='bbox 1251 1923 1306 1969; x_wconf 90' lang='lat' dir='ltr'><strong>et</strong></span> <span class='ocrx_word' id='word_1_240' title='bbox 1329 1913 1739 1970; x_wconf 90' lang='lat' dir='ltr'><strong>molliendorum</strong></span> <span class='ocrx_word' id='word_1_241' title='bbox 1759 1913 2021 1979; x_wconf 89' lang='lat' dir='ltr'><strong>ciborum,</strong></span> <span class='ocrx_word' id='word_1_242' title='bbox 2044 1914 2144 1970; x_wconf 88' lang='lat' dir='ltr'><strong>fer-</strong></span> 
     </span>
    </p>
   </div>
   <div class='ocr_carea' id='block_1_34' title="bbox 538 2002 2144 2077">
    <p class='ocr_par' dir='ltr' id='par_1_34' title="bbox 538 2002 2144 2077">
     <span class='ocr_line' id='line_1_34' title="bbox 538 2002 2144 2077; baseline 0.001 -16"><span class='ocrx_word' id='word_1_243' title='bbox 538 2002 701 2077; x_wconf 70' lang='lat' dir='ltr'><strong>rique</strong></span> <span class='ocrx_word' id='word_1_244' title='bbox 722 2002 1019 2063; x_wconf 85' lang='lat' dir='ltr'><strong>fabricandi</strong></span> <span class='ocrx_word' id='word_1_245' title='bbox 1046 2023 1058 2059; x_wconf 88' lang='lat'><strong>:</strong></span> <span class='ocrx_word' id='word_1_246' title='bbox 1092 2005 1258 2061; x_wconf 89' lang='lat' dir='ltr'><strong>utitur</strong></span> <span class='ocrx_word' id='word_1_247' title='bbox 1280 2005 1515 2061; x_wconf 79' lang='lat' dir='ltr'><strong>fontibus</strong></span> <span class='ocrx_word' id='word_1_248' title='bbox 1532 2005 1597 2060; x_wconf 92' lang='lat' dir='ltr'><strong>ad</strong></span> <span class='ocrx_word' id='word_1_249' title='bbox 1618 2016 1800 2076; x_wconf 91' lang='lat' dir='ltr'><strong>potum</strong></span> <span class='ocrx_word' id='word_1_250' title='bbox 1825 2016 1879 2061; x_wconf 93' lang='lat' dir='ltr'><strong>et</strong></span> <span class='ocrx_word' id='word_1_251' title='bbox 1900 2006 1966 2060; x_wconf 88' lang='lat' dir='ltr'><strong>ad</strong></span> <span class='ocrx_word' id='word_1_252' title='bbox 1998 2006 2144 2062; x_wconf 88' lang='lat' dir='ltr'><strong>lava-</strong></span> 
     </span>
    </p>
   </div>
   <div class='ocr_carea' id='block_1_35' title="bbox 546 2098 2143 2177">
    <p class='ocr_par' dir='ltr' id='par_1_35' title="bbox 546 2098 2143 2177">
     <span class='ocr_line' id='line_1_35' title="bbox 546 2098 2143 2177; baseline 0 -22"><span class='ocrx_word' id='word_1_253' title='bbox 546 2112 675 2165; x_wconf 73' lang='lat' dir='ltr'><strong>cra;</strong></span> <span class='ocrx_word' id='word_1_254' title='bbox 700 2098 1013 2177; x_wconf 84' lang='lat' dir='ltr'><strong>ﬂuminibus</strong></span> <span class='ocrx_word' id='word_1_255' title='bbox 1052 2099 1118 2154; x_wconf 89' lang='lat' dir='ltr'><strong>ad</strong></span> <span class='ocrx_word' id='word_1_256' title='bbox 1156 2114 1315 2171; x_wconf 86' lang='lat' dir='ltr'><strong>agros</strong></span> <span class='ocrx_word' id='word_1_257' title='bbox 1342 2099 1642 2170; x_wconf 90' lang='lat' dir='ltr'><strong>irrigandos</strong></span> <span class='ocrx_word' id='word_1_258' title='bbox 1675 2098 2143 2171; x_wconf 90' lang='lat' dir='ltr'><strong>terminandasque</strong></span> 
     </span>
    </p>
   </div>
   <div class='ocr_carea' id='block_1_36' title="bbox 534 2191 2145 2264">
    <p class='ocr_par' dir='ltr' id='par_1_36' title="bbox 534 2191 2145 2264">
     <span class='ocr_line' id='line_1_36' title="bbox 534 2191 2145 2264; baseline 0.001 -15"><span class='ocrx_word' id='word_1_259' title='bbox 534 2191 832 2264; x_wconf 71' lang='lat' dir='ltr'><strong>regiones:</strong></span> <span class='ocrx_word' id='word_1_260' title='bbox 855 2191 1023 2248; x_wconf 86' lang='lat' dir='ltr'><strong>utitur</strong></span> <span class='ocrx_word' id='word_1_261' title='bbox 1043 2201 1183 2249; x_wconf 88' lang='lat' dir='ltr'><strong>terra</strong></span> <span class='ocrx_word' id='word_1_262' title='bbox 1197 2191 1264 2248; x_wconf 92' lang='lat' dir='ltr'><strong>ad</strong></span> <span class='ocrx_word' id='word_1_263' title='bbox 1284 2192 1682 2263; x_wconf 84' lang='lat' dir='ltr'><strong>percipiendam</strong></span> <span class='ocrx_word' id='word_1_264' title='bbox 1700 2191 1906 2263; x_wconf 86' lang='lat' dir='ltr'><strong>frugum</strong></span> <span class='ocrx_word' id='word_1_265' title='bbox 1923 2194 2145 2251; x_wconf 89' lang='lat' dir='ltr'><strong>varieta-</strong></span> 
     </span>
    </p>
   </div>
   <div class='ocr_carea' id='block_1_37' title="bbox 549 2282 2147 2350">
    <p class='ocr_par' dir='ltr' id='par_1_37' title="bbox 549 2282 2147 2350">
     <span class='ocr_line' id='line_1_37' title="bbox 549 2282 2147 2350; baseline 0.003 -12"><span class='ocrx_word' id='word_1_266' title='bbox 549 2293 691 2350; x_wconf 90' lang='lat' dir='ltr'><strong>tem;</strong></span> <span class='ocrx_word' id='word_1_267' title='bbox 710 2282 937 2341; x_wconf 90' lang='lat' dir='ltr'><strong>collibus</strong></span> <span class='ocrx_word' id='word_1_268' title='bbox 953 2285 1019 2341; x_wconf 90' lang='lat' dir='ltr'><strong>ad</strong></span> <span class='ocrx_word' id='word_1_269' title='bbox 1037 2285 1373 2343; x_wconf 89' lang='lat' dir='ltr'><strong>eonscrenda</strong></span> <span class='ocrx_word' id='word_1_270' title='bbox 1390 2286 1564 2341; x_wconf 87' lang='lat' dir='ltr'><strong>vineta</strong></span> <span class='ocrx_word' id='word_1_271' title='bbox 1586 2304 1599 2348; x_wconf 84' lang='lat'><strong>;</strong></span> <span class='ocrx_word' id='word_1_272' title='bbox 1625 2286 1898 2341; x_wconf 86' lang='lat' dir='ltr'><strong>montibus</strong></span> <span class='ocrx_word' id='word_1_273' title='bbox 1912 2287 1976 2341; x_wconf 89' lang='lat' dir='ltr'><strong>ad</strong></span> <span class='ocrx_word' id='word_1_274' title='bbox 1993 2303 2147 2343; x_wconf 85' lang='lat' dir='ltr'><strong>usum</strong></span> 
     </span>
    </p>
   </div>
   <div class='ocr_carea' id='block_1_38' title="bbox 548 2373 2148 2449">
    <p class='ocr_par' dir='ltr' id='par_1_38' title="bbox 548 2373 2148 2449">
     <span class='ocr_line' id='line_1_38' title="bbox 548 2373 2148 2449; baseline 0.003 -19"><span class='ocrx_word' id='word_1_275' title='bbox 548 2373 801 2433; x_wconf 90' lang='lat' dir='ltr'><strong>arborum</strong></span> <span class='ocrx_word' id='word_1_276' title='bbox 827 2386 989 2449; x_wconf 84' lang='lat' dir='ltr'><strong>atque</strong></span> <span class='ocrx_word' id='word_1_277' title='bbox 1017 2377 1312 2449; x_wconf 90' lang='lat' dir='ltr'><strong>lignorum;</strong></span> <span class='ocrx_word' id='word_1_278' title='bbox 1366 2378 1539 2447; x_wconf 87' lang='lat' dir='ltr'><strong>planis</strong></span> <span class='ocrx_word' id='word_1_279' title='bbox 1575 2378 1640 2433; x_wconf 93' lang='lat' dir='ltr'><strong>ad</strong></span> <span class='ocrx_word' id='word_1_280' title='bbox 1670 2386 1948 2448; x_wconf 85' lang='lat' dir='ltr'><strong>segetem;</strong></span> <span class='ocrx_word' id='word_1_281' title='bbox 1982 2379 2148 2435; x_wconf 90' lang='lat' dir='ltr'><strong>utitur</strong></span> 
     </span>
    </p>
   </div>
   <div class='ocr_carea' id='block_1_39' title="bbox 2250 1813 3862 1894">
    <p class='ocr_par' dir='ltr' id='par_1_39' title="bbox 2250 1813 3862 1894">
     <span class='ocr_line' id='line_1_39' title="bbox 2250 1813 3862 1894; baseline -0.006 -16"><span class='ocrx_word' id='word_1_282' title='bbox 2250 1824 2434 1878; x_wconf 90' lang='lat' dir='ltr'><strong>amissi</strong></span> <span class='ocrx_word' id='word_1_283' title='bbox 2472 1839 2535 1878; x_wconf 90' lang='lat' dir='ltr'><strong>ac</strong></span> <span class='ocrx_word' id='word_1_284' title='bbox 2578 1822 2783 1894; x_wconf 89' lang='lat' dir='ltr'><strong>recepti</strong></span> <span class='ocrx_word' id='word_1_285' title='bbox 2834 1820 3055 1875; x_wconf 89' lang='lat' dir='ltr'><strong>luminis</strong></span> <span class='ocrx_word' id='word_1_286' title='bbox 3096 1817 3302 1873; x_wconf 85' lang='lat' dir='ltr'><strong>vicibus</strong></span> <span class='ocrx_word' id='word_1_287' title='bbox 3357 1824 3633 1871; x_wconf 90' lang='lat' dir='ltr'><strong>menstrua</strong></span> <span class='ocrx_word' id='word_1_288' title='bbox 3682 1813 3862 1884; x_wconf 87' lang='lat' dir='ltr'><strong>spatia</strong></span> 
     </span>
    </p>
   </div>
   <div class='ocr_carea' id='block_1_40' title="bbox 2253 1908 3860 1984">
    <p class='ocr_par' dir='ltr' id='par_1_40' title="bbox 2253 1908 3860 1984">
     <span class='ocr_line' id='line_1_40' title="bbox 2253 1908 3860 1984; baseline -0.006 -12"><span class='ocrx_word' id='word_1_289' title='bbox 2253 1918 2600 1984; x_wconf 89' lang='lat' dir='ltr'><strong>moderatur,</strong></span> <span class='ocrx_word' id='word_1_290' title='bbox 2650 1926 2707 1972; x_wconf 88' lang='lat' dir='ltr'><strong>et</strong></span> <span class='ocrx_word' id='word_1_291' title='bbox 2746 1929 2919 1970; x_wconf 78' lang='lat' dir='ltr'><strong>czecas</strong></span> <span class='ocrx_word' id='word_1_292' title='bbox 2964 1912 3203 1969; x_wconf 86' lang='lat' dir='ltr'><strong>tenebris</strong></span> <span class='ocrx_word' id='word_1_293' title='bbox 3255 1908 3604 1964; x_wconf 87' lang='lat' dir='ltr'><strong>horrentibus</strong></span> <span class='ocrx_word' id='word_1_294' title='bbox 3661 1916 3860 1963; x_wconf 89' lang='lat' dir='ltr'><strong>noctes</strong></span> 
     </span>
    </p>
   </div>
   <div class='ocr_carea' id='block_1_41' title="bbox 2250 2002 3857 2084">
    <p class='ocr_par' dir='ltr' id='par_1_41' title="bbox 2250 2002 3857 2084">
     <span class='ocr_line' id='line_1_41' title="bbox 2250 2002 3857 2084; baseline -0.009 -16"><span class='ocrx_word' id='word_1_295' title='bbox 2250 2011 2458 2084; x_wconf 84' lang='lat' dir='ltr'><strong>fulgore</strong></span> <span class='ocrx_word' id='word_1_296' title='bbox 2506 2025 2618 2066; x_wconf 71' lang='lat' dir='ltr'><strong>sua:</strong></span> <span class='ocrx_word' id='word_1_297' title='bbox 2663 2008 2922 2065; x_wconf 90' lang='lat' dir='ltr'><strong>claritatis</strong></span> <span class='ocrx_word' id='word_1_298' title='bbox 2970 2007 3235 2070; x_wconf 85' lang='lat' dir='ltr'><strong>illustrat;</strong></span> <span class='ocrx_word' id='word_1_299' title='bbox 3293 2014 3350 2059; x_wconf 93' lang='lat' dir='ltr'><strong>ut</strong></span> <span class='ocrx_word' id='word_1_300' title='bbox 3389 2004 3576 2073; x_wconf 81' lang='lat' dir='ltr'><strong>:estjva</strong></span> <span class='ocrx_word' id='word_1_301' title='bbox 3610 2002 3811 2059; x_wconf 86' lang='lat' dir='ltr'><strong>itinera</strong></span> <span class='ocrx_word' id='word_1_302' title='bbox 3840 2040 3857 2064; x_wconf 90' lang='lat'><strong>,</strong></span> 
     </span>
    </p>
   </div>
   <div class='ocr_carea' id='block_1_42' title="bbox 2251 2095 3861 2178">
    <p class='ocr_par' dir='ltr' id='par_1_42' title="bbox 2251 2095 3861 2178">
     <span class='ocr_line' id='line_1_42' title="bbox 2251 2095 3861 2178; baseline -0.006 -16"><span class='ocrx_word' id='word_1_303' title='bbox 2251 2115 2305 2162; x_wconf 90' lang='lat' dir='ltr'><strong>et</strong></span> <span class='ocrx_word' id='word_1_304' title='bbox 2333 2105 2724 2178; x_wconf 81' lang='lat' dir='ltr'><strong>expeditiones,</strong></span> <span class='ocrx_word' id='word_1_305' title='bbox 2777 2112 2831 2157; x_wconf 91' lang='lat' dir='ltr'><strong>et</strong></span> <span class='ocrx_word' id='word_1_306' title='bbox 2876 2116 3042 2171; x_wconf 89' lang='lat' dir='ltr'><strong>opera</strong></span> <span class='ocrx_word' id='word_1_307' title='bbox 3092 2099 3211 2156; x_wconf 89' lang='lat' dir='ltr'><strong>sine</strong></span> <span class='ocrx_word' id='word_1_308' title='bbox 3256 2098 3445 2154; x_wconf 89' lang='lat' dir='ltr'><strong>labore</strong></span> <span class='ocrx_word' id='word_1_309' title='bbox 3483 2112 3548 2154; x_wconf 83' lang='lat' dir='ltr'><strong>ac</strong></span> <span class='ocrx_word' id='word_1_310' title='bbox 3598 2095 3861 2154; x_wconf 82' lang='lat' dir='ltr'><strong>molestia</strong></span> 
     </span>
    </p>
   </div>
   <div class='ocr_carea' id='block_1_43' title="bbox 2251 2194 3129 2270">
    <p class='ocr_par' dir='ltr' id='par_1_43' title="bbox 2251 2194 3129 2270">
     <span class='ocr_line' id='line_1_43' title="bbox 2251 2194 3129 2270; baseline -0.008 -14"><span class='ocrx_word' id='word_1_311' title='bbox 2251 2200 2443 2256; x_wconf 86' lang='lat' dir='ltr'><strong>confici</strong></span> <span class='ocrx_word' id='word_1_312' title='bbox 2475 2200 2701 2270; x_wconf 90' lang='lat' dir='ltr'><strong>possint.</strong></span> <span class='ocrx_word' id='word_1_313' title='bbox 2737 2194 3018 2266; x_wconf 88' lang='lat' dir='ltr'><strong>Siquidem</strong></span> <span class='ocrx_word' id='word_1_314' title='bbox 3048 2212 3059 2246; x_wconf 90' lang='lat'><strong>:</strong></span> <span class='ocrx_word' id='word_1_315' title='bbox 3126 2244 3129 2249; x_wconf 89' lang='lat'><strong>.</strong></span> 
     </span>
    </p>
   </div>
   <div class='ocr_carea' id='block_1_44' title="bbox 2497 2316 3743 2384">
    <p class='ocr_par' dir='ltr' id='par_1_44' title="bbox 2497 2316 3743 2384">
     <span class='ocr_line' id='line_1_44' title="bbox 2497 2316 3743 2384; baseline -0.006 -11"><span class='ocrx_word' id='word_1_316' title='bbox 2497 2323 2653 2374; x_wconf 86' lang='lat' dir='ltr'><strong>Nocte</strong></span> <span class='ocrx_word' id='word_1_317' title='bbox 2679 2323 2820 2372; x_wconf 85' lang='lat' dir='ltr'><strong>leves</strong></span> <span class='ocrx_word' id='word_1_318' title='bbox 2840 2320 3033 2384; x_wconf 78' lang='lat' dir='ltr'><strong>stipulae</strong></span> <span class='ocrx_word' id='word_1_319' title='bbox 3058 2318 3255 2381; x_wconf 85' lang='lat' dir='ltr'><strong>melius,</strong></span> <span class='ocrx_word' id='word_1_320' title='bbox 3283 2323 3426 2367; x_wconf 88' lang='lat' dir='ltr'><strong>nocte</strong></span> <span class='ocrx_word' id='word_1_321' title='bbox 3453 2316 3584 2367; x_wconf 90' lang='lat' dir='ltr'><strong>arida</strong></span> <span class='ocrx_word' id='word_1_322' title='bbox 3605 2321 3743 2380; x_wconf 86' lang='lat' dir='ltr'><strong>prata</strong></span> 
     </span>
    </p>
   </div>
   <div class='ocr_carea' id='block_1_45' title="bbox 2501 2386 3321 2436">
    <p class='ocr_par' dir='ltr' id='par_1_45' title="bbox 2501 2386 3321 2436">
     <span class='ocr_line' id='line_1_45' title="bbox 2501 2386 3321 2436; baseline -0.011 0"><span class='ocrx_word' id='word_1_323' title='bbox 2501 2386 2808 2436; x_wconf 85' lang='lat' dir='ltr'><strong>Tondentur.</strong></span> <span class='ocrx_word' id='word_1_324' title='bbox 3316 2424 3321 2427; x_wconf 79' lang='lat'><strong>.</strong></span> 
     </span>
    </p>
   </div>
   <div class='ocr_carea' id='block_1_46' title="bbox 1872 2516 2502 2576">
    <p class='ocr_par' dir='ltr' id='par_1_46' title="bbox 1872 2516 2502 2576">
     <span class='ocr_line' id='line_1_46' title="bbox 1872 2516 2502 2576; baseline 0 -3"><span class='ocrx_word' id='word_1_325' title='bbox 1872 2516 2231 2576; x_wconf 77' lang='lat' dir='ltr'><strong>VARIORUM</strong></span> <span class='ocrx_word' id='word_1_326' title='bbox 2273 2517 2502 2575; x_wconf 67' lang='lat' dir='ltr'><strong>NOTAE.</strong></span> 
     </span>
    </p>
   </div>
   <div class='ocr_carea' id='block_1_47' title="bbox 540 2632 1635 2704">
    <p class='ocr_par' dir='ltr' id='par_1_47' title="bbox 540 2632 1635 2704">
     <span class='ocr_line' id='line_1_47' title="bbox 540 2632 1635 2704; baseline -0.007 -10"><span class='ocrx_word' id='word_1_327' title='bbox 540 2646 705 2702; x_wconf 67' lang='lat' dir='ltr'><strong>Mitt</strong></span> <span class='ocrx_word' id='word_1_328' title='bbox 727 2632 935 2704; x_wconf 74' lang='lat' dir='ltr'><strong>scilicet</strong></span> <span class='ocrx_word' id='word_1_329' title='bbox 957 2634 1295 2691; x_wconf 85' lang='lat' dir='ltr'><strong>societatem.</strong></span> <span class='ocrx_word' id='word_1_330' title='bbox 1319 2633 1507 2697; x_wconf 89' lang='lat' dir='ltr'><strong>Goth.,</strong></span> <span class='ocrx_word' id='word_1_331' title='bbox 1538 2634 1635 2704; x_wconf 87' lang='lat' dir='ltr'><strong>Lip</strong></span> 
     </span>
    </p>
   </div>
   <div class='ocr_carea' id='block_1_48' title="bbox 543 2651 1821 2788">
    <p class='ocr_par' dir='ltr' id='par_1_48' title="bbox 543 2651 1821 2788">
     <span class='ocr_line' id='line_1_48' title="bbox 543 2651 1821 2759; baseline -0.004 -66"><span class='ocrx_word' id='word_1_332' title='bbox 543 2651 705 2702; x_wconf 65' lang='lat' dir='ltr'><strong>Mm</strong></span> <span class='ocrx_word' id='word_1_333' title='bbox 727 2651 935 2759; x_wconf 58' lang='lat' dir='ltr'><strong>mulcet</strong></span> <span class='ocrx_word' id='word_1_334' title='bbox 957 2651 1295 2691; x_wconf 79' lang='lat' dir='ltr'><strong>societatem.</strong></span> <span class='ocrx_word' id='word_1_335' title='bbox 1319 2651 1507 2697; x_wconf 69' lang='lat' dir='ltr'><strong>hMlh,</strong></span> <span class='ocrx_word' id='word_1_336' title='bbox 1538 2651 1687 2704; x_wconf 76' lang='lat' dir='ltr'><strong>Lips.</strong></span> <span class='ocrx_word' id='word_1_337' title='bbox 1717 2651 1754 2690; x_wconf 75' lang='grc' dir='ltr'>ο</span> <span class='ocrx_word' id='word_1_338' title='bbox 1780 2651 1821 2691; x_wconf 82' lang='lat' dir='ltr'><strong>et</strong></span> 
     </span>
     <span class='ocr_line' id='line_1_49' title="bbox 543 2704 1821 2788; baseline -0.002 -25"><span class='ocrx_word' id='word_1_339' title='bbox 543 2720 727 2788; x_wconf 44' lang='lat' dir='ltr'><strong>quas.</strong></span> <span class='ocrx_word' id='word_1_340' title='bbox 757 2705 836 2762; x_wconf 85' lang='lat' dir='ltr'><strong>sei</strong></span> <span class='ocrx_word' id='word_1_341' title='bbox 860 2706 965 2788; x_wconf 61' lang='lat' dir='ltr'><strong>icpt</strong></span> <span class='ocrx_word' id='word_1_342' title='bbox 989 2704 1374 2788; x_wconf 45' lang='lat' dir='ltr'><strong>timorgm‘Dei.</strong></span> <span class='ocrx_word' id='word_1_343' title='bbox 1405 2705 1542 2788; x_wconf 55' lang='lat' dir='ltr'><strong>Bon.</strong></span> <span class='ocrx_word' id='word_1_344' title='bbox 1639 2776 1654 2788; x_wconf 50' lang='lat'><em>.</em></span> 
     </span>
    </p>
   </div>
   <div class='ocr_carea' id='block_1_49' title="bbox 624 2770 2140 2860">
    <p class='ocr_par' dir='ltr' id='par_1_49' title="bbox 624 2770 2140 2860">
     <span class='ocr_line' id='line_1_50' title="bbox 624 2770 2140 2860; baseline 0.003 -31"><span class='ocrx_word' id='word_1_345' title='bbox 624 2770 799 2860; x_wconf 55' lang='lat' dir='ltr'><strong>Timor</strong></span> <span class='ocrx_word' id='word_1_346' title='bbox 823 2775 1106 2860; x_wconf 57' lang='lat' dir='ltr'><strong>auferetttr.</strong></span> <span class='ocrx_word' id='word_1_347' title='bbox 1143 2776 1352 2860; x_wconf 62' lang='lat' dir='ltr'><strong>Eadem</strong></span> <span class='ocrx_word' id='word_1_348' title='bbox 1365 2778 1611 2860; x_wconf 61' lang='lat' dir='ltr'><strong>superius</strong></span> <span class='ocrx_word' id='word_1_349' title='bbox 1639 2774 1861 2860; x_wconf 61' lang='lat' dir='ltr'><strong>locutio.</strong></span> <span class='ocrx_word' id='word_1_350' title='bbox 1898 2777 2099 2860; x_wconf 65' lang='lat' dir='ltr'><strong>Editi_4</strong></span> <span class='ocrx_word' id='word_1_351' title='bbox 2125 2819 2140 2843; x_wconf 93' lang='lat'><strong>,</strong></span> 
     </span>
    </p>
   </div>
   <div class='ocr_carea' id='block_1_50' title="bbox 542 2846 2139 2927">
    <p class='ocr_par' dir='ltr' id='par_1_50' title="bbox 542 2846 2139 2927">
     <span class='ocr_line' id='line_1_51' title="bbox 542 2846 2139 2927; baseline -0.001 -25"><span class='ocrx_word' id='word_1_352' title='bbox 542 2849 861 2927; x_wconf 47' lang='lat' dir='ltr'><strong>narraretur.</strong></span> <span class='ocrx_word' id='word_1_353' title='bbox 892 2847 950 2904; x_wconf 89' lang='lat' dir='ltr'><strong>In</strong></span> <span class='ocrx_word' id='word_1_354' title='bbox 975 2846 1042 2903; x_wconf 63' lang='lat' dir='ltr'><strong>il</strong></span> <span class='ocrx_word' id='word_1_355' title='bbox 1073 2862 1205 2905; x_wconf 83' lang='lat' dir='ltr'><strong>mss.</strong></span> <span class='ocrx_word' id='word_1_356' title='bbox 1239 2859 1295 2904; x_wconf 91' lang='lat' dir='ltr'><strong>et</strong></span> <span class='ocrx_word' id='word_1_357' title='bbox 1321 2849 1357 2902; x_wconf 83' lang='lat'><strong>5</strong></span> <span class='ocrx_word' id='word_1_358' title='bbox 1382 2848 1511 2905; x_wconf 87' lang='lat' dir='ltr'><strong>edit.</strong></span> <span class='ocrx_word' id='word_1_359' title='bbox 1543 2848 1726 2915; x_wconf 85' lang='lat' dir='ltr'><strong>Rom.,</strong></span> <span class='ocrx_word' id='word_1_360' title='bbox 1752 2848 2021 2917; x_wconf 86' lang='lat' dir='ltr'><strong>Florent.,</strong></span> <span class='ocrx_word' id='word_1_361' title='bbox 2045 2849 2139 2914; x_wconf 84' lang='lat' dir='ltr'><strong>ls.,</strong></span> 
     </span>
    </p>
   </div>
   <div class='ocr_carea' id='block_1_51' title="bbox 540 2917 2139 3059">
    <p class='ocr_par' dir='ltr' id='par_1_51' title="bbox 540 2917 2139 3059">
     <span class='ocr_line' id='line_1_52' title="bbox 540 2917 985 2985; baseline 0.002 -15"><span class='ocrx_word' id='word_1_362' title='bbox 540 2917 704 2977; x_wconf 64' lang='lat' dir='ltr'><strong>sister</strong></span> <span class='ocrx_word' id='word_1_363' title='bbox 730 2917 985 2985; x_wconf 74' lang='lat' dir='ltr'><strong>aufertur.</strong></span> 
     </span>
     <span class='ocr_line' id='line_1_53' title="bbox 628 2986 2139 3059; baseline -0.001 -14"><span class='ocrx_word' id='word_1_364' title='bbox 628 2986 1093 3059; x_wconf 68' lang='lat' dir='ltr'><strong>Ratioipsanobis</strong></span> <span class='ocrx_word' id='word_1_365' title='bbox 1139 2998 1186 3043; x_wconf 88' lang='lat' dir='ltr'><strong>et</strong></span> <span class='ocrx_word' id='word_1_366' title='bbox 1227 2991 1433 3044; x_wconf 76' lang='lat' dir='ltr'><strong>veritas.</strong></span> <span class='ocrx_word' id='word_1_367' title='bbox 1482 2990 1649 3044; x_wconf 83' lang='lat' dir='ltr'><strong>Abest</strong></span> <span class='ocrx_word' id='word_1_368' title='bbox 1692 2990 1836 3044; x_wconf 80' lang='lat' dir='ltr'><strong>nobis</strong></span> <span class='ocrx_word' id='word_1_369' title='bbox 1881 3005 1913 3045; x_wconf 91' lang='lat' dir='ltr'><strong>a</strong></span> <span class='ocrx_word' id='word_1_370' title='bbox 1958 2990 2139 3047; x_wconf 84' lang='lat' dir='ltr'><strong>multis</strong></span> 
     </span>
    </p>
   </div>
   <div class='ocr_carea' id='block_1_52' title="bbox 1640 2634 2143 2705">
    <p class='ocr_par' dir='ltr' id='par_1_52' title="bbox 1640 2634 2143 2705">
     <span class='ocr_line' id='line_1_54' title="bbox 1640 2634 2143 2705; baseline -0.002 -13"><span class='ocrx_word' id='word_1_371' title='bbox 1640 2650 1687 2692; x_wconf 92' lang='lat' dir='ltr'><strong>s.</strong></span> <span class='ocrx_word' id='word_1_372' title='bbox 1717 2635 1754 2690; x_wconf 77' lang='grc'><strong>5</strong></span> <span class='ocrx_word' id='word_1_373' title='bbox 1780 2643 1835 2691; x_wconf 90' lang='lat' dir='ltr'><strong>et</strong></span> <span class='ocrx_word' id='word_1_374' title='bbox 1857 2634 2024 2700; x_wconf 84' lang='lat' dir='ltr'><strong>editi,</strong></span> <span class='ocrx_word' id='word_1_375' title='bbox 2053 2652 2143 2705; x_wconf 82' lang='lat' dir='ltr'><strong>per</strong></span> 
     </span>
    </p>
   </div>
   <div class='ocr_carea' id='block_1_53' title="bbox 555 3054 2215 3131">
    <p class='ocr_par' dir='ltr' id='par_1_53' title="bbox 555 3054 2215 3131">
     <span class='ocr_line' id='line_1_55' title="bbox 555 3054 2215 3131; baseline -0.001 -13"><span class='ocrx_word' id='word_1_376' title='bbox 555 3072 686 3118; x_wconf 75' lang='lat' dir='ltr'><strong>mss.</strong></span> <span class='ocrx_word' id='word_1_377' title='bbox 718 3071 787 3131; x_wconf 17' lang='lat' dir='ltr'><strong>iet</strong></span> <span class='ocrx_word' id='word_1_378' title='bbox 828 3054 962 3131; x_wconf 70' lang='lat' dir='ltr'><strong>edd.</strong></span> <span class='ocrx_word' id='word_1_379' title='bbox 1005 3059 1117 3131; x_wconf 86' lang='lat' dir='ltr'><strong>Sed</strong></span> <span class='ocrx_word' id='word_1_380' title='bbox 1142 3070 1293 3115; x_wconf 74' lang='lat' dir='ltr'><strong>extat</strong></span> <span class='ocrx_word' id='word_1_381' title='bbox 1319 3062 1369 3116; x_wconf 93' lang='lat' dir='ltr'><strong>in</strong></span> <span class='ocrx_word' id='word_1_382' title='bbox 1395 3061 1785 3131; x_wconf 84' lang='lat' dir='ltr'><strong>antiquissimis</strong></span> <span class='ocrx_word' id='word_1_383' title='bbox 1829 3069 1886 3117; x_wconf 88' lang='lat' dir='ltr'><strong>et</strong></span> <span class='ocrx_word' id='word_1_384' title='bbox 1928 3063 2144 3130; x_wconf 85' lang='lat' dir='ltr'><strong>eptimis</strong></span> <span class='ocrx_word' id='word_1_385' title='bbox 2169 3054 2215 3117; x_wconf 88' lang='lat' dir='ltr'><strong>C</strong></span> 
     </span>
    </p>
   </div>
   <div class='ocr_carea' id='block_1_54' title="bbox 554 3130 2001 3215">
    <p class='ocr_par' dir='ltr' id='par_1_54' title="bbox 554 3130 2001 3215">
     <span class='ocr_line' id='line_1_56' title="bbox 554 3130 2001 3215; baseline 0.001 -29"><span class='ocrx_word' id='word_1_386' title='bbox 554 3140 693 3215; x_wconf 51' lang='lat' dir='ltr'><strong>tusi.</strong></span> <span class='ocrx_word' id='word_1_387' title='bbox 714 3130 885 3201; x_wconf 82' lang='lat' dir='ltr'><strong>Regio</strong></span> <span class='ocrx_word' id='word_1_388' title='bbox 924 3131 1069 3215; x_wconf 67' lang='lat' dir='ltr'><strong>Put.,</strong></span> <span class='ocrx_word' id='word_1_389' title='bbox 1098 3130 1135 3186; x_wconf 71' lang='grc'><strong>2</strong></span> <span class='ocrx_word' id='word_1_390' title='bbox 1174 3130 2001 3215; x_wconf 44' lang='grc' dir='ltr'><strong>βοξψιιλςξι.νιιιεελιιἱειηίιιιίηψιεἒ</strong></span> 
     </span>
    </p>
   </div>
   <div class='ocr_carea' id='block_1_55' title="bbox 630 3200 2150 3274">
    <p class='ocr_par' dir='ltr' id='par_1_55' title="bbox 630 3200 2150 3274">
     <span class='ocr_line' id='line_1_57' title="bbox 630 3200 2150 3274; baseline 0 -17"><span class='ocrx_word' id='word_1_391' title='bbox 630 3200 935 3274; x_wconf 67' lang='grc' dir='ltr'><strong>Ωκηηιυρω</strong></span> <span class='ocrx_word' id='word_1_392' title='bbox 971 3203 1037 3256; x_wconf 83' lang='lat' dir='ltr'><strong>sit</strong></span> <span class='ocrx_word' id='word_1_393' title='bbox 1079 3204 1322 3274; x_wconf 75' lang='lat' dir='ltr'><strong>sententia</strong></span> <span class='ocrx_word' id='word_1_394' title='bbox 1367 3200 1677 3257; x_wconf 77' lang='lat' dir='ltr'><strong>Stoicorum.</strong></span> <span class='ocrx_word' id='word_1_395' title='bbox 1721 3200 2004 3274; x_wconf 79' lang='lat' dir='ltr'><strong>Chrysippi</strong></span> <span class='ocrx_word' id='word_1_396' title='bbox 2038 3219 2150 3259; x_wconf 87' lang='lat' dir='ltr'><strong>ma-</strong></span> 
     </span>
    </p>
   </div>
   <div class='ocr_carea' id='block_1_56' title="bbox 558 3270 2147 3340">
    <p class='ocr_par' dir='ltr' id='par_1_56' title="bbox 558 3270 2147 3340">
     <span class='ocr_line' id='line_1_58' title="bbox 558 3270 2147 3340; baseline 0.002 -14"><span class='ocrx_word' id='word_1_397' title='bbox 558 3270 726 3340; x_wconf 72' lang='lat' dir='ltr'><strong>xime,</strong></span> <span class='ocrx_word' id='word_1_398' title='bbox 758 3282 816 3328; x_wconf 89' lang='lat' dir='ltr'><strong>ut</strong></span> <span class='ocrx_word' id='word_1_399' title='bbox 861 3273 1053 3328; x_wconf 77' lang='lat' dir='ltr'><strong>Cicero</strong></span> <span class='ocrx_word' id='word_1_400' title='bbox 1106 3270 1167 3326; x_wconf 76' lang='lat' dir='ltr'><strong>in</strong></span> <span class='ocrx_word' id='word_1_401' title='bbox 1214 3289 1270 3328; x_wconf 78' lang='grc' dir='ltr'><strong>ιιι</strong></span> <span class='ocrx_word' id='word_1_402' title='bbox 1311 3274 1378 3330; x_wconf 90' lang='lat' dir='ltr'><strong>de</strong></span> <span class='ocrx_word' id='word_1_403' title='bbox 1404 3274 1626 3329; x_wconf 86' lang='lat' dir='ltr'><strong>Finibus</strong></span> <span class='ocrx_word' id='word_1_404' title='bbox 1656 3270 1876 3340; x_wconf 79' lang='lat' dir='ltr'><strong>indicat,</strong></span> <span class='ocrx_word' id='word_1_405' title='bbox 1922 3270 1979 3328; x_wconf 80' lang='lat' dir='ltr'><strong>et</strong></span> <span class='ocrx_word' id='word_1_406' title='bbox 2010 3274 2062 3329; x_wconf 90' lang='lat' dir='ltr'><strong>in</strong></span> <span class='ocrx_word' id='word_1_407' title='bbox 2093 3291 2147 3329; x_wconf 86' lang='lat' dir='ltr'><strong>tu</strong></span> 
     </span>
    </p>
   </div>
   <div class='ocr_carea' id='block_1_57' title="bbox 556 3338 2147 3415">
    <p class='ocr_par' dir='ltr' id='par_1_57' title="bbox 556 3338 2147 3415">
     <span class='ocr_line' id='line_1_59' title="bbox 556 3338 2147 3415; baseline 0 -16"><span class='ocrx_word' id='word_1_408' title='bbox 556 3338 861 3415; x_wconf 18' lang='lat' dir='ltr'><strong>tle‘Natura</strong></span> <span class='ocrx_word' id='word_1_409' title='bbox 880 3343 1126 3398; x_wconf 89' lang='lat' dir='ltr'><strong>deorum.</strong></span> <span class='ocrx_word' id='word_1_410' title='bbox 1166 3344 1312 3400; x_wconf 90' lang='lat' dir='ltr'><strong>llanc</strong></span> <span class='ocrx_word' id='word_1_411' title='bbox 1338 3360 1452 3402; x_wconf 91' lang='lat' dir='ltr'><strong>rem</strong></span> <span class='ocrx_word' id='word_1_412' title='bbox 1485 3347 1639 3415; x_wconf 84' lang='lat' dir='ltr'><strong>longa</strong></span> <span class='ocrx_word' id='word_1_413' title='bbox 1684 3338 1930 3401; x_wconf 89' lang='lat' dir='ltr'><strong>oratione</strong></span> <span class='ocrx_word' id='word_1_414' title='bbox 1959 3360 2147 3414; x_wconf 85' lang='lat' dir='ltr'><strong>prose-</strong></span> 
     </span>
    </p>
   </div>
   <div class='ocr_carea' id='block_1_58' title="bbox 560 3413 2148 3487">
    <p class='ocr_par' dir='ltr' id='par_1_58' title="bbox 560 3413 2148 3487">
     <span class='ocr_line' id='line_1_60' title="bbox 560 3413 2148 3487; baseline 0.001 -18"><span class='ocrx_word' id='word_1_415' title='bbox 560 3413 740 3483; x_wconf 77' lang='lat' dir='ltr'><strong>quitnr</strong></span> <span class='ocrx_word' id='word_1_416' title='bbox 763 3414 1084 3482; x_wconf 86' lang='lat' dir='ltr'><strong>Q.Lucilius</strong></span> <span class='ocrx_word' id='word_1_417' title='bbox 1111 3414 1324 3487; x_wconf 79' lang='lat' dir='ltr'><strong>Balbus,</strong></span> <span class='ocrx_word' id='word_1_418' title='bbox 1357 3417 1445 3485; x_wconf 88' lang='lat' dir='ltr'><strong>qui</strong></span> <span class='ocrx_word' id='word_1_419' title='bbox 1472 3413 1754 3487; x_wconf 70' lang='lat' dir='ltr'><strong>(Cicerone</strong></span> <span class='ocrx_word' id='word_1_420' title='bbox 1785 3417 1945 3486; x_wconf 89' lang='lat' dir='ltr'><strong>teste)</strong></span> <span class='ocrx_word' id='word_1_421' title='bbox 1964 3413 2148 3471; x_wconf 86' lang='lat' dir='ltr'><strong>tantos</strong></span> 
     </span>
    </p>
   </div>
   <div class='ocr_carea' id='block_1_59' title="bbox 559 3485 2147 3554">
    <p class='ocr_par' dir='ltr' id='par_1_59' title="bbox 559 3485 2147 3554">
     <span class='ocr_line' id='line_1_61' title="bbox 559 3485 2147 3554; baseline 0.001 -14"><span class='ocrx_word' id='word_1_422' title='bbox 559 3497 879 3554; x_wconf 74' lang='lat' dir='ltr'><strong>progressus</strong></span> <span class='ocrx_word' id='word_1_423' title='bbox 907 3486 1068 3542; x_wconf 82' lang='lat' dir='ltr'><strong>habet</strong></span> <span class='ocrx_word' id='word_1_424' title='bbox 1097 3488 1147 3541; x_wconf 92' lang='lat' dir='ltr'><strong>in</strong></span> <span class='ocrx_word' id='word_1_425' title='bbox 1176 3485 1403 3551; x_wconf 85' lang='lat' dir='ltr'><strong>Stoicis,</strong></span> <span class='ocrx_word' id='word_1_426' title='bbox 1446 3485 1500 3540; x_wconf 84' lang='lat' dir='ltr'><strong>ut</strong></span> <span class='ocrx_word' id='word_1_427' title='bbox 1523 3503 1647 3543; x_wconf 91' lang='lat' dir='ltr'><strong>cum</strong></span> <span class='ocrx_word' id='word_1_428' title='bbox 1675 3485 2066 3543; x_wconf 80' lang='lat' dir='ltr'><strong>excellentibus</strong></span> <span class='ocrx_word' id='word_1_429' title='bbox 2093 3487 2147 3542; x_wconf 90' lang='lat' dir='ltr'><strong>in</strong></span> 
     </span>
    </p>
   </div>
   <div class='ocr_carea' id='block_1_60' title="bbox 558 3557 2149 3628">
    <p class='ocr_par' dir='ltr' id='par_1_60' title="bbox 558 3557 2149 3628">
     <span class='ocr_line' id='line_1_62' title="bbox 558 3557 2149 3628; baseline 0.001 -17"><span class='ocrx_word' id='word_1_430' title='bbox 558 3570 878 3628; x_wconf 50' lang='lat' dir='ltr'><strong>conruere</strong></span> <span class='ocrx_word' id='word_1_431' title='bbox 929 3557 1133 3613; x_wconf 70' lang='lat' dir='ltr'><strong>Graecis</strong></span> <span class='ocrx_word' id='word_1_432' title='bbox 1185 3569 1549 3628; x_wconf 88' lang='lat' dir='ltr'><strong>comparetur.</strong></span> <span class='ocrx_word' id='word_1_433' title='bbox 1615 3558 1694 3613; x_wconf 83' lang='lat' dir='ltr'><strong>Ex</strong></span> <span class='ocrx_word' id='word_1_434' title='bbox 1753 3558 2149 3614; x_wconf 85' lang='lat' dir='ltr'><strong>Ecelesiasticis</strong></span> 
     </span>
    </p>
   </div>
   <div class='ocr_carea' id='block_1_61' title="bbox 558 3573 2146 3699">
    <p class='ocr_par' dir='ltr' id='par_1_61' title="bbox 558 3573 2146 3699">
     <span class='ocr_line' id='line_1_63' title="bbox 558 3573 2146 3682; baseline 0.001 -71"><span class='ocrx_word' id='word_1_435' title='bbox 558 3573 626 3611; x_wconf 79' lang='lat' dir='ltr'><strong>eo</strong></span> <span class='ocrx_word' id='word_1_436' title='bbox 650 3573 878 3682; x_wconf 52' lang='lat' dir='ltr'><strong>.Rﬁltfir!</strong></span> <span class='ocrx_word' id='word_1_437' title='bbox 929 3573 1133 3613; x_wconf 66' lang='lat' dir='ltr'><strong>marcus</strong></span> <span class='ocrx_word' id='word_1_438' title='bbox 1185 3573 1549 3628; x_wconf 88' lang='lat' dir='ltr'><strong>comparetur.</strong></span> <span class='ocrx_word' id='word_1_439' title='bbox 1615 3573 1694 3613; x_wconf 69' lang='lat' dir='ltr'><strong>nx</strong></span> <span class='ocrx_word' id='word_1_440' title='bbox 1753 3573 2146 3614; x_wconf 69' lang='lat' dir='ltr'><strong>tscetesnasticus</strong></span> 
     </span>
     <span class='ocr_line' id='line_1_64' title="bbox 558 3630 2146 3699; baseline -0.002 -14"><span class='ocrx_word' id='word_1_441' title='bbox 558 3635 811 3699; x_wconf 67' lang='lat' dir='ltr'><strong>scriptori</strong></span> <span class='ocrx_word' id='word_1_442' title='bbox 834 3643 914 3682; x_wconf 78' lang='lat' dir='ltr'><strong>ius</strong></span> <span class='ocrx_word' id='word_1_443' title='bbox 934 3671 951 3693; x_wconf 91' lang='lat'><strong>,</strong></span> <span class='ocrx_word' id='word_1_444' title='bbox 993 3638 1189 3698; x_wconf 78' lang='lat' dir='ltr'><strong>pra-ter</strong></span> <span class='ocrx_word' id='word_1_445' title='bbox 1221 3644 1318 3684; x_wconf 90' lang='lat' dir='ltr'><strong>eos</strong></span> <span class='ocrx_word' id='word_1_446' title='bbox 1337 3630 1426 3697; x_wconf 92' lang='lat' dir='ltr'><strong>qui</strong></span> <span class='ocrx_word' id='word_1_447' title='bbox 1457 3630 1508 3684; x_wconf 91' lang='lat' dir='ltr'><strong>in</strong></span> <span class='ocrx_word' id='word_1_448' title='bbox 1534 3644 1630 3685; x_wconf 81' lang='lat' dir='ltr'><strong>sex</strong></span> <span class='ocrx_word' id='word_1_449' title='bbox 1657 3630 1867 3685; x_wconf 91' lang='lat' dir='ltr'><strong>dierum</strong></span> <span class='ocrx_word' id='word_1_450' title='bbox 1897 3644 2061 3699; x_wconf 84' lang='lat' dir='ltr'><strong>Opera</strong></span> <span class='ocrx_word' id='word_1_451' title='bbox 2084 3646 2146 3683; x_wconf 77' lang='lat' dir='ltr'><strong>ex</strong></span> 
     </span>
    </p>
   </div>
   <div class='ocr_carea' id='block_1_62' title="bbox 682 3700 2150 3771">
    <p class='ocr_par' dir='ltr' id='par_1_62' title="bbox 682 3700 2150 3771">
     <span class='ocr_line' id='line_1_65' title="bbox 682 3700 2150 3771; baseline 0.002 -18"><span class='ocrx_word' id='word_1_452' title='bbox 682 3700 807 3753; x_wconf 82' lang='lat' dir='ltr'><strong>&#39;csso</strong></span> <span class='ocrx_word' id='word_1_453' title='bbox 837 3701 1227 3771; x_wconf 13' lang='lat' dir='ltr'><strong>gscripserunt,</strong></span> <span class='ocrx_word' id='word_1_454' title='bbox 1278 3700 1383 3756; x_wconf 89' lang='lat' dir='ltr'><strong>hoc</strong></span> <span class='ocrx_word' id='word_1_455' title='bbox 1427 3702 1701 3771; x_wconf 75' lang='lat' dir='ltr'><strong>negotium</strong></span> <span class='ocrx_word' id='word_1_456' title='bbox 1748 3702 2150 3770; x_wconf 80' lang='lat' dir='ltr'><strong>elegantissime</strong></span> 
     </span>
    </p>
   </div>
   <div class='ocr_carea' id='block_1_63' title="bbox 558 3768 2153 3840">
    <p class='ocr_par' dir='ltr' id='par_1_63' title="bbox 558 3768 2153 3840">
     <span class='ocr_line' id='line_1_66' title="bbox 558 3768 2153 3840; baseline 0.003 -19"><span class='ocrx_word' id='word_1_457' title='bbox 558 3771 811 3840; x_wconf 67' lang='lat' dir='ltr'><strong>tracta-vit</strong></span> <span class='ocrx_word' id='word_1_458' title='bbox 836 3768 1231 3830; x_wconf 79' lang='lat' dir='ltr'><strong>Tlteodoretus.</strong></span> <span class='ocrx_word' id='word_1_459' title='bbox 1277 3768 1802 3840; x_wconf 46' lang='lat' dir='ltr'><strong>duobus—prioribus</strong></span> <span class='ocrx_word' id='word_1_460' title='bbox 1844 3768 1916 3827; x_wconf 81' lang='lat' dir='ltr'><strong>de</strong></span> <span class='ocrx_word' id='word_1_461' title='bbox 1965 3771 2153 3825; x_wconf 83' lang='lat' dir='ltr'><strong>Provi-</strong></span> 
     </span>
    </p>
   </div>
   <div class='ocr_carea' id='block_1_64' title="bbox 552 3835 2152 3911">
    <p class='ocr_par' dir='ltr' id='par_1_64' title="bbox 552 3835 2152 3911">
     <span class='ocr_line' id='line_1_67' title="bbox 552 3835 2152 3911; baseline 0.005 -23"><span class='ocrx_word' id='word_1_462' title='bbox 552 3835 746 3893; x_wconf 79' lang='lat' dir='ltr'><strong>dentia</strong></span> <span class='ocrx_word' id='word_1_463' title='bbox 772 3841 951 3895; x_wconf 68' lang='lat' dir='ltr'><strong>(livina</strong></span> <span class='ocrx_word' id='word_1_464' title='bbox 976 3842 1343 3907; x_wconf 81' lang='lat' dir='ltr'><strong>sermonibus,</strong></span> <span class='ocrx_word' id='word_1_465' title='bbox 1368 3835 1678 3910; x_wconf 58' lang='lat' dir='ltr'><strong>atque&#39;item</strong></span> <span class='ocrx_word' id='word_1_466' title='bbox 1702 3842 1889 3910; x_wconf 87' lang='lat' dir='ltr'><strong>quinto</strong></span> <span class='ocrx_word' id='word_1_467' title='bbox 1917 3860 1929 3895; x_wconf 87' lang='lat'><strong>:</strong></span> <span class='ocrx_word' id='word_1_468' title='bbox 1958 3843 2152 3911; x_wconf 86' lang='lat' dir='ltr'><strong>quibus</strong></span> 
     </span>
    </p>
   </div>
   <div class='ocr_carea' id='block_1_65' title="bbox 564 3912 2149 3990">
    <p class='ocr_par' dir='ltr' id='par_1_65' title="bbox 564 3912 2149 3990">
     <span class='ocr_line' id='line_1_68' title="bbox 564 3912 2149 3990; baseline 0.001 -26"><span class='ocrx_word' id='word_1_469' title='bbox 564 3918 921 3990; x_wconf 58' lang='lat' dir='ltr'><strong>praeterquam</strong></span> <span class='ocrx_word' id='word_1_470' title='bbox 970 3913 1119 3990; x_wconf 78' lang='lat' dir='ltr'><strong>quod</strong></span> <span class='ocrx_word' id='word_1_471' title='bbox 1156 3912 1392 3990; x_wconf 80' lang='lat' dir='ltr'><strong>divinam</strong></span> <span class='ocrx_word' id='word_1_472' title='bbox 1448 3913 1839 3990; x_wconf 76' lang='lat' dir='ltr'><strong>providentiam</strong></span> <span class='ocrx_word' id='word_1_473' title='bbox 1871 3929 1935 3968; x_wconf 86' lang='lat' dir='ltr'><strong>ex</strong></span> <span class='ocrx_word' id='word_1_474' title='bbox 1969 3928 2149 3990; x_wconf 73' lang='lat' dir='ltr'><strong>rerum</strong></span> 
     </span>
    </p>
   </div>
   <div class='ocr_carea' id='block_1_66' title="bbox 566 3982 2149 4061">
    <p class='ocr_par' dir='ltr' id='par_1_66' title="bbox 566 3982 2149 4061">
     <span class='ocr_line' id='line_1_69' title="bbox 566 3982 2149 4061; baseline 0.003 -29"><span class='ocrx_word' id='word_1_475' title='bbox 566 3982 913 4061; x_wconf 64' lang='lat' dir='ltr'><strong>universitate.</strong></span> <span class='ocrx_word' id='word_1_476' title='bbox 964 3982 1422 4061; x_wconf 79' lang='lat' dir='ltr'><strong>statuit,__e_docet</strong></span> <span class='ocrx_word' id='word_1_477' title='bbox 1461 3984 1789 4061; x_wconf 82' lang='lat' dir='ltr'><strong>_manife_sle,</strong></span> <span class='ocrx_word' id='word_1_478' title='bbox 1843 3999 1948 4061; x_wconf 81' lang='lat' dir='ltr'><strong>non</strong></span> <span class='ocrx_word' id='word_1_479' title='bbox 1978 3984 2149 4061; x_wconf 83' lang='lat' dir='ltr'><strong>solum</strong></span> 
     </span>
    </p>
   </div>
   <div class='ocr_carea' id='block_1_67' title="bbox 563 4049 2149 4131">
    <p class='ocr_par' dir='ltr' id='par_1_67' title="bbox 563 4049 2149 4131">
     <span class='ocr_line' id='line_1_70' title="bbox 563 4049 2149 4131; baseline 0.004 -29"><span class='ocrx_word' id='word_1_480' title='bbox 563 4049 995 4131; x_wconf 70' lang='lat' dir='ltr'><strong>utilitatemqua:</strong></span> <span class='ocrx_word' id='word_1_481' title='bbox 1020 4053 1342 4109; x_wconf 78' lang='lat' dir='ltr'><strong>mortalibus</strong></span> <span class='ocrx_word' id='word_1_482' title='bbox 1386 4053 1510 4131; x_wconf 74' lang='lat' dir='ltr'><strong>inde</strong></span> <span class='ocrx_word' id='word_1_483' title='bbox 1543 4055 1799 4131; x_wconf 75' lang='lat' dir='ltr'><strong>nascitur,</strong></span> <span class='ocrx_word' id='word_1_484' title='bbox 1851 4054 1946 4109; x_wconf 89' lang='lat' dir='ltr'><strong>sed</strong></span> <span class='ocrx_word' id='word_1_485' title='bbox 1975 4055 2149 4131; x_wconf 67' lang='lat' dir='ltr'><strong>etiam</strong></span> 
     </span>
    </p>
   </div>
   <div class='ocr_carea' id='block_1_68' title="bbox 559 4122 2147 4187">
    <p class='ocr_par' dir='ltr' id='par_1_68' title="bbox 559 4122 2147 4187">
     <span class='ocr_line' id='line_1_71' title="bbox 559 4122 2147 4187; baseline 0.004 -14"><span class='ocrx_word' id='word_1_486' title='bbox 559 4122 990 4187; x_wconf 89' lang='lat' dir='ltr'><strong>jucunditatem;</strong></span> <span class='ocrx_word' id='word_1_487' title='bbox 1047 4134 1101 4178; x_wconf 91' lang='lat' dir='ltr'><strong>et</strong></span> <span class='ocrx_word' id='word_1_488' title='bbox 1160 4133 1346 4179; x_wconf 91' lang='lat' dir='ltr'><strong>noster</strong></span> <span class='ocrx_word' id='word_1_489' title='bbox 1399 4125 1645 4180; x_wconf 87' lang='lat' dir='ltr'><strong>Lactant.</strong></span> <span class='ocrx_word' id='word_1_490' title='bbox 1700 4125 1791 4180; x_wconf 92' lang='lat' dir='ltr'><strong>lib.</strong></span> <span class='ocrx_word' id='word_1_491' title='bbox 1846 4141 1920 4178; x_wconf 88' lang='lat' dir='ltr'><strong>vu</strong></span> <span class='ocrx_word' id='word_1_492' title='bbox 1975 4123 2147 4179; x_wconf 87' lang='lat' dir='ltr'><strong>Divin.</strong></span> 
     </span>
    </p>
   </div>
   <div class='ocr_carea' id='block_1_69' title="bbox 564 4191 2150 4267">
    <p class='ocr_par' dir='ltr' id='par_1_69' title="bbox 564 4191 2150 4267">
     <span class='ocr_line' id='line_1_72' title="bbox 564 4191 2150 4267; baseline 0.003 -20"><span class='ocrx_word' id='word_1_493' title='bbox 564 4191 736 4267; x_wconf 66' lang='lat' dir='ltr'><strong>Instjt.</strong></span> <span class='ocrx_word' id='word_1_494' title='bbox 755 4209 803 4247; x_wconf 90' lang='lat' dir='ltr'><strong>c.</strong></span> <span class='ocrx_word' id='word_1_495' title='bbox 824 4196 879 4260; x_wconf 81' lang='lat'><strong>5,</strong></span> <span class='ocrx_word' id='word_1_496' title='bbox 911 4195 1155 4267; x_wconf 84' lang='lat' dir='ltr'><strong>eamdem</strong></span> <span class='ocrx_word' id='word_1_497' title='bbox 1185 4196 1541 4267; x_wconf 72' lang='lat' dir='ltr'><strong>quaestionem</strong></span> <span class='ocrx_word' id='word_1_498' title='bbox 1572 4197 1800 4266; x_wconf 88' lang='lat' dir='ltr'><strong>attingit.</strong></span> <span class='ocrx_word' id='word_1_499' title='bbox 1831 4197 2150 4255; x_wconf 72' lang='lat' dir='ltr'><strong>BETULEIUS.</strong></span> 
     </span>
    </p>
   </div>
   <div class='ocr_carea' id='block_1_70' title="bbox 562 4261 2151 4338">
    <p class='ocr_par' dir='ltr' id='par_1_70' title="bbox 562 4261 2151 4338">
     <span class='ocr_line' id='line_1_73' title="bbox 562 4261 2151 4338; baseline 0.003 -21"><span class='ocrx_word' id='word_1_500' title='bbox 562 4261 965 4338; x_wconf 56' lang='lat' dir='ltr'><strong>7—Staicornni.</strong></span> <span class='ocrx_word' id='word_1_501' title='bbox 999 4266 1168 4323; x_wconf 85' lang='lat' dir='ltr'><strong>Stoici</strong></span> <span class='ocrx_word' id='word_1_502' title='bbox 1203 4261 1353 4336; x_wconf 58' lang='lat' dir='ltr'><strong>&#39;apud</strong></span> <span class='ocrx_word' id='word_1_503' title='bbox 1379 4267 1629 4323; x_wconf 70' lang='lat' dir='ltr'><strong>Ciceroni.</strong></span> <span class='ocrx_word' id='word_1_504' title='bbox 1662 4261 1869 4323; x_wconf 80' lang='lat' dir='ltr'><strong>Lucull.</strong></span> <span class='ocrx_word' id='word_1_505' title='bbox 1906 4279 1962 4322; x_wconf 96' lang='lat' dir='ltr'><strong>ut</strong></span> <span class='ocrx_word' id='word_1_506' title='bbox 1991 4282 2151 4338; x_wconf 87' lang='lat' dir='ltr'><strong>supra</strong></span> 
     </span>
    </p>
   </div>
   <div class='ocr_carea' id='block_1_71' title="bbox 562 4335 1414 4407">
    <p class='ocr_par' dir='ltr' id='par_1_71' title="bbox 562 4335 1414 4407">
     <span class='ocr_line' id='line_1_74' title="bbox 562 4335 1414 4407; baseline 0.001 -16"><span class='ocrx_word' id='word_1_507' title='bbox 562 4335 798 4407; x_wconf 62' lang='lat' dir='ltr'><strong>Institut.</strong></span> <span class='ocrx_word' id='word_1_508' title='bbox 828 4338 920 4393; x_wconf 90' lang='lat' dir='ltr'><strong>lib.</strong></span> <span class='ocrx_word' id='word_1_509' title='bbox 954 4352 1044 4401; x_wconf 83' lang='lat' dir='ltr'><strong>vn,</strong></span> <span class='ocrx_word' id='word_1_510' title='bbox 1071 4354 1191 4407; x_wconf 88' lang='lat' dir='ltr'><strong>cap.</strong></span> <span class='ocrx_word' id='word_1_511' title='bbox 1222 4338 1257 4394; x_wconf 74' lang='grc'>4</span> <span class='ocrx_word' id='word_1_512' title='bbox 1282 4348 1337 4394; x_wconf 90' lang='lat' dir='ltr'><strong>et</strong></span> <span class='ocrx_word' id='word_1_513' title='bbox 1362 4340 1414 4393; x_wconf 92' lang='lat'><strong>7.</strong></span> 
     </span>
    </p>
   </div>
   <div class='ocr_carea' id='block_1_72' title="bbox 638 4404 2151 4487">
    <p class='ocr_par' dir='ltr' id='par_1_72' title="bbox 638 4404 2151 4487">
     <span class='ocr_line' id='line_1_75' title="bbox 638 4404 2151 4487; baseline 0.003 -28"><span class='ocrx_word' id='word_1_514' title='bbox 638 4404 832 4487; x_wconf 49' lang='lat' dir='ltr'><strong>plostra</strong></span> <span class='ocrx_word' id='word_1_515' title='bbox 860 4425 1036 4487; x_wconf 76' lang='lat' dir='ltr'><strong>causa.</strong></span> <span class='ocrx_word' id='word_1_516' title='bbox 1067 4404 1285 4479; x_wconf 78' lang='lat' dir='ltr'><strong>Legitur</strong></span> <span class='ocrx_word' id='word_1_517' title='bbox 1318 4409 1496 4464; x_wconf 89' lang='lat' dir='ltr'><strong>Nostri</strong></span> <span class='ocrx_word' id='word_1_518' title='bbox 1524 4428 1678 4465; x_wconf 86' lang='lat' dir='ltr'><strong>causa</strong></span> <span class='ocrx_word' id='word_1_519' title='bbox 1695 4411 1834 4480; x_wconf 87' lang='lat' dir='ltr'><strong>apud</strong></span> <span class='ocrx_word' id='word_1_520' title='bbox 1856 4412 2151 4487; x_wconf 76' lang='lat' dir='ltr'><strong>Bttneman.</strong></span> 
     </span>
    </p>
   </div>
   <div class='ocr_carea' id='block_1_73' title="bbox 558 4480 2155 4549">
    <p class='ocr_par' dir='ltr' id='par_1_73' title="bbox 558 4480 2155 4549">
     <span class='ocr_line' id='line_1_76' title="bbox 558 4480 2155 4549; baseline 0.002 -18"><span class='ocrx_word' id='word_1_521' title='bbox 558 4484 619 4549; x_wconf 55' lang='grc' dir='ltr'><strong>«ῃ</strong></span> <span class='ocrx_word' id='word_1_522' title='bbox 643 4480 695 4531; x_wconf 88' lang='lat' dir='ltr'><strong>iu</strong></span> <span class='ocrx_word' id='word_1_523' title='bbox 746 4480 884 4533; x_wconf 79' lang='lat' dir='ltr'><strong>hanc</strong></span> <span class='ocrx_word' id='word_1_524' title='bbox 912 4481 1204 4535; x_wconf 86' lang='lat' dir='ltr'><strong>variantem</strong></span> <span class='ocrx_word' id='word_1_525' title='bbox 1232 4491 1414 4535; x_wconf 90' lang='lat' dir='ltr'><strong>notam</strong></span> <span class='ocrx_word' id='word_1_526' title='bbox 1460 4490 1777 4549; x_wconf 80' lang='lat' dir='ltr'><strong>sequentem</strong></span> <span class='ocrx_word' id='word_1_527' title='bbox 1806 4484 2026 4538; x_wconf 89' lang='lat' dir='ltr'><strong>exhibet</strong></span> <span class='ocrx_word' id='word_1_528' title='bbox 2049 4500 2062 4534; x_wconf 85' lang='lat'><strong>:</strong></span> <span class='ocrx_word' id='word_1_529' title='bbox 2082 4482 2155 4522; x_wconf 85' lang='lat'><strong>—&#39;-</strong></span> 
     </span>
    </p>
   </div>
   <div class='ocr_carea' id='block_1_74' title="bbox 568 4544 2155 4621">
    <p class='ocr_par' dir='ltr' id='par_1_74' title="bbox 568 4544 2155 4621">
     <span class='ocr_line' id='line_1_77' title="bbox 568 4544 2155 4621; baseline 0.007 -24"><span class='ocrx_word' id='word_1_530' title='bbox 568 4544 747 4621; x_wconf 48' lang='grc' dir='ltr'><strong>μουνὶ</strong></span> <span class='ocrx_word' id='word_1_531' title='bbox 772 4565 948 4601; x_wconf 84' lang='lat' dir='ltr'><strong>causa.</strong></span> <span class='ocrx_word' id='word_1_532' title='bbox 983 4549 1166 4621; x_wconf 83' lang='lat' dir='ltr'><strong>Honor</strong></span> <span class='ocrx_word' id='word_1_533' title='bbox 1194 4560 1278 4605; x_wconf 89' lang='lat' dir='ltr'><strong>est</strong></span> <span class='ocrx_word' id='word_1_534' title='bbox 1309 4544 1584 4606; x_wconf 84' lang='lat' dir='ltr'><strong>habendus</strong></span> <span class='ocrx_word' id='word_1_535' title='bbox 1614 4554 1921 4621; x_wconf 84' lang='lat' dir='ltr'><strong>antiquitati</strong></span> <span class='ocrx_word' id='word_1_536' title='bbox 1950 4553 2155 4609; x_wconf 87' lang='lat' dir='ltr'><strong>codicis</strong></span> 
     </span>
    </p>
   </div>
   <div class='ocr_carea' id='block_1_75' title="bbox 562 4617 2155 4690">
    <p class='ocr_par' dir='ltr' id='par_1_75' title="bbox 562 4617 2155 4690">
     <span class='ocr_line' id='line_1_78' title="bbox 562 4617 2155 4690; baseline 0.006 -21"><span class='ocrx_word' id='word_1_537' title='bbox 562 4617 773 4672; x_wconf 75' lang='lat' dir='ltr'><strong>Borion.</strong></span> <span class='ocrx_word' id='word_1_538' title='bbox 804 4634 874 4674; x_wconf 78' lang='lat' dir='ltr'><strong>ex</strong></span> <span class='ocrx_word' id='word_1_539' title='bbox 904 4635 1011 4689; x_wconf 89' lang='lat' dir='ltr'><strong>quo</strong></span> <span class='ocrx_word' id='word_1_540' title='bbox 1066 4619 1226 4675; x_wconf 71' lang='lat' dir='ltr'><strong>lsmus</strong></span> <span class='ocrx_word' id='word_1_541' title='bbox 1271 4623 1474 4690; x_wconf 87' lang='lat' dir='ltr'><strong>recepit</strong></span> <span class='ocrx_word' id='word_1_542' title='bbox 1511 4624 1672 4676; x_wconf 85' lang='lat' dir='ltr'><strong>nostri</strong></span> <span class='ocrx_word' id='word_1_543' title='bbox 1716 4617 1872 4677; x_wconf 80' lang='lat' dir='ltr'><strong>causa</strong></span> <span class='ocrx_word' id='word_1_544' title='bbox 1915 4634 1973 4679; x_wconf 90' lang='lat' dir='ltr'><strong>et</strong></span> <span class='ocrx_word' id='word_1_545' title='bbox 2014 4625 2155 4679; x_wconf 88' lang='lat' dir='ltr'><strong>lleu-</strong></span> 
     </span>
    </p>
   </div>
   <div class='ocr_carea' id='block_1_76' title="bbox 562 4690 2009 4759">
    <p class='ocr_par' dir='ltr' id='par_1_76' title="bbox 562 4690 2009 4759">
     <span class='ocr_line' id='line_1_79' title="bbox 562 4690 2009 4759; baseline 0.005 -18"><span class='ocrx_word' id='word_1_546' title='bbox 562 4702 790 4742; x_wconf 86' lang='lat' dir='ltr'><strong>manuus</strong></span> <span class='ocrx_word' id='word_1_547' title='bbox 830 4690 1220 4759; x_wconf 84' lang='lat' dir='ltr'><strong>comprobavit.</strong></span> <span class='ocrx_word' id='word_1_548' title='bbox 1876 4695 2009 4750; x_wconf 78' lang='lat' dir='ltr'><strong>BUN.</strong></span> 
     </span>
    </p>
   </div>
   <div class='ocr_carea' id='block_1_77' title="bbox 634 4760 2151 4822">
    <p class='ocr_par' dir='ltr' id='par_1_77' title="bbox 634 4760 2151 4822">
     <span class='ocr_line' id='line_1_80' title="bbox 634 4760 2151 4822; baseline 0.004 -9"><span class='ocrx_word' id='word_1_549' title='bbox 634 4760 716 4814; x_wconf 76' lang='lat' dir='ltr'><strong>Ad</strong></span> <span class='ocrx_word' id='word_1_550' title='bbox 741 4761 1008 4815; x_wconf 68' lang='lat' dir='ltr'><strong>utilitatem</strong></span> <span class='ocrx_word' id='word_1_551' title='bbox 1040 4762 1277 4816; x_wconf 78' lang='lat' dir='ltr'><strong>hominis.</strong></span> <span class='ocrx_word' id='word_1_552' title='bbox 1316 4761 1442 4817; x_wconf 77' lang='lat' dir='ltr'><strong>Mss.</strong></span> <span class='ocrx_word' id='word_1_553' title='bbox 1473 4762 1509 4816; x_wconf 73' lang='grc'>2</span> <span class='ocrx_word' id='word_1_554' title='bbox 1547 4762 1754 4818; x_wconf 82' lang='lat' dir='ltr'><strong>Bonan.</strong></span> <span class='ocrx_word' id='word_1_555' title='bbox 1792 4773 1848 4819; x_wconf 90' lang='lat' dir='ltr'><strong>et</strong></span> <span class='ocrx_word' id='word_1_556' title='bbox 1880 4765 1914 4818; x_wconf 77' lang='grc'><strong>4</strong></span> <span class='ocrx_word' id='word_1_557' title='bbox 1940 4767 2012 4820; x_wconf 90' lang='lat' dir='ltr'><strong>al.</strong></span> <span class='ocrx_word' id='word_1_558' title='bbox 2040 4781 2151 4822; x_wconf 91' lang='lat' dir='ltr'><strong>rec.</strong></span> 
     </span>
    </p>
   </div>
   <div class='ocr_carea' id='block_1_78' title="bbox 561 4828 2150 4905">
    <p class='ocr_par' dir='ltr' id='par_1_78' title="bbox 561 4828 2150 4905">
     <span class='ocr_line' id='line_1_81' title="bbox 561 4828 2150 4905; baseline 0.004 -21"><span class='ocrx_word' id='word_1_559' title='bbox 561 4828 789 4905; x_wconf 66' lang='lat' dir='ltr'><strong>addunt.</strong></span> <span class='ocrx_word' id='word_1_560' title='bbox 816 4833 995 4905; x_wconf 79' lang='lat' dir='ltr'><strong>solius.</strong></span> <span class='ocrx_word' id='word_1_561' title='bbox 1025 4830 1155 4905; x_wconf 74' lang='lat' dir='ltr'><strong>Vide</strong></span> <span class='ocrx_word' id='word_1_562' title='bbox 1176 4832 1383 4887; x_wconf 83' lang='lat' dir='ltr'><strong>infrain</strong></span> <span class='ocrx_word' id='word_1_563' title='bbox 1402 4836 1786 4889; x_wconf 67' lang='lat' dir='ltr'><strong>multinominis</strong></span> <span class='ocrx_word' id='word_1_564' title='bbox 1807 4853 1840 4889; x_wconf 81' lang='grc' dir='ltr'><em>α</em></span> <span class='ocrx_word' id='word_1_565' title='bbox 1867 4834 1975 4890; x_wconf 85' lang='lat' dir='ltr'><strong>Deo</strong></span> <span class='ocrx_word' id='word_1_566' title='bbox 1990 4837 2150 4905; x_wconf 86' lang='lat' dir='ltr'><strong>facta.</strong></span> 
     </span>
    </p>
   </div>
   <div class='ocr_carea' id='block_1_79' title="bbox 638 4900 2155 4978">
    <p class='ocr_par' dir='ltr' id='par_1_79' title="bbox 638 4900 2155 4978">
     <span class='ocr_line' id='line_1_82' title="bbox 638 4900 2155 4978; baseline 0.005 -24"><span class='ocrx_word' id='word_1_567' title='bbox 638 4900 1038 4978; x_wconf 48' lang='lat' dir='ltr'><strong>{lolliengorunt</strong></span> <span class='ocrx_word' id='word_1_568' title='bbox 1066 4904 1313 4961; x_wconf 80' lang='lat' dir='ltr'><strong>ciborum.</strong></span> <span class='ocrx_word' id='word_1_569' title='bbox 1352 4905 1442 4960; x_wconf 87' lang='lat' dir='ltr'><strong>Sic</strong></span> <span class='ocrx_word' id='word_1_570' title='bbox 1474 4906 1594 4975; x_wconf 85' lang='lat' dir='ltr'><strong>lego</strong></span> <span class='ocrx_word' id='word_1_571' title='bbox 1616 4921 1684 4960; x_wconf 80' lang='lat' dir='ltr'><strong>ex</strong></span> <span class='ocrx_word' id='word_1_572' title='bbox 1713 4922 1844 4978; x_wconf 77' lang='lat' dir='ltr'><strong>mss.</strong></span> <span class='ocrx_word' id='word_1_573' title='bbox 1890 4923 1904 4961; x_wconf 92' lang='grc' dir='ltr'>ι</span> <span class='ocrx_word' id='word_1_574' title='bbox 1936 4900 2090 4978; x_wconf 81' lang='lat' dir='ltr'><strong>Reg.,</strong></span> <span class='ocrx_word' id='word_1_575' title='bbox 2119 4907 2155 4961; x_wconf 76' lang='lat'><strong>2</strong></span> 
     </span>
    </p>
   </div>
   <div class='ocr_carea' id='block_1_80' title="bbox 559 4968 2153 5055">
    <p class='ocr_par' dir='ltr' id='par_1_80' title="bbox 559 4968 2153 5055">
     <span class='ocr_line' id='line_1_83' title="bbox 559 4968 2153 5055; baseline 0.005 -29"><span class='ocrx_word' id='word_1_576' title='bbox 559 4968 826 5055; x_wconf 56' lang='lat' dir='ltr'><strong>Calpen,</strong></span> <span class='ocrx_word' id='word_1_577' title='bbox 858 4974 1041 5055; x_wconf 58' lang='lat' dir='ltr'><strong>Balus.</strong></span> <span class='ocrx_word' id='word_1_578' title='bbox 1069 4991 1192 5045; x_wconf 71' lang='lat' dir='ltr'><strong>qum</strong></span> <span class='ocrx_word' id='word_1_579' title='bbox 1220 4993 1322 5030; x_wconf 88' lang='lat' dir='ltr'><strong>vox</strong></span> <span class='ocrx_word' id='word_1_580' title='bbox 1361 4985 1436 5055; x_wconf 60' lang='grc' dir='ltr'><strong>τῷ</strong></span> <span class='ocrx_word' id='word_1_581' title='bbox 1480 4968 1621 5055; x_wconf 67' lang='lat' dir='ltr'><strong>igni,</strong></span> <span class='ocrx_word' id='word_1_582' title='bbox 1674 4977 1819 5055; x_wconf 73' lang='lat' dir='ltr'><strong>qpo_d</strong></span> <span class='ocrx_word' id='word_1_583' title='bbox 1867 4968 2153 5055; x_wconf 53' lang='lat' dir='ltr'><strong>praecélit,</strong></span> 
     </span>
    </p>
   </div>
   <div class='ocr_carea' id='block_1_81' title="bbox 563 5043 2153 5126">
    <p class='ocr_par' dir='ltr' id='par_1_81' title="bbox 563 5043 2153 5126">
     <span class='ocr_line' id='line_1_84' title="bbox 563 5043 2153 5126; baseline 0.005 -29"><span class='ocrx_word' id='word_1_584' title='bbox 563 5043 770 5126; x_wconf 53' lang='lat' dir='ltr'><strong>melius</strong></span> <span class='ocrx_word' id='word_1_585' title='bbox 796 5045 1070 5126; x_wconf 62' lang='lat' dir='ltr'><strong>conyenit,</strong></span> <span class='ocrx_word' id='word_1_586' title='bbox 1089 5043 1264 5126; x_wconf 68' lang='lat' dir='ltr'><strong>quam</strong></span> <span class='ocrx_word' id='word_1_587' title='bbox 1296 5043 1670 5126; x_wconf 61' lang='lat' dir='ltr'><strong>mittendorum,</strong></span> <span class='ocrx_word' id='word_1_588' title='bbox 1694 5043 1740 5103; x_wconf 70' lang='grc'><strong>’2</strong></span> <span class='ocrx_word' id='word_1_589' title='bbox 1771 5043 1904 5105; x_wconf 84' lang='lat' dir='ltr'><strong>Bon.</strong></span> <span class='ocrx_word' id='word_1_590' title='bbox 1938 5061 1993 5126; x_wconf 81' lang='lat' dir='ltr'><strong>et</strong></span> <span class='ocrx_word' id='word_1_591' title='bbox 2019 5043 2153 5105; x_wconf 72' lang='lat' dir='ltr'><strong>Tax.</strong></span> 
     </span>
    </p>
   </div>
   <div class='ocr_carea' id='block_1_82' title="bbox 561 5113 2157 5191">
    <p class='ocr_par' dir='ltr' id='par_1_82' title="bbox 561 5113 2157 5191">
     <span class='ocr_line' id='line_1_85' title="bbox 561 5113 2157 5191; baseline 0.005 -23"><span class='ocrx_word' id='word_1_592' title='bbox 561 5113 629 5168; x_wconf 86' lang='lat' dir='ltr'><strong>Et</strong></span> <span class='ocrx_word' id='word_1_593' title='bbox 648 5114 861 5191; x_wconf 77' lang='lat' dir='ltr'><strong>quidem</strong></span> <span class='ocrx_word' id='word_1_594' title='bbox 894 5113 1137 5191; x_wconf 79' lang='lat' dir='ltr'><strong>Latinius</strong></span> <span class='ocrx_word' id='word_1_595' title='bbox 1185 5119 1360 5191; x_wconf 73' lang='lat' dir='ltr'><strong>in‘sui</strong></span> <span class='ocrx_word' id='word_1_596' title='bbox 1405 5118 1666 5191; x_wconf 79' lang='lat' dir='ltr'><strong>Lactantii</strong></span> <span class='ocrx_word' id='word_1_597' title='bbox 1718 5135 1813 5175; x_wconf 89' lang='lat' dir='ltr'><strong>ora</strong></span> <span class='ocrx_word' id='word_1_598' title='bbox 1863 5122 2157 5191; x_wconf 85' lang='lat' dir='ltr'><strong>scripserat</strong></span> 
     </span>
    </p>
   </div>
   <div class='ocr_carea' id='block_1_83' title="bbox 562 5184 2159 5260">
    <p class='ocr_par' dir='ltr' id='par_1_83' title="bbox 562 5184 2159 5260">
     <span class='ocr_line' id='line_1_86' title="bbox 562 5184 2159 5260; baseline 0.005 -20"><span class='ocrx_word' id='word_1_599' title='bbox 562 5184 953 5260; x_wconf 78' lang='lat' dir='ltr'><strong>molliendorum</strong></span> <span class='ocrx_word' id='word_1_600' title='bbox 990 5190 1075 5260; x_wconf 81' lang='lat' dir='ltr'><strong>vel</strong></span> <span class='ocrx_word' id='word_1_601' title='bbox 1132 5189 1525 5245; x_wconf 81' lang='lat' dir='ltr'><strong>moliendorum.</strong></span> <span class='ocrx_word' id='word_1_602' title='bbox 1575 5190 1720 5260; x_wconf 90' lang='lat' dir='ltr'><strong>Lego</strong></span> <span class='ocrx_word' id='word_1_603' title='bbox 1792 5192 1934 5260; x_wconf 88' lang='lat' dir='ltr'><strong>apud</strong></span> <span class='ocrx_word' id='word_1_604' title='bbox 1978 5184 2159 5248; x_wconf 55' lang='lat' dir='ltr'><strong>&#39;Cice-</strong></span> 
     </span>
    </p>
   </div>
   <div class='ocr_carea' id='block_1_84' title="bbox 559 5258 2157 5338">
    <p class='ocr_par' dir='ltr' id='par_1_84' title="bbox 559 5258 2157 5338">
     <span class='ocr_line' id='line_1_87' title="bbox 559 5258 2157 5338; baseline 0.006 -27"><span class='ocrx_word' id='word_1_605' title='bbox 559 5270 750 5338; x_wconf 76' lang='lat' dir='ltr'><strong>ronent</strong></span> <span class='ocrx_word' id='word_1_606' title='bbox 799 5273 867 5338; x_wconf 81' lang='lat' dir='ltr'><strong>I_t_,_</strong></span> <span class='ocrx_word' id='word_1_607' title='bbox 904 5258 974 5312; x_wconf 85' lang='lat' dir='ltr'><strong>de</strong></span> <span class='ocrx_word' id='word_1_608' title='bbox 1000 5258 1140 5338; x_wconf 80' lang='lat' dir='ltr'><strong>Nat_.__</strong></span> <span class='ocrx_word' id='word_1_609' title='bbox 1168 5260 1352 5338; x_wconf 74' lang='lat' dir='ltr'><strong>deor._</strong></span> <span class='ocrx_word' id='word_1_610' title='bbox 1377 5262 1500 5323; x_wconf 68' lang='grc'><strong>154,</strong></span> <span class='ocrx_word' id='word_1_611' title='bbox 1557 5258 1785 5316; x_wconf 79' lang='lat' dir='ltr'><strong>mollitur</strong></span> <span class='ocrx_word' id='word_1_612' title='bbox 1817 5258 1977 5338; x_wconf 78' lang='lat' dir='ltr'><strong>cibus.</strong></span> <span class='ocrx_word' id='word_1_613' title='bbox 2003 5263 2157 5338; x_wconf 83' lang='lat' dir='ltr'><strong>Quod</strong></span> 
     </span>
    </p>
   </div>
   <div class='ocr_carea' id='block_1_85' title="bbox 564 5329 2159 5397">
    <p class='ocr_par' dir='ltr' id='par_1_85' title="bbox 564 5329 2159 5397">
     <span class='ocr_line' id='line_1_88' title="bbox 564 5329 2159 5397; baseline 0.006 -17"><span class='ocrx_word' id='word_1_614' title='bbox 564 5340 671 5380; x_wconf 83' lang='lat' dir='ltr'><strong>non</strong></span> <span class='ocrx_word' id='word_1_615' title='bbox 702 5329 1060 5397; x_wconf 84' lang='lat' dir='ltr'><strong>intelligentes</strong></span> <span class='ocrx_word' id='word_1_616' title='bbox 1092 5332 1290 5385; x_wconf 84' lang='lat' dir='ltr'><strong>librarii</strong></span> <span class='ocrx_word' id='word_1_617' title='bbox 1339 5332 1393 5386; x_wconf 87' lang='lat' dir='ltr'><strong>in</strong></span> <span class='ocrx_word' id='word_1_618' title='bbox 1437 5347 1568 5386; x_wconf 81' lang='lat' dir='ltr'><strong>mss.</strong></span> <span class='ocrx_word' id='word_1_619' title='bbox 1623 5350 1733 5387; x_wconf 87' lang='lat' dir='ltr'><strong>rec.</strong></span> <span class='ocrx_word' id='word_1_620' title='bbox 1785 5343 1841 5387; x_wconf 89' lang='lat' dir='ltr'><strong>et</strong></span> <span class='ocrx_word' id='word_1_621' title='bbox 1892 5335 1944 5387; x_wconf 91' lang='lat' dir='ltr'><strong>in</strong></span> <span class='ocrx_word' id='word_1_622' title='bbox 1999 5329 2159 5390; x_wconf 84' lang='lat' dir='ltr'><strong>editis</strong></span> 
     </span>
    </p>
   </div>
   <div class='ocr_carea' id='block_1_86' title="bbox 564 5397 2160 5471">
    <p class='ocr_par' dir='ltr' id='par_1_86' title="bbox 564 5397 2160 5471">
     <span class='ocr_line' id='line_1_89' title="bbox 564 5397 2160 5471; baseline 0.006 -20"><span class='ocrx_word' id='word_1_623' title='bbox 564 5406 904 5471; x_wconf 74' lang='lat' dir='ltr'><strong>mutaverunt</strong></span> <span class='ocrx_word' id='word_1_624' title='bbox 946 5401 996 5454; x_wconf 89' lang='lat' dir='ltr'><strong>in</strong></span> <span class='ocrx_word' id='word_1_625' title='bbox 1038 5404 1446 5471; x_wconf 80' lang='lat' dir='ltr'><strong>coquendorum;</strong></span> <span class='ocrx_word' id='word_1_626' title='bbox 1478 5403 1619 5459; x_wconf 89' lang='lat' dir='ltr'><strong>Ultr.</strong></span> <span class='ocrx_word' id='word_1_627' title='bbox 1667 5415 1719 5459; x_wconf 90' lang='lat' dir='ltr'><strong>et</strong></span> <span class='ocrx_word' id='word_1_628' title='bbox 1752 5397 1963 5470; x_wconf 78' lang='lat' dir='ltr'><strong>Ilrun.,</strong></span> <span class='ocrx_word' id='word_1_629' title='bbox 2008 5406 2160 5461; x_wconf 81' lang='lat' dir='ltr'><strong>deco-</strong></span> 
     </span>
    </p>
   </div>
   <div class='ocr_carea' id='block_1_87' title="bbox 557 5469 895 5537">
    <p class='ocr_par' dir='ltr' id='par_1_87' title="bbox 557 5469 895 5537">
     <span class='ocr_line' id='line_1_90' title="bbox 557 5469 895 5537; baseline -0.009 -13"><span class='ocrx_word' id='word_1_630' title='bbox 557 5469 895 5537; x_wconf 67' lang='lat' dir='ltr'><strong>alendorum.</strong></span> 
     </span>
    </p>
   </div>
   <div class='ocr_carea' id='block_1_88' title="bbox 636 5537 2160 5617">
    <p class='ocr_par' dir='ltr' id='par_1_88' title="bbox 636 5537 2160 5617">
     <span class='ocr_line' id='line_1_91' title="bbox 636 5537 2160 5617; baseline 0.008 -25"><span class='ocrx_word' id='word_1_631' title='bbox 636 5537 871 5617; x_wconf 64' lang='lat' dir='ltr'><strong>frugum</strong></span> <span class='ocrx_word' id='word_1_632' title='bbox 910 5542 1372 5617; x_wconf 28' lang='lat' dir='ltr'><strong>varietatemalllss.</strong></span> <span class='ocrx_word' id='word_1_633' title='bbox 1404 5545 1437 5599; x_wconf 84' lang='lat'><strong>6</strong></span> <span class='ocrx_word' id='word_1_634' title='bbox 1460 5561 1593 5608; x_wconf 88' lang='lat' dir='ltr'><strong>rec.,</strong></span> <span class='ocrx_word' id='word_1_635' title='bbox 1619 5547 1825 5617; x_wconf 85' lang='lat' dir='ltr'><strong>frugum</strong></span> <span class='ocrx_word' id='word_1_636' title='bbox 1850 5547 2160 5616; x_wconf 73' lang='lat' dir='ltr'><strong>ubertatem;</strong></span> 
     </span>
    </p>
   </div>
   <div class='ocr_carea' id='block_1_89' title="bbox 561 5610 2160 5699">
    <p class='ocr_par' dir='ltr' id='par_1_89' title="bbox 561 5610 2160 5699">
     <span class='ocr_line' id='line_1_92' title="bbox 561 5610 2160 5699; baseline 0.006 -34"><span class='ocrx_word' id='word_1_637' title='bbox 561 5610 846 5699; x_wconf 52' lang='grc' dir='ltr'><strong>ιηβουψιἶ</strong></span> <span class='ocrx_word' id='word_1_638' title='bbox 892 5615 1064 5699; x_wconf 77' lang='lat' dir='ltr'><strong>antiq.</strong></span> <span class='ocrx_word' id='word_1_639' title='bbox 1117 5625 1173 5675; x_wconf 87' lang='lat' dir='ltr'><strong>et</strong></span> <span class='ocrx_word' id='word_1_640' title='bbox 1206 5616 1389 5699; x_wconf 53' lang='grc' dir='ltr'><strong>Δυιξξκ,</strong></span> <span class='ocrx_word' id='word_1_641' title='bbox 1442 5610 1725 5699; x_wconf 55' lang='lat' dir='ltr'><strong>fructuum:</strong></span> <span class='ocrx_word' id='word_1_642' title='bbox 1749 5620 2061 5699; x_wconf 74' lang='lat' dir='ltr'><strong>varietatem.</strong></span> <span class='ocrx_word' id='word_1_643' title='bbox 2088 5610 2160 5661; x_wconf 40' lang='lat'><strong>-—&#39;</strong></span> 
     </span>
    </p>
   </div>
   <div class='ocr_carea' id='block_1_90' title="bbox 566 5680 2161 5764">
    <p class='ocr_par' dir='ltr' id='par_1_90' title="bbox 566 5680 2161 5764">
     <span class='ocr_line' id='line_1_93' title="bbox 566 5680 2161 5764; baseline 0.008 -30"><span class='ocrx_word' id='word_1_644' title='bbox 566 5680 801 5764; x_wconf 71' lang='lat' dir='ltr'><strong>Frugum</strong></span> <span class='ocrx_word' id='word_1_645' title='bbox 831 5680 1146 5764; x_wconf 62' lang='lat' dir='ltr'><strong>varietatem.</strong></span> <span class='ocrx_word' id='word_1_646' title='bbox 1192 5680 1672 5764; x_wconf 81' lang='lat' dir='ltr'><strong>At_Bu_n_emannus</strong></span> <span class='ocrx_word' id='word_1_647' title='bbox 1712 5689 1869 5745; x_wconf 89' lang='lat' dir='ltr'><strong>habet</strong></span> <span class='ocrx_word' id='word_1_648' title='bbox 1900 5693 2161 5761; x_wconf 85' lang='lat' dir='ltr'><strong>fructuum</strong></span> 
     </span>
    </p>
   </div>
   <div class='ocr_carea' id='block_1_91' title="bbox 565 5751 2157 5829">
    <p class='ocr_par' dir='ltr' id='par_1_91' title="bbox 565 5751 2157 5829">
     <span class='ocr_line' id='line_1_94' title="bbox 565 5751 2157 5829; baseline 0.009 -23"><span class='ocrx_word' id='word_1_649' title='bbox 565 5754 881 5821; x_wconf 71' lang='lat' dir='ltr'><strong>varietatem,</strong></span> <span class='ocrx_word' id='word_1_650' title='bbox 912 5757 1221 5829; x_wconf 65' lang='lat' dir='ltr'><strong>praebetque</strong></span> <span class='ocrx_word' id='word_1_651' title='bbox 1263 5760 1315 5815; x_wconf 91' lang='lat' dir='ltr'><strong>in</strong></span> <span class='ocrx_word' id='word_1_652' title='bbox 1364 5751 1501 5815; x_wconf 63' lang='lat' dir='ltr'><strong>hanc</strong></span> <span class='ocrx_word' id='word_1_653' title='bbox 1546 5759 1830 5819; x_wconf 81' lang='lat' dir='ltr'><strong>lectionem</strong></span> <span class='ocrx_word' id='word_1_654' title='bbox 1862 5751 2157 5820; x_wconf 75' lang='lat' dir='ltr'><strong>variantem</strong></span> 
     </span>
    </p>
   </div>
   <div class='ocr_carea' id='block_1_92' title="bbox 2254 2627 3861 2705">
    <p class='ocr_par' dir='ltr' id='par_1_92' title="bbox 2254 2627 3861 2705">
     <span class='ocr_line' id='line_1_95' title="bbox 2254 2627 3861 2705; baseline -0.007 -10"><span class='ocrx_word' id='word_1_655' title='bbox 2254 2644 2437 2695; x_wconf 79' lang='lat' dir='ltr'><strong>nolam</strong></span> <span class='ocrx_word' id='word_1_656' title='bbox 2467 2633 3070 2705; x_wconf 73' lang='lat' dir='ltr'><strong>sequentem.-~Bon.,</strong></span> <span class='ocrx_word' id='word_1_657' title='bbox 3104 2630 3262 2699; x_wconf 90' lang='lat' dir='ltr'><strong>Ultr.,</strong></span> <span class='ocrx_word' id='word_1_658' title='bbox 3296 2632 3483 2696; x_wconf 67' lang='lat' dir='ltr'><strong>Isteus,</strong></span> <span class='ocrx_word' id='word_1_659' title='bbox 3522 2627 3861 2705; x_wconf 65' lang='lat' dir='ltr'><strong>approbante</strong></span> 
     </span>
    </p>
   </div>
   <div class='ocr_carea' id='block_1_93' title="bbox 2251 2698 3859 2776">
    <p class='ocr_par' dir='ltr' id='par_1_93' title="bbox 2251 2698 3859 2776">
     <span class='ocr_line' id='line_1_96' title="bbox 2251 2698 3859 2776; baseline -0.005 -15"><span class='ocrx_word' id='word_1_660' title='bbox 2251 2722 2465 2776; x_wconf 85' lang='lat' dir='ltr'><strong>quoque</strong></span> <span class='ocrx_word' id='word_1_661' title='bbox 2506 2698 2820 2762; x_wconf 72' lang='lat' dir='ltr'><strong>Ileumanno</strong></span> <span class='ocrx_word' id='word_1_662' title='bbox 2842 2745 2859 2769; x_wconf 92' lang='lat'><strong>,</strong></span> <span class='ocrx_word' id='word_1_663' title='bbox 2882 2698 3154 2776; x_wconf 84' lang='lat' dir='ltr'><strong>fructuum</strong></span> <span class='ocrx_word' id='word_1_664' title='bbox 3177 2698 3484 2776; x_wconf 70' lang='lat' dir='ltr'><strong>uarietatem.</strong></span> <span class='ocrx_word' id='word_1_665' title='bbox 3517 2698 3754 2776; x_wconf 70' lang='lat' dir='ltr'><strong>Optime,</strong></span> <span class='ocrx_word' id='word_1_666' title='bbox 3786 2714 3859 2753; x_wconf 84' lang='lat' dir='ltr'><strong>ne</strong></span> 
     </span>
    </p>
   </div>
   <div class='ocr_carea' id='block_1_94' title="bbox 2253 2770 3857 2833">
    <p class='ocr_par' dir='ltr' id='par_1_94' title="bbox 2253 2770 3857 2833">
     <span class='ocr_line' id='line_1_97' title="bbox 2253 2770 3857 2833; baseline -0.004 -2"><span class='ocrx_word' id='word_1_667' title='bbox 2253 2770 2468 2833; x_wconf 77' lang='lat' dir='ltr'><strong>ubertas</strong></span> <span class='ocrx_word' id='word_1_668' title='bbox 2492 2792 2599 2831; x_wconf 89' lang='lat' dir='ltr'><strong>uno</strong></span> <span class='ocrx_word' id='word_1_669' title='bbox 2628 2790 2851 2831; x_wconf 90' lang='lat' dir='ltr'><strong>numero</strong></span> <span class='ocrx_word' id='word_1_670' title='bbox 2880 2770 2961 2832; x_wconf 85' lang='lat' dir='ltr'><strong>bis</strong></span> <span class='ocrx_word' id='word_1_671' title='bbox 2986 2784 3254 2830; x_wconf 91' lang='lat' dir='ltr'><strong>occurrat.</strong></span> <span class='ocrx_word' id='word_1_672' title='bbox 3304 2773 3548 2828; x_wconf 91' lang='lat' dir='ltr'><strong>Imitatur</strong></span> <span class='ocrx_word' id='word_1_673' title='bbox 3592 2772 3662 2833; x_wconf 89' lang='lat' dir='ltr'><strong>ila</strong></span> <span class='ocrx_word' id='word_1_674' title='bbox 3695 2770 3857 2826; x_wconf 83' lang='lat' dir='ltr'><strong>Cice-</strong></span> 
     </span>
    </p>
   </div>
   <div class='ocr_carea' id='block_1_95' title="bbox 2250 2841 3855 2918">
    <p class='ocr_par' dir='ltr' id='par_1_95' title="bbox 2250 2841 3855 2918">
     <span class='ocr_line' id='line_1_98' title="bbox 2250 2841 3855 2918; baseline -0.007 -14"><span class='ocrx_word' id='word_1_675' title='bbox 2250 2864 2441 2904; x_wconf 87' lang='lat' dir='ltr'><strong>ronem</strong></span> <span class='ocrx_word' id='word_1_676' title='bbox 2464 2864 2560 2915; x_wconf 91' lang='lat' dir='ltr'><strong>pro</strong></span> <span class='ocrx_word' id='word_1_677' title='bbox 2591 2849 2707 2918; x_wconf 87' lang='lat' dir='ltr'><strong>lege</strong></span> <span class='ocrx_word' id='word_1_678' title='bbox 2736 2845 2969 2910; x_wconf 83' lang='lat' dir='ltr'><strong>Manilia,</strong></span> <span class='ocrx_word' id='word_1_679' title='bbox 3000 2861 3119 2915; x_wconf 89' lang='lat' dir='ltr'><strong>cap.</strong></span> <span class='ocrx_word' id='word_1_680' title='bbox 3151 2847 3220 2901; x_wconf 88' lang='lat'><strong>6:</strong></span> <span class='ocrx_word' id='word_1_681' title='bbox 3250 2846 3374 2901; x_wconf 80' lang='lat' dir='ltr'><strong>Asia</strong></span> <span class='ocrx_word' id='word_1_682' title='bbox 3394 2854 3616 2899; x_wconf 88' lang='lat' dir='ltr'><strong>tam.....</strong></span> <span class='ocrx_word' id='word_1_683' title='bbox 3643 2841 3855 2918; x_wconf 72' lang='lat' dir='ltr'><strong>fertilis,</strong></span> 
     </span>
    </p>
   </div>
   <div class='ocr_carea' id='block_1_96' title="bbox 2251 2914 3860 2985">
    <p class='ocr_par' dir='ltr' id='par_1_96' title="bbox 2251 2914 3860 2985">
     <span class='ocr_line' id='line_1_99' title="bbox 2251 2914 3860 2985; baseline -0.002 -13"><span class='ocrx_word' id='word_1_684' title='bbox 2251 2930 2305 2974; x_wconf 86' lang='lat' dir='ltr'><strong>ut</strong></span> <span class='ocrx_word' id='word_1_685' title='bbox 2358 2928 2405 2975; x_wconf 88' lang='lat' dir='ltr'><strong>et</strong></span> <span class='ocrx_word' id='word_1_686' title='bbox 2448 2914 2673 2975; x_wconf 68' lang='lat' dir='ltr'><strong>ubertate</strong></span> <span class='ocrx_word' id='word_1_687' title='bbox 2725 2934 2972 2985; x_wconf 85' lang='lat' dir='ltr'><strong>agrorum</strong></span> <span class='ocrx_word' id='word_1_688' title='bbox 3008 2914 3337 2973; x_wconf 29' lang='lat' dir='ltr'><strong>et&#39;varietale</strong></span> <span class='ocrx_word' id='word_1_689' title='bbox 3386 2918 3651 2985; x_wconf 84' lang='lat' dir='ltr'><strong>fructuum</strong></span> <span class='ocrx_word' id='word_1_690' title='bbox 3696 2914 3860 2979; x_wconf 83' lang='lat' dir='ltr'><strong>facile</strong></span> 
     </span>
    </p>
   </div>
   <div class='ocr_carea' id='block_1_97' title="bbox 2250 2984 3704 3046">
    <p class='ocr_par' dir='ltr' id='par_1_97' title="bbox 2250 2984 3704 3046">
     <span class='ocr_line' id='line_1_100' title="bbox 2250 2984 3704 3046; baseline -0.005 0"><span class='ocrx_word' id='word_1_691' title='bbox 2250 2991 2485 3046; x_wconf 84' lang='lat' dir='ltr'><strong>omnibus</strong></span> <span class='ocrx_word' id='word_1_692' title='bbox 2517 2991 2666 3044; x_wconf 86' lang='lat' dir='ltr'><strong>terris</strong></span> <span class='ocrx_word' id='word_1_693' title='bbox 2693 2984 2984 3043; x_wconf 68' lang='lat' dir='ltr'><strong>antecellat.</strong></span> <span class='ocrx_word' id='word_1_694' title='bbox 3388 2984 3395 2985; x_wconf 26' lang='grc' dir='ltr'>ί</span> <span class='ocrx_word' id='word_1_695' title='bbox 3574 2984 3704 3040; x_wconf 70' lang='lat' dir='ltr'><strong>Bon.</strong></span> 
     </span>
    </p>
   </div>
   <div class='ocr_carea' id='block_1_98' title="bbox 2325 3055 3860 3131">
    <p class='ocr_par' dir='ltr' id='par_1_98' title="bbox 2325 3055 3860 3131">
     <span class='ocr_line' id='line_1_101' title="bbox 2325 3055 3860 3131; baseline -0.003 -17"><span class='ocrx_word' id='word_1_696' title='bbox 2325 3062 2505 3116; x_wconf 73' lang='lat' dir='ltr'><strong>l’lanis</strong></span> <span class='ocrx_word' id='word_1_697' title='bbox 2548 3062 2617 3115; x_wconf 82' lang='lat' dir='ltr'><strong>ad</strong></span> <span class='ocrx_word' id='word_1_698' title='bbox 2664 3071 2896 3131; x_wconf 80' lang='lat' dir='ltr'><strong>segetem.</strong></span> <span class='ocrx_word' id='word_1_699' title='bbox 2930 3059 2990 3115; x_wconf 88' lang='lat' dir='ltr'><strong>In</strong></span> <span class='ocrx_word' id='word_1_700' title='bbox 3034 3059 3104 3131; x_wconf 73' lang='grc'><strong>15</strong></span> <span class='ocrx_word' id='word_1_701' title='bbox 3143 3075 3275 3114; x_wconf 92' lang='lat' dir='ltr'><strong>mss.</strong></span> <span class='ocrx_word' id='word_1_702' title='bbox 3325 3067 3381 3115; x_wconf 90' lang='lat' dir='ltr'><strong>et</strong></span> <span class='ocrx_word' id='word_1_703' title='bbox 3416 3057 3579 3131; x_wconf 83' lang='lat' dir='ltr'><strong>editis</strong></span> <span class='ocrx_word' id='word_1_704' title='bbox 3621 3057 3656 3110; x_wconf 77' lang='grc'><strong>5</strong></span> <span class='ocrx_word' id='word_1_705' title='bbox 3694 3055 3860 3131; x_wconf 78' lang='lat' dir='ltr'><strong>deest</strong></span> 
     </span>
    </p>
   </div>
   <div class='ocr_carea' id='block_1_99' title="bbox 2250 3127 3860 3202">
    <p class='ocr_par' dir='ltr' id='par_1_99' title="bbox 2250 3127 3860 3202">
     <span class='ocr_line' id='line_1_102' title="bbox 2250 3127 3860 3202; baseline -0.002 -16"><span class='ocrx_word' id='word_1_706' title='bbox 2250 3133 2419 3201; x_wconf 79' lang='lat' dir='ltr'><strong>planis</strong></span> <span class='ocrx_word' id='word_1_707' title='bbox 2469 3132 2538 3186; x_wconf 86' lang='lat' dir='ltr'><strong>ad</strong></span> <span class='ocrx_word' id='word_1_708' title='bbox 2603 3127 2835 3202; x_wconf 74' lang='lat' dir='ltr'><strong>segetem.</strong></span> <span class='ocrx_word' id='word_1_709' title='bbox 2900 3161 2971 3171; x_wconf 95' lang='lat'><strong>—</strong></span> <span class='ocrx_word' id='word_1_710' title='bbox 3030 3130 3351 3202; x_wconf 78' lang='lat' dir='ltr'><strong>Lignorum;</strong></span> <span class='ocrx_word' id='word_1_711' title='bbox 3406 3129 3574 3197; x_wconf 82' lang='lat' dir='ltr'><strong>planis</strong></span> <span class='ocrx_word' id='word_1_712' title='bbox 3635 3127 3721 3202; x_wconf 82' lang='lat' dir='ltr'><strong>ad_</strong></span> <span class='ocrx_word' id='word_1_713' title='bbox 3775 3143 3860 3202; x_wconf 77' lang='lat' dir='ltr'><strong>se-</strong></span> 
     </span>
    </p>
   </div>
   <div class='ocr_carea' id='block_1_100' title="bbox 2252 3198 3859 3273">
    <p class='ocr_par' dir='ltr' id='par_1_100' title="bbox 2252 3198 3859 3273">
     <span class='ocr_line' id='line_1_103' title="bbox 2252 3198 3859 3273; baseline -0.004 -16"><span class='ocrx_word' id='word_1_714' title='bbox 2252 3198 2431 3273; x_wconf 77' lang='lat' dir='ltr'><strong>getem.</strong></span> <span class='ocrx_word' id='word_1_715' title='bbox 2481 3198 2777 3259; x_wconf 78' lang='lat' dir='ltr'><strong>Licetlnec</strong></span> <span class='ocrx_word' id='word_1_716' title='bbox 2807 3203 2990 3267; x_wconf 87' lang='lat' dir='ltr'><strong>verba,</strong></span> <span class='ocrx_word' id='word_1_717' title='bbox 3047 3198 3214 3270; x_wconf 79' lang='lat' dir='ltr'><strong>planis</strong></span> <span class='ocrx_word' id='word_1_718' title='bbox 3260 3201 3327 3256; x_wconf 84' lang='lat' dir='ltr'><strong>ad</strong></span> <span class='ocrx_word' id='word_1_719' title='bbox 3382 3209 3619 3270; x_wconf 81' lang='lat' dir='ltr'><strong>segetem,</strong></span> <span class='ocrx_word' id='word_1_720' title='bbox 3674 3198 3859 3253; x_wconf 86' lang='lat' dir='ltr'><strong>absint</strong></span> 
     </span>
    </p>
   </div>
   <div class='ocr_carea' id='block_1_101' title="bbox 2251 3273 3857 3345">
    <p class='ocr_par' dir='ltr' id='par_1_101' title="bbox 2251 3273 3857 3345">
     <span class='ocr_line' id='line_1_104' title="bbox 2251 3273 3857 3345; baseline -0.002 -18"><span class='ocrx_word' id='word_1_721' title='bbox 2251 3288 2279 3327; x_wconf 82' lang='lat' dir='ltr'><strong>a</strong></span> <span class='ocrx_word' id='word_1_722' title='bbox 2333 3275 2547 3345; x_wconf 90' lang='lat' dir='ltr'><strong>scriptis</strong></span> <span class='ocrx_word' id='word_1_723' title='bbox 2594 3274 2736 3342; x_wconf 87' lang='lat' dir='ltr'><strong>augl.</strong></span> <span class='ocrx_word' id='word_1_724' title='bbox 2792 3282 2933 3339; x_wconf 91' lang='lat' dir='ltr'><strong>ete.,</strong></span> <span class='ocrx_word' id='word_1_725' title='bbox 2988 3281 3165 3345; x_wconf 79' lang='lat' dir='ltr'><strong>tamen</strong></span> <span class='ocrx_word' id='word_1_726' title='bbox 3227 3273 3457 3344; x_wconf 88' lang='lat' dir='ltr'><strong>genuina</strong></span> <span class='ocrx_word' id='word_1_727' title='bbox 3508 3281 3681 3339; x_wconf 87' lang='lat' dir='ltr'><strong>puto,</strong></span> <span class='ocrx_word' id='word_1_728' title='bbox 3742 3284 3857 3324; x_wconf 87' lang='lat' dir='ltr'><strong>non</strong></span> 
     </span>
    </p>
   </div>
   <div class='ocr_carea' id='block_1_102' title="bbox 2253 3344 3858 3416">
    <p class='ocr_par' dir='ltr' id='par_1_102' title="bbox 2253 3344 3858 3416">
     <span class='ocr_line' id='line_1_105' title="bbox 2253 3344 3858 3416; baseline -0.002 -18"><span class='ocrx_word' id='word_1_729' title='bbox 2253 3346 2413 3401; x_wconf 86' lang='lat' dir='ltr'><strong>modo</strong></span> <span class='ocrx_word' id='word_1_730' title='bbox 2446 3344 2581 3416; x_wconf 75' lang='lat' dir='ltr'><strong>quia</strong></span> <span class='ocrx_word' id='word_1_731' title='bbox 2635 3345 2957 3416; x_wconf 87' lang='lat' dir='ltr'><strong>Thomasius</strong></span> <span class='ocrx_word' id='word_1_732' title='bbox 3008 3354 3063 3398; x_wconf 84' lang='lat' dir='ltr'><strong>et</strong></span> <span class='ocrx_word' id='word_1_733' title='bbox 3108 3344 3271 3416; x_wconf 67' lang='lat' dir='ltr'><strong>Isne-us</strong></span> <span class='ocrx_word' id='word_1_734' title='bbox 3301 3358 3451 3416; x_wconf 18' lang='lat' dir='ltr'><strong>Anon‘</strong></span> <span class='ocrx_word' id='word_1_735' title='bbox 3485 3349 3858 3416; x_wconf 29' lang='lat' dir='ltr'><strong>meni‘orarunt</strong></span> 
     </span>
    </p>
   </div>
   <div class='ocr_carea' id='block_1_103' title="bbox 2251 3412 3854 3485">
    <p class='ocr_par' dir='ltr' id='par_1_103' title="bbox 2251 3412 3854 3485">
     <span class='ocr_line' id='line_1_106' title="bbox 2251 3412 3854 3485; baseline -0.004 -16"><span class='ocrx_word' id='word_1_736' title='bbox 2251 3432 2314 3473; x_wconf 84' lang='lat' dir='ltr'><strong>ea</strong></span> <span class='ocrx_word' id='word_1_737' title='bbox 2345 3418 2396 3471; x_wconf 93' lang='lat' dir='ltr'><strong>in</strong></span> <span class='ocrx_word' id='word_1_738' title='bbox 2422 3412 2534 3470; x_wconf 78' lang='lat' dir='ltr'><strong>suis</strong></span> <span class='ocrx_word' id='word_1_739' title='bbox 2566 3415 2951 3485; x_wconf 83' lang='lat' dir='ltr'><strong>antiquissimis</strong></span> <span class='ocrx_word' id='word_1_740' title='bbox 2999 3430 3129 3470; x_wconf 77' lang='lat' dir='ltr'><strong>mss.</strong></span> <span class='ocrx_word' id='word_1_741' title='bbox 3162 3413 3496 3475; x_wconf 82' lang='lat' dir='ltr'><strong>desiderari,</strong></span> <span class='ocrx_word' id='word_1_742' title='bbox 3543 3412 3636 3466; x_wconf 83' lang='lat' dir='ltr'><strong>sed</strong></span> <span class='ocrx_word' id='word_1_743' title='bbox 3688 3412 3854 3485; x_wconf 82' lang='lat' dir='ltr'><strong>etiam</strong></span> 
     </span>
    </p>
   </div>
   <div class='ocr_carea' id='block_1_104' title="bbox 2251 3483 3854 3556">
    <p class='ocr_par' dir='ltr' id='par_1_104' title="bbox 2251 3483 3854 3556">
     <span class='ocr_line' id='line_1_107' title="bbox 2251 3483 3854 3556; baseline -0.001 -18"><span class='ocrx_word' id='word_1_744' title='bbox 2251 3488 2374 3555; x_wconf 88' lang='lat' dir='ltr'><strong>quia</strong></span> <span class='ocrx_word' id='word_1_745' title='bbox 2415 3495 2541 3543; x_wconf 89' lang='lat' dir='ltr'><strong>sunt</strong></span> <span class='ocrx_word' id='word_1_746' title='bbox 2580 3483 2715 3541; x_wconf 80' lang='lat' dir='ltr'><strong>ultra</strong></span> <span class='ocrx_word' id='word_1_747' title='bbox 2748 3498 2961 3553; x_wconf 90' lang='lat' dir='ltr'><strong>captum</strong></span> <span class='ocrx_word' id='word_1_748' title='bbox 2991 3487 3337 3556; x_wconf 86' lang='lat' dir='ltr'><strong>glossatoris,</strong></span> <span class='ocrx_word' id='word_1_749' title='bbox 3373 3494 3429 3539; x_wconf 87' lang='lat' dir='ltr'><strong>et</strong></span> <span class='ocrx_word' id='word_1_750' title='bbox 3455 3483 3854 3556; x_wconf 84' lang='lat' dir='ltr'><strong>enumerationi</strong></span> 
     </span>
    </p>
   </div>
   <div class='ocr_carea' id='block_1_105' title="bbox 2253 3553 3855 3627">
    <p class='ocr_par' dir='ltr' id='par_1_105' title="bbox 2253 3553 3855 3627">
     <span class='ocr_line' id='line_1_108' title="bbox 2253 3553 3855 3627; baseline -0.002 -18"><span class='ocrx_word' id='word_1_751' title='bbox 2253 3553 2483 3627; x_wconf 85' lang='lat' dir='ltr'><strong>partium</strong></span> <span class='ocrx_word' id='word_1_752' title='bbox 2528 3556 2726 3626; x_wconf 86' lang='lat' dir='ltr'><strong>aliquid</strong></span> <span class='ocrx_word' id='word_1_753' title='bbox 2771 3557 2982 3611; x_wconf 82' lang='lat' dir='ltr'><strong>deesset</strong></span> <span class='ocrx_word' id='word_1_754' title='bbox 2998 3553 3190 3619; x_wconf 52' lang='lat' dir='ltr'><strong>&#39;alias;</strong></span> <span class='ocrx_word' id='word_1_755' title='bbox 3241 3573 3363 3612; x_wconf 88' lang='lat' dir='ltr'><strong>nam</strong></span> <span class='ocrx_word' id='word_1_756' title='bbox 3389 3555 3548 3610; x_wconf 87' lang='lat' dir='ltr'><strong>verba</strong></span> <span class='ocrx_word' id='word_1_757' title='bbox 3572 3593 3588 3619; x_wconf 91' lang='lat'><strong>,</strong></span> <span class='ocrx_word' id='word_1_758' title='bbox 3622 3564 3756 3607; x_wconf 78' lang='lat' dir='ltr'><strong>terra</strong></span> <span class='ocrx_word' id='word_1_759' title='bbox 3783 3553 3855 3606; x_wconf 79' lang='lat' dir='ltr'><strong>ad</strong></span> 
     </span>
    </p>
   </div>
   <div class='ocr_carea' id='block_1_106' title="bbox 2253 3627 3859 3699">
    <p class='ocr_par' dir='ltr' id='par_1_106' title="bbox 2253 3627 3859 3699">
     <span class='ocr_line' id='line_1_109' title="bbox 2253 3627 3859 3699; baseline -0.004 -18"><span class='ocrx_word' id='word_1_760' title='bbox 2253 3629 2632 3698; x_wconf 81' lang='lat' dir='ltr'><strong>percipiendam</strong></span> <span class='ocrx_word' id='word_1_761' title='bbox 2700 3632 2959 3699; x_wconf 80' lang='lat' dir='ltr'><strong>fructuum</strong></span> <span class='ocrx_word' id='word_1_762' title='bbox 3011 3629 3341 3692; x_wconf 78' lang='lat' dir='ltr'><strong>varietatem,</strong></span> <span class='ocrx_word' id='word_1_763' title='bbox 3403 3627 3673 3699; x_wconf 76' lang='lat' dir='ltr'><strong>pertinent</strong></span> <span class='ocrx_word' id='word_1_764' title='bbox 3733 3634 3859 3699; x_wconf 72' lang='lat' dir='ltr'><strong>tan-</strong></span> 
     </span>
    </p>
   </div>
   <div class='ocr_carea' id='block_1_107' title="bbox 2254 3696 3855 3768">
    <p class='ocr_par' dir='ltr' id='par_1_107' title="bbox 2254 3696 3855 3768">
     <span class='ocr_line' id='line_1_110' title="bbox 2254 3696 3855 3768; baseline -0.002 -14"><span class='ocrx_word' id='word_1_765' title='bbox 2254 3696 2365 3754; x_wconf 84' lang='lat' dir='ltr'><strong>tum</strong></span> <span class='ocrx_word' id='word_1_766' title='bbox 2394 3696 2459 3753; x_wconf 87' lang='lat' dir='ltr'><strong>ad</strong></span> <span class='ocrx_word' id='word_1_767' title='bbox 2494 3696 2736 3754; x_wconf 77' lang='lat' dir='ltr'><strong>fructus:</strong></span> <span class='ocrx_word' id='word_1_768' title='bbox 2788 3701 2944 3765; x_wconf 91' lang='lat' dir='ltr'><strong>plana</strong></span> <span class='ocrx_word' id='word_1_769' title='bbox 2997 3714 3124 3753; x_wconf 86' lang='lat' dir='ltr'><strong>vero</strong></span> <span class='ocrx_word' id='word_1_770' title='bbox 3167 3696 3729 3768; x_wconf 81' lang='lat' dir='ltr'><strong>eleganterdicuntur</strong></span> <span class='ocrx_word' id='word_1_771' title='bbox 3785 3696 3855 3751; x_wconf 86' lang='lat' dir='ltr'><strong>de</strong></span> 
     </span>
    </p>
   </div>
   <div class='ocr_carea' id='block_1_108' title="bbox 2254 3767 3856 3841">
    <p class='ocr_par' dir='ltr' id='par_1_108' title="bbox 2254 3767 3856 3841">
     <span class='ocr_line' id='line_1_111' title="bbox 2254 3767 3856 3841; baseline -0.003 -16"><span class='ocrx_word' id='word_1_772' title='bbox 2254 3773 2447 3841; x_wconf 85' lang='lat' dir='ltr'><strong>campis</strong></span> <span class='ocrx_word' id='word_1_773' title='bbox 2473 3781 2533 3829; x_wconf 88' lang='lat' dir='ltr'><strong>ut</strong></span> <span class='ocrx_word' id='word_1_774' title='bbox 2555 3771 2696 3835; x_wconf 86' lang='lat' dir='ltr'><strong>dixi,</strong></span> <span class='ocrx_word' id='word_1_775' title='bbox 2739 3770 2833 3841; x_wconf 86' lang='lat' dir='ltr'><strong>lib.</strong></span> <span class='ocrx_word' id='word_1_776' title='bbox 2863 3785 2933 3822; x_wconf 85' lang='lat' dir='ltr'><strong>vn</strong></span> <span class='ocrx_word' id='word_1_777' title='bbox 2962 3770 3220 3831; x_wconf 83' lang='lat' dir='ltr'><strong>Institut.,</strong></span> <span class='ocrx_word' id='word_1_778' title='bbox 3250 3767 3300 3823; x_wconf 82' lang='lat' dir='ltr'><strong>c.</strong></span> <span class='ocrx_word' id='word_1_779' title='bbox 3334 3770 3368 3823; x_wconf 83' lang='grc'><strong>’5</strong></span> <span class='ocrx_word' id='word_1_780' title='bbox 3394 3788 3405 3821; x_wconf 88' lang='lat'><strong>:</strong></span> <span class='ocrx_word' id='word_1_781' title='bbox 3445 3767 3856 3841; x_wconf 26' lang='lat' dir='ltr'><strong>PlanaAcainpo-</strong></span> 
     </span>
    </p>
   </div>
   <div class='ocr_carea' id='block_1_109' title="bbox 2251 3836 3856 3906">
    <p class='ocr_par' dir='ltr' id='par_1_109' title="bbox 2251 3836 3856 3906">
     <span class='ocr_line' id='line_1_112' title="bbox 2251 3836 3856 3906; baseline -0.004 -10"><span class='ocrx_word' id='word_1_782' title='bbox 2251 3836 2612 3898; x_wconf 32' lang='lat' dir='ltr'><strong>ruiuL‘Cicei-o</strong></span> <span class='ocrx_word' id='word_1_783' title='bbox 2649 3842 2718 3897; x_wconf 84' lang='lat' dir='ltr'><strong>de</strong></span> <span class='ocrx_word' id='word_1_784' title='bbox 2749 3840 2944 3895; x_wconf 84' lang='lat' dir='ltr'><strong>Natura</strong></span> <span class='ocrx_word' id='word_1_785' title='bbox 2972 3841 3151 3906; x_wconf 89' lang='lat' dir='ltr'><strong>deor.,</strong></span> <span class='ocrx_word' id='word_1_786' title='bbox 3199 3842 3289 3897; x_wconf 88' lang='lat' dir='ltr'><strong>lib.</strong></span> <span class='ocrx_word' id='word_1_787' title='bbox 3319 3856 3381 3905; x_wconf 81' lang='grc' dir='ltr'><strong>ιι,</strong></span> <span class='ocrx_word' id='word_1_788' title='bbox 3429 3854 3551 3906; x_wconf 86' lang='lat' dir='ltr'><strong>cap.</strong></span> <span class='ocrx_word' id='word_1_789' title='bbox 3581 3838 3652 3893; x_wconf 84' lang='lat'><strong>60</strong></span> <span class='ocrx_word' id='word_1_790' title='bbox 3683 3857 3698 3892; x_wconf 90' lang='lat'><strong>:</strong></span> <span class='ocrx_word' id='word_1_791' title='bbox 3730 3836 3856 3892; x_wconf 83' lang='lat' dir='ltr'><strong>Ter-</strong></span> 
     </span>
    </p>
   </div>
   <div class='ocr_carea' id='block_1_110' title="bbox 2254 3908 3855 3967">
    <p class='ocr_par' dir='ltr' id='par_1_110' title="bbox 2254 3908 3855 3967">
     <span class='ocr_line' id='line_1_113' title="bbox 2254 3908 3855 3967; baseline -0.002 -3"><span class='ocrx_word' id='word_1_792' title='bbox 2254 3930 2490 3967; x_wconf 82' lang='lat' dir='ltr'><strong>renorum</strong></span> <span class='ocrx_word' id='word_1_793' title='bbox 2536 3915 2913 3967; x_wconf 85' lang='lat' dir='ltr'><strong>commodorum</strong></span> <span class='ocrx_word' id='word_1_794' title='bbox 2961 3913 3124 3964; x_wconf 85' lang='lat' dir='ltr'><strong>omnis</strong></span> <span class='ocrx_word' id='word_1_795' title='bbox 3168 3923 3240 3965; x_wconf 83' lang='lat' dir='ltr'><strong>est</strong></span> <span class='ocrx_word' id='word_1_796' title='bbox 3312 3912 3364 3964; x_wconf 84' lang='lat' dir='ltr'><strong>in</strong></span> <span class='ocrx_word' id='word_1_797' title='bbox 3423 3910 3629 3963; x_wconf 83' lang='lat' dir='ltr'><strong>homine</strong></span> <span class='ocrx_word' id='word_1_798' title='bbox 3688 3908 3855 3962; x_wconf 75' lang='lat' dir='ltr'><strong>domi-</strong></span> 
     </span>
    </p>
   </div>
   <div class='ocr_carea' id='block_1_111' title="bbox 2252 3980 3855 4052">
    <p class='ocr_par' dir='ltr' id='par_1_111' title="bbox 2252 3980 3855 4052">
     <span class='ocr_line' id='line_1_114' title="bbox 2252 3980 3855 4052; baseline -0.003 -16"><span class='ocrx_word' id='word_1_799' title='bbox 2252 3994 2422 4037; x_wconf 82' lang='lat' dir='ltr'><strong>natus.</strong></span> <span class='ocrx_word' id='word_1_800' title='bbox 2475 3983 2587 4037; x_wconf 83' lang='lat' dir='ltr'><strong>Nos</strong></span> <span class='ocrx_word' id='word_1_801' title='bbox 2644 3985 2871 4052; x_wconf 84' lang='lat' dir='ltr'><strong>campis,</strong></span> <span class='ocrx_word' id='word_1_802' title='bbox 2929 3999 3021 4036; x_wconf 84' lang='lat' dir='ltr'><strong>nos</strong></span> <span class='ocrx_word' id='word_1_803' title='bbox 3085 3984 3338 4037; x_wconf 83' lang='lat' dir='ltr'><strong>montibus</strong></span> <span class='ocrx_word' id='word_1_804' title='bbox 3386 3983 3643 4052; x_wconf 77' lang='lat' dir='ltr'><strong>fruimur;</strong></span> <span class='ocrx_word' id='word_1_805' title='bbox 3692 3980 3855 4032; x_wconf 81' lang='lat' dir='ltr'><strong>nostri</strong></span> 
     </span>
    </p>
   </div>
   <div class='ocr_carea' id='block_1_112' title="bbox 2252 4053 3854 4124">
    <p class='ocr_par' dir='ltr' id='par_1_112' title="bbox 2252 4053 3854 4124">
     <span class='ocr_line' id='line_1_115' title="bbox 2252 4053 3854 4124; baseline -0.002 -16"><span class='ocrx_word' id='word_1_806' title='bbox 2252 4066 2369 4109; x_wconf 86' lang='lat' dir='ltr'><strong>sunt</strong></span> <span class='ocrx_word' id='word_1_807' title='bbox 2397 4072 2599 4121; x_wconf 75' lang='lat' dir='ltr'><strong>amnes,</strong></span> <span class='ocrx_word' id='word_1_808' title='bbox 2628 4055 2785 4109; x_wconf 82' lang='lat' dir='ltr'><strong>nostri</strong></span> <span class='ocrx_word' id='word_1_809' title='bbox 2813 4053 2991 4118; x_wconf 83' lang='lat' dir='ltr'><strong>lacus;</strong></span> <span class='ocrx_word' id='word_1_810' title='bbox 3016 4070 3107 4107; x_wconf 80' lang='lat' dir='ltr'><strong>uos</strong></span> <span class='ocrx_word' id='word_1_811' title='bbox 3140 4055 3314 4124; x_wconf 82' lang='lat' dir='ltr'><strong>fruges</strong></span> <span class='ocrx_word' id='word_1_812' title='bbox 3341 4054 3579 4124; x_wconf 65' lang='lat' dir='ltr'><strong>serimus,</strong></span> <span class='ocrx_word' id='word_1_813' title='bbox 3620 4067 3713 4105; x_wconf 87' lang='lat' dir='ltr'><strong>nos</strong></span> <span class='ocrx_word' id='word_1_814' title='bbox 3765 4066 3854 4104; x_wconf 83' lang='lat' dir='ltr'><strong>ar-</strong></span> 
     </span>
    </p>
   </div>
   <div class='ocr_carea' id='block_1_113' title="bbox 2255 4122 3627 4189">
    <p class='ocr_par' dir='ltr' id='par_1_113' title="bbox 2255 4122 3627 4189">
     <span class='ocr_line' id='line_1_116' title="bbox 2255 4122 3627 4189; baseline -0.002 -11"><span class='ocrx_word' id='word_1_815' title='bbox 2255 4126 2398 4180; x_wconf 84' lang='lat' dir='ltr'><strong>bores</strong></span> <span class='ocrx_word' id='word_1_816' title='bbox 2420 4168 2431 4189; x_wconf 92' lang='lat'><strong>,</strong></span> <span class='ocrx_word' id='word_1_817' title='bbox 2461 4136 2566 4180; x_wconf 82' lang='lat' dir='ltr'><strong>etc.</strong></span> <span class='ocrx_word' id='word_1_818' title='bbox 3229 4122 3242 4124; x_wconf 67' lang='grc'><em>’</em></span> <span class='ocrx_word' id='word_1_819' title='bbox 3494 4122 3627 4179; x_wconf 80' lang='lat' dir='ltr'><strong>BUN.</strong></span> 
     </span>
    </p>
   </div>
   <div class='ocr_carea' id='block_1_114' title="bbox 2327 4191 3847 4267">
    <p class='ocr_par' dir='ltr' id='par_1_114' title="bbox 2327 4191 3847 4267">
     <span class='ocr_line' id='line_1_117' title="bbox 2327 4191 3847 4267; baseline -0.003 -17"><span class='ocrx_word' id='word_1_820' title='bbox 2327 4196 2534 4267; x_wconf 82' lang='lat' dir='ltr'><strong>Copias.</strong></span> <span class='ocrx_word' id='word_1_821' title='bbox 2564 4196 2726 4261; x_wconf 86' lang='lat' dir='ltr'><strong>Infra,</strong></span> <span class='ocrx_word' id='word_1_822' title='bbox 2756 4213 2928 4251; x_wconf 86' lang='lat' dir='ltr'><strong>rerum</strong></span> <span class='ocrx_word' id='word_1_823' title='bbox 2957 4207 3002 4251; x_wconf 86' lang='lat' dir='ltr'><strong>et</strong></span> <span class='ocrx_word' id='word_1_824' title='bbox 3029 4197 3296 4267; x_wconf 85' lang='lat' dir='ltr'><strong>copiarum</strong></span> <span class='ocrx_word' id='word_1_825' title='bbox 3319 4194 3656 4250; x_wconf 81' lang='lat' dir='ltr'><strong>abundantia.</strong></span> <span class='ocrx_word' id='word_1_826' title='bbox 3689 4191 3847 4267; x_wconf 80' lang='lat' dir='ltr'><strong>Conf.</strong></span> 
     </span>
    </p>
   </div>
   <div class='ocr_carea' id='block_1_115' title="bbox 2255 4265 3844 4335">
    <p class='ocr_par' dir='ltr' id='par_1_115' title="bbox 2255 4265 3844 4335">
     <span class='ocr_line' id='line_1_118' title="bbox 2255 4265 3844 4335; baseline -0.003 -13"><span class='ocrx_word' id='word_1_827' title='bbox 2255 4282 2374 4335; x_wconf 89' lang='lat' dir='ltr'><strong>cap.</strong></span> <span class='ocrx_word' id='word_1_828' title='bbox 2402 4265 2504 4323; x_wconf 55' lang='lat'><strong>‘25.</strong></span> <span class='ocrx_word' id='word_1_829' title='bbox 2535 4270 2722 4323; x_wconf 72' lang='lat' dir='ltr'><strong>tiieero</strong></span> <span class='ocrx_word' id='word_1_830' title='bbox 2748 4267 2842 4322; x_wconf 87' lang='lat' dir='ltr'><strong>lib.</strong></span> <span class='ocrx_word' id='word_1_831' title='bbox 2891 4285 2929 4323; x_wconf 83' lang='grc' dir='ltr'>ιι</span> <span class='ocrx_word' id='word_1_832' title='bbox 2969 4268 3037 4322; x_wconf 88' lang='lat' dir='ltr'><strong>de</strong></span> <span class='ocrx_word' id='word_1_833' title='bbox 3079 4266 3280 4321; x_wconf 86' lang='lat' dir='ltr'><strong>Natura</strong></span> <span class='ocrx_word' id='word_1_834' title='bbox 3330 4267 3505 4329; x_wconf 90' lang='lat' dir='ltr'><strong>deor.,</strong></span> <span class='ocrx_word' id='word_1_835' title='bbox 3547 4279 3676 4332; x_wconf 78' lang='lat' dir='ltr'><strong>cap.</strong></span> <span class='ocrx_word' id='word_1_836' title='bbox 3734 4265 3844 4317; x_wconf 81' lang='lat' dir='ltr'><strong>tit):</strong></span> 
     </span>
    </p>
   </div>
   <div class='ocr_carea' id='block_1_116' title="bbox 2257 4336 3852 4407">
    <p class='ocr_par' dir='ltr' id='par_1_116' title="bbox 2257 4336 3852 4407">
     <span class='ocr_line' id='line_1_119' title="bbox 2257 4336 3852 4407; baseline -0.003 -15"><span class='ocrx_word' id='word_1_837' title='bbox 2257 4338 2476 4407; x_wconf 71' lang='lat' dir='ltr'><strong>Magnos</strong></span> <span class='ocrx_word' id='word_1_838' title='bbox 2504 4356 2619 4392; x_wconf 84' lang='lat' dir='ltr'><strong>vero</strong></span> <span class='ocrx_word' id='word_1_839' title='bbox 2650 4357 2771 4394; x_wconf 86' lang='lat' dir='ltr'><strong>usus</strong></span> <span class='ocrx_word' id='word_1_840' title='bbox 2808 4338 2956 4405; x_wconf 75' lang='lat' dir='ltr'><strong>affert</strong></span> <span class='ocrx_word' id='word_1_841' title='bbox 2995 4338 3063 4393; x_wconf 86' lang='lat' dir='ltr'><strong>ad</strong></span> <span class='ocrx_word' id='word_1_842' title='bbox 3091 4339 3295 4405; x_wconf 83' lang='lat' dir='ltr'><strong>navigia</strong></span> <span class='ocrx_word' id='word_1_843' title='bbox 3334 4336 3601 4407; x_wconf 75' lang='lat' dir='ltr'><strong>facienda,</strong></span> <span class='ocrx_word' id='word_1_844' title='bbox 3630 4350 3852 4407; x_wconf 85' lang='lat' dir='ltr'><strong>quorum</strong></span> 
     </span>
    </p>
   </div>
   <div class='ocr_carea' id='block_1_117' title="bbox 2186 4406 3847 4503">
    <p class='ocr_par' dir='ltr' id='par_1_117' title="bbox 2186 4406 3847 4503">
     <span class='ocr_line' id='line_1_120' title="bbox 2186 4406 3847 4503; baseline -0.002 -40"><span class='ocrx_word' id='word_1_845' title='bbox 2186 4441 2232 4503; x_wconf 73' lang='lat' dir='ltr'>D</span> <span class='ocrx_word' id='word_1_846' title='bbox 2258 4412 3106 4503; x_wconf 47' lang='lat' dir='ltr'><strong>gursibussuppeditantur-agninis</strong></span> <span class='ocrx_word' id='word_1_847' title='bbox 3131 4409 3357 4503; x_wconf 57' lang='lat' dir='ltr'><strong>uttdique</strong></span> <span class='ocrx_word' id='word_1_848' title='bbox 3385 4411 3467 4503; x_wconf 41' lang='lat' dir='ltr'><strong>ad.</strong></span> <span class='ocrx_word' id='word_1_849' title='bbox 3480 4407 3635 4503; x_wconf 67' lang='lat' dir='ltr'><strong>vitam</strong></span> <span class='ocrx_word' id='word_1_850' title='bbox 3663 4406 3847 4503; x_wconf 48' lang='lat' dir='ltr'><strong>copi-te;</strong></span> 
     </span>
    </p>
   </div>
   <div class='ocr_carea' id='block_1_118' title="bbox 2260 4479 3851 4548">
    <p class='ocr_par' dir='ltr' id='par_1_118' title="bbox 2260 4479 3851 4548">
     <span class='ocr_line' id='line_1_121' title="bbox 2260 4479 3851 4548; baseline -0.003 -14"><span class='ocrx_word' id='word_1_851' title='bbox 2260 4481 2461 4537; x_wconf 83' lang='lat' dir='ltr'><strong>Plinius</strong></span> <span class='ocrx_word' id='word_1_852' title='bbox 2504 4484 2593 4536; x_wconf 87' lang='lat' dir='ltr'><strong>liv.</strong></span> <span class='ocrx_word' id='word_1_853' title='bbox 2624 4479 2726 4548; x_wconf 78' lang='lat' dir='ltr'><strong>vr,</strong></span> <span class='ocrx_word' id='word_1_854' title='bbox 2780 4496 2868 4543; x_wconf 85' lang='lat' dir='ltr'><strong>ep.</strong></span> <span class='ocrx_word' id='word_1_855' title='bbox 2899 4482 2970 4538; x_wconf 70' lang='lat'><strong>28</strong></span> <span class='ocrx_word' id='word_1_856' title='bbox 2998 4499 3011 4536; x_wconf 86' lang='lat'><strong>:</strong></span> <span class='ocrx_word' id='word_1_857' title='bbox 3048 4480 3324 4536; x_wconf 68' lang='lat' dir='ltr'><strong>Tantum.</strong></span> <span class='ocrx_word' id='word_1_858' title='bbox 3347 4519 3361 4534; x_wconf 93' lang='lat'><strong>.</strong></span> <span class='ocrx_word' id='word_1_859' title='bbox 3411 4479 3708 4548; x_wconf 83' lang='lat' dir='ltr'><strong>capiarum,</strong></span> <span class='ocrx_word' id='word_1_860' title='bbox 3748 4486 3851 4530; x_wconf 90' lang='lat' dir='ltr'><strong>tam</strong></span> 
     </span>
    </p>
   </div>
   <div class='ocr_carea' id='block_1_119' title="bbox 2257 4549 3706 4621">
    <p class='ocr_par' dir='ltr' id='par_1_119' title="bbox 2257 4549 3706 4621">
     <span class='ocr_line' id='line_1_122' title="bbox 2257 4549 3706 4621; baseline -0.002 -14"><span class='ocrx_word' id='word_1_861' title='bbox 2257 4555 2589 4619; x_wconf 83' lang='lat' dir='ltr'><strong>urbanarum,</strong></span> <span class='ocrx_word' id='word_1_862' title='bbox 2620 4570 2773 4621; x_wconf 88' lang='lat' dir='ltr'><strong>quam</strong></span> <span class='ocrx_word' id='word_1_863' title='bbox 2802 4556 3126 4608; x_wconf 85' lang='lat' dir='ltr'><strong>rusticarum.</strong></span> <span class='ocrx_word' id='word_1_864' title='bbox 3418 4620 3421 4621; x_wconf 17' lang='grc' dir='ltr'><em>ν</em></span> <span class='ocrx_word' id='word_1_865' title='bbox 3562 4549 3706 4621; x_wconf 62' lang='lat' dir='ltr'><strong>BDN.</strong></span> 
     </span>
    </p>
   </div>
   <div class='ocr_carea' id='block_1_120' title="bbox 2334 4618 3848 4693">
    <p class='ocr_par' dir='ltr' id='par_1_120' title="bbox 2334 4618 3848 4693">
     <span class='ocr_line' id='line_1_123' title="bbox 2334 4618 3848 4693; baseline -0.003 -15"><span class='ocrx_word' id='word_1_866' title='bbox 2334 4624 2611 4679; x_wconf 76' lang='lat' dir='ltr'><strong>Ferendus.</strong></span> <span class='ocrx_word' id='word_1_867' title='bbox 2633 4618 2674 4680; x_wconf 36' lang='lat' dir='ltr'><strong>Vl</strong></span> <span class='ocrx_word' id='word_1_868' title='bbox 2714 4625 2848 4693; x_wconf 81' lang='lat' dir='ltr'><strong>Reg.</strong></span> <span class='ocrx_word' id='word_1_869' title='bbox 2898 4641 3036 4691; x_wconf 88' lang='lat' dir='ltr'><strong>rec.,</strong></span> <span class='ocrx_word' id='word_1_870' title='bbox 3064 4626 3099 4679; x_wconf 74' lang='grc'><strong>2</strong></span> <span class='ocrx_word' id='word_1_871' title='bbox 3126 4622 3361 4689; x_wconf 87' lang='lat' dir='ltr'><strong>Bonon.,</strong></span> <span class='ocrx_word' id='word_1_872' title='bbox 3406 4620 3443 4675; x_wconf 76' lang='grc'><strong>2</strong></span> <span class='ocrx_word' id='word_1_873' title='bbox 3479 4620 3659 4687; x_wconf 90' lang='lat' dir='ltr'><strong>Colb.,</strong></span> <span class='ocrx_word' id='word_1_874' title='bbox 3688 4618 3848 4688; x_wconf 85' lang='lat' dir='ltr'><strong>Tax.,</strong></span> 
     </span>
    </p>
   </div>
   <div class='ocr_carea' id='block_1_121' title="bbox 2256 4695 2840 4765">
    <p class='ocr_par' dir='ltr' id='par_1_121' title="bbox 2256 4695 2840 4765">
     <span class='ocr_line' id='line_1_124' title="bbox 2256 4695 2840 4765; baseline -0.002 -15"><span class='ocrx_word' id='word_1_875' title='bbox 2256 4695 2464 4761; x_wconf 85' lang='lat' dir='ltr'><strong>Balnz.,</strong></span> <span class='ocrx_word' id='word_1_876' title='bbox 2494 4696 2840 4765; x_wconf 83' lang='lat' dir='ltr'><strong>perferendas.</strong></span> 
     </span>
    </p>
   </div>
   <div class='ocr_carea' id='block_1_122' title="bbox 2333 4760 3851 4839">
    <p class='ocr_par' dir='ltr' id='par_1_122' title="bbox 2333 4760 3851 4839">
     <span class='ocr_line' id='line_1_125' title="bbox 2333 4760 3851 4839; baseline -0.005 -17"><span class='ocrx_word' id='word_1_877' title='bbox 2333 4760 2620 4839; x_wconf 75' lang='lat' dir='ltr'><strong>Ubsrtateru</strong></span> <span class='ocrx_word' id='word_1_878' title='bbox 2666 4769 2828 4820; x_wconf 80' lang='lat' dir='ltr'><strong>omnis</strong></span> <span class='ocrx_word' id='word_1_879' title='bbox 2882 4769 3077 4839; x_wconf 82' lang='lat' dir='ltr'><strong>generis</strong></span> <span class='ocrx_word' id='word_1_880' title='bbox 3130 4767 3363 4839; x_wconf 65' lang='lat' dir='ltr'><strong>piscium.</strong></span> <span class='ocrx_word' id='word_1_881' title='bbox 3393 4762 3471 4818; x_wconf 80' lang='lat' dir='ltr'><strong>Ita</strong></span> <span class='ocrx_word' id='word_1_882' title='bbox 3514 4776 3701 4839; x_wconf 82' lang='lat' dir='ltr'><strong>om_nes</strong></span> <span class='ocrx_word' id='word_1_883' title='bbox 3739 4760 3851 4839; x_wconf 76' lang='lat' dir='ltr'><strong>fere</strong></span> 
     </span>
    </p>
   </div>
   <div class='ocr_carea' id='block_1_123' title="bbox 2259 4831 3851 4906">
    <p class='ocr_par' dir='ltr' id='par_1_123' title="bbox 2259 4831 3851 4906">
     <span class='ocr_line' id='line_1_126' title="bbox 2259 4831 3851 4906; baseline -0.004 -15"><span class='ocrx_word' id='word_1_884' title='bbox 2259 4854 2389 4892; x_wconf 83' lang='lat' dir='ltr'><strong>mss.</strong></span> <span class='ocrx_word' id='word_1_885' title='bbox 2430 4848 2485 4893; x_wconf 92' lang='lat' dir='ltr'><strong>et</strong></span> <span class='ocrx_word' id='word_1_886' title='bbox 2531 4838 2658 4892; x_wconf 88' lang='lat' dir='ltr'><strong>editi</strong></span> <span class='ocrx_word' id='word_1_887' title='bbox 2683 4881 2696 4898; x_wconf 87' lang='lat'><strong>,</strong></span> <span class='ocrx_word' id='word_1_888' title='bbox 2733 4831 2925 4894; x_wconf 62' lang='lat' dir='ltr'><strong>melius</strong></span> <span class='ocrx_word' id='word_1_889' title='bbox 2953 4831 3186 4906; x_wconf 63' lang='lat' dir='ltr'><strong>quam?</strong></span> <span class='ocrx_word' id='word_1_890' title='bbox 3220 4838 3429 4891; x_wconf 71' lang='lat' dir='ltr'><strong>Binon.</strong></span> <span class='ocrx_word' id='word_1_891' title='bbox 3469 4844 3525 4889; x_wconf 93' lang='lat' dir='ltr'><strong>et</strong></span> <span class='ocrx_word' id='word_1_892' title='bbox 3575 4834 3735 4894; x_wconf 89' lang='lat' dir='ltr'><strong>Tax.,</strong></span> <span class='ocrx_word' id='word_1_893' title='bbox 3782 4831 3851 4906; x_wconf 84' lang='lat' dir='ltr'><strong>ad</strong></span> 
     </span>
    </p>
   </div>
   <div class='ocr_carea' id='block_1_124' title="bbox 2257 4904 3850 4975">
    <p class='ocr_par' dir='ltr' id='par_1_124' title="bbox 2257 4904 3850 4975">
     <span class='ocr_line' id='line_1_127' title="bbox 2257 4904 3850 4975; baseline -0.004 -14"><span class='ocrx_word' id='word_1_894' title='bbox 2257 4910 2566 4964; x_wconf 81' lang='lat' dir='ltr'><strong>varietatem.</strong></span> <span class='ocrx_word' id='word_1_895' title='bbox 2594 4909 2730 4975; x_wconf 85' lang='lat' dir='ltr'><strong>Quid</strong></span> <span class='ocrx_word' id='word_1_896' title='bbox 2759 4911 2904 4965; x_wconf 87' lang='lat' dir='ltr'><strong>enim</strong></span> <span class='ocrx_word' id='word_1_897' title='bbox 2926 4904 3026 4965; x_wconf 87' lang='lat' dir='ltr'><strong>sibi</strong></span> <span class='ocrx_word' id='word_1_898' title='bbox 3057 4911 3169 4963; x_wconf 88' lang='lat' dir='ltr'><strong>vult</strong></span> <span class='ocrx_word' id='word_1_899' title='bbox 3196 4909 3415 4962; x_wconf 75' lang='lat' dir='ltr'><strong>varietas</strong></span> <span class='ocrx_word' id='word_1_900' title='bbox 3443 4907 3606 4961; x_wconf 87' lang='lat' dir='ltr'><strong>omnis</strong></span> <span class='ocrx_word' id='word_1_901' title='bbox 3653 4904 3850 4975; x_wconf 83' lang='lat' dir='ltr'><strong>generis</strong></span> 
     </span>
    </p>
   </div>
   <div class='ocr_carea' id='block_1_125' title="bbox 2260 4976 3852 5052">
    <p class='ocr_par' dir='ltr' id='par_1_125' title="bbox 2260 4976 3852 5052">
     <span class='ocr_line' id='line_1_128' title="bbox 2260 4976 3852 5052; baseline -0.003 -19"><span class='ocrx_word' id='word_1_902' title='bbox 2260 4980 2527 5050; x_wconf 78' lang='lat' dir='ltr'><strong>piscium?</strong></span> <span class='ocrx_word' id='word_1_903' title='bbox 2581 4982 2754 5035; x_wconf 78' lang='lat' dir='ltr'><strong>Uinne</strong></span> <span class='ocrx_word' id='word_1_904' title='bbox 2801 4997 2974 5050; x_wconf 89' lang='lat' dir='ltr'><strong>genus</strong></span> <span class='ocrx_word' id='word_1_905' title='bbox 3020 4980 3246 5052; x_wconf 89' lang='lat' dir='ltr'><strong>piscium</strong></span> <span class='ocrx_word' id='word_1_906' title='bbox 3309 4992 3490 5035; x_wconf 90' lang='lat' dir='ltr'><strong>nonne</strong></span> <span class='ocrx_word' id='word_1_907' title='bbox 3538 4976 3852 5032; x_wconf 87' lang='lat' dir='ltr'><strong>varietatem</strong></span> 
     </span>
    </p>
   </div>
   <div class='ocr_carea' id='block_1_126' title="bbox 2260 5052 2812 5121">
    <p class='ocr_par' dir='ltr' id='par_1_126' title="bbox 2260 5052 2812 5121">
     <span class='ocr_line' id='line_1_129' title="bbox 2260 5052 2812 5121; baseline -0.002 -16"><span class='ocrx_word' id='word_1_908' title='bbox 2260 5052 2484 5120; x_wconf 89' lang='lat' dir='ltr'><strong>piscium</strong></span> <span class='ocrx_word' id='word_1_909' title='bbox 2510 5052 2812 5121; x_wconf 76' lang='lat' dir='ltr'><strong>significat?</strong></span> 
     </span>
    </p>
   </div>
   <div class='ocr_carea' id='block_1_127' title="bbox 2331 5120 3854 5195">
    <p class='ocr_par' dir='ltr' id='par_1_127' title="bbox 2331 5120 3854 5195">
     <span class='ocr_line' id='line_1_130' title="bbox 2331 5120 3854 5195; baseline -0.002 -17"><span class='ocrx_word' id='word_1_910' title='bbox 2331 5120 2663 5193; x_wconf 75' lang='lat' dir='ltr'><strong>Superducit.</strong></span> <span class='ocrx_word' id='word_1_911' title='bbox 2697 5123 2823 5178; x_wconf 78' lang='lat' dir='ltr'><strong>Mss.</strong></span> <span class='ocrx_word' id='word_1_912' title='bbox 2854 5124 2880 5178; x_wconf 79' lang='lat' dir='ltr'><strong>I</strong></span> <span class='ocrx_word' id='word_1_913' title='bbox 2914 5123 3046 5195; x_wconf 78' lang='lat' dir='ltr'><strong>Reg.</strong></span> <span class='ocrx_word' id='word_1_914' title='bbox 3087 5139 3223 5189; x_wconf 89' lang='lat' dir='ltr'><strong>rec.,</strong></span> <span class='ocrx_word' id='word_1_915' title='bbox 3251 5132 3308 5178; x_wconf 86' lang='lat' dir='ltr'><strong>et</strong></span> <span class='ocrx_word' id='word_1_916' title='bbox 3353 5120 3628 5195; x_wconf 84' lang='lat' dir='ltr'><strong>Clarom._.</strong></span> <span class='ocrx_word' id='word_1_917' title='bbox 3673 5133 3854 5190; x_wconf 84' lang='lat' dir='ltr'><strong>super-</strong></span> 
     </span>
    </p>
   </div>
   <div class='ocr_carea' id='block_1_128' title="bbox 2256 5190 3711 5250">
    <p class='ocr_par' dir='ltr' id='par_1_128' title="bbox 2256 5190 3711 5250">
     <span class='ocr_line' id='line_1_131' title="bbox 2256 5190 3711 5250; baseline 0 -3"><span class='ocrx_word' id='word_1_918' title='bbox 2256 5190 2500 5250; x_wconf 74' lang='lat' dir='ltr'><strong>rindricit.</strong></span> <span class='ocrx_word' id='word_1_919' title='bbox 2996 5190 3018 5195; x_wconf 63' lang='grc'>⁷</span> <span class='ocrx_word' id='word_1_920' title='bbox 3575 5190 3711 5247; x_wconf 66' lang='lat' dir='ltr'><strong>Bon.</strong></span> 
     </span>
    </p>
   </div>
   <div class='ocr_carea' id='block_1_129' title="bbox 2331 5262 3850 5337">
    <p class='ocr_par' dir='ltr' id='par_1_129' title="bbox 2331 5262 3850 5337">
     <span class='ocr_line' id='line_1_132' title="bbox 2331 5262 3850 5337; baseline 0.003 -19"><span class='ocrx_word' id='word_1_921' title='bbox 2331 5265 2619 5321; x_wconf 67' lang='lat' dir='ltr'><strong>Alitescant.</strong></span> <span class='ocrx_word' id='word_1_922' title='bbox 2650 5265 2957 5337; x_wconf 86' lang='lat' dir='ltr'><strong>Eleganter,</strong></span> <span class='ocrx_word' id='word_1_923' title='bbox 3008 5274 3068 5319; x_wconf 86' lang='lat' dir='ltr'><strong>ut</strong></span> <span class='ocrx_word' id='word_1_924' title='bbox 3110 5281 3255 5334; x_wconf 64' lang='lat' dir='ltr'><strong>sepe</strong></span> <span class='ocrx_word' id='word_1_925' title='bbox 3301 5262 3599 5337; x_wconf 86' lang='lat' dir='ltr'><strong>Columella</strong></span> <span class='ocrx_word' id='word_1_926' title='bbox 3624 5262 3738 5337; x_wconf 21' lang='lat' dir='ltr'><strong>Alib.</strong></span> <span class='ocrx_word' id='word_1_927' title='bbox 3770 5276 3850 5322; x_wconf 81' lang='lat' dir='ltr'><strong>tu.</strong></span> 
     </span>
    </p>
   </div>
   <div class='ocr_carea' id='block_1_130' title="bbox 2258 5334 3844 5407">
    <p class='ocr_par' dir='ltr' id='par_1_130' title="bbox 2258 5334 3844 5407">
     <span class='ocr_line' id='line_1_133' title="bbox 2258 5334 3844 5407; baseline -0.002 -16"><span class='ocrx_word' id='word_1_928' title='bbox 2258 5352 2376 5405; x_wconf 80' lang='lat' dir='ltr'><strong>Cap.</strong></span> <span class='ocrx_word' id='word_1_929' title='bbox 2414 5339 2465 5401; x_wconf 87' lang='lat' dir='ltr'><strong>I,</strong></span> <span class='ocrx_word' id='word_1_930' title='bbox 2488 5354 2724 5407; x_wconf 82' lang='lat' dir='ltr'><strong>quarunt.</strong></span> <span class='ocrx_word' id='word_1_931' title='bbox 2830 5354 2958 5392; x_wconf 75' lang='lat' dir='ltr'><strong>note.</strong></span> <span class='ocrx_word' id='word_1_932' title='bbox 2985 5375 2998 5389; x_wconf 91' lang='lat'><strong>.</strong></span> <span class='ocrx_word' id='word_1_933' title='bbox 3021 5379 3035 5391; x_wconf 87' lang='lat'><strong>.</strong></span> <span class='ocrx_word' id='word_1_934' title='bbox 3057 5347 3115 5391; x_wconf 88' lang='lat' dir='ltr'><strong>ut</strong></span> <span class='ocrx_word' id='word_1_935' title='bbox 3138 5336 3256 5392; x_wconf 70' lang='lat' dir='ltr'><strong>alia!</strong></span> <span class='ocrx_word' id='word_1_936' title='bbox 3281 5334 3539 5390; x_wconf 79' lang='lat' dir='ltr'><strong>caloribus</strong></span> <span class='ocrx_word' id='word_1_937' title='bbox 3564 5334 3844 5407; x_wconf 67' lang='lat' dir='ltr'><strong>mitescunt.</strong></span> 
     </span>
    </p>
   </div>
   <div class='ocr_carea' id='block_1_131' title="bbox 2260 5404 3848 5476">
    <p class='ocr_par' dir='ltr' id='par_1_131' title="bbox 2260 5404 3848 5476">
     <span class='ocr_line' id='line_1_134' title="bbox 2260 5404 3848 5476; baseline -0.003 -15"><span class='ocrx_word' id='word_1_938' title='bbox 2260 5404 2379 5461; x_wconf 83' lang='lat' dir='ltr'><strong>Lib.</strong></span> <span class='ocrx_word' id='word_1_939' title='bbox 2418 5404 2509 5464; x_wconf 53' lang='grc' dir='ltr'>ιιι(</span> <span class='ocrx_word' id='word_1_940' title='bbox 2539 5409 2594 5471; x_wconf 71' lang='grc'><strong>2,</strong></span> <span class='ocrx_word' id='word_1_941' title='bbox 2633 5409 2712 5469; x_wconf 84' lang='lat' dir='ltr'><strong>l5,</strong></span> <span class='ocrx_word' id='word_1_942' title='bbox 2742 5411 2891 5463; x_wconf 85' lang='lat' dir='ltr'><strong>citius</strong></span> <span class='ocrx_word' id='word_1_943' title='bbox 2919 5411 3205 5463; x_wconf 85' lang='lat' dir='ltr'><strong>mitescunt.</strong></span> <span class='ocrx_word' id='word_1_944' title='bbox 3258 5408 3375 5463; x_wconf 86' lang='lat' dir='ltr'><strong>Lib.</strong></span> <span class='ocrx_word' id='word_1_945' title='bbox 3406 5422 3478 5473; x_wconf 90' lang='lat' dir='ltr'><strong>tv,</strong></span> <span class='ocrx_word' id='word_1_946' title='bbox 3511 5418 3632 5476; x_wconf 89' lang='lat' dir='ltr'><strong>cap.</strong></span> <span class='ocrx_word' id='word_1_947' title='bbox 3658 5405 3752 5470; x_wconf 75' lang='lat'><strong>‘20,</strong></span> <span class='ocrx_word' id='word_1_948' title='bbox 3780 5404 3848 5458; x_wconf 64' lang='grc' dir='ltr'><strong>ιι</strong></span> 
     </span>
    </p>
   </div>
   <div class='ocr_carea' id='block_1_132' title="bbox 2262 5476 3745 5549">
    <p class='ocr_par' dir='ltr' id='par_1_132' title="bbox 2262 5476 3745 5549">
     <span class='ocr_line' id='line_1_135' title="bbox 2262 5476 3745 5549; baseline -0.002 -16"><span class='ocrx_word' id='word_1_949' title='bbox 2262 5479 2555 5549; x_wconf 80' lang='lat' dir='ltr'><strong>priusquam</strong></span> <span class='ocrx_word' id='word_1_950' title='bbox 2589 5482 2848 5535; x_wconf 71' lang='lat' dir='ltr'><strong>mitesmnt</strong></span> <span class='ocrx_word' id='word_1_951' title='bbox 2878 5498 3008 5535; x_wconf 83' lang='lat' dir='ltr'><strong>urw.</strong></span> <span class='ocrx_word' id='word_1_952' title='bbox 3316 5548 3349 5549; x_wconf 24' lang='grc' dir='ltr'>ί</span> <span class='ocrx_word' id='word_1_953' title='bbox 3613 5476 3745 5535; x_wconf 77' lang='lat' dir='ltr'><strong>BUN.</strong></span> 
     </span>
    </p>
   </div>
   <div class='ocr_carea' id='block_1_133' title="bbox 2332 5548 3851 5616">
    <p class='ocr_par' dir='ltr' id='par_1_133' title="bbox 2332 5548 3851 5616">
     <span class='ocr_line' id='line_1_136' title="bbox 2332 5548 3851 5616; baseline -0.003 -11"><span class='ocrx_word' id='word_1_954' title='bbox 2332 5551 2505 5606; x_wconf 73' lang='lat' dir='ltr'><strong>Ca‘cas</strong></span> <span class='ocrx_word' id='word_1_955' title='bbox 2536 5553 2749 5606; x_wconf 66' lang='lat' dir='ltr'><strong>tenebris</strong></span> <span class='ocrx_word' id='word_1_956' title='bbox 2777 5552 3095 5607; x_wconf 79' lang='lat' dir='ltr'><strong>horrentibus</strong></span> <span class='ocrx_word' id='word_1_957' title='bbox 3116 5548 3552 5604; x_wconf 72' lang='lat' dir='ltr'><strong>noctes.Tenrbr(e</strong></span> <span class='ocrx_word' id='word_1_958' title='bbox 3575 5549 3851 5616; x_wconf 79' lang='lat' dir='ltr'><strong>eleganter</strong></span> 
     </span>
    </p>
   </div>
   <div class='ocr_carea' id='block_1_134' title="bbox 2262 5618 3851 5677">
    <p class='ocr_par' dir='ltr' id='par_1_134' title="bbox 2262 5618 3851 5677">
     <span class='ocr_line' id='line_1_137' title="bbox 2262 5618 3851 5677; baseline -0.003 -1"><span class='ocrx_word' id='word_1_959' title='bbox 2262 5622 2512 5677; x_wconf 89' lang='lat' dir='ltr'><strong>dicuntur</strong></span> <span class='ocrx_word' id='word_1_960' title='bbox 2538 5625 2817 5677; x_wconf 80' lang='lat' dir='ltr'><strong>horrentes.</strong></span> <span class='ocrx_word' id='word_1_961' title='bbox 2859 5624 3015 5677; x_wconf 86' lang='lat' dir='ltr'><strong>Plura</strong></span> <span class='ocrx_word' id='word_1_962' title='bbox 3067 5623 3349 5675; x_wconf 80' lang='lat' dir='ltr'><strong>observavi</strong></span> <span class='ocrx_word' id='word_1_963' title='bbox 3381 5620 3445 5673; x_wconf 90' lang='lat' dir='ltr'><strong>ad</strong></span> <span class='ocrx_word' id='word_1_964' title='bbox 3484 5620 3637 5674; x_wconf 86' lang='lat' dir='ltr'><strong>Lact.</strong></span> <span class='ocrx_word' id='word_1_965' title='bbox 3685 5618 3779 5673; x_wconf 87' lang='lat' dir='ltr'><strong>lib.</strong></span> <span class='ocrx_word' id='word_1_966' title='bbox 3813 5630 3851 5673; x_wconf 85' lang='lat' dir='ltr'><strong>tl</strong></span> 
     </span>
    </p>
   </div>
   <div class='ocr_carea' id='block_1_135' title="bbox 2262 5691 3850 5763">
    <p class='ocr_par' dir='ltr' id='par_1_135' title="bbox 2262 5691 3850 5763">
     <span class='ocr_line' id='line_1_138' title="bbox 2262 5691 3850 5763; baseline -0.003 -14"><span class='ocrx_word' id='word_1_967' title='bbox 2262 5694 2520 5756; x_wconf 91' lang='lat' dir='ltr'><strong>Institut.,</strong></span> <span class='ocrx_word' id='word_1_968' title='bbox 2561 5709 2680 5763; x_wconf 90' lang='lat' dir='ltr'><strong>cap.</strong></span> <span class='ocrx_word' id='word_1_969' title='bbox 2714 5694 2778 5749; x_wconf 74' lang='grc' dir='ltr'><strong>ὅς</strong></span> <span class='ocrx_word' id='word_1_970' title='bbox 2808 5693 2890 5749; x_wconf 87' lang='lat' dir='ltr'><strong>Ne</strong></span> <span class='ocrx_word' id='word_1_971' title='bbox 2932 5694 3145 5748; x_wconf 84' lang='lat' dir='ltr'><strong>nimium</strong></span> <span class='ocrx_word' id='word_1_972' title='bbox 3174 5707 3308 5746; x_wconf 68' lang='lat' dir='ltr'><strong>circa</strong></span> <span class='ocrx_word' id='word_1_973' title='bbox 3355 5707 3462 5747; x_wconf 70' lang='lat' dir='ltr'><strong>nos:</strong></span> <span class='ocrx_word' id='word_1_974' title='bbox 3506 5691 3655 5763; x_wconf 63' lang='lat' dir='ltr'><strong>terris</strong></span> <span class='ocrx_word' id='word_1_975' title='bbox 3706 5698 3850 5761; x_wconf 79' lang='lat' dir='ltr'><strong>atque</strong></span> 
     </span>
    </p>
   </div>
   <div class='ocr_carea' id='block_1_136' title="bbox 2262 5761 3739 5837">
    <p class='ocr_par' dir='ltr' id='par_1_136' title="bbox 2262 5761 3739 5837">
     <span class='ocr_line' id='line_1_139' title="bbox 2262 5761 3739 5837; baseline -0.004 -17"><span class='ocrx_word' id='word_1_976' title='bbox 2262 5766 2579 5822; x_wconf 80' lang='lat' dir='ltr'><strong>horrentibus</strong></span> <span class='ocrx_word' id='word_1_977' title='bbox 2603 5761 2816 5823; x_wconf 72' lang='lat' dir='ltr'><strong>tenebris</strong></span> <span class='ocrx_word' id='word_1_978' title='bbox 2846 5768 3225 5837; x_wconf 74' lang='lat' dir='ltr'><strong>ingravesceret.</strong></span> <span class='ocrx_word' id='word_1_979' title='bbox 3602 5761 3739 5816; x_wconf 74' lang='lat' dir='ltr'><strong>Bon.</strong></span> 
     </span>
    </p>
   </div>
  </div>
