4138 6190
354 235 456 300 11⁵1

1684 234 1890 297 LIBER
1930 233 2019 297 DE
2057 234 2175 299 lRA
2215 235 2351 297 DEI.

3559 240 3663 304 HI

422 350 587 412 Astra
616 351 783 410 etiam
826 359 1045 419 caetera,
1090 353 1177 409 vel
1226 359 1348 409 ortu
1374 393 1388 419 ,
1438 352 1525 408 vel
1577 366 1770 410 occasu
1819 367 1954 424 suo,
1982 352 2118 423 Aet
2154 354 2430 427 copiarum
2496 355 2825 419 abundantia
2874 356 3157 419 hominum
3183 358 3351 427 vitam
3396 359 3665 423 instruere

350 445 518 503 certis
556 443 892 500 stationibus
938 444 1372 516 opportunitates
1418 452 1718 516 temporum
1751 444 1958 503 submi-

348 538 606 594 nistrant.
638 536 744 595 Sed
776 547 831 594 et
858 537 1117 610 navigiis,
1149 538 1436 608 quominus
1463 536 1770 594 errabundo
1796 552 1958 594 cursu

348 646 451 705 per
480 632 810 686 immensum
844 639 1123 701 vagentur,
1156 629 1395 701 regimen
1426 629 1688 700 praebent,
1740 644 1863 685 cum
1892 644 1957 686 ea

344 725 454 782 rite
476 724 811 797 gubernator
842 725 1171 790 observans,
1205 723 1272 778 ad
1304 730 1521 794 portum
1570 722 1823 779 destinati
1869 723 1957 779 iit-

345 821 486 877 toris
560 820 910 891 pervehatur.
983 819 1281 875 Ventorum
1354 818 1545 890 Spiritu
1614 818 1956 873 attrahuntur

347 912 562 980 nubes,
598 922 659 967 ut
688 922 804 968 sata
839 911 1102 967 imbribus
1130 912 1439 981 irrigentttr,
1463 910 1679 966 utvites
1715 910 1949 979 fustibus,

344 1005 574 1061 arbusta
594 1004 785 1075 pomis
816 1003 1139 1060 exuberent.
1176 1003 1244 1057 Et
1270 1002 1384 1058 haec
1415 1017 1510 1075 per
1539 1002 1726 1058 orbem
1749 1000 1955 1057 vicibus

346 1096 701 1164 exhibentur,
732 1113 801 1152 ne
831 1096 972 1151 desit
1002 1094 1296 1165 aliquando
1318 1137 1333 1160 ,
1384 1111 1491 1166 quo
1536 1096 1645 1149 vita
1674 1094 1952 1150 hominum

343 1191 703 1248 sustineatur.
737 1194 807 1244 At
830 1188 974 1245 enim
1005 1195 1231 1243 caeteras
1258 1187 1561 1241 animantes
1589 1187 1776 1243 eadem
1810 1196 1950 1242 terra

342 1282 555 1350 nutrit,
584 1289 641 1336 et
669 1280 912 1350 ejusdem
940 1279 1073 1335 fretu
1097 1278 1258 1335 etiam
1291 1288 1435 1333 mnta
1467 1289 1776 1348 pascuntur.
1811 1277 1947 1333 Num

339 1372 509 1429 etiam
539 1379 811 1427 mutorum
840 1385 1001 1426 causa
1027 1369 1169 1425 Deus
1198 1369 1501 1424 laboravit?
1528 1368 1746 1423 Minime
1768 1411 1783 1437 ,
1826 1369 1949 1440 quia

338 1472 472 1521 sunt
520 1464 746 1520 rationis
791 1463 1054 1532 expertia.
1107 1461 1214 1518 Sed
1275 1461 1667 1533 intelligimus,
1719 1471 1772 1517 et
1832 1461 1949 1532 ipsa

336 1555 543 1613 eodem
580 1555 745 1612 modo
773 1556 825 1610 in
857 1570 1011 1611 usum
1043 1553 1280 1608 hominis
1318 1570 1347 1606 a
1378 1553 1489 1607 Deo
1539 1552 1698 1618 facta,
1757 1552 1948 1623 partim

339 1649 419 1705 ad
443 1649 635 1716 cibos,
689 1650 884 1719 partim
938 1648 1005 1702 ad
1055 1648 1346 1713 vestitum,
1404 1646 1595 1717 partim
1651 1646 1718 1700 ad
1767 1645 1947 1717 Operis

2062 456 2223 521 atque
2253 462 2453 506 ornare
2478 447 2735 519 voluisse,
2766 449 2838 507 ob
2866 464 3098 524 eamque
3126 465 3367 521 causam,
3398 459 3452 507 et
3476 466 3664 519 aerem

2064 539 2399 607 volucribus.
2443 551 2497 598 et
2523 556 2676 599 mare
2723 542 2983 614 piscibus,
3030 551 3085 599 et
3128 551 3327 603 terram
3357 542 3666 616 quadrupe-

2069 632 2227 690 dibus
2254 634 2517 708 implevit.
2548 635 2657 692 Sed
2681 634 2991 695 Academici
3014 644 3199 691 contra
3236 636 3446 694 Stoicos
3486 633 3665 699 dissor

2061 739 2243 787 rentes
2271 732 2451 788 solent
2478 747 2746 803 quaerere,
2779 747 2897 799 cur,
2926 732 2973 787 si
3002 731 3148 789 Deus
3169 731 3351 797 omnia
3383 730 3664 801 hominum

2062 836 2227 877 causa
2255 820 2463 891 fecerit,
2497 824 2661 880 etiam
2686 823 2852 878 multa
2880 823 3174 889 contraria,
3224 832 3279 878 et
3302 822 3519 878 inimica
3541 863 3557 891 ,
3608 831 3666 879 et

2066 911 2316 985 pestifera
2348 912 2504 969 nobis
2534 913 2894 986 reperiantur,
2945 922 3052 969 tam
3095 914 3147 968 in
3190 913 3363 981 mari,
3413 928 3574 983 quam
3607 913 3662 981 iu

2057 1016 2220 1062 terra.
2250 1006 2404 1077 Quod
2431 1007 2599 1064 Stoici
2625 1007 2906 1063 veritatem
2947 1023 3055 1062 non
3099 1004 3459 1077 respicientes
3510 1006 3666 1077 inope-

2058 1099 2265 1155 tissime
2292 1100 2626 1171 repulerunt.
2661 1100 2830 1157 Aiunt
2875 1098 3018 1155 enim
3047 1141 3062 1165 ,
3112 1098 3278 1153 multa
3316 1112 3439 1154 esse
3487 1096 3542 1153 in
3578 1096 3663 1168 gi-

2054 1193 2361 1264 gnentibus,
2399 1201 2452 1247 et
2480 1193 2532 1248 in
2564 1208 2787 1249 numero
2813 1191 3125 1249 animalium
3147 1232 3162 1257 ,
3213 1204 3441 1261 quorum
3482 1187 3665 1251 adhuc

2056 1282 2218 1339 lateat
2245 1284 2445 1341 utilitas
2474 1304 2487 1340 :
2513 1284 2607 1339 sed
2636 1300 2755 1341 eam
2781 1297 3037 1356 processu
3068 1291 3370 1354 temporum
3403 1280 3663 1347 inveniri;

2057 1376 2195 1432 sicut
2217 1376 2329 1447 jam
2353 1376 2506 1449 plura
2534 1377 2807 1448 prioribus
2830 1376 3041 1432 smculis
3068 1374 3337 1446 incognita
3363 1372 3662 1433 necessitas

2055 1478 2110 1523 et
2141 1482 2269 1523 usus
2291 1467 2579 1525 invenerit.
2613 1469 2744 1539 Quae
2774 1468 2992 1527 tandem
3022 1467 3222 1523 utilitas
3251 1475 3427 1538 potest
3455 1466 3509 1531 iu
3534 1482 3660 1531 mu.-

2053 1561 2223 1629 ribus,
2268 1563 2320 1617 in
2348 1563 2553 1629 blattis,
2593 1565 2643 1618 in
2688 1563 3032 1633 serpentibus
3078 1562 3339 1635 reperiri,
3389 1575 3511 1635 qua:
3555 1560 3659 1617 bo-

2052 1658 2181 1711 mini
2214 1657 2439 1713 molesta
2482 1668 2538 1714 et
2586 1659 2883 1728 perniciosa
2942 1657 3101 1717 sunt?
3149 1656 3233 1714 An
3276 1655 3548 1715 medicina
3599 1655 3656 1713 in

340 1743 583 1810 auxilia;
621 1752 677 1797 ut
701 1741 907 1797 clarum
935 1741 1024 1809 sit,
1058 1740 1296 1795 divinam
1335 1740 1723 1811 providentiam
1760 1756 1941 1796 rerum
1973 1737 2021 1800 B
2049 1749 2132 1806 his
2164 1751 2340 1823 aliqua
2369 1751 2545 1809 latet?
2578 1751 2711 1822 Quae
2748 1753 2794 1808 si
2829 1762 2912 1813 est
2940 1794 2957 1822 ,
2991 1752 3299 1815 invenietur
3342 1748 3661 1823 aliquando,

1666 1858 2027 1918 VARIORUM
2055 1864 2287 1922 ΝΟΤΔΕ.

418 1996 586 2053 Certis
615 1995 939 2053 stationibus.
971 1994 1118 2051 Nihil
1147 1995 1482 2051 mutandum.
1512 1993 1687 2050 Certa:
1716 1996 1955 2054 stationes

337 2079 477 2126 sunt
518 2068 782 2124 siderum.
810 2065 948 2122 Vide
988 2068 1183 2123 Senec.
1237 2067 1441 2133 Quaest.
1490 2065 1610 2121 Nat.
1640 2108 1655 2132 ,
1707 2066 1801 2123 lib.
1855 2083 1952 2134 vn,

339 2155 473 2210 cap.
512 2138 609 2207 25,
633 2150 689 2196 et
726 2139 883 2197 Plinii
912 2139 1003 2195 lib.
1040 2155 1078 2195 ιι
1108 2138 1242 2194 liist.
1268 2138 1416 2203 Nat.,
1444 2152 1561 2208 cap.
1588 2139 1677 2203 15,
1699 2148 1833 2193 sect.
1864 2139 1951 2207 12,

347 2221 505 2263 extr.
1712 2209 1844 2263 BUN.

347 2221 505 2267 extr.
1712 2221 1844 2263 UUN.

425 2280 740 2353 Temporum
766 2282 1167 2335 subministrant.
1203 2279 1300 2335 Ms.
1343 2276 1506 2335 Cauc.
1556 2288 1609 2334 et
1640 2279 1671 2332 7
1707 2280 1837 2353 edit.
1873 2282 1955 2337 itt-

340 2351 647 2413 lerserunt.
676 2355 846 2422 plane.
1594 2419 1639 2422 __
1711 2351 1840 2406 Buu.

424 2423 513 2478 Ea
535 2419 726 2478 rite...
760 2426 1044 2477 observans.
1087 2422 1305 2478 Curtius
1338 2437 1436 2486 vn,
1472 2422 1507 2476 4
1537 2441 1549 2477 :
1584 2419 1952 2492 Navigantium

344 2496 507 2551 modo
532 2504 685 2550 noctu
731 2496 899 2549 sidera
931 2494 1226 2559 observant,
1261 2494 1328 2548 ad
1362 2508 1579 2563 quorum
1609 2510 1813 2549 cursum
1857 2496 1952 2550 iter

346 2566 608 2636 dirigunt.
640 2565 787 2620 Lact.
837 2566 928 2619 lib.
958 2581 1034 2631 VI,
1077 2580 1196 2634 Cap.
1225 2566 1296 2621 8:
1337 2563 1558 2636 Naves,
1592 2566 1693 2618 nisi
1740 2565 1951 2635 aliquod

346 2635 555 2693 taleae
586 2638 759 2697 lumen
813 2637 1069 2692 observent
1089 2679 1104 2703 ,
1155 2636 1355 2691 incertis
1401 2635 1634 2690 cursibus
1678 2646 1946 2760 uagantur.

1751 2722 1841 2760 un.

1751 2722 1841 2761 Uﬁ.

432 2778 764 2843 Persehatur.
800 2779 886 2834 Sic
940 2779 1149 2835 restitui
1184 2794 1250 2833 ex
1302 2778 1552 2835 omnibus
1604 2792 1771 2846 prone
1815 2792 1944 2834 mss.

348 2862 412 2907 et
439 2851 477 2908 ὅ
509 2862 613 2906 vet.
643 2852 819 2907 editis.
860 2850 917 2905 in
960 2850 996 2903 2
1043 2850 1172 2919 Reg.
1205 2865 1341 2914 rec.,
1400 2848 1560 2903 (Iauc.
1618 2847 1949 2917 totidemque

345 2923 571 2978 excusis
612 2931 697 2979 est
737 2922 1079 2991 provehatur;
1121 2924 1172 2975 in
1218 2921 1253 2974 '5
1286 2919 1541 2989 vulgatis,
1578 2920 1949 2991 prove/tamur;

346 2993 409 3050 in
479 2990 800 3060 quibusdam
874 2993 1068 3058 editis,
1142 2992 1503 3060 provehantur,
1573 3000 1709 3045 teste
1780 2990 1951 3059 Isaeo,

346 3037 800 3130 ἱὶἱεηῐὶῦὲέΤἬΓ
845 3037 1068 3135 Εἶιὶἔζ
1120 3037 1503 3123 ιῖἁιῖξέῗῖὲέἐ
1526 3100 1544 3126 .
1573 3037 1910 3131 ’ἑῖῐςνέἷῐιῖ
1934 3037 1959 3129 ζ-
1979 3037 2025 3100 C

346 3136 712 3264 “gittarum
734 3206 919 3276 spiritu
949 3205 1274 3261 attrahuntur
1297 3203 1473 3259 nubes.
1505 3202 1566 3276 L.
1596 3217 1668 3258 vn
1690 3202 1955 3272 Institut.,'

345 3289 474 3346 cap.
502 3279 536 3333 6
562 3297 574 3329 :
601 3279 707 3334 Cur
726 3275 987 3332 uentorum
1011 3278 1223 3347 spiritus
1240 3276 1413 3329 cittent
1440 3275 1642 3347 nubess
1711 3277 1840 3347 BDN.

432 3347 574 3405 Vites
604 3350 826 3422 fwtibus.
863 3345 1162 3422 rEmmann.
1210 3346 1345 3400 Vites
1374 3347 1506 3422 uois,
1535 3345 1945 3422 sttpitgloSsam.

346 3415 795 3479 Fructus'etiam
847 3421 997 3487 [tutus
1064 3419 1335 3474 dicuntur.
1396 3415 1696 3487 Cyprianus
1763 3427 1949 3471 contra

352 3490 787 3557 Demetrianum,
840 3490 1073 3544 Arboreis
1111 3489 1339 3560 fastibus
1383 3497 1629 3560 autumno
1687 3489 1903 3557 fecunda
1932 3529 1947 3553 ,

350 3561 593 3627 imitatur
647 3561 850 3633 Virgilii
901 3561 996 3616 lib.
1038 3577 1052 3615 ι
1094 3557 1291 3630 Georg.
1338 3560 1409 3616 55
1452 3576 1467 3612 z
1518 3557 1738 3633 Arborei
1775 3563 1946 3629 ﬂetus.

418 3704 649 3760 Arbusta
676 3704 838 3771 pomis
886 3704 1176 3759 exuberent.
1216 3699 1468 3773 Cyprian.
1523 3700 1659 3756 Bon.
1705 3629 1943 3773 altilem.

349 3772 653 3836 Ezuberare
674 3777 835 3845 pontis
854 3775 1081 3829 arbusta.
1265 3771 1274 3773 ’
1547 3843 1562 3845 _
1664 3841 1689 3845 _
1705 3771 1836 3825 Buu.

418 3845 530 3902 Per
564 3841 737 3917 orbem
784 3846 994 3901 uicibus.
1024 3845 1093 3901 Ut
1138 3845 1241 3917 lib.
1281 3860 1339 3911 tt,
1388 3857 1506 3913 cap.
1538 3843 1572 3899 9
1603 3860 1617 3896 :
1644 3841 1780 3906 Qua:
1804 3842 1948 3896 orbes

350 3925 647 3990 (eruperunt
664 3916 944 3990 perpetuos
969 3934 1031 3971 ac
1055 3916 1320 3990 volubiles,
1347 3931 1473 3990 quos
1497 3930 1733 3990 ugcantus
1764 3929 1945 3990 annos,

347 3984 551 4049 alterna
580 3984 824 4060 per'uic'es
847 3989 1164 4060 successione
1190 3987 1488 4060 c_onﬁciant._
1526 3984 1742 4060 Tacitus
1775 3984 1866 4060 lib.
1912 3986 1948 4039 5

348 4069 520 4129 Anth,
552 4054 673 4130 cap.
702 4059 811 4115 55:
838 4058 957 4113 Nisi
984 4062 1113 4130 [orte
1138 4057 1286 4130 rebus
1322 4056 1515 4110 cunctis
1558 4056 1711 4130 ἱιιεδιΔ
1738 4054 1949 4130 quidam

347 4125 720 4194 uelut—orbis,
775 4139 831 4184 ut
873 4125 1298 4200 quemadmodum
1337 4138 1621 4197 temporum
1665 4125 1832 4200 vices,
1876 4127 1948 4181 ita

346 4215 549 4260 uterum
574 4210 848 4257 vertantur.
885 4197 892 4200 ⁷
1702 4197 1836 4253 ΒυΝ.

424 4275 573 4330 Num
619 4274 771 4327 etiam
814 4282 1067 4326 mutorum
1121 4286 1294 4325 causa.
1344 4269 1456 4324 lmo
1514 4267 1729 4323 illorum
1784 4283 1947 4325 causa

351 4347 499 4403 Deus
520 4344 806 4411 laboravit,
834 4344 931 4398 sed
962 4352 1164 4397 tantum
1192 4340 1534 4409 secundario,
1568 4339 1798 4395 hominis
1818 4357 1947 4397 vero

346 4431 630 4489 primario.
816 4487 824 4489 ξ
873 4487 880 4489 Α
973 4484 992 4489 _
1536 4472 1545 4479 ,

420 4490 490 4544 In
518 4505 669 4544 usum
691 4487 927 4541 hominis.
973 4484 1048 4540 lta
1090 4500 1222 4540 mss.
1274 4497 1461 4539 omnes
1504 4491 1699 4553 prteter
1742 4484 1776 4537 5
1802 4483 1933 4557 Reg.

345 4574 462 4616 rec.
495 4560 590 4630 qui
617 4560 818 4614 habent
836 4601 851 4630 ,
871 4557 952 4630 ad
977 4573 1147 4611 usum.

419 4624 797 4686 Ad'vestitum.
826 4629 916 4685 Sic
944 4644 972 4682 a
1017 4644 1103 4683 me
1128 4627 1431 4681 restitutum
1471 4640 1539 4682 ex
1581 4625 1615 4680 6
1644 4632 1756 4679 vet.
1806 4624 1937 4679 edit.

343 4704 663 4772 cunctisque
687 4717 815 4756 mss.
841 4708 1037 4771 praeter
1074 4699 1101 4752 1
1129 4698 1260 4768 lleg.
1284 4713 1393 4753 rec.
1421 4700 1474 4751 in
1492 4712 1595 4767 quo
1612 4705 1694 4751 est
1710 4697 1937 4762 vestium,

345 4784 406 4829 ut
436 4775 491 4829 in
521 4774 733 4830 caeteris
758 4772 1057 4841 impressis.

438 4846 522 4899 Ad
582 4845 749 4911 aperis
811 4837 1028 4896 auxilia.
1097 4841 1207 4896 κατ’
1256 4840 1538 4912 ἐξοχὴν-112
1596 4839 1627 4892 l.
1680 4837 1945 4912 significat

342 4933 481 4987 opus
520 4909 802 4979 rusticum,
857 4909 1666 4987 agriculturam,“quoddoeet
1703 4910 1943 4987 maxime

340 4981 500 5044 Eccl.
532 4988 623 5042 lib.
658 5001 717 5051 ιι,
742 5000 861 5056 cap.
889 4981 979 5040 i0.
1005 4982 1075 5039 Ut
1098 4984 1342 5037 animalia
1375 4983 1493 5056 usui
1522 4981 1809 5056 hominibus
1836 4996 1944 5034 esse

342 5069 578 5127 possent,
608 5059 735 5111 alia.
760 5095 774 5110 .
798 5054 820 5110 ,ἡ
842 5057 911 5110 ad
938 5056 1099 5127 cibos,
1125 5056 1236 5127 alia
1261 5071 1383 5127 vero
1404 5054 1466 5106 ad
1499 5054 1747 5127 vestitum
1782 5069 1795 5105 :
1830 5066 1945 5121 quas

339 5123 517 5186 autem
540 5123 846 5202 magnarum
877 5137 996 5183 sunt
1040 5126 1243 5192 virium,
1274 5135 1327 5178 ut
1367 5125 1419 5177 in
1458 5123 1750 5202 excolenda
1802 5131 1942 5178 terra

339 5205 599 5269 iuuarent.
627 5195 648 5202 ⁷
1494 5264 1511 5269 _
1593 5265 1621 5269 _
1665 5195 1798 5248 Bux.

426 5273 596 5326 Vitam
617 5273 865 5325 instruere
890 5278 1038 5336 atque
1072 5284 1271 5321 ornare.
1301 5266 1395 5320 ilic
1424 5264 1569 5321 rei‘er
1589 5265 1847 5321 Senecam
1874 5263 1941 5319 ad

337 5344 635 5406 “arcium,
690 5357 811 5409 cap.
864 5341 949 5395 18.
997 5337 1193 5404 Disces,
1251 5338 1547 5405 docebisque
1575 5348 1734 5403 artes,
1777 5337 1938 5397 alias,

337 5430 458 5484 qua
495 5415 661 5469 vitam
694 5412 989 5476 instruant,
1030 5412 1191 5473 alias,
1220 5425 1335 5480 quin
1361 5419 1585 5475 urueut,
1632 5409 1782 5484 nl_ias,
1826 5424 1943 5478 qua:

336 5480 585 5557 regant,
689 5554 697 5557 _
786 5554 843 5557 __
1058 5553 1086 5557 _
1171 5552 1184 5557 _
1324 5526 1327 5531 μ
1612 5480 1798 5557 _Bun.

418 5551 527 5614 Sed
553 5554 875 5619 Academici,
894 5564 1006 5609 etc.
1056 5553 1133 5608 De
1171 5552 1273 5606 hoc
1294 5567 1358 5607 ex
1381 5562 1570 5621 quarto
1596 5551 1942 5607 Academicu—

338 5644 466 5685 rum
513 5625 795 5682 Ciceronis
839 5640 998 5694 supra
1049 5624 1142 5679 lib.
1173 5640 1265 5687 vn,
1312 5637 1429 5694 cap.
1478 5624 1532 5688 4,
1589 5623 1788 5677 dicttnn
1834 5630 1936 5694 est.

338 5699 682 5769 Augustinus
703 5705 890 5753 contra
906 5692 1315 5769 Manieltazos‘in
1346 5692 1481 5751 Gen.
1510 5694 1603 5769 lib.
1634 5710 1673 5757 1,
1691 5706 1821 5769 _cap.
1839 5693 1868 5769 _i
1882 5693 1936 5759 6,

336 5763 644 5842 respondet
698 5769 802 5823 illis
856 5767 1161 5823 hominibus
1213 5765 1387 5841 eidem
1436 5766 1605 5821 errori
1655 5763 1936 5832 obnoxiis,

2059 2001 2347 2057 animantia
2376 2004 2555 2057 omnia
2584 2011 2675 2058 aut
2697 2002 2844 2058 utilia
2872 2018 3017 2069 esse,
3050 2012 3141 2056 aut
3169 2001 3474 2072 perniciosa
3501 2042 3514 2066 ,
3561 2008 3658 2067 aut

2056 2075 2281 2128 omnino
2308 2075 2513 2130 inutilia
2534 2087 2585 2129 et
2607 2074 2835 2143 abiecta.
2864 2074 2938 2129 De
2963 2074 3180 2129 utilibus
3203 2081 3347 2128 certa
3377 2073 3516 2127 ratio
3546 2082 3659 2140 est;

2059 2145 2358 2214 perniciosa
2406 2160 2505 2201 nos
2550 2158 2766 2215 propter
2812 2158 3030 2214 peccata
3067 2154 3343 2215 esercent.
3375 2144 3657 2215 Exemplis

2058 2212 2159 2287 nec
2189 2226 2369 2272 nostra
2406 2212 2862 2287 tetnp'ora'careut
2882 2258 2897 2282 ,
2943 2230 3043 2277 nec
3076 2212 3406 2287 Testamenti
3435 2212 3655 2287 Veteris

2059 2285 2218 2351 libri;
2250 2296 2304 2341 et
2356 2286 2406 2342 in
2460 2285 2531 2341 iis
2564 2303 2683 2357 qum
2735 2288 2984 2341 videntur
3041 2286 3195 2341 nobis
3238 2286 3308 2340 ab
3351 2286 3497 2341 omni
3546 2299 3653 2357 usu

2058 2358 2230 2413 aliena
2258 2372 2402 2426 esse,
2432 2356 2710 2413 materiam
2739 2360 2893 2413 nobis
2914 2359 3146 2413 existere
3164 2399 3179 2424 ,
3211 2367 3269 2411 ut
3296 2360 3462 2413 Deum
3486 2356 3652 2412 etiam

2061 2429 2112 2482 in
2161 2429 2503 2484 formiCarum
2533 2431 2835 2484 humilitate
2857 2429 3157 2484 laudemus.
3187 2427 3259 2482 Et
3276 2428 3497 2483 omnino
3528 2427 3657 2484 hinc

2056 2500 2281 2570 colligit,
2341 2502 2702 2555 universitatis
2767 2500 3126 2569 integritatem
3176 2498 3302 2554 inde
3358 2498 3647 2570 compleri.

2058 2569 2288 2625 Basilius
2313 2570 2380 2624 ad
2408 2585 2586 2625 mores
2621 2571 2892 2624 transfert.
2927 2571 3155 2624 Possunt
3178 2570 3344 2634 enim,
3377 2569 3463 2625 vel
3492 2569 3650 2625 Salo-

2058 2643 2233 2695 monis
2261 2642 2585 2707 testimonio,
2620 2655 2718 2695 nos
2739 2641 2808 2695 ab
2833 2640 3023 2695 inertia
3046 2639 3112 2694 ad
3134 2639 3476 2694 sedulitatem
3499 2640 3650 2694 exci-

2056 2721 2170 2765 tare
2195 2726 2207 2766 :
2232 2726 2535 2780 quanquam
2562 2726 2687 2765 suas
2716 2711 2986 2766 naturales
3014 2711 3240 2765 virtutes
3266 2710 3463 2765 habeat
3486 2709 3651 2765 etiam

2057 2782 2187 2836 illud
2217 2783 2451 2836 animal:
2486 2795 2539 2838 ut
2576 2781 2821 2837 Christus
2869 2783 3198 2850 serpentium
3255 2780 3507 2849 exemplo
3553 2793 3649 2836 sa-

2058 2854 2309 2923 pientiam
2343 2854 2494 2908 nobis
2521 2853 2893 2919 commendat,
2922 2863 3025 2907 etc.
3174 2851 3499 2908 BETULEIUS.

2128 2924 2196 2979 In
2220 2926 2555 2996 gignentibus,
2588 2926 2708 2978 etin
2738 2939 2947 2978 numero
2979 2923 3297 2996 animalium.
3330 2923 3533 2979 Omnes
3558 2923 3651 2996 ili-

2060 2996 2140 3050 bri
2189 2993 2444 3051 exhibent
2484 2997 2537 3049 in
2575 2996 2915 3067 gignentibus.
2967 2993 3241 3067 Gignentia
3276 3006 3403 3051 sunt
3452 2995 3647 3067 genita.

2058 3082 2177 3138 qum
2207 3080 2332 3122 sunt
2357 3064 2591 3132 arbores,
2616 3064 2844 3138 frutices.
2871 3076 2980 3121 etc.
2998 3064 3149 3121 Lact.
3183 3068 3273 3121 lib.
3308 3082 3348 3133 ι,
3379 3064 3498 3138 cap.
3532 3064 3602 3138 12
3622 3081 3645 3121 :

2060 3137 2123 3190 In
2154 3155 2250 3207 quo
2282 3137 2455 3209 (Sole)
2500 3148 2572 3192 est
2598 3137 2782 3192 natura
2807 3147 2856 3192 et
2881 3153 3036 3192 causa
3077 3138 3409 3209 gignentium.
3440 3137 3648 3193 Eodem

2055 3223 2217 3331 sensu
2235 3210 2377 3335 Sitit
2399 3212 2465 3264 de
2499 3209 2598 3277 ira,
2631 3225 2680 3266 c.
2717 3209 2803 3264 10.
2836 3208 3057 3263 Arbores
3097 3220 3144 3263 et
3170 3224 3286 3277 qua:
3310 3211 3591 3280 gignuntur
3614 3224 3647 3263 e

2076 3296 2208 3333 erm.
2277 3297 2363 3335 uu.

2055 3290 2208 3333 terra.
2235 3290 2363 3336 BUN.

2130 3355 2356 3417 Quorum
2400 3354 2571 3407 adhuc
2603 3352 2756 3406 lateat
2796 3352 3009 3405 utilitas.
3061 3352 3218 3405 Deest
3253 3350 3421 3405 adhuc
3468 3351 3521 3405 in
3575 3348 3650 3404 i5

2053 3437 2184 3476 mss.
2230 3435 2283 3478 et
2336 3423 2402 3478 12
2432 3423 2650 3478 edd.—
2688 3424 2919 3489 Quorum
2959 3422 3130 3477 adhuc
3182 3420 3358 3475 lateat.
3392 3421 3648 3483 Testatur

2052 3491 2218 3547 lsants
2266 3496 2317 3548 in
2358 3496 2541 3555 variis.
2595 3494 2778 3548 haberi
2829 3493 3072 3547 voculam
3122 3492 3290 3545 adhuc
3336 3492 3388 3545 in
3430 3491 3642 3546 Bonon.

2054 3563 2195 3618 unde
2218 3565 2302 3619 illa
2330 3581 2360 3618 a
2379 3566 2689 3628 Thomasio,
2712 3564 2866 3625 lsreo,
2890 3563 3083 3632 Thys.,
3107 3562 3272 3625 ϐου..
3296 3561 3526 3630 Sparltio
3546 3561 3646 3615 ad-

2053 3636 2239 3700 missa,
2268 3650 2297 3690 a
2327 3635 2557 3690 Ceilario
2582 3648 2636 3690 et
2657 3635 2882 3704 reliquis
2902 3648 3007 3687 non
3030 3632 3256 3756 debegiat
3288 3633 3357 3685 ita
3389 3632 3640 3686 fastidiri.

3193 3717 3423 3756 euentu.

3193 3717 3423 3757 UNEXAN.

2123 3776 2190 3829 In
2220 3777 2463 3830 muribus.
2493 3775 2679 3845 Neque
2710 3773 2812 3830 hoc
2841 3773 3223 3829 animalculum
3264 3784 3372 3845 tam
3405 3773 3509 3827 vile
3528 3781 3638 3839 est,

2050 3849 2177 3914 quin
2208 3848 2469 3902 celebrari
2496 3844 2658 3902 etiam
2689 3846 2755 3901 ab
2781 3846 3002 3915 optimis
3026 3844 3380 3913 scriptoribus
3421 3858 3640 3900 mernee

2051 3920 2138 3972 rit.
2172 3918 2421 3973 Ducentis
2451 3918 2682 3972 nummis
2714 3918 2767 3970 in
2798 3915 3079 3971 obsidione
3119 3915 3422 3971 Massiliana
3471 3916 3640 3984 venit,

2051 3990 2334 4051 Strabone.
2362 3989 2532 4043 Plinio
2556 4000 2610 4043 et
2636 3987 2847 4042 Valerio
2872 3986 3203 4042 auctoribus.
3231 3985 3287 4040 Id
3310 3988 3471 4041 etiam
3496 3988 3644 4039 acci-

2050 4060 2129 4114 dit
2155 4061 2204 4113 in
2237 4061 2521 4115 Parisiensi
2550 4061 2675 4114 anni
2707 4059 2848 4114 1590
2866 4070 2919 4113 et
2938 4061 2990 4113 in
3020 4058 3331 4125 Rupellensi
3350 4057 3473 4111 anni
3497 4055 3654 4113 i698-

2050 4132 2438 4186 obsidiunibus.
2467 4132 2644 4186 Taceo
2669 4130 3068 4194 salubritatem;
3117 4144 3239 4183 nam
3279 4129 3512 4183 murium
3537 4142 3639 4183 ca-

2053 4203 2220 4270 pitum
2253 4203 2649 4271 caudarumque
2674 4202 2910 4256 cinerem
2938 4202 3109 4255 oculis
3147 4200 3443 4271 claritatem
3475 4198 3637 4271 indu-

2009 4274 2031 4311 -“
2050 4268 2173 4328 cere
2200 4274 2435 4341 tradunt,
2465 4274 2511 4329 si
2542 4268 2608 4328 ex
2638 4271 2799 4326 melle
2826 4271 3130 4340 inungatur.
3164 4270 3349 4323 Plures
3377 4269 3493 4336 ejus
3519 4268 3637 4322 vir-

2052 4353 2193 4398 tutes
2221 4360 2402 4412 qutere
2422 4344 2561 4413 apud
2590 4342 2839 4406 Plinium,
2869 4356 2990 4395 cum
3022 4342 3166 4413 alibi,
3185 4350 3311 4413 tum
3335 4352 3463 4413 vero
3493 4352 3637 4413 prae:

1968 4426 2025 4488 Β
2049 4416 2206 4484 cipue
2237 4408 2272 4468 l.
2303 4429 2427 4469 xxix
2458 4408 2578 4488 cap.
2613 4420 2683 4488 ti._
2700 4413 2920 4488 Sextum
2952 4409 3510 4488 vero_pi_ti|osopbum,
3538 4408 3638 4479 qui

2047 4481 2268 4539 Adriani
2297 4481 2628 4553 temporibus
2653 4484 2853 4546 ﬂoruit,
2882 4497 3002 4551 cap.
3030 4482 3120 4537 Ἥ.
3148 4481 3355 4553 Bero}.

2118 4556 2322 4611 Blattis.
2356 4552 2503 4611 inter
2530 4556 2732 4609 insecta
2762 4563 2817 4607 et
2854 4553 3175 4609 Aristoteles
3200 4562 3253 4608 et
3282 4552 3421 4607 Plin.
3445 4563 3636 4607 nume-

2045 4638 2185 4703 rant.
2226 4626 2552 4703 [iristoteles
2597 4641 2721 4703 suas
2764 4624 3182 4703 wgucozoupida;
3219 4623 3501 4703 _nominat,
3544 4622 3638 4680 sic

2044 4700 2187 4753 enim
2215 4699 2359 4754 Gaza
2400 4697 2707 4752 transtulit:
2740 4695 2835 4752 sed
2886 4711 2953 4750 ex
2993 4695 3264 4751 séarabeis
3294 4705 3475 4760 natas,
3508 4707 3637 4751 cum

2044 4771 2184 4825 Gaza
2212 4786 2277 4824 ex
2305 4770 2536 4823 alvearis
2565 4768 2711 4822 nasci
2737 4768 2916 4831 dicat;
2967 4767 3111 4821 unde
3145 4767 3294 4821 locus
3337 4764 3467 4820 mihi
3513 4779 3636 4820 sus-

2114 4852 2228 4896 ctus
2249 4853 2351 4896 est.
2383 4841 2586 4895 Plinius
2625 4854 2751 4893 suas
2774 4855 2840 4893 ex
2874 4838 3095 4892 humido
3121 4851 3322 4905 vapore
3351 4837 3499 4890 nasci
3530 4838 3627 4892 ait.

2114 4857 2228 4896 etus
2249 4857 2351 4896 εει.
2383 4857 2586 4895 ιἸΙῐηΙΙδ
2625 4857 2751 4893 suns
2774 4857 2840 4893 εκ
2874 4857 3095 4892 1111111100
3122 4857 3322 4905 vapore
3351 4857 3499 4890 nasot
3530 4857 3627 4892 all.

2044 4857 2298 4983 Virgilius
2338 4915 2390 4967 in
2420 4910 2700 4983 tvﬂGeorg.
2730 4906 3233 4983 etucolumellalib.
3266 4922 3345 4983 ι,Δ
3370 4906 3631 4983 lucifuga:

2044 4977 2444 5053 cogiioniinant.
2477 4982 2607 5035 Nam
2650 4977 2704 5053 et
2736 4980 2944 5053 Plinius
2984 4992 3077 5033 eas
3114 4978 3293 5053 lucent
3320 4977 3506 5053 fugere
3522 4977 3636 5053 ait,

2045 5064 2099 5109 et
2115 5048 2303 5109 earum
2336 5056 2496 5108 vitam
2532 5050 2873 5106 tenebrarum
2900 5049 3169 5104 alumnam
3191 5048 3343 5103 dicit.
3370 5050 3465 5104 Est
3487 5049 3638 5105 aliud

2044 5140 2246 5205 genus,
2264 5126 2403 5194 quod
2434 5123 2605 5204 Graeci
2637 5119 2868 5205 μύλοχοε
2888 5121 3217 5205 vocarit,_vel
3250 5120 3333 5205 (ut
3365 5119 3489 5205 aliis
3513 5119 3635 5205 pla-

1976 5237 1991 5245 -
2045 5189 2152 5267 cet)
2181 5189 2374 5267 caena,
2406 5189 3036 5267 vermicu'lum'infestum
3074 5190 3223 5267 libris
3252 5200 3307 5244 et
3350 5189 3631 5246 studiosis.

2043 5261 2301 5335 Ad'priu's
2327 5279 2493 5333 genus
2513 5264 2847 5319 referendam
2869 5261 3372 5335 putogmedicinam,
3396 5276 3517 5331 quae
3544 5275 3634 5335 re-

2044 5330 2215 5394 fertur
2241 5354 2269 5391 a
2301 5330 2442 5397 Plin.
2478 5336 2576 5389 sub
2607 5336 2765 5390 tinem
2790 5330 2897 5396 29—,
2933 5333 3019 5388 ubi
3066 5333 3141 5386 ait
3182 5330 3467 5405 quamdam
3511 5330 3633 5405 ejus

2044 5425 2187 5474 esse,
2216 5410 2259 5463 si
2283 5417 2441 5478 caput
2461 5407 2742 5461 avellatur.
2781 5406 2929 5478 Hauc
2973 5406 3113 5459 enim
3148 5403 3324 5478 tritam
3371 5403 3626 5478 nn_a_cum

2046 5473 2295 5542 rusaCeu,
2336 5473 2553 5533 auribus
2595 5478 2730 5532 mire
2774 5477 3061 5546 prodesse,
3103 5483 3207 5529 etc.
3245 5473 3391 5546 Ergo
3436 5474 3633 5546 blatta-

2045 5567 2163 5606 rum
2187 5554 2346 5607 etiam
2374 5550 2428 5604 in
2458 5549 2738 5604 medicinis
2763 5542 2994 5602 salubris
3024 5542 3342 5601 mortalibus
3369 5558 3497 5600 usus
3524 5542 3630 5598 all-

2042 5624 2161 5692 quis
2182 5632 2284 5679 est.
2315 5623 2642 5677 Βετυικιυε.

2114 5693 2180 5747 In
2208 5693 2538 5764 serpentibus.
2574 5692 2869 5764 Unicuique
2916 5696 3246 5764 ttqtttm_est,
3276 5702 3344 5743 ex
3368 5684 3474 5742 illis
3501 5681 3629 5745 the!

2043 5765 2245 5833 riacon,
2271 5758 2475 5822 homini
2502 5764 2656 5822 valde
2687 5758 2835 5831 utile,
2861 5760 3074 5816 conﬁci.
3096 5758 3265 5815 GALL.
