4138 6190
463 235 574 300 119

1805 241 1988 298 FIRM.
2033 232 2401 298 LACTANTII

3663 234 3766 296 120

449 360 660 427 nempe
706 355 967 411 adversus
1015 354 1176 423 mala,
1230 370 1352 410 cum
1397 355 1447 410 id
1491 356 1564 410 illi
1611 366 1906 428 querantur
1935 371 2056 412 esse
2084 357 2294 424 ANam
2323 359 2367 413 si
2401 358 2600 413 malum
2630 355 2839 414 nullum
2874 358 2984 423 sit,
3019 357 3224 413 nullum
3265 357 3558 429 periculum
3581 402 3595 428 ,
3632 361 3763 418 nihil

457 447 689 503 omnino
733 447 949 500 malum.
982 445 1238 516 Viperam
1284 447 1465 503 lerunt
1511 463 1754 504 exustam
1808 449 1862 504 in
1915 450 2062 504 cine-

457 553 689 609 remque
726 537 1021 607 dilapsam,
1047 539 1256 625 .mederi
1295 540 1538 608 ejusdem
1589 542 1778 596 bestia:
1832 543 2057 596 morsui.

464 629 682 698 Quanto
713 628 907 684 melius
938 629 1115 689 fuerat
1141 646 1259 685 eam
1285 643 1518 700 ‘prorsus
1547 647 1653 688 non
1697 647 1820 688 esse
1841 674 1855 700 ,
1903 649 2062 703 quam

459 724 765 782 mmcdium
799 736 983 781 contra
1015 742 1074 782 se
1100 728 1168 781 ab
1199 743 1259 783 ea
1284 729 1392 799 ipsa
1425 729 1766 785 desiderari?

541 819 764 874 Brevius
790 821 970 890 igitur,
1001 836 1063 875 ac
1097 821 1277 877 verius
1319 823 1650 892 respondere
1691 833 1980 894 potuerunt
2012 827 2065 880 in

463 908 611 966 hunc
658 911 894 966 modum.
929 913 1070 967 Deus
1099 928 1218 967 cum
1267 912 1554 968 formasset
1592 915 1861 972 hominem
1903 918 2068 972 veluti

461 1001 815 1056 simulacrum
841 1019 1023 1068 suum,
1052 1004 1195 1074 quod
1221 1016 1338 1059 erat
1363 1006 1524 1060 divini
1549 1007 1746 1076 Opilieii
1776 1024 2067 1076 summum,

459 1093 750 1164 insliiravit
780 1095 831 1149 ei
861 1096 1180 1165 sapientiam
1206 1098 1328 1163 soli,
1356 1107 1411 1152 ut
1433 1099 1611 1153 omnia
1642 1099 1867 1169 imperio
1894 1115 1956 1156 ac
1981 1100 2034 1154 di
2053 1131 2066 1142 -

461 1188 604 1244 tioni
654 1204 767 1244 sum
797 1189 1109 1261 subjugaret
1138 1192 1494 1262 omnibusque
1545 1194 1726 1247 mundi
1773 1194 2072 1250 commodis

464 1291 736 1338 uteretur.
770 1283 1059 1354 Proposuit
1085 1294 1260 1342 tamen
1287 1288 1336 1340 ei
1365 1297 1420 1342 et
1461 1288 1602 1342 bona
1647 1297 1702 1342 et
1743 1289 1915 1354 mala;
1945 1289 2072 1358 quia

466 1374 786 1445 sapientiam
813 1375 991 1444 dedit;
1028 1377 1182 1447 cujus
1224 1378 1402 1433 omnis
1431 1380 1569 1433 ratio
1611 1381 1664 1434 in
1701 1380 2075 1437 discernendis

467 1466 632 1522 malis
662 1481 726 1522 ac
754 1467 911 1523 bonis
946 1469 1048 1524 sita
1089 1477 1194 1525 est.
1225 1469 1342 1526 Non
1397 1480 1577 1542 potest
1621 1471 1765 1527 enim
1793 1471 2076 1543 quisquam

470 1559 674 1629 eligere
702 1560 924 1615 meliora
957 1569 1013 1616 et
1057 1562 1198 1618 scire
1242 1562 1370 1634 quid
1397 1565 1599 1619 bonum
1649 1565 1758 1630 sit,
1791 1565 1892 1619 nisi
1941 1564 2078 1619 sciat

470 1649 632 1705 simul
662 1651 890 1720 rejicere
914 1667 979 1708 ac
1009 1654 1180 1710 vitare
1209 1671 1330 1725 qua:
1360 1655 1499 1710 mala
1531 1665 1676 1710 sunt.
1710 1655 1944 1711 Invicem
1975 1655 2074 1710 sibi

2165 449 2435 522 denique,
2494 450 2637 521 quod
2695 450 2914 507 loedere
2971 451 3244 507 hominem
3291 452 3499 523 possit,
3565 452 3768 508 tollitur

2167 543 2342 597 omnis
2373 543 2591 598 materia
2615 543 2914 615 sapientiae,
2945 558 3043 599 nec
3069 543 3173 600 erit
3200 543 3404 599 homini
3441 545 3763 600 necessaria.

2166 634 2363 714 Positis
2400 636 2544 691 enim
2576 634 2945 691 tantummodo
2993 636 3047 690 in
3093 645 3389 706 conspectu
3433 636 3613 704 bonis,
3640 637 3767 708 quid

2170 744 2304 799 opus
2334 739 2416 785 est
2459 729 2812 799 cogitatione,
2863 728 3163 797 intellectu,
3212 729 3470 794 scientia,
3518 730 3769 786 ratione?

2171 837 2296 877 cum
2339 837 2677 891 quocumque
2716 822 3019 891 porrexerit
3049 837 3300 887 manum,
3344 821 3394 876 id
3429 832 3636 877 naturre
3672 839 3768 895 ap.

2172 923 2286 969 tum
2308 925 2361 968 et
2387 912 2850 968 accommodatum
2880 912 2950 968 sit
2982 931 2996 967 :
3031 923 3087 967 ut
3113 914 3155 967 si
3185 914 3303 983 quis
3327 915 3449 968 velit
3474 916 3772 985 apparatis-

2173 1006 2362 1060 simam
2383 1020 2593 1062 caenam
2627 1005 2941 1072 infantibus,
2965 1006 3054 1076 qui
3087 1005 3322 1060 nondum
3351 1005 3581 1076 sapiant,
3609 1023 3775 1077 appo.

2174 1115 2327 1166 nere,
2363 1101 2435 1153 uti
2461 1115 2544 1165 gue
2575 1098 2626 1153 id
2657 1108 2914 1170 appetent
2943 1100 3162 1169 singuli,
3202 1115 3310 1168 quo
3340 1116 3773 1171 unumquemque

2174 1202 2268 1247 aut
2313 1192 2564 1262 impetus,
2613 1201 2706 1245 aut
2735 1191 2926 1258 fames,
2959 1200 3052 1246 aut
3091 1191 3252 1247 etiam
3283 1207 3438 1247 casus
3464 1194 3772 1261 attraxerit,

2176 1293 2232 1340 et
2252 1282 2508 1355 quidquid
2536 1284 2888 1353 sumpserint,
2919 1284 2970 1337 id
2999 1283 3105 1338 illis
3128 1285 3233 1337 erit
3259 1283 3419 1338 vitale
3447 1299 3508 1338 ac
3536 1285 3776 1342 salubre.

2177 1373 2315 1442 Quid
2342 1374 2499 1445 igitur
2547 1374 2781 1439 nocebit,
2833 1388 2929 1428 eos
2966 1373 3122 1428 sicuti
3167 1382 3322 1438 sunt,
3356 1388 3679 1443 permanere
3725 1386 3779 1430 et

2179 1483 2396 1539 semper
2436 1465 2669 1522 infantes
2714 1482 2778 1522 ac
2826 1467 3039 1521 nescios
3083 1480 3204 1521 esse
3253 1466 3470 1520 rerum?
3498 1467 3554 1522 Si
3597 1477 3777 1522 autem

2181 1561 2481 1616 admisceas
2508 1559 2587 1616 vel
2611 1574 2814 1622 amara,
2838 1559 2925 1614 vel
2946 1558 3173 1624 inutilia,
3201 1559 3289 1614 vel
3311 1561 3473 1615 etiam
3495 1570 3777 1626 venenata,

2181 1651 2526 1721 decipiuntur
2573 1651 2757 1718 utique
2811 1665 2906 1719 per
2952 1649 3304 1720 ignorantiam
3358 1650 3482 1704 boni
3525 1665 3585 1704 ac
3629 1651 3776 1716 mali,

468 1736 730 1800 alterutra
763 1759 1004 1799 connexa
1033 1755 1194 1811 sunt;
1223 1755 1280 1801 ut
1307 1747 1519 1801 sublato
1545 1747 1831 1814 alterutro,
1867 1755 2074 1801 utrum-
2107 1771 2154 1831 Β
2182 1747 2284 1802 nisi
2313 1746 2533 1801 accedat
2580 1745 2668 1801 his
2697 1745 2983 1815 sapientia,
3013 1761 3108 1814 per
3149 1761 3307 1815 quam
3342 1745 3574 1801 habeant
3604 1746 3774 1800 malo-

472 1849 583 1906 que
605 1835 718 1889 tolli
734 1837 802 1889 sit
823 1851 1065 1892 necesse.
1094 1837 1392 1909 Pr0positis
1423 1839 1582 1909 igitur
1608 1839 1762 1894 bonis
1790 1839 2072 1909 malisque,

471 1935 589 1983 tum
613 1926 830 1982 demum
856 1944 994 1998 opus
1023 1946 1183 1986 suum
1215 1931 1419 2002 peragit
1447 1931 1746 2000 sapientia;
1778 1941 1833 1986 et
1860 1932 2077 2002 quidem

467 2016 672 2076 bonum
716 2019 922 2089 appetit
951 2020 1018 2075 ad
1050 2020 1359 2086 utilitatem,
1393 2020 1592 2075 malum
1638 2021 1813 2091 rejicit
1840 2021 1906 2074 ad
1935 2021 2078 2076 salu-

470 2115 607 2164 tem.
633 2107 774 2178 Ergo
797 2109 938 2165 sicut
962 2111 1101 2165 bona
1123 2111 1529 2166 innumerabilia
1553 2111 1675 2165 data
1701 2121 1825 2166 sunt
1851 2110 2076 2176 homini,

471 2185 672 2274 quibus
711 2201 816 2258 frui
863 2213 1074 2273 posset;
1127 2203 1207 2258 sic
1255 2206 1416 2258 etiam
1457 2203 1616 2269 mala,
1668 2220 1789 2274 qua:
1838 2207 2077 2258 caveret.

2185 1854 2304 1895 rum
2331 1839 2682 1911 rejectionem
2713 1839 3083 1910 bonorumque
3108 1836 3398 1893 delectum.

2257 2018 2422 2074 Vides
2469 2033 2620 2088 ergo,
2655 2018 2824 2087 magis
2863 2027 3082 2088 propter
3124 2018 3261 2072 mala
3305 2033 3440 2088 opus
3481 2003 3635 2079 uoltis
3663 2033 3784 2074 csse

2185 2110 2444 2180 sapientia
2471 2127 2484 2162 :
2513 2125 2633 2181 qua:
2663 2110 2763 2164 nisi
2797 2110 3018 2165 inissent
3047 2111 3342 2180 proposita,
3371 2111 3632 2167 rationale
3658 2113 3772 2166 ani-

2187 2203 2297 2259 mal
2327 2218 2433 2258 non
2465 2218 2730 2272 essemus,
2758 2203 2911 2271 Quod
2945 2204 2987 2258 si
3018 2203 3131 2259 lucc
3159 2203 3296 2279 ratio
3327 2219 3450 2259 vera
3475 2213 3558 2260 est
3578 2247 3590 2270 ,
3622 2220 3781 2276 quam

1821 2339 2186 2399 VARIORUM
2224 2341 2457 2399 NOTAE.

469 2455 497 2468 ”
553 2457 755 2528 Nempe
783 2461 1020 2514 adversus
1049 2460 1218 2522 mala,
1253 2476 1368 2512 cum
1395 2458 1446 2510 id
1489 2457 1566 2510 illi
1589 2466 1886 2528 querantur.
1921 2496 1936 2528 _.
1968 2495 2022 2528 ._.
2059 2496 2071 2507 .

478 2526 701 2584 malum.
732 2529 856 2585 Hzec
885 2529 1047 2585 verba
1078 2531 1258 2584 omnia
1291 2529 1641 2585 Heumannus
1681 2527 1846 2595 ejicit.
1897 2526 2077 2580 Cella-

476 2603 594 2656 rius
619 2609 674 2654 et
703 2599 914 2655 Walch.
946 2598 1146 2670 Nempe
1173 2601 1412 2654 adversus
1438 2600 1594 2663 mala,
1624 2613 1836 2666 cumque
1859 2597 1943 2670 illi
1958 2613 2080 2670 qne-

479 2681 679 2726 rentur.
713 2671 918 2728 Sensus
941 2669 1157 2726 videtur
1194 2688 1352 2726 esse:
1387 2671 1444 2725 Si
1488 2671 1573 2724 vel
1623 2670 1855 2724 maxime
1899 2669 2076 2738 aliqua

479 2741 750 2818 medicina
782 2743 833 2796 in
864 2744 930 2798 iis
958 2739 1330 2818 (perniciosis)
1379 2750 1482 2818 est,
1529 2751 1582 2796 et
1613 2740 2078 2818 aliquandoinve-

479 2814 683 2880 nietur,
716 2829 911 2882 nempe
939 2811 1200 2870 adversus
1228 2811 1364 2868 mala
1396 2812 1521 2882 erit,
1545 2819 1600 2882 et
1627 2811 1698 2865 ita
1720 2811 1984 2882 medicina
2019 2825 2081 2863 ra:

482 2885 638 2938 malis
662 2881 927 2940 adversus
952 2884 1129 2949 mala;
1157 2899 1281 2939 cum
1313 2881 1621 2937 Academici
1649 2881 1813 2935 velint
1831 2921 1846 2945 ,
1879 2881 2080 2934 nullum

479 2956 707 3009 omnino
761 2955 959 3009 malum
1005 2970 1126 3010 esse
1152 2955 1372 3016 debere,
1413 2968 1483 3008 ne
1526 2951 1790 3007 medicina
1829 2967 1894 3006 ex
1927 2952 2081 3005 malis

1010 3005 1123 3083 sit:
1361 3005 1537 3091 inira,
1552 3005 1633 3077 Si
1659 3005 1854 3078 malum
1886 3023 2086 3076 nullum
2111 3005 2157 3068 C

486 3096 573 3153 ait.

569 3165 808 3238 Viperam
860 3169 1029 3234 ferunt
1073 3178 1349 3238 exustamt
1377 3175 1484 3221 etc.
1535 3163 1671 3238 Vide
1694 3163 1955 3238 _Plinium
1991 3164 2084 3238 lib.

482 3252 612 3294 xxnt
633 3234 825 3294 Natur.
855 3239 1047 3296 histor.
1081 3254 1202 3309 cap.
1233 3239 1289 3295 4.
1318 3236 1584 3295 Galenum
1612 3235 1665 3290 in
1694 3234 2087 3306 Therapeutica

485 3309 557 3364 ad
585 3309 863 3364 Pisonem.

493 3380 718 3506 “Quod
754 3391 860 3435 erat
898 3381 1058 3437 divini
1104 3381 1299 3452 opiﬁcii
1324 3395 1598 3436 sumntum.
1642 3377 1816 3434 Abest
1856 3377 2018 3432 divini
2057 3393 2089 3433 a

591 3466 720 3506 mss.

529 3451 562 3507 6
591 3466 720 3506 mss.

565 3521 634 3576 Ει
668 3522 801 3576 bona
823 3533 870 3577 et
897 3524 1034 3577 mala
1054 3564 1069 3589 ,
1111 3533 1218 3579 etc.
1243 3524 1397 3594 Saepe
1425 3522 1542 3578 hrec
1571 3529 1625 3578 et
1644 3519 1837 3594 similia
1855 3518 2091 3594 inculcat

486 3591 801 3665 Lactantius
846 3613 859 3648 :
914 3595 1112 3649 fallitur
1158 3591 1349 3650 autem'
1387 3609 1548 3665 quam
1599 3593 1865 3665 maxime;
1909 3592 2089 3645 omnia

485 3664 632 3720 enim
660 3680 779 3731 qua:
812 3667 950 3720 Deus
978 3667 1203 3731 creavit,
1235 3675 1388 3720 erant
1407 3662 1569 3720 'valde
1609 3662 1748 3717 bona
1773 3704 1789 3728 ,
1823 3670 1881 3716 ut
1911 3672 2089 3716 textus

489 3749 646 3789 sacer
692 3735 882 3789 innuit.
927 3737 980 3792 Si
1035 3737 1195 3805 igitur
1244 3735 1518 3791 nonnulla:
1568 3742 1830 3805 creaturae
1881 3733 2086 3805 homini

489 3805 682 3876 noxias
705 3805 904 3862 habent
932 3803 1237 3876 qualitates.
1269 3823 1375 3861 non
1403 3805 1662 3861 creatoris
1691 3803 1839 3866 vitio,
1867 3803 1960 3876 sed
1992 3803 2087 3856 ho-

489 3875 656 3931 minis
684 3887 903 3942 pcccato
933 3874 1333 3946 imputandum;
1374 3876 1501 3932 illud
1540 3877 1684 3946 enim
1729 3883 1900 3928 totum
1947 3874 2089 3946 hunc

490 3947 752 4000 mundum
809 3945 1029 4002 vanitati
1079 3949 1372 4003 obnoxium
1420 3945 1672 4011 reddidit,
1719 3953 1780 3998 ut
1821 3945 1995 3998 innuit
2024 3945 2084 3998 Β.

492 4015 692 4072 Paulus
719 4015 786 4071 ad
809 4018 1082 4073 Romanos
1103 4033 1221 4088 cap.
1255 4033 1371 4072 vni.

569 4089 643 4140 Ac
668 4088 812 4142 bonis
837 4090 935 4143 sila
956 4100 1048 4143 est.
1081 4084 1401 4146 Sic-resumi
1431 4104 1497 4144 ex
1525 4101 1654 4144 mss.
1679 4084 1928 4140 omnibus
1953 4101 2088 4154 piae-

493 4166 581 4230 ter
604 4160 637 4213 5
670 4175 776 4215 rec.
812 4161 862 4213 in
889 4162 1088 4230 quibus
1113 4172 1218 4227 est,
1253 4171 1309 4216 ut
1335 4161 1384 4215 in
1407 4160 1592 4227 editis,
1620 4158 1786 4229 posita
1809 4155 1921 4221 est;
1954 4172 2084 4212 mss.

493 4229 735 4300 quidam,
765 4231 864 4285 sita
892 4229 976 4285 sit.
1723 4298 1731 4300 ᾗ
1763 4259 1766 4262 η

565 4299 790 4356 Invicem
814 4303 908 4357 sibi
932 4304 1179 4359 alterutra
1199 4319 1427 4359 connexa
1449 4310 1588 4357 sunt.
1613 4301 1688 4355 lta
1713 4298 1892 4354 ferunt
1915 4307 2091 4353 veter-

491 4371 779 4446 rimintnss.
811 4374 1133 4446 Regio-Pot.
1158 4373 1410 4446 etICauc.,
1442 4373 1857 4442 aliiqueplures,
1893 4384 1956 4424 ac
1988 4371 2088 4425 Be-

494 4443 642 4497 tuleii
674 4445 805 4502 edit.
835 4443 1099 4499 ln'multis
1121 4443 1260 4507 aliis.
1291 4447 1595 4500 alterutrum
1623 4459 1849 4496 connexa
1877 4451 2092 4494 sunt.—

495 4511 648 4567 Hanc
689 4515 930 4570 ultimam
970 4516 1256 4570 lectionem
1285 4517 1477 4584 recipit
1508 4515 1804 4583 Bunemap,
1834 4521 1888 4566 et
1911 4521 2089 4566 notam

494 4597 810 4652 sequentem
850 4585 1089 4640 exhibet.
1115 4614 1184 4624 —-
1223 4585 1448 4640 Invicem
1493 4586 1587 4639 sibi
1623 4587 1929 4638 alterutrum
1971 4600 2092 4636 con-

496 4669 629 4706 nexa
661 4666 796 4709 sunt.
829 4655 989 4711 Gotb.
1025 4665 1078 4710 et
1102 4655 1277 4711 Betul.
1310 4658 1578 4719 alterutra,
1604 4671 1827 4708 numero
1852 4653 2091 4708 multitu-

497 4723 661 4796 diuis.
687 4726 986 4796 elegantius
1016 4740 1167 4782 sane.
1203 4727 1278 4782 lta
1302 4739 1427 4783 ante
1455 4735 1698 4782 nostrum
1729 4724 2093 4780 Tertullianus

496 4794 566 4849 de
596 4794 816 4869 Resurr.
846 4797 1034 4862 Carn.,
1065 4813 1184 4869 cap.
1223 4799 1316 4863 44,
1367 4798 1598 4853 Membra
1643 4797 1960 4869 alterutrum
2006 4813 2094 4848 su-

496 4882 630 4920 mus.
691 4865 990 4938 Cyprianus
1034 4865 1145 4924 ηυξ
1165 4887 1221 4926 ιιι
1268 4870 1489 4926 Testim.
1547 4885 1602 4922 n.
1660 4867 1713 4922 9.
1761 4867 2092 4938 Alterutrum

494 4937 940 5009 onerasustinete.
982 4950 1038 4996 et
1080 4942 1227 4997 alibi.
1260 4941 1383 5009 Ipse
1430 4939 1736 4996 Lactantius
1778 4937 1832 4990 in
1868 4937 2006 5006 Epit.
2036 4953 2086 4992 c.

493 5007 600 5064 29:
634 5008 800 5063 Vides.
825 5051 839 5065 .
865 5052 879 5066 .
912 5012 1096 5066 bonum
1116 5023 1164 5067 et
1192 5007 1385 5066 malum
1413 5014 1485 5066 ita
1513 5012 1606 5066 sibi
1637 5025 1743 5064 esse
1768 5019 2014 5076 connexa,
2040 5018 2093 5062 ut

495 5080 714 5152 alterum
741 5083 850 5135 sine
863 5083 1025 5137 altero
1051 5095 1283 5138 constare
1309 5101 1411 5138 non
1441 5083 1618 5152 possit.
1650 5081 1781 5135 BUN.

571 5151 790 5205 Sublato
841 5153 1108 5220 alterutro,
1159 5166 1265 5210 etc.
1317 5157 1344 5210 1
1402 5151 1607 5209 Βοιιοη.
1667 5153 1858 5220 antiq.,
1907 5151 2086 5204 altera.

493 5220 691 5293 scripti
717 5222 880 5278 Cane.
909 5267 924 5288 ,
958 5225 1096 5280 Ultr.
1119 5268 1132 5286 .
1173 5228 1439 5280 alterutra.
1484 5226 1619 5279 Huic
1651 5223 1932 5293 quaestioni
1955 5237 2088 5293 knon

493 5291 625 5366 satis
650 5296 894 5366 apposite
919 5298 1208 5366 respondet
1238 5298 1566 5352 Lactantius.
1596 5291 1727 5350 Cum
1768 5293 1912 5346 enim
1953 5291 2090 5345 Dens

495 5363 580 5443 sui
609 5365 790 5429 operis
816 5363 1112 5443 inspecior,
1137 5383 1489 5443 quaecumque
1519 5367 1680 5443 totius
1714 5372 1918 5417 natura:
1943 5377 2090 5443 com-

499 5434 657 5503 plexit
685 5438 1128 5500 continebantur,
1157 5434 1378 5507 pmpt‘in
1405 5434 1582 5492 'eﬂato
1619 5438 1748 5490 bona
1780 5435 2091 5507 pronomin-

497 5513 603 5569 ret,
639 5506 705 5558 ita
737 5517 793 5558 ut
823 5524 940 5574 qua:
983 5504 1236 5576 deinceps
1267 5504 1410 5562 mala
1441 5508 1751 5564 acciderint.
1797 5505 1897 5558 sibi
1931 5504 2090 5556 homo

499 5589 726 5648 necesse
756 5577 824 5630 sit
851 5589 1066 5645 accepta
1096 5582 1316 5641 referat,
1349 5580 1546 5648 quippe
1575 5593 1692 5648 quae
1724 5590 1830 5631 non
1859 5587 2083 5648 natura,

501 5646 596 5702 sed
626 5662 755 5714 pecc
773 5651 826 5721 nti
852 5648 1070 5721 humani
1105 5650 1321 5721 sequela
1347 5644 1528 5704 essent
1553 5668 1564 5704 :
1592 5644 1700 5721 iam
1731 5647 1888 5721 longe
1913 5644 2085 5709 ἐώθει.

505 5723 567 5774 ιιι
598 5721 740 5790 quod
783 5719 923 5777 inira
959 5723 1152 5781 asserit
1183 5719 1528 5790 Lactantius,
1573 5719 1771 5776 sublato
1817 5719 2085 5788 alterutro,

2180 2466 2452 2526 utrumque
2482 2455 2590 2509 tolli
2617 2457 2680 2509 sit
2702 2472 2920 2520 necesse,
2946 2465 2998 2509 ut
3023 2457 3143 2512 coeli
3175 2456 3364 2510 incolis
3411 2456 3542 2511 nihil
3589 2475 3654 2513 eo
3687 2474 3784 2514 no-

2181 2528 2327 2582 mine
2353 2527 2602 2594 decedat,
2635 2527 2776 2596 quod
2807 2528 2954 2581 onmi
2986 2529 3387 2582 contrarietatis
3416 2539 3558 2582 metu
3594 2531 3784 2584 immn-

2180 2613 2297 2670 nes,
2330 2597 2468 2652 felici
2507 2599 2838 2670 necessitate
2883 2599 2934 2651 in
2987 2600 3210 2653 alteram
3257 2598 3533 2653 dumtaxat
3581 2613 3782 2670 partem

2183 2667 2446 2723 ferantur.
2481 2667 2605 2724 Haec
2627 2669 2806 2735 itaque
2839 2685 3001 2735 plena
3026 2670 3164 2724 mala
3194 2681 3483 2725 consecuta
3513 2667 3633 2725 sunt
3668 2689 3781 2726 ma-

2183 2739 2292 2794 lum
2346 2741 2545 2810 σαίρω,
2592 2741 2735 2810 quod
2781 2739 2835 2795 in
2885 2754 2945 2796 se
2983 2739 3223 2795 Adamns
3266 2742 3514 2804 admisit,
3563 2758 3786 2800 securus

2181 2810 2382 2882 alioqui
2412 2827 2441 2864 a
2489 2811 2759 2878 prioribus
2789 2811 3031 2879 laturus,
3065 2812 3108 2866 si
3135 2811 3399 2868 innocens
3432 2816 3774 2880 perstitisset.

3395 2883 3678 2940 SPABKIUS.

2267 2951 2483 3006 Tollitur
2503 2953 2667 3024 onntis
2697 2955 2909 3008 materia
2934 2954 3217 3024 sapientior.
3259 2950 3478 3010 Falsum
3521 2958 3636 3010 boc‘
3665 2971 3788 3012 esse

2193 3033 2334 3094 patet
2366 3026 2415 3076 in
2450 3023 2686 3089 Adamn;
2721 3025 2818 3078 luit
2846 3025 2990 3081 enim
3021 3035 3308 3094 antequam
3339 3027 3476 3081 mala
3505 3037 3784 3083 essent.—

2193 3093 2414 3148 Tollitur
2438 3095 2601 3150 omnis
2627 3097 2842 3151 materia
2863 3097 3144 3166 sapientiae.
3170 3093 3247 3151 Et
3276 3097 3372 3151 luit
3401 3099 3663 3163 sapientia
3686 3114 3787 3153 an-

2194 3173 2406 3236 tequam
2437 3166 2574 3238 mala
2605 3175 2806 3233 essent,
2837 3178 2893 3222 et
2919 3168 3021 3222 erit
3050 3179 3327 3238 perpetua,
3373 3168 3603 3224 sublatis
3631 3171 3787 3225 malis

2192 3235 2462 3291 omnibus.
2486 3235 2655 3292 Caute
2678 3253 2829 3308 ergo,
2872 3254 2993 3308 quae
3024 3235 3128 3294 hoc
3150 3235 3274 3294 loco
3317 3238 3568 3296 dicuntur
3594 3282 3608 3304 ,
3646 3241 3782 3296 acci-

2192 3308 2553 3379 piendaisunt,
2581 3323 2703 3363 cum
2735 3323 2908 3378 poenae
2940 3310 3077 3363 mala
3126 3325 3229 3363 non
3269 3319 3394 3365 ante
3434 3311 3645 3379 culpam
3691 3312 3789 3366 ho-

2193 3379 2353 3503 mitnis
2368 3378 2599 3504 (tgnerint,
2636 3395 2811 3451 neque
2847 3380 2915 3436 ad
2959 3379 3279 3436 exercitium
3317 3378 3596 3452 sapientia:
3637 3383 3790 3438 insti-

2197 3458 2251 3504 tu
2283 3466 2330 3503 a.
2414 3465 2534 3504 51.1..

2197 3458 2330 3504 tuta.
2368 3458 2534 3504 υειι..

2263 3520 2391 3574 Cum
2417 3536 2735 3590 quocumque
2763 3523 3064 3591 porrexerit.
3094 3521 3263 3578 Abest
3316 3539 3432 3576 cant
3474 3539 3506 3578 a
3556 3525 3623 3580 10
3655 3540 3784 3580 mss.

2194 3591 2524 3660 totidemque
2548 3591 2727 3646 editis.

2265 3661 2553 3717 Naturae...
2570 3664 3031 3718 accommodatum.
3060 3665 3302 3719 Imitatur
3314 3664 3655 3731 Ciceronem,
3676 3668 3712 3720 l.
3733 3684 3785 3731 v,

2192 3735 2313 3798 lin.,
2336 3749 2453 3803 cap.
2487 3734 2520 3789 9
2545 3753 2556 3786 :
2583 3733 2776 3804 Caeptat
2799 3746 2843 3788 et
2871 3753 2948 3799 ea,
2977 3753 3092 3803 qua:
3121 3748 3316 3790 παίω-(υ
3344 3747 3465 3804 apta
3491 3740 3660 3799 sentit,
3695 3757 3789 3806 ap-

2190 3814 2357 3878 petere
2373 3816 2420 3858 et
2447 3807 2748 3878 propulsare
2775 3809 3052 3860 contraria.
3083 3807 3218 3878 Ergo
3240 3811 3377 3862 omni
3401 3810 3613 3862 animali
3634 3811 3784 3876 illud,

2189 3875 2327 3941 Quod
2355 3875 2550 3944 appetit
2575 3877 2796 3943 positum
2821 3879 2966 3932 estin
2993 3894 3072 3948 eo,
3101 3875 3238 3948 quod
3269 3890 3468 3934 naturae
3495 3891 3568 3935 est
3590 3897 3793 3936 accent-

2192 3948 2474 4001 modatum.
2505 3948 2635 4002 BUN.

2265 4039 2714 4113 Accomtnodatunt
2739 4041 2824 4094 sit.
2853 4040 2944 4110 Sic
2971 4043 3180 4113 restitui
3203 4057 3270 4098 ex
3292 4043 3571 4113 antiquiss.
3603 4061 3728 4100 mss.
3759 4048 3783 4101 1

2194 4110 2425 4184 bottom,
2476 4111 2824 4184 [legio-PaL,
2881 4113 2903 4165 1
2951 4113 3023 4168 al.
3065 4112 3199 4184 Reg.
3256 4129 3389 4177 rec.,
3423 4110 3472 4169 ’2
3522 4116 3789 4182 Colbert.,

2194 4181 2457 4304 Bal‘quct
2483 4183 2716 4237 Clarum.
2752 4183 2804 4237 in
2852 4199 3022 4256 marg.
3074 4181 3297 4240 In'aliis
3344 4196 3396 4242 et
3446 4187 3603 4242 editis
3651 4204 3793 4242 com-

2194 4268 2273 4304 mo
2316 4270 2421 4304 um.

2193 4268 2421 4306 moaum.

2277 4343 2441 4399 Vitale
2467 4362 2526 4398 ac
2553 4346 2773 4400 salubre.
2812 4347 2888 4402 lsa
2923 4349 3137 4417 reposui
3189 4364 3254 4405 ex
3306 4349 3341 4403 2
3386 4350 3690 4404 veterrimis
3739 4361 3793 4404 et

2195 4417 2428 4490 optimis
2442 4431 2572 4470 mss.
2599 4418 2829 4486 Bonou.,
2856 4419 3175 4490 Hegio-Pot.
3204 4421 3269 4474 Et
3292 4431 3470 4490 recte;
3506 4422 3792 4490 rcSpiciIur

2193 4487 2336 4558 enim
2366 4487 2431 4540 ad
2463 4503 2657 4542 «cnam
2687 4503 2868 4558 supra.
2893 4485 3023 4544 Aliis
3051 4501 3132 4545 est
3161 4485 3400 4545 utileI—
3441 4485 3611 4545 Vitalc'
3631 4506 3692 4546 ac
3708 4510 3794 4545 sa-

2193 4557 2356 4631 lubre.
2403 4559 2624 4629 Legitur
2664 4561 2786 4615 utile
2813 4577 2873 4614 ac
2920 4561 3125 4615 salubre
3161 4563 3299 4631 apud
3339 4563 3631 4616 Buuemau.
3680 4565 3790 4631 Ap-

2197 4629 2386 4702 probat
2411 4641 2591 4685 tamen
2616 4631 2668 4685 in
2694 4641 2817 4686 nota
2844 4633 3091 4702 sequenti
3117 4629 3352 4687 nostram
3384 4633 3695 4689 lectionem.
3723 4629 3793 4674 4—-

2192 4701 2548 4771 Singulariter
2577 4701 2736 4771 idque
2783 4701 3061 4769 eleganter
3087 4704 3298 4758 Bonon.
3341 4703 3505 4759 Vitale
3547 4723 3608 4758 ac
3649 4705 3793 4758 salu-

2193 4770 2312 4836 bre;
2345 4782 2398 4826 ut
2428 4772 2597 4827 vitalis
2641 4770 2712 4828 sit
2737 4774 2804 4827 ad
2847 4775 2998 4828 vitam
3044 4776 3202 4829 utilis.
3243 4775 3505 4830 Videntur
3547 4792 3792 4831 nonnun-

2192 4858 2352 4912 quam
2380 4843 2465 4897 ha:
2489 4859 2645 4916 voces
2674 4844 2930 4900 confusae.
2964 4846 3124 4901 Forte
3165 4847 3356 4915 aliquis
3397 4848 3688 4916 suspicitur
3709 4889 3724 4909 ,
3752 4847 3788 4900 Ι.

2191 4929 2276 4981 γι,
2309 4929 2427 4985 cap.
2478 4915 2566 4982 15,
2620 4930 2717 4986 pro
2761 4917 2929 4972 vitalis
2957 4917 3075 4984 viri,
3121 4917 3428 4989 legendum.
3483 4915 3624 4972 utilis
3672 4919 3788 4972 viri.

3371 4990 3502 5045 Bon.

2261 5055 2406 5126 Opus
2433 5058 2595 5112 nobis.
2647 5057 2736 5112 Sic
2782 5059 3066 5114 emendavi
3118 5075 3184 5116 ex
3230 5076 3360 5115 mss.
3391 5063 3426 5114 ‘2
3478 5062 3710 5121 BttllML,
3763 5062 3786 5114 1

2193 5125 2351 5204 Reg.,
2383 5129 2424 5204 (εὶΔ
2444 5128 2706 5204 Colbert.,
2737 5128 2942 5198 Baluz.,
2975 5131 3108 5186 Tax.
3141 5132 3198 5188 in
3235 5133 3446 5189 caeteris
3475 5132 3629 5188 libris
3662 5131 3792 5204 legi-

2197 5197 2469 5264 turbonis,
2500 5200 2776 5254 mendose.

2268 5289 2401 5367 Qua;
2443 5294 2546 5367 nisi
2581 5293 2796 5367 fuissent
2834 5298 3115 5367 preposita.
3168 5297 3390 5354 Scilicet
3434 5297 3595 5352 tnala.
3655 5297 3791 5354 Vide

2195 5361 2426 5435 praeced;
2455 5361 2589 5435 etin
2614 5364 2726 5435 line
2750 5361 2958 5435 capitis.
2994 5367 3068 5423 Ita
3104 5369 3315 5425 correxi
3358 5386 3422 5424 ex
3471 5369 3629 5424 editis
3676 5381 3785 5424 vet.

2193 5431 2375 5509 RornL,
2395 5432 2678 5509 Betui.,_ls.
2707 5445 2760 5490 et
2780 5431 3030 5509 omnibus
3057 5455 3211 5499 mss..
3241 5451 3437 5509 praeter
3460 5441 3486 5494 1
3517 5439 3652 5506 Reg.
3675 5455 3787 5495 rec.

2191 5511 2246 5556 et
2325 5501 2560 5560 Colbert.
2593 5506 2645 5560 in
2693 5508 2886 5578 quibus
2916 5510 3110 5582 legitur
3147 5501 3346 5583 fuisset,
3378 5521 3434 5566 ut
3475 5514 3527 5566 in
3559 5501 3627 5566 13
3674 5511 3790 5566 vul-

2190 5586 2345 5644 gaus.

2264 5645 2537 5726 Rationale
2561 5650 2757 5726 animal
2784 5668 2884 5726 non
2911 5669 3149 5726 essemus.
3186 5654 3264 5726 An
3300 5653 3468 5709 Adam
3511 5655 3698 5726 utique
3733 5653 3784 5708 in

2188 5717 2439 5790 paradiso
2487 5735 2596 5779 non
2638 5722 2737 5779 luit
2781 5723 2978 5781 animal
3021 5725 3319 5789 rationale?
3367 5743 3493 5789 num
3538 5717 3786 5792 homines
