4138 6190
321 323 424 387 121

322 536 484 593 etiam
521 544 901 606 argumentum
948 533 1075 589 illud
1119 533 1356 605 Epicuri.
1390 534 1533 589 Deus
1554 576 1568 597 .
1598 532 1804 605 inquit,
1833 542 1925 586 aut

319 628 434 681 vult
473 625 667 682 tollere
710 626 850 681 mala
895 634 951 682 et
993 641 1099 682 non
1131 635 1345 701 potest;
1392 634 1484 681 aut
1516 634 1690 697 potest
1719 634 1776 680 et
1816 639 1924 678 non

320 719 468 785 vult;
500 730 595 775 aut
646 734 824 787 neque
847 718 1001 785 vult,
1034 734 1210 791 neque
1233 726 1436 790 potest;
1481 726 1575 775 aut
1612 726 1666 772 et
1711 716 1822 772 vult
1871 724 1926 772 et

319 819 524 884 potest.
558 812 615 869 Si
648 812 763 866 vult
792 820 847 867 et
876 826 983 866 non
1008 821 1213 882 potest,
1243 811 1525 868 imbecillis
1552 819 1668 875 est;
1696 810 1838 881 quod
1870 810 1923 865 in

324 905 497 961 Deum
526 919 635 959 non
658 903 823 995 cadit.
848 903 904 960 Si
934 913 1110 974 potest
1134 914 1188 959 et
1214 919 1320 958 non
1344 904 1474 971 vult,
1507 903 1755 967 invidus;
1781 901 1925 974 quod

326 1011 482 1066 teque
506 996 744 1052 alienum
770 1012 799 1050 a
830 995 964 1051 Deo.
992 995 1049 1050 Si
1080 1011 1252 1068 neque
1279 996 1413 1063 vult,
1441 1011 1617 1067 neque
1641 1004 1839 1066 potest,
1872 1004 1928 1051 et

325 1086 546 1143 invidus
588 1096 642 1143 et
694 1087 978 1143 imbecillis
1007 1098 1120 1154 est;
1171 1088 1399 1158 ideoque
1440 1103 1613 1160 neque
1655 1089 1816 1145 Deus.
1867 1088 1925 1145 Si

321 1181 439 1236 vult
465 1188 524 1236 et
549 1188 746 1251 potest,
777 1181 918 1252 quod
948 1182 1126 1238 solum
1170 1183 1277 1240 Deo
1306 1183 1591 1247 convenit,
1624 1183 1765 1239 unde
1792 1199 1922 1253 ergo

323 1280 449 1328 sunt
477 1272 658 1327 mala?
680 1282 774 1327 aut
799 1289 896 1330 cur
912 1274 999 1329 illa
1023 1289 1128 1328 non
1149 1274 1317 1330 tollit?
1340 1274 1465 1331 Scio
1492 1275 1779 1345 plerosque
1801 1274 1923 1345 phi-

320 1362 700 1434 1050phornm,
731 1365 820 1435 qui
849 1365 1247 1436 providentiam
1284 1365 1603 1435 defendunt,
1638 1367 1741 1423 hoc
1768 1382 1928 1438 argu-

322 1465 512 1511 mento
526 1455 830 1525 perturbari
849 1457 1025 1519 solere
1044 1466 1095 1512 et
1119 1457 1313 1513 invitos
1336 1473 1474 1529 pene
1499 1458 1661 1529 adigi,
1683 1469 1739 1513 ut
1757 1459 1924 1514 Deum

323 1547 461 1603 nihil
492 1562 690 1603 curare
718 1547 1008 1615 fateantur,
1041 1549 1180 1619 quod
1223 1550 1459 1604 maxime
1503 1550 1697 1619 qum-rit
1726 1550 1926 1620 Epicu-

319 1653 438 1694 rus.
464 1639 576 1695 Sed
598 1654 698 1695 nos
724 1641 933 1696 ratione
958 1649 1258 1710 perspecta,
1283 1641 1691 1697 formidolosum
1721 1642 1822 1697 hoc
1848 1658 1927 1697 ar-

318 1738 640 1801 gumentum
663 1731 822 1786 facile
849 1731 1220 1787 dissolvimus.
1240 1732 1383 1787 Dens
1406 1733 1548 1789 enim
1574 1743 1744 1804 potest
1772 1733 1929 1806 quid-

1653 318 1857 378 LIBER
1902 317 1989 377 DE
2027 313 2147 374 IRA
2186 310 2318 371 DEI.

319 442 478 500 Stoici
538 440 687 497 nullo
745 438 906 496 modo
962 439 1149 496 videre
1218 448 1545 509 potuerunt,
1609 433 2002 497 dissolviturA

3522 300 3626 361 122

2618 489 2846 551 CAPUT
2884 489 3023 548 XIV.

2435 648 2540 706 Cur
2568 648 2709 705 Deus
2732 648 2906 721 fecerit
2928 646 3205 702 hominem.

2099 810 2351 883 Sequitur
2378 817 2438 864 ut
2478 807 2754 865 ostendam
2783 822 2882 863 cur
2920 806 3106 863 iecerit
3131 804 3403 861 hominem
3444 801 3624 873 ipsum

2029 902 2191 959 Deus.
2224 901 2373 959 Sicut
2401 900 2656 956 mundum
2705 908 2923 970 propter
2961 897 3234 953 hominem
3284 893 3623 950 machinatus
3662 965 3675 969 _

2026 1003 2132 1061 est,
2159 994 2232 1049 ita
2255 994 2429 1063 ipsum
2451 1001 2674 1063 propter
2696 1006 2778 1058 se,
2810 999 3077 1060 tamquam
3107 987 3275 1045 divini
3299 987 3480 1057 templi
3519 1002 3619 1041 an-

2031 1087 2250 1143 tistitem
2276 1129 2292 1154 ,
2334 1094 2692 1158 spectatorem
2722 1098 2948 1155 operum
2977 1097 3270 1155 rerumque
3298 1079 3618 1139 caelestium.

2027 1179 2186 1238 Solus
2206 1186 2291 1235 est
2314 1179 2480 1245 enim,
2503 1178 2594 1249 qui
2610 1177 2868 1244 sentiens,
2888 1190 3166 1247 capaxque
3196 1174 3441 1241 rationis,
3466 1172 3627 1227 intel-

2028 1273 2195 1346 ligere
2221 1274 2391 1345 possit
2413 1272 2705 1343 Deum,qui
2730 1285 2894 1341 opera
2919 1268 3040 1340 ejus
3063 1267 3339 1333 admirari,
3371 1266 3623 1321 virtutem

2030 1377 2455 1440 potestatemque
2471 1366 2776 1436 perspicere
2793 1382 2807 1431 ;
2830 1363 3031 1420 idcirco
3047 1364 3191 1419 enim
3204 1360 3454 1427 consilio,
3476 1376 3625 1416 men-

2030 1470 2083 1516 te
2108 1503 2124 1529 ,
2153 1460 2433 1531 prudentia
2462 1461 2754 1515 instructus
2775 1468 2878 1513 est.
2909 1458 3034 1513 Ideo
3064 1456 3213 1513 solus
3238 1463 3434 1527 prteter
3462 1463 3623 1510 caete-

2030 1569 2117 1609 ras
2136 1555 2439 1610 animantes
2462 1562 2611 1609 recto
2637 1568 2867 1622 corpore
2895 1567 2958 1606 ac
2978 1561 3118 1606 statu
3148 1552 3321 1606 lactus
3342 1558 3443 1617 est,
3476 1556 3533 1603 ut
3557 1547 3625 1604 ad

2030 1646 2538 1715 contemplationem
2560 1645 2796 1714 parentis
2824 1644 2907 1698 sui
2928 1643 3190 1699 excitatus
3210 1657 3335 1698 esse
3356 1642 3617 1696 videatur.

2031 1736 2155 1793 Ideo
2183 1752 2486 1793 sermonem
2512 1736 2661 1791 solus
2687 1736 2915 1806 accepit,
2933 1750 2997 1791 ac
3026 1735 3259 1805 linguam
3277 1733 3620 1804 cogitationis

315 1823 455 1892 quid
481 1823 645 1888 velit,
689 1832 746 1879 et
776 1824 1151 1892 imbecillitas,
1199 1825 1282 1881 vel
1310 1826 1505 1881 invidia
1538 1828 1593 1883 in
1638 1828 1748 1883 Deo
1775 1829 1921 1884 nulla
1950 1823 2001 1884 B
2028 1830 2397 1900 interpretem,
2428 1837 2488 1885 ut
2513 1844 2767 1884 enarrare
2790 1828 3124 1905 majestatem
3155 1827 3358 1883 domini
3381 1826 3463 1882 sui
3497 1840 3620 1897 pos-

315 1924 442 1979 est;
498 1923 680 1984 potest
707 1915 873 1986 igitur
899 1916 1037 1970 mala
1086 1916 1317 1972 tollere:
1346 1917 1441 1973 sed
1475 1932 1581 1973 non
1626 1919 1779 1988 vult;
1826 1935 1928 1977 nec

312 2004 445 2060 ideo
472 2014 656 2060 tamen
690 2006 902 2061 invidus
930 2018 1031 2062 est.
1064 2007 1266 2064 Idcirco
1293 2009 1436 2065 enim
1469 2025 1576 2066 non
1608 2012 1767 2079 tollit,
1797 2013 1924 2084 quia

312 2099 643 2168 sapientiam
674 2099 834 2172 (sicut
861 2102 1071 2168 edocui)
1121 2103 1279 2157 simul
1328 2104 1546 2171 tribuit,
1578 2113 1635 2161 et
1670 2105 1794 2176 plus
1840 2114 1926 2163 est

310 2190 446 2246 boni
473 2205 541 2246 ac
564 2191 917 2261 jucunditatis
944 2194 996 2248 in
1018 2195 1279 2261 sapientia
1300 2236 1316 2261 ,
1350 2210 1508 2265 quam
1538 2198 1589 2250 in
1618 2197 1776 2253 malis
1801 2213 1919 2254 mo-

308 2282 515 2339 lestiae.
544 2284 817 2353 Sapientia
848 2286 990 2339 enim
1024 2285 1171 2351 facit,
1204 2295 1262 2340 ut
1289 2286 1449 2342 etiam
1494 2288 1661 2344 Deum
1685 2304 1915 2361 cognos-

308 2389 508 2430 minus
533 2386 590 2430 et
624 2389 719 2444 per
745 2372 863 2431 eam
890 2375 1247 2447 cognitionem
1280 2378 1736 2436 immortalitatem
1767 2395 1919 2437 asse-

311 2481 574 2539 quamur;
610 2469 752 2538 quod
783 2479 862 2524 est
887 2484 1153 2524 sumntum
1188 2471 1407 2526 bonum.
1440 2472 1623 2543 Itaque
1651 2474 1753 2529 nisi
1773 2474 1920 2545 prius

310 2560 523 2617 malum
552 2562 962 2633 agnoverintus,
1011 2577 1107 2617 nec
1138 2564 1335 2618 bonum
1380 2566 1674 2634 poterimus
1722 2582 1919 2636 agnos-

312 2666 470 2708 cere.
487 2652 594 2708 Sed
623 2651 726 2708 ltoc
752 2668 855 2707 non
880 2654 1010 2707 vidit
1034 2653 1317 2725 Epicurus,
1349 2672 1446 2712 nec
1463 2657 1599 2712 alius
1612 2658 1917 2727 quiSquam;

313 2746 369 2802 si
399 2745 660 2801 tollantur
691 2746 850 2813 mala,
884 2746 993 2801 tolli
1020 2748 1218 2817 pariter
1233 2748 1574 2819 sapientiam,
1602 2765 1702 2805 nec
1727 2751 1831 2805 ulla
1863 2750 1917 2806 in

309 2836 549 2893 homine
570 2837 783 2892 virtutis
799 2853 1079 2895 remanere
1105 2840 1345 2912 vestigia,
1374 2841 1528 2911 cujus
1554 2841 1690 2896 ratio
1721 2842 1772 2896 in
1800 2856 1920 2897 sus-

312 2927 542 2984 tinenda
570 2938 625 2984 et
654 2928 955 2999 superanda
1007 2931 1268 2986 malorum
1314 2933 1605 2987 acerbitate
1649 2934 1915 2988 consistit.

310 3021 509 3092 Itaque
536 3031 753 3093 propter
766 3022 1018 3093 exiguum
1040 3023 1417 3094 compendium
1445 3024 1774 3080 sublatorum
1805 3042 1917 3082 ma-

312 3113 499 3168 lorum
526 3115 760 3170 maximo
787 3124 844 3171 et
870 3130 1001 3171 vero
1025 3124 1079 3170 et
1106 3117 1324 3186 proprio
1351 3117 1504 3173 nobis
1534 3117 1675 3174 bono
1701 3134 1914 3176 carere-

2027 1923 2118 1979 sit.
2168 1923 2447 1979 Postremo
2494 1921 2691 1977 idcirco
2736 1922 2782 1977 ei
2845 1929 3036 1977 cuncta
3083 1921 3327 1987 subjecta
3382 1928 3531 1985 sunt,
3562 1929 3623 1976 ut

2028 2014 2215 2070 laetori
2243 2024 2404 2085 atque
2419 2012 2614 2069 artici
2642 2012 2751 2068 Deo
2778 2022 2926 2068 esset
2953 2012 3070 2083 ipse
3089 2011 3384 2082 subjectus.
3415 2010 3470 2066 Si
3494 2024 3623 2080 ergo

2028 2105 2169 2162 Deus
2211 2105 2483 2161 hominem
2510 2120 2665 2161 suum
2704 2105 2870 2160 voluit
2896 2119 3019 2161 esse
3048 2103 3309 2159 cultorem
3331 2144 3346 2168 ,
3381 2101 3613 2168 ideoque

2027 2197 2103 2253 illi
2131 2207 2335 2253 tantum
2380 2197 2601 2254 honoris
2626 2194 2899 2260 attribuit,
2932 2203 2991 2251 ut
3022 2209 3200 2250 rerum
3241 2178 3482 2249 omnium
3519 2192 3620 2247 do-

2026 2289 2359 2356 minaretur;
2407 2289 2590 2358 utique
2612 2287 2969 2357 justissimum
2997 2295 3080 2341 est
3123 2293 3179 2341 et
3198 2299 3318 2340 eum
3357 2284 3447 2355 qui
3475 2293 3622 2338 tanta

2027 2382 2357 2455 praestiterit,
2388 2396 2574 2437 amare
2602 2391 2657 2436 et
2683 2379 2979 2448 hominem,
3017 2379 3106 2450 qui
3137 2378 3208 2433 sit
3230 2378 3507 2433 nabiscum
3535 2375 3621 2431 di

2025 2476 2131 2532 vini
2159 2475 2297 2547 juris
2321 2475 2580 2531 societate
2606 2474 2950 2543 conjnoctus.
2975 2471 3257 2528 Nec-enim
3285 2471 3368 2527 ias
3393 2479 3477 2527 est
3510 2470 3624 2526 cul-

2028 2577 2200 2623 torem
2230 2568 2323 2622 Dei
2353 2583 2384 2622 a
2409 2567 2503 2622 Dei
2534 2565 2742 2621 cultore
2762 2564 2972 2619 violari.
3006 2562 3161 2619 Unde
3187 2561 3501 2631 intelligitur
3530 2576 3617 2617 re-

2030 2658 2245 2730 ligionis
2278 2673 2342 2713 ac
2365 2658 2590 2728 justitiae
2620 2671 2781 2712 causa
2827 2670 2949 2711 esse
2992 2654 3265 2709 hominem
3310 2653 3617 2723 figuratum.

2019 2747 2184 2821 Cujus
2210 2750 2284 2804 rei
2305 2750 2456 2805 testis
2478 2757 2561 2803 est
2583 2747 2788 2803 Marcus
2806 2745 3011 2800 Tullius
3033 2746 3082 2800 in
3104 2744 3258 2800 libris
3273 2743 3341 2800 de
3362 2743 3616 2815 Legibus,

2021 2842 2094 2897 ita
2114 2842 2301 2897 dicens
2328 2859 2341 2895 :
2409 2841 2516 2898 Sed
2536 2842 2797 2906 omnium,
2822 2855 2941 2910 quae
2966 2840 3017 2893 in
3035 2838 3320 2893 doctorum
3343 2836 3623 2892 hominum

2019 2932 2382 3003 disputatione
2402 2944 2710 2998 versantur,
2737 2933 2866 2987 nihil
2880 2942 2962 2988 est
2983 2930 3222 3002 profecto
3238 2929 3617 3002 praistabilius,

2020 3043 2182 3099 quam
2228 3027 2384 3099 plane
2415 3027 2635 3095 intelligi
2664 3069 2677 3089 ,
2733 3042 2830 3081 nos
2857 3025 2924 3080 ad
2944 3024 3211 3096 justitiam
3242 3037 3361 3079 esse
3389 3030 3564 3077 natos.

2018 3120 2172 3189 Quod
2202 3120 2244 3175 si
2272 3129 2355 3175 est
2384 3119 2749 3182 verissimum,
2782 3119 2924 3173 Deus
2977 3132 3106 3189 ergo
3152 3116 3266 3170 vult
3290 3129 3482 3170 omnes
3510 3114 3611 3169 lto-

313 3220 467 3261 mus.
496 3206 720 3262 Constat
754 3207 916 3278 igitur
960 3209 1139 3265 omnia
1174 3219 1393 3280 propter
1421 3209 1692 3267 hominem
1718 3227 1915 3283 pr0p0-
2023 3213 2193 3269 mines
2216 3229 2336 3269 esse
2359 3213 2565 3282 justus,
2612 3212 2666 3266 id
2705 3222 2817 3278 est,
2860 3212 3023 3267 Deum
3044 3186 3123 3267 vet
3150 3208 3420 3265 hominem
3464 3222 3621 3263 caros

311 3298 446 3368 sita,
478 3309 585 3356 tam
613 3301 774 3370 mala,
801 3317 962 3374 quam
987 3303 1149 3359 etiam
1184 3304 1361 3361 bona.

2027 3309 2225 3365 habere
2255 3326 2268 3363 :
2300 3308 2469 3364 Deum
2501 3306 2708 3364 scilicet
2734 3306 3004 3363 honorare
3056 3314 3327 3375 tamquam
3369 3310 3575 3374 patrem
3603 3341 3618 3367 ,

1645 3425 2008 3487 VARIORUM
2045 3427 2279 3485 .

316 3540 467 3617 hanc
492 3542 891 3617 proprietatem
921 3542 973 3596 in
1018 3542 1170 3598 melis
1217 3543 1485 3613 amittant,
1532 3559 1599 3601 eo
1652 3545 1793 3617 quod
1840 3547 1913 3602 ibi

320 3612 478 3669 nulla
505 3614 613 3667 sint
640 3613 823 3667 mala?
851 3613 1137 3669 Games.

399 3683 571 3755 Quom
612 3685 758 3755 stoici
788 3686 930 3739 nullo
960 3686 1109 3739 modo
1145 3684 1313 3740 videre
1342 3696 1613 3755 potuerunt
1638 3729 1653 3751 ,
1686 3688 1920 3743 dissolvi-

324 3762 427 3808 tur.
458 3754 588 3809 Mss.
620 3754 688 3809 15
706 3763 760 3811 et
784 3756 913 3811 edit.
943 3757 979 3809 2
1016 3766 1124 3811 vet.
1160 3757 1338 3823 Rom.,
1372 3757 1651 3825 Parrhas.,
1681 3759 1910 3825 Tridin.,

322 3825 599 3890 Florent.,
652 3842 805 3896 quam
851 3827 1001 3881 stoici
1064 3837 1381 3896 posuerunt,
1436 3829 1763 3895 dissolvitur;
1813 3847 1918 3886 non

322 3907 495 3963 recte,
528 3897 652 3971 quia
681 3912 844 3971 supra
873 3898 1082 3952 dixerat
1131 3902 1330 3971 stoicos
1362 3901 1621 3969 repulisse
1661 3902 1918 3971 quaestio-

322 3983 452 4039 nem
504 3967 976 4032 academicorum,
1030 3978 1134 4022 etc.
1186 3967 1372 4024 lsieus.
1412 3967 1484 4010 4-
1541 3967 1706 4039 Qumn
1773 3973 1917 4026 stoici

323 4038 476 4092 nullo
501 4040 652 4093 modo
682 4039 847 4109 cidere
866 4049 1159 4109 potuerunt.
1194 4040 1357 4095 Stoici
1390 4042 1536 4096 illam
1564 4038 1823 4097 rationem
1853 4044 1919 4097 de

325 4109 593 4181 sapientia
622 4108 805 4166 nullibi
837 4108 1150 4181 posuerunt,
1183 4119 1235 4165 et
1272 4112 1387 4177 ipse
1435 4111 1740 4168 Lactantius
1783 4113 1920 4167 infra

325 4179 566 4253 altirmat
588 4196 759 4249 neque
791 4179 1104 4250 Epicurum,
1137 4197 1237 4237 nec
1270 4183 1437 4237 alium
1469 4199 1785 4253 quemquam
1822 4185 1923 4240 hoc

325 4250 568 4315 vidisse;
611 4266 741 4323 ergo
779 4268 878 4309 nec
904 4253 1061 4309 stoici
1116 4252 1261 4309 illam
1307 4250 1577 4311 rationem
1608 4265 1919 4323 posuerunt.
1988 4294 1995 4307 ,

491 4393 666 4465 enitet
695 4393 1051 4465 potestLquod.
1084 4393 1155 4449 Ita
1179 4395 1536 4465 antiquissimi
1562 4325 1923 4461 msgulllonq

324 4465 355 4520 1
392 4462 741 4542 Regio-Put._,
786 4465 809 4518 1
855 4462 1095 4542 Cblhert.
1135 4474 1190 4521 et
1214 4462 1341 4542 editi
1381 4466 1492 4542 fere
1517 4481 1726 4542 omnes.
1769 4468 1924 4542 lngM
1948 4482 2003 4542 D

318 4551 466 4610 mss.
499 4549 605 4590 rec.
629 4546 683 4589 et
712 4536 989 4610 impressis
1016 4535 1173 4590 Rom.
1200 4544 1254 4592 et
1274 4536 1521 4610 Gymnic.
1547 4538 1771 4608 legitur,
1806 4540 1850 4593 si
1875 4556 1923 4594 et

319 4608 439 4661 vult
468 4616 516 4659 et
540 4616 728 4674 potest,
763 4605 918 4675 quod.

400 4678 556 4750 Sicut
583 4678 780 4750 edocui.
813 4676 888 4750 ita
932 4678 1235 4733 restitutum
1267 4694 1332 4734 ex
1448 4678 1578 4750 Reg.
1626 4679 1763 4734 inter
1789 4696 1924 4750 quos

321 4760 412 4805 est
461 4748 813 4820 -.
840 4748 1067 4820 aliisque
1106 4751 1318 4810 multis.
1364 4748 1745 4805 accedentibus
1785 4748 1820 4805 2
1846 4752 1919 4807 al.

321 4818 757 4945 Regii-Com,
786 4818 1027 4875 Clarum.
1054 4832 1106 4877 et
1133 4822 1220 4877 ed.
1258 4822 1414 4899 Rom.
1442 4822 1603 4886 1470.
1628 4822 1820 4893 quibus
1840 4830 1924 4879 est

509 4909 585 4945 ut.

321 4903 373 4949 Cl
403 4903 562 4946 docui
571 4933 585 4945 .

400 4963 608 5032 Elpias
637 4972 710 5017 est
737 4962 873 5017 boni.
924 4961 1006 5017 Ex
1047 4962 1385 5031 RegioNL,
1426 4964 1460 5016 5
1509 4963 1744 5019 Colhert.
1774 4965 1923 5018 aliis-

320 5050 433 5105 que
458 5034 641 5118 addidi
678 5044 899 5118 esthpro
925 5047 1031 5103 quo
1074 5033 1268 5104 legitur
1292 5044 1339 5089 et
1362 5037 1415 5090 in
1442 5034 1475 5090 6
1504 5036 1741 5106 scriptis;
1768 5036 1923 5092 deest

318 5120 507 5164 antem
538 5114 590 5161 in
618 5114 851 5160 caeteris.

397 5176 673 5247 Sapientia
702 5176 836 5229 enim
865 5174 1012 5247 facit.
1043 5176 1127 5247 Ita
1148 5176 1267 5246 lego
1298 5192 1362 5231 ex
1384 5177 1757 5247 vetustissimis
1787 5194 1916 5233 tnss.

315 5249 359 5304 2
391 5246 631 5314 Bonon.,
663 5246 1008 5317 Regio-Put..
1045 5246 1270 5318 aliisque
1297 5248 1332 5301 2
1365 5247 1522 5318 Reg.,
1551 5248 1583 5302 6
1610 5246 1763 5304 Colb.
1799 5266 1921 5304 sex-

318 5336 433 5391 que
474 5321 598 5375 aliis
635 5329 691 5375 et
724 5318 813 5373 ed.
838 5318 1019 5391 Retul.
1052 5317 1212 5391 acls.
1253 5334 1355 5391 non
1386 5330 1443 5373 ut
1470 5322 1520 5372 in
1556 5336 1685 5374 mss.
1718 5320 1751 5375 5
1780 5319 1917 5390 Reg.

321 5388 439 5447 fec.
469 5399 525 5446 ct.
633 5388 1046 5461 quatnplurimis
1076 5389 1255 5456 editis,
1286 5389 1555 5461 Sapientia
1584 5392 1755 5461 etiam.
1785 5388 1917 5447 Nam

318 5479 544 5519 causim
563 5460 745 5528 affert,
767 5474 865 5534 cur
892 5461 946 5515 in
968 5461 1228 5534 sapientia
1247 5460 1364 5531 plus
1393 5461 1464 5515 sit
1488 5460 1613 5534 boni
1641 5478 1700 5517 ac
1719 5463 1886 5534 jucun
1901 5494 1917 5506 -

318 5536 531 5599 diuitis,
565 5548 740 5603 neque
764 5532 941 5603 placet
969 5530 1056 5587 hic
1084 5540 1139 5587 et
1161 5530 1351 5587 iterum
1383 5546 1507 5586 mox
1535 5533 1702 5587 etiam.

395 5605 559 5679 Cujus
586 5606 719 5679 ratio
734 5604 788 5658 in
808 5604 1124 5679 sustinendo,
1148 5614 1251 5679 etc.
1283 5603 1811 5679 Pisepositionemjn
1824 5605 1917 5659 ad-

314 5678 435 5738 didi
460 5693 531 5734 ex
550 5676 799 5732 omnibus
827 5674 939 5732 fere
963 5689 1093 5731 mss.
1121 5684 1176 5731 et
1205 5676 1237 5730 6
1268 5674 1446 5732 editis.
1482 5674 1696 5731 Abesta
1725 5676 1759 5730 2
1782 5675 1911 5747 Reg.

316 5759 378 5803 et
402 5748 621 5803 excusis
646 5748 702 5803 8.

316 5759 378 5807 et
402 5759 621 5805 excusts
646 5759 702 5803 .

395 5818 560 5877 Recto
608 5835 821 5892 corpore
880 5818 955 5877 Ita
984 5816 1365 5893 quamplurimi
1418 5832 1548 5878 mss.
1592 5818 1732 5878 inter
1778 5832 1914 5891 quos

2017 3555 2145 3630 sunt
2175 3545 2449 3630 veterrimi
2483 3546 2687 3600 Bonon.
2718 3551 2774 3599 et
2803 3542 2935 3612 Reg.
2965 3540 3038 3595 At
3075 3540 3139 3593 11
3170 3552 3281 3592 rec.
3311 3546 3367 3593 et
3398 3535 3621 3592 totidem

2017 3625 2298 3688 impressi,
2331 3625 2498 3670 rectus
2523 3630 2755 3683 corpore.

2089 3710 2319 3778 Ideoque
2345 3710 2446 3774 illi,
2471 3721 2578 3764 etc.
2606 3708 2665 3763 In
2688 3721 2819 3761 mss.
2851 3707 2876 3760 1
2900 3704 3049 3778 Lips.
3073 3702 3307 3778 Ideoque
3317 3700 3622 3778 illititulum

2020 3792 2218 3837 tantum
2235 3771 2470 3836 honoris.
2492 3779 2549 3835 In
2584 3780 2733 3834 nullo
2762 3778 2885 3843 alio,
2910 3771 3052 3846 quod
3078 3773 3268 3838 sciam,
3294 3774 3366 3826 ita
3397 3771 3613 3841 legitur,

2021 3854 2251 3918 ideoque
2277 3852 2407 3908 nihil
2441 3863 2649 3907 mutare
2675 3848 2841 3903 volui.

2098 3913 2284 3979 Rerum
2312 3924 2539 3979 omnium
2577 3921 2944 3976 dominaretur.
2981 3917 3086 3971 Per
3113 3915 3501 3979 Grmcismum;
3533 3913 3620 3967 iu-

2024 3997 2207 4050 solens
2231 3995 2373 4051 enim
2404 3994 2734 4049 constructio
2765 3990 3020 4045 dominari
3040 4002 3160 4041 cum
3182 3985 3434 4056 gignendi
3465 3999 3618 4039 casn.

2023 4067 2178 4136 Apud
2209 4067 2525 4121 Ciceronem
2550 4064 2789 4135 jungitur
2814 4071 3008 4133 quarto
3036 4059 3120 4115 vel
3145 4066 3299 4114 sexto
3326 4056 3475 4111 casui
3493 4071 3617 4110 cum

2027 4138 2407 4207 praepositione
2435 4138 2508 4191 in.

2102 4230 2286 4300 Utique
2315 4230 2660 4298 justissimum
2693 4236 2763 4300 est
2860 4241 2987 4300 eum
3017 4223 3101 4293 qui
3133 4230 3274 4274 tanta
3297 4218 3609 4300 proastiterit,

2028 4290 2268 4356 amare'et
2296 4290 2571 4365 hominem,
2602 4300 2686 4369 qui
2713 4299 2796 4369 sit.
2817 4290 3055 4369 Sic_lego
3070 4290 3376 4369 et_t_*n_tendo
3399 4302 3614 4369 ex_tnss.

2031 4371 2370 4442 Regio-Put.,
2397 4371 2433 4424 2
2461 4358 2689 4433 Borion,
2709 4358 3041 4442 'lax..__E_m".,
3129 4361 3311 4442 Coll)...
3339 4358 3477 4428 quod
3501 4374 3619 4442 rec:

2031 4433 2139 4496 tius
2169 4454 2222 4498 et
2254 4433 2435 4511 purius
2460 4451 2564 4503 est,
2595 4455 2752 4508 quam
2780 4479 2795 4502 ,
2850 4435 3035 4511 Utique
3074 4433 3407 4511 iustissimum
3453 4439 3526 4511 est
3572 4438 3619 4511 et

2030 4513 2195 4568 Deum
2237 4507 2435 4576 colere,
2477 4507 2706 4565 videlicet
2750 4526 2861 4562 eum
2911 4507 2998 4576 qui
3046 4512 3185 4557 tanta
3228 4507 3517 4576 prarstiterit
3571 4509 3619 4553 et

2026 4601 2200 4639 amare
2252 4572 2524 4648 hominem,
2556 4591 2689 4646 etc.,
2721 4579 2860 4650 quod
2883 4572 3118 4650 glossam
3143 4575 3303 4650 sapit,
3337 4572 3475 4650 ut-in
3511 4586 3613 4650 ms.

2026 4654 2190 4713 Cauc.
2227 4657 2279 4709 in
2316 4655 2350 4709 5
2378 4643 2567 4721 editis,
2624 4643 2972 4717 pfwtititfiu
3000 4648 3035 4704 5
3076 4646 3336 4721 vulgatis,
3366 4643 3619 4721 demptis

2026 4715 2564 4796 conjunctiouibus.l
2592 4715 2812 4796 Reg.,2
2833 4715 2985 4774 Colb.
3003 4726 3056 4772 et
3081 4718 3271 4796 .
3294 4725 3347 4796 ut
3366 4715 3416 4796 ip
3432 4722 3614 4796 textu,

2028 4785 2292 4866 nisi'qnod
2322 4812 2418 4866 pro
2445 4805 2490 4849 et
2519 4812 2652 4859 eum,
2676 4785 3015 4866 vhabenteum
3044 4788 3294 4854 videlicet;
3327 4789 3348 4838 1
3386 4785 3532 4866 .
3564 4793 3622 4866 et.

2026 4868 2060 4922 5
2091 4857 2375 4939 impressi,
2423 4876 2469 4920 et
2499 4857 2664 4919 Deum
2709 4865 2872 4939 co_l_er_e
2908 4862 2998 4939 qui
3047 4867 3187 4939 tanta
3233 4857 3523 4939 praestiterit
3569 4864 3620 4907 et

2025 4926 2201 4993 nutare
2221 4926 2475 4993 hominem
2498 4939 2603 5007 qui,
2629 4945 2734 4990 etc.
2756 4933 2890 4987 Vide
2918 4926 3080 5007 infra,
3107 4926 3268 5007 Deum
3297 4937 3344 4979 et
3363 4926 3620 5007 hominem

2024 5027 2172 5065 caros
2202 4999 2614 5065 habereEunt
2641 5007 2726 5075 qui
2741 5014 2881 5056 tanta
2909 5000 3217 5075 antestiterit.
3245 5014 3421 5075 amare
3446 5006 3493 5049 et
3518 4999 3612 5075 ho-

2025 5083 2231 5135 minem.
2271 5080 2434 5135 Valde
2470 5067 2913 5150 antiqu'ttscmlex
2944 5070 3127 5150 Cauqi,
3158 5067 3349 5150 liasitw
3381 5067 3614 5150 Gryp_h._,

2024 5151 2215 5213 Torn..
2237 5142 2673 5214 Betul.,Walch.,
2700 5146 2999 5202 Heumann.
3032 5142 3431 5214 :Justissimum
3458 5148 3543 5214 est
3564 5147 3617 5194 et

2025 5210 2429 5293 Deutn'Colcrc,
2459 5210 2711 5293 videlicet
2737 5232 2894 5293 eunt,
2932 5214 3017 5283 qui
3056 5221 3198 5266 tanta
3228 5210 3538 5292 mastiter,
3570 5217 3619 5261 et

2023 5289 2197 5347 amare
2223 5293 2496 5346 hominem.
2547 5291 2694 5345 lianc
2736 5289 3022 5363 lecticulam
3075 5292 3201 5352 pulo
3238 5289 3573 5363 verissimam
3600 5321 3615 5342 ,

2021 5367 2354 5430 verbumque
2381 5366 2545 5417 colere
2575 5372 2657 5415 est
2684 5351 3222 5430 necessariunttnatn
3253 5351 3355 5405 hoc
3378 5351 3497 5420 ipso
3517 5365 3619 5430 nu-

2024 5419 2175 5492 mero
2203 5419 2336 5490 diiit
2366 5453 2380 5490 :
2412 5436 2552 5504 Deus
2581 5432 2851 5504 hominem
2884 5441 3041 5483 suum
3072 5423 3239 5504 voluit
3282 5419 3617 5504 essene-ulto-

2020 5525 2159 5574 rem;
2201 5517 2256 5562 et
2301 5505 2473 5570 infra,
2521 5503 2687 5558 Deum
2728 5503 3050 5556 honorare...
3083 5495 3340 5550 hominem
3380 5493 3611 5563 diligere.

2020 5579 2200 5642 Cout.,
2224 5593 2342 5642 cap.
2375 5577 2429 5632 6.
2463 5576 2595 5631 Ben.

2095 5674 2241 5731 Unde
2283 5674 2601 5744 intelligitur.
2637 5671 2762 5725 Mss.
2792 5669 2829 5723 2
2856 5668 3062 5744 Ronon.
3094 5704 3108 5729 ,
3155 5662 3180 5717 1
3235 5660 3369 5728 Reg.
3407 5671 3543 5716 rec..
3575 5655 3612 5709 2

2018 5748 2282 5812 Culhort.,
2314 5739 2475 5811 Taxf,
2505 5744 2711 5808 Baluz.,
2748 5739 3094 5812 intelligimus.
3210 5803 3217 5807 .

2096 5805 2281 5873 Omnes
2332 5805 2558 5881 homines
2608 5805 2712 5871 esse
2732 5805 2928 5885 justus:
2955 5808 3026 5864 Ex
3081 5805 3326 5860 omnibus
3383 5812 3514 5853 mss.
3557 5808 3612 5855 cl.
