4138 6190
510 245 615 306 125

1864 246 2051 306 FIRM.
2090 244 2462 307 LACTANTII

3707 244 3816 309 ιιι

505 360 783 424 hominem
816 361 1042 433 diligere
1065 361 1211 419 velut
1235 362 1476 429 fratrem;
1517 363 1570 418 in
1602 361 1687 420 his
1711 363 1856 419 enim
1893 362 2104 420 duobus
2129 364 2185 426 Α
2212 362 2323 419 1)εο
2374 362 2575 419 laetitia:
2609 360 2835 420 affectus
2881 361 2948 418 ad
2998 361 3227 433 gratiam
3248 402 3264 429 ,
3309 368 3364 418 et
3392 359 3504 419 odii
3535 358 3602 416 ad
3634 359 3770 417 iram
3794 401 3812 427 .

503 463 620 513 tota
645 455 850 528 justitia
876 456 1139 512 consistit.
1165 456 1266 522 Qui
1295 470 1424 527 ergo
1458 465 1549 513 aut
1578 456 1743 512 Deum
1776 472 1881 511 non
1904 471 2102 527 agnos-

508 547 607 615 cit,
630 555 723 602 aut
740 546 940 602 homini
960 556 1142 613 nocet,
1172 546 1368 617 injuste
1391 557 1445 603 et
1472 556 1659 602 contra
1687 555 1928 602 naturam
1948 563 2099 603 suam

510 640 662 705 vivit,
689 650 743 696 et
770 639 874 696 hoc
908 638 1071 695 modo
1095 639 1294 710 rumpit
1324 638 1625 695 inStitutum
1666 639 1945 710 legemque
1967 640 2104 694 divi-

511 746 657 789 nam.

518 829 523 833 ’
1102 841 1334 901 CAPUT
1373 842 1492 900 XV.

733 960 883 1017 Unde
913 959 982 1015 ad
1013 959 1269 1015 [tentiam
1305 969 1512 1030 peccata
1552 922 1884 1031 pervenerint.

583 1093 686 1150 Hic
714 1092 946 1149 fortasse
961 1100 1169 1164 quterat
1192 1093 1407 1165 aliquis,
1439 1093 1580 1149 unde
1602 1094 1667 1149 ad
1693 1094 1963 1151 hominem
1984 1108 2109 1165 pec-

509 1195 629 1245 cata
651 1186 1016 1258 pervenerint,
1040 1193 1130 1239 aut
1153 1202 1271 1256 quae
1302 1187 1541 1256 pravitas
1573 1186 1736 1242 divini
1769 1186 1995 1241 instituti
2015 1201 2107 1241 re-

509 1280 689 1350 gulam
734 1279 800 1334 ad
843 1280 1022 1349 pejora
1056 1278 1365 1345 detorserit,
1400 1288 1455 1335 ut
1489 1296 1610 1336 cum
1639 1280 1709 1335 sit
1749 1280 1815 1334 ad
1842 1280 2108 1349 justitiam

509 1370 743 1441 genitus,
776 1383 941 1440 opera
982 1379 1158 1425 tamen
1201 1369 1402 1426 efficiat
1440 1371 1659 1442 injusta.
1701 1371 1820 1427 Jam
1861 1375 2109 1441 superius

510 1460 815 1532 explanavi,
841 1461 1001 1516 simul
1021 1461 1186 1517 Deum
1209 1463 1555 1532 proposuisse
1578 1463 1775 1518 bonum
1801 1478 1865 1519 ac
1886 1463 2104 1529 malum;

511 1562 567 1610 et
592 1553 791 1611 bonum
822 1554 1037 1624 quidem
1066 1555 1311 1626 diligere,
1341 1556 1539 1610 malmn
1568 1567 1747 1612 autem
1767 1598 1781 1624 ,
1817 1555 1959 1629 quod
1986 1556 2109 1611 huic

510 1656 792 1719 repugnat,
836 1646 1049 1702 odisse:
1076 1646 1169 1702 sed
1200 1646 1321 1703 ideo
1360 1648 1559 1703 malum
1588 1649 1923 1719 permisisse,
1956 1656 2014 1703 nt
2054 1656 2109 1703 et

2209 469 2430 513 necesse
2451 462 2534 511 est
2557 452 2773 520 habeat,
2804 464 2859 510 et
2888 453 3162 521 timorem,
3192 462 3247 509 et
3290 451 3601 519 libidinem,
3640 457 3695 506 et
3717 464 3814 506 cu-

2209 545 2521 616 piditatem.
2560 555 2895 616 caeterosque
2941 544 3199 610 affectus,
3251 543 3344 615 qui
3391 551 3517 599 sunt
3567 541 3814 601 imbecil-

2209 636 2373 693 litatis
2396 638 2663 693 humanae.
2698 658 2715 691 1
2751 638 2864 693 Non
2889 646 2972 693 est
2995 652 3216 696 necesse
3247 647 3305 693 ut
3331 635 3535 704 timeat,
3558 635 3649 711 qui
3676 636 3815 691 iras-

2210 730 2391 796 citur;
2426 740 2516 785 ant
2559 740 2819 799 mmreat,
2871 730 2959 801 qui
2988 730 3183 800 gaudet
3215 748 3226 782 :
3257 728 3490 798 denique
3530 726 3807 795 iracundi,

2215 824 2395 877 minus
2433 821 2606 877 timidi
2659 832 2813 888 sunt;
2846 830 2903 877 et
2944 831 3139 877 natura
3160 820 3266 875 lmti
3292 862 3307 887 ,
3351 819 3528 875 minus
3554 825 3807 875 moerent.

2210 913 2347 980 Quid
2370 928 2506 983 Opus
2550 924 2630 969 est
2659 914 2726 971 de
2760 914 3006 968 humanis
3034 912 3318 969 affectibus
3344 911 3527 968 dicere
3546 954 3565 981 ,
3613 912 3811 982 quibus

2210 1003 2475 1075 fragilitas
2520 1014 2704 1061 nostra
2750 1003 3093 1059 succumbit?
3129 1001 3548 1059 Consideremus
3573 1001 3811 1058 divinam

2216 1098 2594 1152 necessitatem
2618 1116 2631 1163 ;
2660 1098 2790 1153 nolo
2820 1098 2965 1152 enim
2998 1106 3242 1152 naturam
3270 1095 3450 1152 dicere
3470 1136 3485 1162 ,
3520 1095 3642 1167 quia
3667 1095 3814 1152 Deus

2210 1198 2395 1242 noster
2421 1203 2693 1258 nunquam
2735 1188 2974 1257 creditur
2995 1197 3173 1243 natus.
3205 1186 3441 1242 Timoris
3468 1184 3693 1244 affectus
3716 1185 3814 1242 ha-

2211 1282 2301 1338 bet
2328 1284 2379 1337 in
2424 1284 2642 1339 homine
2673 1283 2950 1338 materiam
2972 1324 2989 1351 ,
3023 1283 3073 1337 in
3104 1282 3217 1337 Deo
3243 1294 3346 1339 non
3384 1280 3565 1336 habet.
3589 1280 3763 1336 Homo
3792 1321 3812 1349 ,

2212 1374 2336 1446 quia
2371 1374 2555 1430 multis
2595 1374 2809 1429 casibus
2852 1373 3216 1445 periculisque
3242 1373 3516 1442 subjectus
3539 1380 3662 1439 est,
3694 1388 3812 1428 me-

2214 1472 2311 1525 tnit
2332 1512 2347 1537 ,
2381 1486 2449 1526 ne
2470 1486 2573 1543 qua
2606 1472 2685 1526 vis
2715 1470 2887 1539 major
2914 1469 3112 1525 existat
3135 1512 3149 1535 ,
3176 1479 3295 1539 qua:
3327 1468 3481 1523 illum
3519 1466 3810 1537 verberet,

2212 1563 2444 1631 spoliet,
2478 1563 2711 1628 laceret,
2746 1561 2981 1632 afﬂigat,
3025 1560 3321 1617 interimat.
3350 1561 3489 1616 Deus
3517 1569 3729 1631 autem,
3756 1560 3814 1618 itt

2219 1669 2378 1725 quem
2408 1669 2507 1708 nec
2534 1665 2743 1725 egestas
2766 1696 2779 1717 ,
2815 1668 2912 1708 nec
2940 1652 3154 1724 injuria,
3186 1668 3287 1708 nec
3316 1651 3469 1707 dolor
3489 1695 3504 1720 ,
3538 1668 3638 1709 nec
3664 1667 3811 1708 mors

512 1740 713 1796 bonum
741 1740 1017 1805 emicaret,
1034 1739 1176 1809 quod
1204 1740 1430 1795 alterum
1449 1741 1567 1795 sine
1584 1740 1758 1795 altero
1783 1739 1946 1812 (sicut
1967 1753 2112 1809 smpe
2140 1756 2188 1823 Β
2218 1746 2381 1810 cadit,
2407 1748 2597 1801 timere
2625 1746 2774 1803 nullo
2800 1754 2954 1815 pacto
2985 1754 3195 1815 potest;
3231 1745 3354 1816 quia
3381 1744 3515 1799 nihil
3542 1754 3646 1811 est,
3667 1743 3811 1815 quod

513 1831 694 1902 docui)
722 1831 1074 1900 intelligimus
1116 1840 1365 1887 constare
1405 1846 1509 1887 non
1540 1845 1701 1903 posse
1731 1849 1742 1884 :
1771 1831 2003 1901 denique
2034 1830 2112 1902 ip-

512 1941 631 1983 sum
661 1925 917 1980 mundum
945 1939 1013 1980 ex
1038 1925 1248 1980 duobus
1275 1925 1562 1981 elementis
1596 1925 2023 1996 repugnantibus
2054 1933 2110 1981 et

515 2018 743 2075 invicem
771 2017 1031 2087 copulatis
1056 2031 1178 2073 esse
1198 2026 1509 2073 concretum
1532 2057 1548 2083 ,
1582 2017 1738 2088 igneo
1766 2028 1818 2072 et
1848 2016 2069 2072 humido
2094 2058 2109 2083 ,

514 2123 618 2166 nec
647 2108 885 2180 potuisse
917 2110 1089 2164 lucem
1138 2109 1277 2175 fleri,
1309 2109 1413 2163 nisi
1454 2118 1509 2164 et
1569 2109 1805 2165 tenebrae
1847 2109 2108 2175 fuissent;

516 2200 641 2273 quia
668 2215 771 2257 nec
798 2216 1053 2271 superum
1086 2209 1263 2271 potest
1291 2215 1411 2256 esse
1436 2201 1555 2259 sine
1585 2199 1778 2266 infero,
1804 2214 1902 2255 nec
1930 2201 2111 2257 oriens

516 2294 635 2349 sine
660 2292 961 2359 occidente,
1002 2307 1101 2348 nec
1134 2292 1366 2348 calidum
1409 2293 1525 2348 sine
1559 2291 1770 2363 frigido,
1815 2307 1915 2348 nec
1945 2292 2112 2347 molle

515 2387 637 2441 sine
652 2384 809 2441 duro.
845 2385 934 2442 Sic
959 2394 1013 2441 et
1039 2399 1137 2440 nos
1167 2399 1239 2440 ει
1269 2384 1480 2441 duobus
1515 2399 1667 2455 teque
1689 2382 2112 2455 repugnantibus

414 2480 427 2493 “
513 2478 782 2548 compacti
811 2492 1020 2542 sumus,
1044 2478 1223 2531 anima
1244 2486 1299 2532 et
1329 2490 1558 2547 corpore
1583 2495 1595 2530 :
1624 2493 1848 2548 quorum
1879 2478 2111 2534 alterum

516 2573 657 2629 caelo
688 2571 995 2639 ascribitur,
1028 2572 1150 2642 quia
1196 2580 1355 2626 tenue
1380 2581 1464 2627 est
1494 2580 1549 2626 et
1578 2571 1944 2638 intractabile;
1984 2571 2113 2626 alte-

516 2677 637 2722 rum
669 2672 848 2729 terrte,
883 2664 1007 2732 quia
1036 2662 1521 2733 comprehensibile
1552 2673 1633 2717 est
1665 2679 1676 2715 :
1714 2662 1942 2717 alterum
1973 2662 2108 2717 soli-

516 2756 645 2813 dum
685 2766 740 2813 et
766 2764 1029 2812 teternum
1064 2766 1169 2821 est,
1194 2755 1424 2811 alterum
1458 2754 1643 2827 fragile
1674 2763 1835 2825 atque
1863 2754 2107 2809 mortale.

517 2847 660 2919 Ergo
679 2847 836 2903 alteri
853 2846 1051 2902 bonum
1080 2846 1343 2912 adhaeret,
1364 2847 1517 2903 alteri
1542 2846 1740 2901 malum
1774 2865 1786 2899 ς
1810 2846 1966 2901 alteri
1995 2846 2107 2912 lus,

519 2940 649 3008 vita,
681 2940 917 3010 justitia;
945 2939 1100 2995 alteri
1141 2940 1413 3004 tenebrae,
1442 2954 1620 3006 mors,
1666 2938 1946 3009 injustitia.
1978 2937 2111 2991 Hinc

519 3033 695 3092 extitit
723 3034 777 3089 in
808 3032 1116 3089 hominibus
1146 3045 1353 3088 naturae
1383 3049 1495 3089 sum
1526 3033 1856 3103 depravatio;
1882 3044 1938 3087 ut
1967 3042 2113 3088 esset

517 3142 743 3186 necesse
783 3128 1035 3183 constitui
1066 3126 1263 3198 legem,
1296 3143 1399 3196 qua
1432 3137 1652 3199 possent
1694 3135 1749 3183 et
1776 3126 1900 3181 vitia
1930 3126 2113 3197 prohi-
2141 3140 2191 3209 ρ

517 3222 657 3290 beri,
686 3230 742 3279 et
770 3221 985 3277 virtutis
1009 3220 1184 3277 ofﬁcia
1230 3221 1507 3292 imperari.
1541 3219 1673 3276 Cum
1711 3219 1870 3291 igitur
1904 3220 2013 3276 sint
2058 3220 2115 3276 in

520 3315 687 3370 rebus
716 3312 966 3369 humanis
992 3312 1130 3369 bona
1160 3322 1216 3368 et
1255 3313 1391 3367 mala
1413 3354 1427 3378 ,
1459 3327 1684 3382 quorum
1716 3311 1981 3367 rationem
2008 3310 2109 3366 de-

516 3406 761 3475 claravi,
812 3422 1032 3462 necesse
1084 3417 1166 3462 est
1211 3407 1260 3459 in
1310 3416 1592 3476 utramque
1647 3416 1852 3475 partem
1904 3407 2112 3461 moveri

517 3501 712 3569 Deum,
730 3510 784 3559 et
800 3500 867 3556 ad
886 3501 1137 3572 gratiam,
1160 3516 1282 3556 cum
1297 3500 1439 3571 justa
1458 3500 1572 3556 fieri
1592 3500 1756 3567 videt;
1780 3507 1836 3555 et
1856 3500 1922 3555 ad
1954 3500 2112 3566 iram,

515 3609 637 3651 cum
664 3595 839 3651 cemit
868 3594 1083 3665 injusta.

589 3688 696 3747 Sed
721 3688 957 3746 occurrit
986 3687 1143 3744 nobis
1174 3687 1439 3760 Epicurus
1459 3731 1474 3757 ,
1508 3702 1572 3745 ac
1598 3688 1764 3745 dicit:
1802 3709 1821 3744 1
1860 3693 1917 3749 Si
1949 3703 2032 3751 est
2061 3696 2117 3751 in

2214 1839 2261 1893 ei
2298 1837 2404 1892 vim
2435 1837 2606 1908 possit
2635 1836 2853 1892 inferre.
2876 1837 3017 1893 .ltem
3049 1835 3285 1892 libidinis
3311 1836 3450 1890 ratio
3478 1845 3533 1891 et
3563 1849 3726 1891 causa
3756 1836 3812 1893 in

2218 1928 2440 1986 homine
2491 1930 2775 1986 manifesta
2807 1939 2909 1985 est.
2941 1931 3075 1986 Nam
3105 1931 3226 2002 quia
3257 1929 3459 2002 fragilis
3484 1940 3541 1988 et
3571 1930 3815 1987 mortalis

2214 2022 2437 2080 effectus
2465 2032 2565 2089 est,
2588 2039 2809 2079 necesse
2837 2023 3185 2101 fuit'alterum
3216 2039 3402 2079 sexum
3430 2024 3815 2095 diversumque

2213 2117 2501 2185 constitui,
2530 2118 2683 2189 cujus
2715 2118 3065 2188 permistione
3114 2116 3329 2173 soboles
3354 2114 3492 2172 effici
3522 2125 3706 2189 posset
3744 2115 3815 2175 ad

2215 2210 2644 2267 continuandam
2668 2210 2882 2280 generis
2909 2210 3344 2280 perpetuitatem.
3383 2209 3509 2265 Haec
3536 2219 3714 2263 autem
3742 2208 3814 2263 li.

2220 2303 2347 2359 bido
2375 2305 2427 2359 in
2461 2305 2571 2361 Deo
2603 2305 2775 2360 locum
2801 2321 2905 2359 non
2932 2305 3124 2369 habet;
3150 2305 3270 2376 quia
3299 2313 3355 2360 et
3379 2303 3637 2376 fragilitas
3657 2314 3713 2360 et
3734 2305 3816 2361 in-

2222 2395 2414 2452 teritus
2455 2396 2521 2451 ab
2545 2412 2609 2451 eo
2637 2397 2843 2451 alienus
2871 2407 2984 2462 est,
3019 2411 3119 2452 nec
3141 2397 3247 2451 ulla
3279 2406 3359 2452 est
3388 2396 3527 2467 apud
3552 2412 3675 2452 eum
3708 2396 3813 2455 fte-

2215 2488 2359 2543 mina
2383 2529 2399 2553 ,
2422 2488 2579 2559 cujus
2608 2490 2777 2561 possit
2797 2489 3139 2561 c0pulatione
3164 2488 3398 2560 gaudere
3420 2532 3433 2556 ,
3471 2505 3570 2545 nec
3597 2504 3815 2547 succes~

2215 2579 2367 2635 sione
2394 2578 2625 2651 indiget,
2657 2581 2746 2651 qui
2777 2595 2992 2652 semper
3017 2580 3227 2636 futurus
3254 2592 3355 2637 est.
3385 2581 3585 2638 Eadem
3629 2582 3695 2639 de
3724 2582 3813 2639 in-

2214 2674 2355 2730 vidia
2392 2685 2446 2729 et
2471 2674 2761 2744 cupiditate
2787 2675 2891 2730 dici
2922 2686 3172 2746 possunt;
3198 2691 3319 2747 qute
3348 2677 3510 2732 certis
3540 2675 3798 2735 manifes-

2216 2768 2396 2837 tisque
2435 2766 2501 2823 de
2528 2768 2707 2822 causis
2733 2768 2786 2822 in
2820 2767 3093 2823 hominem
3121 2767 3352 2836 cadunt,
3384 2769 3437 2823 in
3465 2769 3632 2824 Deum
3665 2767 3816 2829 nullo

2217 2859 2396 2915 modo.
2430 2859 2500 2914 At
2530 2874 2678 2927 vero,
2702 2870 2757 2915 et
2784 2860 2976 2932 gratia,
3012 2869 3067 2915 et
3097 2861 3199 2927 ira,
3222 2872 3277 2918 et
3298 2861 3576 2917 miseratio
3615 2860 3814 2921 habent

2215 2952 2267 3006 in
2296 2951 2407 3007 Deo
2430 2951 2707 3006 materiam
2734 2968 2748 3016 ;
2779 2963 3032 3027 reeteque
3055 2953 3159 3006 illis
3186 2957 3351 3007 utitur
3379 2967 3587 3007 summa
3636 2953 3725 3008 illa
3755 2961 3814 3011 et

2216 3046 2502 3119 singularis
2529 3055 2767 3118 potestas
2798 3046 2863 3101 ad
2895 3062 3075 3102 rerum
3100 3048 3586 3111 conservationem.

2811 3205 3035 3264 CAPUT
3072 3206 3210 3263 XVI.

2551 3352 2628 3407 De
2665 3351 2775 3407 Deo
2807 3353 3014 3423 ejusque
3040 3353 3120 3406 ira
3149 3362 3199 3407 et
3222 3352 3508 3420 aﬂ'ectibus.

2294 3512 2512 3580 Quaeret
2558 3510 2822 3581 quispiam
2846 3551 2859 3574 ,
2893 3525 3012 3578 qum
3042 3510 3111 3564 sit
3158 3511 3256 3564 ista
3289 3511 3547 3565 materia?
3573 3511 3815 3570 Primum

2224 3602 2591 3657 accidentibus
2613 3603 2769 3656 malis
2795 3601 2981 3659 afflicti
3010 3601 3256 3657 homines
3287 3602 3353 3658 ad
3386 3603 3549 3658 Deum
3578 3603 3816 3679 plerum-

2226 3710 2330 3766 que
2355 3693 2669 3765 confugiunt
2688 3735 2702 3760 ,
2732 3694 3012 3766 mitigant,
3045 3693 3353 3762 obsecrant,
3380 3694 3663 3755 credentes
3683 3710 3814 3753 cum

1838 3828 2200 3887 VARIORUM
2238 3829 2469 3886 ΝΟΤᾸΞ.

518 3962 703 4019 multis
730 3961 855 4019 edd.
887 3960 1065 4017 addidi
1096 3963 1153 4018 τὸ
1181 3962 1429 4025 homines,
1476 3961 1621 4030 quod
1650 3975 1677 4015 a
1711 3962 1982 4019 nonnullis
2005 3965 2106 4018 im-

517 4035 722 4106 pressis
750 4034 925 4106 abest.

591 4104 659 4160 In
689 4105 768 4160 his
792 4104 1007 4159 duobus.
1033 4101 1218 4158 Matth.
1251 4118 1382 4166 xxn,
1416 4102 1572 4156 Rom.
1596 4119 1711 4167 xui,
1743 4103 1863 4159 Gal.
1888 4120 1941 4158 v.

592 4176 721 4244 Quae
737 4178 1044 4247 pravitas...
1062 4176 1361 4247 regulam...
1386 4173 1671 4247 deterserit.
1698 4175 1855 4229 Vera:
1886 4176 2105 4233 lectioni

519 4246 810 4305 deterserit
850 4247 903 4303 in
951 4245 1182 4303 Reimm.
1236 4245 1550 4315 inscriptum
1579 4288 1591 4309 ,
1634 4245 1900 4301 detruserit
1933 4249 2104 4313 male;

520 4318 670 4390 prius
694 4319 913 4390 elegans
937 4327 992 4374 et
1016 4326 1245 4390 rectum.
1272 4316 1492 4390 ιὶῠηνι.
1518 4332 1636 4390 cap.
1666 4317 1730 4371 2t
1757 4336 1769 4371 :
1803 4318 1895 4373 llic
1916 4333 2109 4374 sensus

521 4387 630 4449 itan
656 4401 740 4447 est
765 4387 832 4445 ad
859 4391 1044 4445 vitium
1076 4387 1501 4458 detorquendns.
1531 4389 1663 4445 Bux.

594 4462 766 4519 Simul
798 4460 963 4514 Deum
993 4462 1315 4528 proposuisse
1348 4460 1535 4514 bonum
1562 4476 1622 4514 ae
1653 4459 1862 4513 malum.
1894 4459 1949 4515 ltl
1981 4473 2063 4517 est
2089 4503 2104 4527 ,

522 4533 826 4604 permisisse.
862 4532 957 4585 llic
978 4530 1219 4604 loquitur
1237 4530 1305 4585 tle
1328 4532 1468 4585 malo
1489 4532 1680 4604 eulpzc.
1709 4531 1898 4587 lsieus.

592 4601 661 4659 Et
691 4603 878 4657 bonum
900 4601 1103 4671 quidem
1128 4601 1368 4670 diligere;
1395 4601 1589 4655 malum
1608 4613 1791 4665 autem,
1832 4603 1966 4669 quod
1992 4603 2109 4657 huic

521 4682 771 4745 repugnat
796 4714 811 4738 ,
831 4673 1045 4745 _odisse.
1082 4670 1316 4745 Sic_lego
1344 4685 1463 4745 cum
1497 4685 1625 4745 mss.
1662 4674 1683 4727 1
1716 4672 1848 4745 Reg.
1878 4684 1951 4739 et,
1971 4676 2111 4729 anti-

522 4740 795 4814 quissimis
819 4740 983 4797 Cane.
1016 4750 1073 4796 et
1104 4741 1403 4814 l_Bt)llon.,
1434 4743 1469 4797 5
1494 4740 1757 4807 Colbert.,
1787 4744 2019 4799 Clarom.
2054 4754 2111 4802 et

525 4812 594 4873 η
618 4814 861 4884 vulgatis,
891 4815 992 4868 nisi
1023 4812 1161 4882 quod
1196 4827 1292 4884 pro
1322 4815 1513 4866 nmium
1550 4824 1750 4879 autent,
1786 4813 1816 4866 7
1848 4814 1976 4870 editi
2014 4817 2111 4869 ita.

524 4883 738 4949 beatae
765 4887 979 4950 malum;
1017 4885 1052 4943 4
1096 4883 1280 4952 scripti
1327 4898 1460 4948 rec.,
1487 4894 1534 4937 et
1578 4888 1786 4937 malum.
1819 4884 1875 4940 ln
1911 4887 1934 4940 1
1971 4887 2106 4942 Bon.

524 4957 694 5028 antiq.
721 4966 775 5012 ει
802 4957 888 5012 ed.
916 4956 987 5011 ls.
1020 4970 1115 5026 pro
1134 4956 1271 5019 huic,
1298 4964 1380 5010 est
1400 4956 1547 5028 bona.
1566 4955 1911 5028 Regio-PaL,
1944 4969 1990 5010 et
2021 4960 2110 5012 bo-

525 5025 891 5100 num—quidem
921 5025 1178 5100 diligere,_
1199 5038 1388 5100 pugna}
1423 5026 1607 5090 odisse,
1646 5025 1879 5100 omissis,
1921 5030 2113 5100 malum

525 5097 859 5168 autemquod
886 5100 1001 5154 huic
1020 5097 1103 5151 re.
1134 5097 1257 5152 Mss.
1287 5097 1320 5152 4
1351 5097 1483 5168 Reg.
1516 5113 1650 5159 rec.,
1682 5099 1717 5151 2
1742 5097 1920 5163 Colb.,
1948 5099 2111 5166 Ultr.,

529 5170 693 5227 Brun.
722 5167 777 5227 et
804 5181 912 5225 vet.
953 5170 1083 5225 etlit.
1115 5169 1298 5241 Rom,
1331 5180 1375 5241 et
1412 5167 1595 5222 bonum
1627 5168 1827 5241 quidem
1853 5171 2066 5241 diligere
2091 5212 2107 5239 ,

530 5258 727 5369 ngnas
751 5242 940 5307 odisse;
972 5243 1100 5297 Pen.
1129 5251 1183 5295 et
1210 5239 1233 5294 1
1260 5238 1437 5307 Culb.,
1470 5241 1652 5295 habent
1680 5240 1881 5311 eligere,
1915 5238 2113 5312 pugnas

530 5330 559 5369 o
596 5329 713 5369 isse.

528 5329 713 5370 οαιωε.

600 5383 944 5451 lutelligimus
964 5393 1197 5437 constare
1217 5397 1317 5436 non
1342 5398 1503 5451 posse.
1530 5379 1697 5437 Caute
1728 5382 1864 5451 lege,
1896 5399 2016 5453 quae
2045 5384 2113 5438 de

528 5457 655 5511 mali
705 5456 914 5525 origine
940 5462 994 5508 et
1039 5454 1357 5508 necessitate
1385 5453 1629 5522 proponit
1674 5453 1978 5509 Lactantius
2010 5473 2022 5507 :
2057 5455 2111 5509 in

531 5528 615 5585 his
640 5526 782 5581 enim
818 5542 920 5577 nun
951 5524 1146 5593 ubique
1172 5538 1335 5578 sanus
1361 5533 1462 5579 est.

603 5599 668 5652 111
689 5607 954 5665 utramque
977 5592 1189 5666 partem.
1223 5596 1294 5648 lta
1324 5610 1511 5649 omnes
1539 5611 1668 5649 mss.
1699 5603 1893 5663 praeter
1917 5592 1953 5647 ‘2
1977 5594 2109 5665 Reg.

530 5685 641 5728 rec.
670 5668 759 5738 qui
785 5668 980 5721 habent
1012 5667 1077 5719 ad
1109 5677 1374 5733 utramque
1401 5677 1616 5738 partem.

604 5736 988 5797 Consideremus
1032 5738 1254 5793 divinam
1281 5737 1641 5793 necessitatem.
1672 5736 1744 5792 Ita
1773 5752 1960 5793 omnes
1999 5738 2110 5795 fere

2215 3979 2342 4036 mss.
2373 3974 2427 4020 et
2455 3965 2603 4021 editi.
2633 3966 2686 4020 lu
2719 3966 2932 4036 scriptis
2961 3966 2995 4021 5
3024 3974 3105 4021 est
3129 4007 3143 4033 ,
3178 3966 3329 4034 Quod
3364 3966 3408 4020 si
3436 3965 3817 4029 consideremus

2215 4035 2441 4110 divinam
2470 4037 2781 4110 bonitatem;
2815 4035 2988 4110 minus
3029 4048 3171 4110 apte.

2289 4106 2496 4167 Noster.
2528 4108 2687 4162 Deest
2712 4110 2764 4162 in
2801 4109 3031 4162 veterib.
3064 4106 3290 4163 edition.

2290 4176 2354 4230 Et
2378 4195 2553 4231 causa.
2592 4178 2747 4233 Deest
2777 4180 2827 4233 in
2856 4182 2898 4239 6,
2921 4195 3030 4233 rec.
3067 4194 3196 4233 mss.
3233 4188 3285 4234 et
3307 4178 3341 4233 9
3370 4178 3550 4233 editis.

2294 4248 2429 4301 Nam
2457 4252 2577 4320 quia
2606 4251 2828 4320 fragilis.
2857 4251 2931 4305 Ita
2961 4251 3338 4320 corrigendum
3375 4250 3473 4304 fuit
3498 4250 3626 4305 illud
3653 4251 3816 4307 libra-

2217 4319 2425 4394 riorum
2452 4322 2761 4394 erratum,5
2789 4337 2917 4377 mss.
2944 4337 3053 4377 rec.
3086 4319 3140 4377 et
3166 4323 3199 4377 8
3225 4321 3353 4377 edit.
3386 4320 3439 4375 in
3461 4322 3655 4393 quibus
3685 4323 3815 4394 legi-

2134 4396 2189 4457 D
2219 4401 2335 4458 tur,
2373 4390 2513 4444 Nam
2552 4393 2657 4462 qui.

2284 4486 2362 4539 Ad
2394 4487 2796 4540 continuandam
2818 4489 3016 4559 generis
3044 4487 3453 4557 perpetuitatem.
3485 4487 3578 4544 Sic
3599 4487 3816 4547 restitui

2212 4571 2280 4629 ex
2321 4571 2456 4629 mss.
2502 4559 2877 4613 vetustissimis
2915 4560 2938 4613 1
2975 4559 3208 4621 Bonon..
3246 4560 3591 4629 Regio-Put.,
3619 4560 3815 4629 Cauc.,

2212 4627 2401 4699 90111.,
2434 4629 2454 4682 1
2489 4628 2752 4695 Colbert.,
2791 4632 2807 4683 f
2850 4631 3019 4699 Lips.,
3053 4632 3194 4695 Enn,
3224 4627 3417 4695 Brun.,
3450 4631 3580 4687 edit.
3607 4627 3811 4694 Betnh,

2212 4698 2407 4772 Cellar.
2450 4699 2663 4755 Waleh.
2705 4710 2759 4755 ct
2801 4698 2991 4769 Spark.
3030 4703 3080 4755 in
3105 4717 3273 4771 marg.
3309 4703 3502 4757 melius
3538 4718 3698 4772 quam
3738 4702 3809 4757 ad

2213 4771 2607 4839 continendam,
2639 4782 2694 4827 ut
2724 4773 2775 4826 in
2808 4772 2874 4829 -15
2902 4774 3117 4842 scriptis
3145 4784 3199 4828 ει
3236 4774 3299 4828 10
3334 4771 3581 4844 vulgatis.

2290 4859 2493 4928 Quaeret
2523 4864 2796 4932 quispiam.
2828 4863 2915 4927 Sic
2947 4878 3077 4917 mss.
3117 4863 3305 4917 Martn.
3355 4873 3409 4919 et
3441 4864 3465 4917 1
3497 4862 3735 4918 Clarom.
3781 4878 3814 4919 a

2214 4933 2448 4992 secunda
2472 4949 2651 5006 manu.
2681 4934 2743 4987 Et
2765 4934 2842 4989 sic
2870 4934 3081 4995 Cicero,
3112 4944 3168 4988 et
3195 4950 3320 4989 mox
3335 4935 3545 5006 inquiet,
3569 4949 3689 5005 cap.
3718 4934 3809 4990 30.

2214 5009 2359 5064 Multi
2390 5004 2576 5072 scripti
2598 5048 2612 5068 ,
2645 5008 2824 5074 quierit
2842 5023 2861 5071 ,-
2894 5006 2945 5059 1.
2974 5008 3072 5067 al.,
3102 5007 3331 5072 Qumrat.

2286 5076 2645 5147 Aecidentibus
2667 5075 2835 5128 malis.
2868 5076 2996 5130 Mss.
3042 5079 3065 5131 1
3106 5079 3238 5132 Bon.
3260 5078 3430 5147 antiq.
3475 5076 3605 5132 Pen.
3637 5074 3694 5132 et
3720 5076 3811 5133 ed.

2216 5150 2372 5205 llum.
2399 5146 2557 5202 1468.
2574 5146 2739 5201 Turn.
2770 5148 3039 5202 Soubron.
3063 5148 3275 5203 Waleh.
3292 5146 3664 5203 accedentibus.

2289 5241 2546 5309 Mitigaut.
2572 5238 2724 5309 Quod
2742 5239 2959 5292 verbum
2981 5251 3147 5294 tuutat
3162 5241 3511 5296 Heumannus
3527 5240 3578 5293 in
3601 5255 3817 5309 eumque

2216 5308 2889 5379 obsecrant.—Mitigant,
2940 5314 3225 5365 obsecrant.
3271 5312 3388 5366 Lib.
3440 5326 3513 5375 Vl,
3567 5325 3684 5380 cap.
3732 5308 3814 5367 ⁷10

2218 5384 2459 5450 Olfensus
2499 5381 2560 5434 ab
2592 5381 2670 5433 Itis
2700 5380 2839 5453 Deus
2866 5398 3020 5436 eos...
3064 5382 3421 5453 Subjugabat,
3466 5382 3626 5436 donec
3679 5399 3813 5435 rur-

2214 5474 2299 5510 sus
2325 5454 2614 5526 paenitentia
2652 5452 2831 5526 populi
2878 5454 3138 5526 mitigatus
3168 5452 3435 5517 liberaret;
3481 5453 3574 5507 lib.
3604 5468 3659 5516 v,
3689 5468 3811 5526 cap.

2218 5529 2284 5581 15
2308 5523 2333 5579 ;’
2358 5526 2487 5580 Si...
2523 5523 2800 5577 cunt’Deos
2838 5525 2932 5578 sibi
2962 5523 3277 5579 arbitrantur
3300 5526 3481 5589 ἔναιρε,
3515 5532 3682 5577 tamen
3714 5524 3780 5578 do
3800 5552 3812 5566 -

2215 5601 2322 5657 nis,
2369 5606 2413 5648 et
2462 5597 2757 5662 saeriﬁriis,
2810 5607 2856 5648 et
2882 5598 3119 5649 odoribus
3165 5597 3358 5666 placari
3400 5612 3485 5650 eos
3532 5593 3813 5666 credunt...

2213 5686 2305 5722 cur
2338 5668 2495 5721 Deum
2520 5680 2746 5721 nostram
2776 5677 2876 5721 tant
2896 5664 3289 5735 intmitcm,tam
3314 5664 3689 5737 implacabilem
3713 5682 3814 5737 pu-

2211 5741 2354 5796 tent?
2378 5740 2504 5794 Bt'tv.
