4138 6190
422 245 533 305 ηδ

1751 242 1958 302 LIBER
1999 243 2090 303 DE
2128 243 2248 303 IRA
2287 245 2417 304 DEI.

3625 243 3730 304 126

413 365 674 436 posseab
692 364 779 422 his
803 364 1027 439 injurias
1047 367 1386 441 propulsare.
1420 366 1591 424 liabet
1612 368 1772 440 igitur
1797 380 2016 423 causam
2044 367 2097 428 Α
2124 375 2208 421 lus
2227 408 2241 434 ,
2273 367 2363 439 qui
2390 380 2499 422 non
2528 365 2726 424 cadunt
2750 366 2803 424 in
2833 366 3000 424 Deum
3022 410 3037 436 ,
3074 375 3133 423 ut
3161 365 3327 424 libido
3348 408 3362 436 ,
3396 366 3579 433 timor,
3609 378 3730 421 ava-

414 459 756 526 miserandi;
810 475 911 515 nec
936 461 1080 517 enim
1127 470 1234 516 tam
1267 462 1489 519 immitis
1519 471 1604 517 est
1636 461 2022 531 hominumque

416 561 769 622 contemptor
789 594 806 618 ,
840 562 897 607 ut
922 553 1181 611 auxilium
1210 552 1574 609 laborantibus
1604 552 1852 623 deneget.
1883 553 2013 606 Item

412 644 661 715 plurimi,
692 644 886 715 quibus
911 661 1224 715 persuasum
1254 658 1335 703 est
1366 648 1476 702 Deo
1500 648 1713 718 placere
1733 648 2017 726 justitiam,

407 752 653 809 eumque
675 738 768 809 qui
796 740 864 792 sit
889 738 1140 795 dominus
1166 756 1230 795 ac
1251 755 1447 811 parens
1473 741 1732 806 omnium,
1757 756 2019 795 veneran-

414 836 542 894 tur,
571 837 626 883 et
653 829 902 899 precibus
925 831 1156 886 assiduis
1189 847 1252 888 ac
1281 831 1649 902 frequentibus
1678 834 1815 887 votis
1837 873 1851 899 ,
1876 832 2018 887 dona

414 928 477 976 et
496 920 769 977 sacrificia
794 921 1048 989 oﬂ‘erunt,
1070 938 1265 980 nomen
1286 924 1401 994 ejus
1426 923 1667 979 laudibus
1685 939 2016 994 prosequun-

415 1022 544 1083 tur,
563 1014 724 1084 justis
753 1030 815 1071 ac
842 1015 997 1073 bonis
1049 1018 1303 1089 operibus
1330 1018 1598 1074 demereri
1625 1034 1745 1074 enm
1772 1019 2018 1073 laboran-

412 1113 521 1162 tes.
556 1105 701 1178 Ergo
727 1116 842 1173 est,
870 1118 1087 1180 pr0pter
1106 1110 1248 1181 quod
1280 1111 1417 1166 Deus
1437 1120 1493 1167 et
1515 1112 1713 1180 possit,
1744 1121 1798 1165 et
1823 1111 2016 1167 debeat

414 1197 732 1269 gratiﬁcari.
776 1198 911 1255 Nam
940 1201 988 1256 si
1041 1201 1171 1256 nihil
1224 1211 1307 1258 est
1337 1211 1443 1257 tam
1498 1204 1828 1258 conveniens
1859 1203 2007 1271 Deo,

412 1303 582 1358 quam
610 1289 964 1346 beneﬁcentia
984 1335 998 1357 ,
1032 1292 1163 1347 nihil
1195 1304 1374 1349 autem
1409 1304 1514 1349 tam
1542 1295 1778 1352 alienum
1802 1336 1815 1358 ,
1849 1310 2011 1366 quam

406 1392 473 1436 nt
523 1386 598 1438 sit
645 1384 932 1455 ingratus:
987 1401 1210 1441 necesse
1245 1398 1326 1441 est
1370 1395 1428 1442 ut
1453 1389 1645 1443 officiis
1684 1390 2010 1458 Optimorum

402 1485 708 1547 sancteque
744 1478 1036 1534 viventium
1076 1488 1299 1551 praestet
1326 1480 1527 1549 aliquid
1550 1523 1563 1544 ,
1592 1496 1655 1535 ac
1681 1481 1851 1535 vicem
1882 1480 2010 1534 red-

407 1565 541 1634 dat,
567 1583 636 1624 ne
662 1567 853 1625 subeat
879 1569 1068 1639 ingrati
1101 1570 1313 1640 'culpam
1338 1614 1351 1634 ,
1383 1586 1500 1640 qute
1526 1580 1608 1625 est
1631 1571 1788 1627 etiam
1811 1571 2011 1626 homini

409 1659 726 1717 criminosa.
776 1659 975 1717 Contra
1002 1673 1185 1718 autem
1216 1673 1338 1719 sunt
1367 1664 1454 1717 alii
1489 1662 1777 1719 facinerosi
1817 1673 1868 1718 et
1909 1679 2005 1720 ne-

2129 458 2274 522 ritia,
2306 472 2512 515 mceror
2532 500 2547 525 ,
2581 457 2799 524 invidia,
2831 458 2976 512 omni
3002 471 3224 528 prorsus
3252 456 3447 514 affectu
3478 470 3601 513 eum
3633 467 3729 510 va-

2123 563 2248 604 care
2274 547 2551 603 dixerunt.
2584 548 2676 603 liis
2706 549 2849 604 enim
2880 558 3067 615 vacat,
3101 549 3224 619 quia
3264 549 3517 602 vitiorum
3555 546 3723 602 affec-

2124 652 2208 697 tus
2257 653 2383 697 sunt
2419 658 2428 698 τ
2457 658 2552 697 eos
2577 652 2755 697 autem
2783 685 2798 709 ,
2848 641 2941 712 qui
2966 650 3092 697 sunt
3122 642 3363 711 virtutis,
3401 641 3452 696 id
3484 650 3600 704 est,
3637 641 3724 696 ira

2122 736 2175 791 in
2226 737 2398 790 malos
2420 779 2435 803 ,
2488 738 2685 792 caritas
2714 737 2766 791 in
2795 737 2999 805 bonos,
3033 736 3307 791 miseratio
3353 738 3404 790 in
3453 734 3683 790 afﬂictos
3704 775 3721 803 ,

2119 829 2371 897 quoniam
2401 828 2584 884 divina
2634 838 2901 899 potestate
2944 840 3069 885 sunt
3097 830 3286 900 digna,
3344 829 3591 899 proprios
3615 870 3629 894 ,
3663 836 3720 884 et

2115 918 2323 987 justos,
2373 929 2425 974 et
2471 936 2628 976 veros
2679 920 2861 976 habet.
2912 921 3042 989 Qua)
3074 921 3315 991 profecto
3359 920 3459 975 nisi
3492 920 3717 989 habeat,

2119 1009 2354 1064 humana
2406 1013 2509 1065 vita
2557 1012 2889 1077 turbabitur;
2923 1023 3084 1082 atque
3114 1011 3180 1066 ad
3214 1021 3413 1066 tantam
3442 1004 3726 1067 confusio?

2118 1125 2240 1162 nem
2270 1110 2518 1165 deveniet
2549 1119 2718 1165 status
2746 1125 2947 1174 rerum,
2985 1119 3041 1164 ut
3073 1110 3397 1179 contemptis
3419 1108 3718 1179 superatis-

2116 1217 2222 1271 que
2259 1202 2501 1274 legibus,
2560 1204 2674 1259 Sola
2705 1213 2890 1273 regnet
2915 1202 3137 1258 audacia
3164 1246 3178 1269 ,
3223 1215 3275 1257 nt
3314 1218 3473 1258 neruo
3491 1203 3723 1274 denique

2129 1301 2275 1347 tutus
2294 1309 2412 1347 esse
2436 1294 2626 1363 possit,
2649 1294 2748 1349 nisi
2771 1296 2860 1367 qui
2896 1295 3095 1349 viribus
3127 1295 3437 1365 praevaleat.
3467 1293 3541 1348 lta
3568 1294 3722 1364 quasi

2113 1385 2386 1440 communi
2424 1385 2709 1440 latrocinio
2734 1395 2875 1442 terra
2902 1388 3077 1442 omnis
3106 1386 3541 1457 depopulabitur.
3564 1386 3720 1444 Nunc

2113 1490 2246 1530 vero
2269 1478 2525 1549 quoniam
2565 1487 2620 1532 et
2660 1479 2789 1533 mali
2831 1494 3042 1549 pcenam
3077 1521 3091 1545 ,
3123 1488 3178 1535 et
3200 1480 3328 1536 boni
3359 1480 3582 1551 gratiam
3605 1522 3619 1546 ,
3651 1488 3709 1536 et

2111 1566 2296 1622 afflicti
2326 1584 2482 1639 opem
2514 1580 2767 1639 sperant;
2798 1582 2851 1625 et
2876 1571 3164 1626 virtutibus
3190 1572 3340 1628 locus
3364 1582 3480 1639 est,
3513 1579 3564 1627 ct
3593 1586 3716 1628 sce-

2111 1659 2221 1715 lera
2249 1661 2452 1715 rariora
2475 1672 2618 1716 sunt.
2658 1663 2873 1717 Atenim
2909 1664 3221 1735 plerumque
3243 1672 3297 1718 et
3322 1663 3568 1718 scelerati
3596 1663 3718 1720 fell-

411 1749 561 1817 farii,
591 1753 678 1823 qui
703 1753 1017 1811 libidinibus
1043 1756 1222 1811 omnia
1245 1756 1505 1825 polluant,
1535 1757 1774 1811 etcdibus
1798 1766 2013 1824 vexerit,
2048 1762 2095 1823 B
2121 1754 2295 1808 ciores
2339 1765 2464 1809 sunt
2486 1798 2500 1819 ,
2535 1764 2588 1811 et
2632 1750 2756 1811 boni
2790 1757 3100 1813 miseriores
3120 1800 3134 1823 ,
3180 1767 3230 1812 et
3256 1758 3383 1827 justi
3411 1756 3479 1813 ab
3503 1757 3718 1828 iujustis

402 1839 695 1913 fraudem,
725 1844 964 1914 rapiant,
989 1846 1293 1916 perjurent;
1324 1861 1419 1901 nec
1444 1849 1876 1919 consanguineis,
1912 1862 2011 1903 nec

400 1934 720 2007 parentibus
752 1945 1007 2007 parcant;
1040 1936 1186 2009 leges
1215 1945 1269 1992 et
1298 1938 1469 2006 ipsum
1501 1937 1665 1993 etiam
1710 1938 1873 1993 Deum
1907 1955 2006 1995 ne-

398 2023 631 2099 ιιίεειηι.

478 2119 653 2176 llabet
681 2119 843 2191 igitur
871 2121 945 2176 ira
968 2120 1021 2176 iu
1046 2120 1157 2176 Deo
1179 2122 1477 2177 materiam.
1504 2122 1619 2178 Non
1642 2133 1725 2178 est
1754 2122 1897 2177 enim
1923 2123 2003 2179 fas

397 2229 564 2280 eum,
594 2226 716 2267 cum
765 2212 885 2268 talia
918 2212 1031 2267 fieri
1071 2214 1283 2280 videat,
1316 2229 1424 2269 non
1460 2212 1699 2279 moveri,
1733 2225 1787 2270 et
1818 2215 1997 2270 insur-

396 2320 538 2376 gere
571 2305 641 2361 ad
669 2304 927 2361 ultionem
958 2305 1381 2372 sceleratorum,
1411 2316 1462 2362 et
1490 2307 1773 2376 pestiferos
1800 2323 2000 2363 nocen-

401 2406 597 2468 tesque
631 2396 847 2461 delere,
879 2406 937 2452 ut
974 2398 1132 2451 bonis
1181 2399 1432 2455 omnibus
1459 2399 1705 2455 consulat
1734 2417 1747 2453 :
1782 2399 1918 2455 adeo
1946 2409 2002 2456 et

399 2489 456 2544 in
480 2491 599 2559 ipsa
620 2490 696 2544 ira
717 2490 856 2544 inest
880 2501 934 2545 et
954 2490 1293 2560 gratiﬁcatio.
1325 2491 1506 2546 luania
1534 2508 1663 2563 ergo
1685 2504 1740 2549 et
1762 2492 1894 2549 falsa
1917 2510 2002 2549 re-

409 2583 690 2652 periuntur
734 2592 1082 2653 argumenta,
1112 2584 1199 2638 vel
1226 2599 1449 2651 eorum,
1503 2586 1631 2655 qui,
1677 2600 1799 2639 cum
1841 2587 2000 2642 irasci

404 2673 579 2733 Deum
606 2672 826 2739 uolunt,
854 2674 1143 2747 gratificari
1163 2675 1381 2741 volunt,
1413 2676 1535 2747 quia
1561 2692 1625 2731 ue
1651 2675 1753 2731 hoc
1784 2677 1998 2747 quidem

405 2765 529 2821 ﬁeri
566 2765 686 2822 sine
729 2768 807 2822 ira
846 2774 1053 2835 potest;
1090 2767 1173 2822 vel
1218 2782 1439 2833 eorum,
1472 2768 1562 2837 qui
1586 2769 1787 2823 nullum
1835 2769 1999 2823 animi

399 2866 607 2913 motum
631 2871 753 2913 esse
778 2860 830 2913 itt
863 2859 969 2913 Deo
1001 2867 1207 2927 putant.
1255 2860 1315 2913 Et
1338 2860 1461 2929 quia
1492 2869 1616 2914 sunt
1640 2861 1802 2931 aliqui
1834 2859 1997 2917 υπατος

2119 1847 2342 1918 impune
2388 1859 2671 1903 vexantur.
2714 1849 3189 1906 Considerabimus
3235 1858 3419 1922 postea
3442 1891 3456 1916 ,
3487 1866 3584 1905 cur
3613 1849 3744 1921 ista.

2119 1940 2271 1995 fiant.
2334 1941 2547 1998 Interim
2577 1943 2645 1999 de
2688 1943 2765 1998 ira
2812 1944 3169 2014 explicemus,
3223 1960 3291 1999 an
3323 1945 3394 1999 sit
3430 1944 3608 2015 aliqua
3656 1944 3713 2000 in

2116 2032 2258 2099 Deo;
2284 2043 2461 2089 utrum
2494 2032 2626 2088 nihil
2657 2040 3050 2093 curetonmino
3074 2078 3089 2104 ,
3120 2052 3220 2092 nec
3247 2044 3526 2091 moveatur
3549 2034 3617 2089 ad
3646 2049 3713 2093 ea

2110 2141 2230 2197 quae
2258 2129 2419 2198 impie
2440 2136 2718 2198 geruntur.

2690 2281 2920 2340 CAPUT
2963 2284 3123 2341 XVII.

2602 2423 2679 2479 De
2708 2424 2839 2492 Deo,
2877 2442 2999 2483 cura
3035 2435 3080 2481 et
3107 2426 3206 2483 ira.

2178 2583 2340 2648 Dens,
2376 2583 2550 2653 inquit
2581 2582 2862 2652 Epicurus,
2896 2584 3028 2639 nihil
3071 2593 3256 2649 curat;
3292 2586 3494 2641 nullam
3536 2587 3700 2658 igitur

2105 2672 2266 2729 habet
2298 2684 2636 2743 potestatem.
2661 2673 2865 2730 Curare
2901 2676 3043 2729 enim
3075 2690 3299 2732 necesse
3325 2685 3408 2732 est
3437 2692 3581 2745 eum,
3613 2679 3707 2751 qui

2104 2768 2264 2824 habet
2301 2777 2656 2839 potestatem;
2700 2768 2785 2824 vel
2826 2768 2870 2823 si
2912 2768 3091 2833 habet,
3133 2778 3188 2823 et
3229 2785 3333 2823 non
3371 2770 3556 2838 utitur,
3584 2786 3708 2841 qua)

2106 2872 2251 2919 tanta
2294 2877 2458 2921 causa
2500 2873 2605 2928 eet,
2648 2871 2705 2917 ut
2746 2862 2818 2928 ei,
2864 2878 2969 2918 non
3013 2861 3188 2917 dicam
3233 2870 3480 2924 nostrum
3511 2879 3709 2937 genus;

1733 2998 2088 3056 VARIORUM
2142 2995 2375 3054 ΝυΤιλΕ.

474 3134 553 3188 Ab
577 3135 899 3208 nisininrias
925 3137 1250 3206 propulsare.
1286 3135 1359 3191 ita
1399 3138 1677 3193 emendavi
1707 3154 1773 3194 ex
1808 3154 1938 3195 mss.
1970 3140 2006 3194 2
2034 3142 2079 3204 C
2110 3138 2542 3204 confumluntur;
2587 3145 2847 3207 prmterea
2884 3138 2936 3192 in
2969 3136 3133 3208 priori
3162 3137 3405 3193 membro
3447 3137 3659 3197 dixerat
3686 3158 3703 3198 :

397 3205 608 3260 Bonna.
643 3207 667 3260 I
728 3207 858 3274 Reg.
908 3224 973 3262 ae
1024 3205 1117 3262 sex
1147 3208 1267 3262 aliis
1308 3218 1362 3263 et
1402 3209 1531 3265 edit.
1556 3210 1626 3264 Is.
1651 3209 1790 3276 Alii,
1832 3214 1897 3267 ab
1926 3212 2003 3267 his

392 3277 607 3348 injuriis
636 3280 959 3349 prapulsare.
1668 3315 1672 3319 -

471 3367 645 3443 Habet
686 3370 843 3443 igitur
888 3388 1112 3424 causam.
1149 3370 1245 3425 Ms.
1276 3373 1301 3425 I
1344 3372 1472 3425 Bon.
1504 3373 1671 3443 autiq.
1713 3385 1765 3428 et
1802 3375 1834 3427 6
1871 3375 1999 3432 edit.

391 3439 731 3516 intetjieiunt
768 3441 943 3507 Dens,
981 3443 1120 3514 quod
1165 3459 1193 3495 a
1230 3445 1442 3499 caneris
1474 3439 1647 3498 abest;
1683 3444 1736 3498 In
1772 3446 1914 3516 Lips.
1948 3456 2004 3501 et

390 3512 484 3565 ed.
511 3512 710 3566 Cellar.
747 3530 985 3567 caussas.

472 3580 585 3636 Nec
627 3584 763 3657 enim
790 3596 895 3657 tam
927 3585 1135 3638 immitis
1161 3597 1232 3639 est
1256 3586 1632 3657 hominumque
1653 3597 1989 3657 contemptor.

394 3654 492 3710 Sic
516 3663 642 3728 vet.
671 3654 803 3728 edit.
835 3655 992 3709 Rom.
1029 3666 1083 3711 et
1123 3657 1370 3728 Gymnic.
1410 3671 1532 3711 cum
1579 3654 1828 3714 omnibus
1854 3654 1988 3713 mss.

390 3733 600 3799 inter
628 3724 922 3799 bCoIbert.
956 3742 986 3781 a
1017 3724 1210 3797 quibus
1237 3728 1390 3782 abest
1417 3730 1727 3798 conjunctio
1757 3747 1853 3799 que
1883 3738 1940 3785 ut
1962 3746 1993 3785 a

387 3798 609 3850 cst-teris
638 3797 938 3867 impressis.

467 3885 533 3942 Et
567 3888 803 3958 precibus
821 3889 1062 3944 assiduis.
1087 3888 1160 3944 Ita
1187 3904 1309 3945 cum
1331 3890 1417 3945 ed.
1436 3890 1610 3946 Betui.
1640 3890 1784 3946 etis.
1814 3892 1992 3948 cuncti

386 3973 549 4033 meo”
582 3959 823 4033 demptis
860 3962 896 4015 5
932 3976 1038 4018 rec.
1085 3962 1279 4031 quibus
1306 3973 1387 4016 est
1416 3979 1531 4017 cum
1558 3963 1791 4033 precibus
1812 4005 1826 4029 ,
1860 3964 1993 4019 utin

386 4030 626 4100 vulgatis
647 4032 881 4086 caeteris.

466 4119 765 4190 Ρσήιιγεηι.
812 4122 886 4177 Ita
931 4138 1121 4178 omnes
1173 4124 1283 4178 fere
1328 4139 1458 4178 mss.
1505 4124 1560 4190 [ιι
1612 4124 1647 4178 2
1702 4125 1906 4181 Bonon.
1960 4127 1995 4179 2

392 4192 529 4262 Reg.
566 4187 675 4248 rec.
703 4204 758 4248 et
789 4194 815 4248 1
844 4194 990 4262 Lips.
1015 4205 1097 4250 est
1126 4197 1441 4264 pejerent.—
1469 4187 1557 4252 Sic
1580 4212 1789 4264 quoque
1822 4197 1994 4252 Bune-

390 4279 540 4317 man.
572 4264 815 4337 Rapiant,
840 4270 1085 4335 pejerent.
1112 4264 1291 4337 Verbo
1336 4267 1685 4337 frequentiori
1716 4284 1859 4323 usus.
1885 4269 1992 4323 Sed

383 4344 570 4390 tanien
593 4345 647 4389 et
672 4335 947 4402 Horatius,
982 4338 1073 4390 lib.
1107 4353 1144 4391 Il
1183 4336 1295 4392 Sat.
1329 4339 1383 4402 3,
1406 4335 1546 4393 vers.
1581 4338 1702 4392 I27.

482 4450 538 4502 Si
561 4451 761 4523 quidvis
783 4453 901 4502 satis
921 4458 1015 4513 est,
1039 4453 1281 4517 periuras,
1304 4455 1536 4521 surripis,
1562 4453 1743 4504 aufers.
1771 4454 1909 4506 CELL.
1933 4486 1992 4496 --
2018 4455 2072 4517 D

388 4554 689 4626 Perjurent.
724 4556 848 4609 llzre
868 4564 950 4609 est
970 4558 1189 4626 antiqua
1217 4559 1502 4626 scriptura,
1526 4573 1686 4625 quam
1705 4574 1768 4611 ex
1799 4558 1988 4615 Plauto

379 4635 447 4681 ct
470 4626 586 4681 Cic.
617 4627 709 4683 lib.
745 4643 799 4683 ιιι
844 4628 910 4683 tle
938 4627 1171 4692 Officiis,
1198 4644 1317 4696 cap.
1350 4630 1438 4692 29,
1473 4629 1815 4683 conuuendat
1847 4631 1986 4687 Cur-

380 4696 591 4771 tius__ad
616 4697 833 4771 sallnst.
859 4697 1245 4771 Jugurth.,cap
1275 4701 1361 4764 Il,
1381 4701 1435 4768 4,
1460 4698 1646 4771 confer
1665 4699 1981 4757 Lambinum

379 4767 764 4844 ad_ﬂ0_ratin_m
797 4785 865 4834 ιι,
892 4769 1005 4825 Sat.
1033 4771 1098 4835 5,
1131 4786 1185 4825 v.
1212 4767 1348 4836 127;
1396 4770 1725 4840 reliquorum
1758 4775 1984 4844 pejerent

379 4838 661 4894 usitatius.
696 4841 828 4896 Bon.

457 4909 789 4984 Αάεο-εινίιι
836 4915 966 4982 ipsa.
1024 4912 1112 4984 Sic
1166 4913 1380 4984 reposui
1437 4928 1500 4967 ex
1554 4913 1728 4984 antiq.
1783 4912 1980 4982 Regio-

380 4980 535 5054 l_’ut.,
588 4981 623 5037 2
653 4982 731 5054 al.
760 4980 921 5054 Reg,
967 4985 1002 5037 2
1027 4983 1205 5047 Colb.,
1229 4980 1483 5039 'Clurom.
1509 4995 1562 5039 et
1583 4985 1668 5038 ed.
1689 4980 1894 5039 ‘Cellar'.
1924 4985 1978 5039 In

374 5050 440 5105 2i
478 5052 696 5125 scriptis
726 5050 866 5121 rec.,
884 5056 1011 5110 inest
1033 5056 1445 5125 gratiﬁcatio;iu
1475 5055 1511 5108 2
1539 5072 1646 5111 rec.
1681 5065 1751 5109 est
1779 5057 1980 5124 grati/i-

375 5125 539 5175 catio.
563 5122 619 5176 In
664 5122 1078 5192 Lipsiensibns',
1129 5122 1230 5180 non
1257 5131 1419 5193 Inest;
1466 5128 1517 5184 in
1540 5127 1575 5180 ἓ
1603 5128 1673 5181 al.
1707 5122 1843 5195 rec.,
1874 5143 1977 5181 non

375 5207 491 5258 est;
520 5206 807 5258 utrumque
833 5198 988 5252 male.

458 5263 682 5321 Nolunt.
719 5263 1064 5321 Henmanuus
1098 5269 1224 5336 legit
1253 5271 1434 5323 nolint.

457 5336 665 5403 Quia...
716 5349 898 5407 potest.
955 5339 1081 5393 Haec
1127 5349 1250 5401 octo
1301 5343 1461 5395 verba
1506 5340 1774 5395 eradenda
1822 5351 1974 5410 putat

378 5407 907 5480 lietimaunusvelut
932 5412 1221 5480 glossema.

454 5478 562 5533 Eos
579 5489 766 5545 autem,
792 5482 878 5547 qui
897 5478 1014 5535 sant
1041 5482 1257 5547 virtutis,
1290 5483 1344 5535 id
1372 5495 1464 5548 est,
1496 5484 1643 5537 ira...
1674 5485 1966 5538 Charitas...

376 5552 663 5604 miseratio.
684 5551 756 5604 Ita
776 5568 968 5607 mnues
985 5553 1169 5620 scripti
1195 5553 1449 5622 eilitique.
1471 5554 1593 5607 Mihi
1618 5571 1684 5609 ue
1711 5566 1787 5609 tot
1812 5572 1971 5611 voces

375 5634 745 5688 Corrigantur,
779 5623 987 5678 duabus
1018 5626 1208 5679 litteris
1238 5627 1475 5687 mutatis,
1507 5625 1786 5693 legendum
1815 5628 1965 5682 vitle-

375 5705 502 5748 tur:
529 5693 636 5747 Eos
660 5703 849 5765 autem,
873 5697 955 5765 qui
970 5707 1086 5749 sunt
1103 5695 1323 5761 virtutis,
1346 5706 1402 5750 ut
1418 5706 1490 5751 est
1512 5696 1655 5749 ira...
1672 5697 1963 5752 charitas...

361 5765 654 5819 miseratio.
694 5764 762 5822 Ut
792 5777 843 5823 et
869 5764 923 5821 id
950 5767 1197 5824 ductibus
1226 5783 1410 5837 parum
1436 5766 1707 5835 differunt,
1740 5776 1795 5823 et
1823 5782 1967 5839 saepe

2113 3210 2180 3266 Ut
2212 3211 2435 3265 libido...
2465 3210 2679 3263 invidia.
2715 3210 2847 3263 Buu.

2182 3280 2372 3353 Digna.
2419 3282 2560 3353 Lege
2589 3281 2755 3353 digni,
2793 3281 2870 3334 ait
2895 3279 3276 3353 Heumannus,
3308 3280 3701 3350 subaudiendo,

2107 3325 3290 3425 aﬂuit}?.IVBigriiif"ijeitiitiiﬁﬁii':"ié§2,’_
3307 3325 3731 3425 nantia-.25.}:

2110 3424 2428 3478 subauditur
2477 3426 2619 3479 enim
2673 3422 2908 3488 affectus.
2964 3421 3107 3477 Nihil
3153 3421 3402 3493 corrigo;
3450 3421 3704 3482 neutrum
3778 3436 3785 3437 ’

2103 3497 2261 3564 digna
2298 3495 2516 3567 respicit
2557 3509 2721 3551 voces
2747 3496 2894 3548 ira...
2923 3495 3219 3567 eburnas“:
3246 3495 3529 3567 miseratio.
3562 3495 3698 3567 Fre-

2105 3566 2460 3635 quentissime
2506 3567 2577 3618 ita
2614 3575 2861 3620 neutrum
2902 3564 3161 3632 sequitur.
3197 3564 3316 3621 Lih.
3351 3581 3407 3621 ιιι
3444 3565 3702 3633 Institut.,

2101 3634 2149 3691 α.
2186 3637 2246 3690 Il
2280 3653 2292 3689 :
2325 3634 2467 3689 Nunt
2496 3635 2914 3705 uoluptatem?...
2944 3634 3149 3705 divitias
3163 3635 3256 3689 ?...
3296 3636 3611 3705 potestates?
3638 3637 3704 3691 At

2100 3723 2161 3761 ea
2192 3707 2466 3777 fragilia...
2500 3707 2765 3777 caduca...
2796 3705 2939 3759 Nam
2982 3704 3199 3777 gloriam
3217 3705 3309 3759 ?...
3342 3706 3698 3777 bonqrenﬂ...

2101 3776 2397 3832 memoriam
2427 3777 2691 3831 nominis?
2732 3776 2797 3830 At
2832 3777 2940 3831 luet:
2970 3776 3212 3833 omnia...
3248 3777 3436 3846 posita.
3467 3776 3587 3834 Lib.
3621 3794 3696 3847 Vt,

2102 3863 2152 3903 c.
2188 3850 2221 3902 5
2251 3867 2263 3902 :
2300 3848 2545 3915 Desidiw,
2580 3849 2798 3913 inertia,
2841 3846 3064 3903 luxuria:
3101 3863 3156 3902 se
3186 3847 3412 3917 tradere,
3435 3864 3552 3919 qua:
3576 3867 3699 3905 sua-

2102 3921 2251 3974 via...
2285 3920 2538 3974 videntur.
2571 3920 2704 3975 BUN.

2178 3991 2303 4059 Qua:
2324 3995 2569 4062 profecto.
2590 3991 2731 4051 [dem
2760 3990 2887 4060 legit
2907 4006 3032 4062 quos
3051 3992 3300 4062 profecto,
3323 3990 3700 4053 subattdiendo

2100 4059 2337 4127 a/fectns.
2366 4059 2436 4102 -ὲ
2466 4063 2593 4130 Qua:
2625 4066 2873 4132 profecto.
2907 4060 2975 4116 Et
3012 4060 3098 4115 hic
3135 4059 3483 4132 Heumauuus
3528 4064 3700 4121 corri-

2099 4135 2191 4202 git,
2229 4135 2367 4198 Quos
2409 4136 2658 4204 profecto,
2698 4131 2903 4189 s’cilicet
2944 4133 3189 4204 allectus.
3246 4131 3352 4187 Sed
3393 4134 3485 4204 qui
3517 4133 3696 4204 priora

2098 4205 2243 4259 saltm
2274 4203 2578 4274 cognoscet,
2613 4219 2711 4259 nec
2741 4204 2856 4257 hinc
2876 4203 3126 4274 c0r_riget.
3160 4203 3289 4274 Bigis.

2174 4271 2598 4345 Depop'ulabitur.
2648 4275 2890 4330 l’assive.
2945 4271 3146 4328 Confer
3188 4272 3579 4344 Heusiugcrum
3626 4276 3694 4333 ad

2103 4345 2387 4401 Wechner.
2420 4345 2684 4401 llellenol.
2718 4346 2853 4401 BUN.

2171 4416 2414 4487 Sperant.
2449 4417 2582 4471 Cum
2623 4415 2846 4487 verbum
2876 4412 2978 4487 hoc
3006 4412 3166 4471 etiam
3208 4411 3274 4487 ad
3314 4411 3509 4481 priora,
3557 4416 3687 4487 mali

2098 4484 2318 4555 pronam,
2353 4490 2636 4555 pertineat,
2666 4496 2719 4540 et
2761 4485 3027 4553 signiticet
3056 4499 3200 4555 εωρο
3229 4484 3421 4555 timere,
3455 4485 3687 4555 credere,

2094 4553 2213 4611 vitio
2236 4553 2457 4626 Quintil.
2491 4557 2581 4611 lib.
2615 4572 2706 4612 vtu
2732 4556 2927 4618 lnstit.,
2950 4571 3007 4611 c.
3041 4555 3098 4608 2.
3145 4553 3275 4611 Vide
3315 4564 3368 4610 et
3404 4554 3585 4613 Davis.
3620 4559 3689 4614 ad

2091 4627 2233 4695 Epit.
2263 4645 2312 4683 c.
2345 4628 2413 4683 65
2443 4646 2455 4680 :
2488 4627 2653 4698 Spera
2681 4639 2728 4685 et
2768 4626 2855 4685 tibi
2896 4626 3128 4683 accidere
3164 4641 3330 4697 posse,
3373 4626 3510 4695 quod
3539 4628 3689 4685 alteri

2088 4702 2257 4753 videas
2287 4701 2549 4755 accidisse.
2583 4700 2714 4755 BUN.

2161 4771 2379 4838 Impune
2407 4782 2671 4826 vexantur.
2702 4769 2917 4825 Scilicet
2941 4767 3008 4822 ad
3039 4776 3266 4836 tempus.
3298 4766 3536 4824 Oll‘endit
3569 4785 3675 4828 vox

2085 4843 2291 4911 impune
2321 4844 2486 4906 alios;
2515 4843 2636 4896 hinc
2669 4843 2719 4895 in
2745 4841 2892 4910 Lips.
2923 4840 2957 4892 2
2984 4849 3039 4893 et
3063 4839 3117 4902 5,
3150 4847 3231 4892 est
3260 4841 3480 4911 omissa.
3513 4841 3645 4897 Βυιι.

2157 4909 2259 4966 Cur
2284 4917 2379 4966 ista
2401 4915 2550 4980 ﬁant.
2588 4913 2613 4968 1
2639 4909 2822 4979 Colb.,
2848 4911 2951 4965 Cur
2972 4912 3043 4963 ita
3064 4912 3226 4978 ﬁant;
3258 4909 3376 4963 Em.
3410 4922 3463 4966 et
3487 4911 3680 4984 Brun.,

2082 4999 2173 5038 cur
2198 4985 2268 5039 ita
2298 4986 2412 5051 fiat.

2158 5055 2360 5110 Utrum.
2388 5054 2650 5110 Heuman.
2683 5052 2930 5125 legitLan
2958 5067 3095 5107 vero.

2154 5126 2282 5194 Quae
2317 5137 2458 5180 tanta
2501 5141 2657 5179 causa
2694 5122 2786 5178 est.
2830 5123 2911 5179 Ex
2952 5139 3082 5178 mss.
3134 5122 3426 5193 Reg-Plit.
3453 5133 3507 5181 et
3533 5126 3569 5181 5
3598 5128 3672 5182 al.

2079 5196 2210 5267 Reg.
2246 5197 2634 5266 Lipsiensibus,
2682 5197 2715 5251 4
2752 5193 3005 5267 Colbert.
3034 5194 3262 5267 aliisque
3306 5196 3544 5266 pluribus
3582 5215 3678 5253 ex-

2079 5265 2263 5337 punxi,
2300 5265 2354 5321 tu.
2385 5269 2589 5341 inutile,
2618 5265 3029 5341 ranegtigendi,
3068 5266 3211 5341 quod
3246 5265 3330 5341 est
3376 5267 3428 5341 in
3459 5268 3495 5322 4
3530 5283 3673 5341 mss.

2077 5336 2187 5394 rec.
2220 5350 2275 5395 et
2303 5341 2369 5395 15
2397 5340 2588 5403 editis;
2616 5340 2663 5390 in
2691 5338 2724 5392 5
2750 5336 2985 5409 scriptis,
3012 5336 3363 5409 negligentiae;
3394 5340 3446 5392 in
3476 5339 3669 5407 tribus,

2075 5421 2245 5465 :au'az.
2291 5441 2361 5451 --
2392 5410 2613 5467 Buncm.
2663 5423 2792 5481 vero
2820 5407 2964 5462 addit
2996 5407 3218 5481 verbum
3265 5410 3580 5481 negligendi,
3614 5419 3672 5466 et

2075 5494 2254 5536 nolam
2280 5495 2589 5555 sequentem
2620 5480 2951 5555 exhibet:-_—-
2975 5479 3104 5555 Qnte
3125 5479 3351 5555 tantttest
3378 5479 3669 5551 negligendi

2074 5569 2246 5610 causa.
2277 5551 2469 5609 Thom.
2506 5554 2554 5606 in
2585 5568 2753 5623 marg.
2788 5568 2850 5605 ex
2887 5551 3017 5604 lion.
3050 5552 3196 5605 citat.
3228 5568 3238 5602 :
3276 5552 3402 5623 Qua:
3428 5561 3568 5603 tanta
3592 5561 3669 5606 est

2073 5627 2390 5696 negligentia:
2442 5641 2630 5689 causa;
2687 5621 2912 5693 eamque
2971 5621 3667 5696 lectionetnHeumannus

2073 5691 2228 5751 νυῖτςιί
2254 5699 2625 5751 tectissimum.
2654 5691 2862 5750 Lubens
2885 5709 3158 5762 sequerer,
3192 5693 3290 5744 nisi
3320 5691 3561 5762 obstaret
3581 5705 3667 5748 re-

2070 5768 2278 5822 centior
2320 5769 2545 5824 collator
2573 5767 2931 5825 Bononiensis
2963 5760 3161 5821 codicis
3190 5762 3379 5830 lsmus,
3410 5761 3501 5832 qui
3536 5760 3665 5836 legit
