4138 6190
481 305 582 364 127

1833 306 2014 364 Filii].
2059 304 2429 363 LAC'I‘ANTII

3678 288 3779 356 H8

477 424 572 481 scd
601 424 762 481 etiam
790 423 1019 481 mundus
1047 423 1161 495 ipse
1182 422 1251 479 sit
1284 422 1449 481 vilis?
1478 425 1625 492 ideo,
1654 428 1847 499 inquit,
1885 429 2064 483 incor-
2094 430 2146 488 Α
2173 426 2287 480 sive
2325 425 2640 490 humanam,
2681 422 2796 478 sive
2833 420 3068 476 divinam
3092 461 3106 486 ,
3135 416 3446 475 acerbitatis
3476 423 3527 473 et
3560 415 3779 472 malitia

479 528 673 587 ruptus
701 529 781 573 est
816 533 880 573 ac
910 518 1117 584 beatus,
1155 518 1277 589 quia
1308 535 1523 590 semper
1555 522 1788 592 quietus.
1815 523 1913 577 Cui
1946 536 2073 592 ergo

478 609 876 664 administratio
908 617 1174 664 tantarum
1221 625 1399 664 rerum
1432 611 1613 675 cessit,
1657 612 1703 665 si
1740 611 1855 666 haec
1895 627 1923 663 a
1967 612 2074 669 Deo

481 700 840 771 negligantur,
874 716 993 770 qua:
1016 700 1260 756 videmus
1289 703 1497 758 ratione
1519 718 1723 758 summa
1753 704 2075 773 gubernari?

476 802 570 847 aut
594 793 812 862 quietus
841 807 961 848 esse
987 793 1264 863 quomodo
1291 804 1486 864 poleSl,
1515 796 1601 864 qui
1633 796 1761 849 vivit
1785 806 1837 850 et
1868 795 2074 851 sentit?

478 883 611 939 Nam
652 884 806 954 quies
845 894 937 939 aut
973 885 1148 939 somni
1185 901 1274 963 res
1302 895 1406 952 est,
1448 895 1541 941 aut
1584 887 1934 943 mortis..Scd
1978 902 2078 944 nec

477 991 701 1033 somnus
748 977 908 1033 habet
945 978 1201 1050 quietem.
1246 979 1379 1033 Nam
1422 994 1541 1034 cum
1587 981 1827 1051 soporati
1867 996 2075 1048 sumus,

477 1085 678 1140 corpus
726 1070 943 1141 quidem
984 1071 1234 1141 quiescit,
1275 1071 1489 1126 animus
1531 1080 1706 1127 tamen
1754 1072 2079 1144 irrequietus

478 1164 710 1234 agitatur
742 1181 756 1218 :
795 1163 1057 1235 imagines
1083 1164 1207 1229 sibi,
1240 1179 1374 1234 quas
1403 1176 1593 1220 cernat
1621 1165 1858 1236 effingit,
1892 1175 1949 1220 ut
1978 1180 2076 1220 na-

485 1254 742 1309 turalems
760 1270 916 1309 suum
968 1264 1171 1330 motum
1214 1264 1466 1309 exerceat
1504 1254 1762 1311 varietate
1802 1256 2073 1321 visorum;

486 1355 785 1416 avocatque
804 1361 864 1402 se
885 1362 916 1400 a
942 1346 1111 1415 falsis,
1135 1347 1261 1402 dum
1292 1347 1529 1402 membra
1550 1357 1884 1414 saturentur,
1915 1364 1978 1404 ac
2000 1349 2078 1403 vi-

478 1453 664 1510 gorem
688 1439 903 1509 capiant
930 1439 997 1495 de
1026 1441 1225 1510 quiete.
1254 1439 1416 1509 Quies
1443 1441 1959 1511 igitursempiterna
1990 1457 2078 1497 so-

482 1534 589 1588 lius
618 1533 806 1588 mortis
835 1543 939 1588 eSt.
972 1532 1030 1589 Si
1076 1541 1255 1589 autem
1295 1548 1444 1589 mors
1488 1533 1653 1588 Datim
1694 1549 1800 1588 non
1840 1533 2076 1605 attingit,

486 1624 631 1681 Deus
657 1624 818 1695 igitur
844 1640 1118 1696 nunquam
1140 1614 1352 1695 quietus
1381 1634 1483 1680 est.
1513 1626 1608 1680 Dei
1637 1640 1767 1680 vero
1797 1626 1938 1681 actio
1958 1640 2079 1695 quas

481 1725 655 1788 potest
679 1731 820 1780 esse,
855 1717 959 1772 nisi
990 1716 1173 1772 mundi
1203 1716 1635 1772 administratio?
1664 1718 1719 1773 Si
1745 1732 1873 1773 vero
1895 1716 2078 1773 mundi

2178 518 2393 571 nomine
2424 514 2704 578 infamant,
2746 524 2995 583 putantes
3035 502 3319 568 nocentem
3359 509 3466 565 dici
3501 518 3774 580 oportere,

2177 608 2266 677 qui
2296 616 2554 662 nocentes
2580 605 2745 661 afﬁcit
2776 619 2954 675 ρωιιει.
2980 604 3132 671 Quod
3160 604 3205 658 si
3245 611 3350 669 est,
3382 611 3644 657 nocentes
3679 600 3778 670 igi-

2180 712 2265 756 tur
2300 702 2444 772 leges
2468 700 2751 764 habemus,
2777 714 2897 770 quae
2930 697 3275 768 peccantibus
3298 694 3561 765 supplicia
3584 707 3781 749 sanxe—

2178 801 2331 861 runt;
2368 802 2628 847 nocentes
2656 789 2890 861 iudices,
2930 789 3022 860 qui
3063 789 3270 844 scelere
3305 787 3581 843 convictos
3619 800 3780 857 paena

2178 887 2370 957 capitis
2392 885 2654 942 afficiunt.
2682 884 2834 953 Quod
2867 885 2910 939 si
2941 892 2998 939 et
3018 883 3107 939 lex
3136 882 3278 951 iusta
3312 890 3419 949 est,
3449 897 3572 952 qua:
3597 889 3650 936 et
3677 895 3780 936 no-

2179 980 2323 1037 centi
2351 980 2537 1036 tribuit
2565 979 2707 1050 quod
2736 986 2992 1044 meretur,
3023 986 3078 1033 et
3093 976 3256 1047 iudex
3286 976 3494 1048 integer
3514 990 3578 1032 ac
3606 975 3781 1032 bonus

2181 1072 2398 1139 dicitur,
2427 1087 2550 1127 cum
2582 1070 2721 1126 male
2753 1070 2891 1125 facta
2922 1069 3158 1125 vindicat
3187 1068 3475 1141 (bonorum
3513 1067 3659 1122 enim
3692 1082 3781 1121 sa-

2179 1165 2346 1220 lutem
2375 1162 2638 1228 custodit,
2666 1161 2758 1233 qui
2787 1161 2961 1216 malos
2989 1159 3188 1233 punit},
3221 1175 3353 1231 ergo
3381 1168 3437 1216 et
3466 1161 3626 1225 Deus,
3654 1174 3780 1214 cum

2180 1256 2334 1312 malis
2363 1255 2537 1320 obest,
2567 1269 2772 1310 nocens
2797 1268 2905 1310 non
2936 1263 3054 1317 est;
3089 1252 3204 1323 ipse
3232 1262 3412 1308 autem
3441 1262 3526 1308 est
3552 1265 3778 1317 nocens,

2180 1351 2268 1421 qui
2294 1358 2386 1404 aut
2415 1347 2689 1405 innocenti
2718 1355 2897 1414 nocet,
2928 1357 3021 1402 aut
3050 1347 3266 1402 nocenti
3297 1348 3487 1417 parcit,
3517 1353 3576 1400 ut
3606 1343 3778 1415 pluri-

2181 1441 2284 1496 bus
2314 1448 2526 1496 noceat.

2251 1535 2409 1592 Libet
2428 1548 2671 1605 quterere
2692 1536 2760 1591 ab
2777 1534 2863 1598 iis,
2887 1534 2977 1605 qui
3000 1535 3167 1590 Deum
3192 1533 3394 1590 faciunt
3411 1534 3769 1601 immobilem,

2180 1628 2226 1684 si
2254 1629 2375 1699 quis
2406 1627 2601 1683 habeat
2624 1643 2761 1694 rem,
2789 1627 3032 1694 domum,
3062 1627 3343 1695 familiam,
3371 1627 3623 1699 servique
3652 1627 3772 1697 ejus

2180 1727 2595 1776 contemnentes
2627 1717 2944 1789 patientiam
2972 1718 3176 1774 domini
3198 1761 3213 1784 ,
3245 1718 3425 1774 omnia
3464 1718 3779 1784 invaserint,

481 1825 664 1866 curam
707 1811 866 1880 gerit,
903 1819 1057 1866 curat
1087 1811 1246 1881 igitur
1291 1810 1567 1866 hominum
1612 1810 1775 1865 vitam
1821 1810 1984 1876 Deus,
2016 1824 2078 1865 ac
2106 1812 2154 1872 B
2183 1811 2283 1881 ipsi
2317 1810 2474 1867 bonis
2501 1810 2620 1879 ejus
2649 1808 2917 1882 fruantur,
2948 1811 3095 1879 ipsos
3137 1811 3340 1866 familia
3369 1811 3488 1882 ejus
3523 1811 3781 1876 honoret,

485 1902 822 1974 singulorum
855 1912 1007 1959 actus
1050 1903 1446 1970 animadvertit,
1477 1918 1679 1974 eosque
1720 1902 1991 1972 sapientes
2016 1917 2080 1959 ac

486 1993 659 2049 bonos
686 2009 807 2050 esse
832 1994 1124 2049 desiderat.
1154 1994 1283 2050 Haec
1308 2002 1387 2049 est
1413 1995 1664 2050 voluntas
1697 1995 1814 2061 Dei,
1851 1994 1965 2049 haec
1994 1994 2079 2048 di-

480 2085 603 2140 vina
633 2085 749 2149 lex;
777 2101 938 2156 quam
967 2087 1058 2156 qui
1080 2086 1342 2156 sequitur,
1368 2087 1457 2156 qui
1486 2087 1758 2149 observat,
1787 2087 1898 2142 Deo
1921 2101 2078 2143 carns

485 2185 589 2232 est.
615 2174 849 2231 Necesse
868 2185 948 2231 est
975 2176 1156 2248 igitur,
1179 2185 1235 2231 ut
1250 2177 1329 2232 ira
1358 2187 1635 2232 moveatur
1651 2178 1909 2232 adversus
1928 2194 2071 2245 eum,

484 2269 576 2339 qui
600 2269 737 2324 hanc
762 2277 1020 2324 aeternam
1051 2269 1394 2339 divinamque
1422 2270 1619 2340 legem,
1652 2280 1744 2325 aut
1773 2262 2074 2335 violaverit,

484 2371 579 2417 aut
598 2363 886 2433 spreverit.
916 2362 974 2418 Si
992 2371 1167 2425 nocet,
1198 2363 1392 2433 inquit,
1410 2364 1566 2419 alicui
1589 2364 1748 2429 Deus,
1766 2364 1877 2434 jam
1907 2365 2077 2421 bonus

483 2468 593 2511 non
620 2464 722 2512 est.
752 2454 871 2511 Non
906 2455 1101 2527 exiguo
1130 2454 1387 2512 falluntur
1415 2471 1623 2525 errore,
1662 2458 1755 2529 qui
1790 2471 2072 2513 censuram

2183 1902 2435 1957 dominus
2464 1910 2643 1957 autem
2660 1911 3039 1957 contemnatur
3060 1901 3128 1957 ab
3156 1900 3425 1969 omnibus,
3444 1901 3782 1967 derideatur,

2184 1994 2518 2065 relinquatur
2542 2012 2554 2046 :
2583 2005 2833 2049 utrumne
2861 1994 3077 2064 sapiens
3103 2010 3225 2050 esse
3252 1995 3444 2065 possit,
3473 1995 3565 2066 qui
3591 2004 3786 2051 contu-

2181 2087 2376 2143 melias
2404 2102 2510 2143 non
2539 2087 2796 2156 vindicet,
2825 2088 3047 2159 suisque
3072 2088 3237 2144 rebus
3266 2102 3362 2144 eos
3387 2087 3587 2158 perfrui
3614 2087 3786 2157 patia-

2183 2187 2290 2241 tur,
2326 2180 2376 2234 in
2406 2194 2541 2251 quos
2576 2179 2771 2235 habeat
2812 2181 3172 2275 potestatem?
3199 2179 3331 2248 Quae
3365 2188 3515 2235 tanta
3560 2180 3613 2235 in
3640 2194 3783 2251 quo-

2184 2288 2343 2343 quam
2390 2282 2565 2343 potest
2600 2272 2855 2349 patientia
2896 2272 3163 2342 reperiri?
3202 2274 3247 2328 si
3288 2281 3468 2329 tamen
3511 2272 3769 2343 patientia

2183 2363 2510 2419 nominanda
2545 2372 2647 2430 est,
2694 2375 2749 2418 et
2790 2379 2896 2419 non
2938 2374 3126 2436 stupor
3162 2365 3383 2437 quidam
3420 2364 3773 2421 insensibilis.

2183 2456 2290 2512 Sed
2321 2454 2476 2512 facile
2504 2463 2589 2511 est
2616 2454 2759 2511 ferre
2798 2464 3188 2528 contemptum.
3220 2454 3361 2526 Quid
3399 2456 3449 2512 si
3492 2454 3625 2511 fiant
3670 2454 3787 2520 illa,

1836 2600 2201 2660 VARIORUM
2238 2601 2471 2657 NOTAE.

481 2742 539 2799 in
567 2736 775 2798 Bonon.
822 2749 879 2798 et
904 2740 1040 2797 Tax.
1082 2742 1208 2809 Qua:
1247 2749 1405 2795 tanta:
1452 2742 1755 2813 negligente
1796 2758 1951 2797 causa
1982 2750 2075 2796 est.

565 2834 713 2890 Vilis.
744 2835 862 2890 Lib.
897 2849 968 2888 vn
995 2834 1349 2899 lnstitution.,
1375 2848 1425 2888 c.
1457 2833 1528 2888 22
1555 2851 1568 2887 :
1597 2832 1796 2888 Cum...
1823 2834 1952 2903 justi
1975 2843 2079 2887 tam

484 2906 609 3031 qiles
637 2906 941 3031 Igtbeantur.
980 2905 1152 2960 Tacit.
1189 2905 1284 2959 lib.
1314 2920 1333 2960 ι
1378 2903 1573 2959 Annal.
1606 2904 1677 2960 40
1707 2923 1722 2960 :
1753 2905 1812 2962 Si
1842 2905 1955 2959 vilis
1981 2905 2084 2973 ipsi

507 2993 619 3031 aus.
695 2993 781 3031 uu.

487 2979 619 3032 laus.
648 2979 781 3032 Buu.

559 3046 657 3101 Cui
691 3064 808 3117 ergo
834 3046 1211 3101 administratio
1242 3056 1499 3102 tantarum
1528 3063 1717 3101 rerum.
1741 3046 1831 3103 Sic
1861 3048 1911 3101 in
1945 3061 2077 3102 mss.

486 3116 998 3189 omnibtis’legn,et
1035 3119 1090 3172 in
1116 3116 1276 3173 editis
1309 3127 1415 3173 vet.
1458 3117 1615 3171 Rom.
1660 3127 1717 3172 et
1752 3117 1899 3173 Crat.
1944 3118 2080 3173 Vide

487 3188 625 3260 infra
654 3188 843 3244 mundi
868 3188 1266 3243 administratio.
1310 3189 1369 3244 In
1411 3190 1624 3245 caeteris
1664 3190 1942 3260 impressis
1973 3198 2077 3257 est,

487 3259 582 3316 Cui
611 3276 729 3332 ergo
756 3262 1083 3315 ministratio.

563 3353 775 3428 Tamen.
804 3355 897 3428 Sic
935 3369 1063 3410 mss.
1096 3354 1374 3413 Tltomasii
1405 3373 1418 3410 :
1448 3355 1537 3411 alii
1562 3355 1744 3425 plures
1774 3356 1958 3428 legunt
1983 3373 2081 3411 au-

491 3432 613 3490 tem,
638 3426 817 3481 minus
843 3426 1001 3482 bene.

472 3564 482 3573 .
561 3516 852 3587 Avocatque
881 3534 935 3573 se
960 3534 990 3569 a
1017 3517 1185 3587 falsis.
1216 3518 1307 3574 Sic
1330 3520 1706 3575 vetustissima:
1735 3520 2000 3575 editiones
2029 3530 2085 3577 et

490 3604 624 3661 mss.
648 3588 684 3643 2
702 3603 814 3661 rec.
841 3600 896 3645 et
921 3590 1071 3643 multi
1104 3590 1268 3652 editi,
1303 3590 1483 3660 falsis;
1511 3591 1546 3645 2
1570 3592 1639 3645 al.
1667 3606 1801 3651 rcc.,
1827 3592 1889 3645 de
1914 3592 2079 3661 falsis.

489 3688 561 3700 ——
588 3658 805 3730 Legitur
835 3670 1106 3729 avocatque
1149 3676 1203 3715 se
1247 3658 1394 3731 falsis
1438 3662 1576 3728 apud
1620 3658 1982 3727 Bunemann.,
2026 3665 2080 3718 in

492 3731 736 3801 hancque
782 3731 1098 3785 variantem.
1136 3741 1315 3786 notam
1366 3745 1679 3801 sequentem
1729 3734 1970 3789 exhibet.
2011 3764 2082 3775 —-

488 3800 778 3870 Avocatqne
816 3817 869 3854 se
907 3802 1080 3926 Lalsis.
1131 3802 1308 3856 Reim.
1361 3818 1545 3869 prave,
1598 3805 1920 3874 Advocatque
1958 3822 2012 3859 se
2048 3822 2082 3859 a

493 3872 677 3926 falsis:
719 3871 876 3926 idaue
956 3888 1254 3926 eumannus
1296 3872 1535 3926 defendit
1569 3885 1624 3926 et
1662 3878 1915 3926 exnonit.
1950 3878 2082 3926 Avo-

491 3872 677 3940 falsis;
719 3871 876 3943 idque
907 3871 1254 3927 Heumannus
1296 3872 1535 3928 defendit
1569 3885 1624 3929 et
1662 3871 1915 3943 exponit,
1950 3878 2082 3929 Avo-

489 3950 570 4012 cat
597 3958 651 3997 se
690 3958 722 3995 a
764 3942 908 4010 falsis
945 3944 1274 4012 imaginibus,
1304 3944 1358 3996 id
1387 3954 1482 4007 est,
1512 3942 1766 3999 somniare
1803 3957 1983 4000 cessat.
2016 3950 2083 4003 Αι

489 4011 677 4084 90th.,
707 4012 970 4084 Merton,
992 4011 1190 4068 C.C.C.
1221 4013 1398 4076 Rost.,
1437 4015 1568 4070 Ven.
1606 4017 1763 4082 M71,
1794 4017 1952 4083 1495,
1986 4019 2078 4084 97,

490 4082 662 4156 Paris.
692 4084 832 4140 1515
856 4095 910 4138 et
935 4083 1219 4156 Cellarins,
1248 4086 1534 4155 Avocatque
1560 4102 1614 4141 se
1634 4087 1799 4155 falsis.
1823 4082 1954 4156 Quae.
1971 4082 2080 4144 leo;

490 4154 568 4227 t_i_o
604 4164 685 4209 est
727 4156 881 4209 unice
905 4165 1087 4227 recta.
1131 4155 1327 4211 Noster
1367 4154 1559 4210 iterum
1604 4154 1672 4212 de
1708 4154 1931 4227 Opific.
1964 4160 2032 4213 18
2063 4177 2076 4213 :

494 4223 565 4279 Ut
592 4242 733 4280 mens
763 4243 850 4294 per
878 4226 1012 4279 diem
1040 4227 1169 4281 veris
1208 4227 1481 4281 visionibus
1506 4223 1769 4297 avocatur,
1801 4246 1865 4283 ne
1892 4230 2080 4283 obdor-

402 4350 407 4353 .
489 4297 653 4372 miat;
673 4298 742 4372 ita
765 4297 911 4367 falsis
944 4305 1105 4372 nocte
1128 4299 1355 4367 (scilicet
1391 4299 1672 4372 avocatur)
1708 4318 1771 4372 ne
1799 4302 2079 4368 excitetur;

489 4375 546 4442 et
586 4367 782 4423 ibidem
831 4379 958 4424 ante
1007 4386 1020 4422 :
1072 4369 1329 4424 Avocatur
1364 4386 1483 4441 ergo
1525 4367 1725 4442 (mens)
1766 4367 2074 4439 simulacris,

489 4438 650 4492 donec
694 4442 918 4535 membra
961 4456 1142 4509 sapore
1181 4442 1396 4522 irrigata
1420 4438 1745 4535 'vfgetentgr.
1786 4444 1877 4527 Est
1909 4438 2080 4527 igitur
2103 4474 2158 4535 Β

490 4523 685 4564 sensus
732 4512 1039 4572 verborum,
1098 4521 1155 4564 ut
1199 4511 1392 4566 iterum
1443 4511 1571 4567 ibid.
1630 4513 1779 4569 Mens
1828 4511 2078 4569 visionum

489 4580 795 4652 imaginibus
820 4590 1068 4648 occupata
1097 4591 1323 4647 tenetur;
1353 4590 1406 4635 et
1432 4591 1635 4652 postea,
1668 4585 1813 4640 Mens
1843 4587 1912 4639 ad
1948 4602 2077 4641 con-

492 4650 811 4719 templandas
830 4652 1077 4722 imagines
1097 4653 1160 4705 ab
1191 4650 1470 4706 intentione
1494 4656 1797 4710 traducitur.
1833 4657 1966 4712 Buu.

574 4738 811 4818 Vigorem
835 4743 1042 4818 capiant
1071 4743 1135 4818 de
1158 4744 1340 4818 quiete.
1361 4744 1515 4818 Quies
1537 4746 2072 4818 igitur.'Thomasius,

491 4812 674 4885 capere
700 4812 923 4885 vigorem
944 4814 1007 4868 de
1027 4815 1209 4884 quiete,
1239 4815 1430 4885 inquit,
1462 4812 1616 4871 latine
1641 4816 1744 4873 n‘on
1764 4820 1968 4875 dicitur.
1992 4812 2078 4878 Ed:

492 4884 571 4938 his
600 4883 772 4960 autem
799 4883 1118 4960 deniquere
1145 4886 1297 4960 facile
1313 4883 1485 4960 potuit
1525 4888 1635 4953 ﬁeri
1664 4889 1732 4943 de
1765 4892 1962 4960 quiete,
1993 4895 2077 4946 cui

490 4956 827 5031 postmodum
857 4950 1036 5009 addita
1070 4950 1154 5031 est
1177 4950 1331 5031 dictio
1372 4950 1550 5031 igitur,
1590 4970 1643 5013 ut
1678 4950 1862 5031 aliquis
1904 4950 2078 5020 sensus

491 5026 1015 5106 fluentum-Sequor;
1027 5028 1374 5106 nihilominus
1399 5026 1886 5106 lec_tionen_1_Goth..
1902 5034 2077 5106 Lips.,

490 5095 748 5176 Bei_mtn.,
779 5096 1635 5176 qur;oggc._._Agguc.,_nost.,
1654 5102 1788 5176 ven.
1811 5107 1940 5162 im
1960 5095 2074 5176 :72;

495 5169 775 5248 utriusque
792 5169 990 5248 78,ﬁ90,
1012 5171 1103 5234 95,
1132 5171 1221 5248 9],
1244 5169 1409 5248 Pier"
1438 5171 1652 5248 P_arrh_.,
1679 5174 1875 5244 Paris,
1900 5169 2075 5246 lunt.,

491 5237 637 5318 gitti,
671 5237 842 5305 Crat.,
869 5238 1095 5318 _Gymn.,
1137 5241 1288 5318 Eas,
1313 5241 1556 5318 _Gryph.,
1590 5244 1778 5318 To_rn.,
1824 5237 2071 5318 Bretuleii,‘

504 5306 740 5391 rigorem
765 5306 1059 5391 capiantde
1082 5306 1281 5391 quiete.
1300 5306 1455 5391 Quies
1482 5306 1641 5391 igitur
1663 5306 1862 5389 (Enim.
1899 5306 2075 5391 ergo):

494 5379 628 5447 Quis
647 5380 788 5434 enim
809 5379 1125 5448 simpliciter
1144 5383 1360 5454 dixerit,
1392 5379 1614 5439 membra
1639 5379 1883 5454 saturari,
1911 5379 2077 5445 acvvi-

491 5466 679 5520 gorem
721 5465 1073 5534 caperelmon
1104 5453 1309 5534 addito,
1341 5455 1481 5534 unde
1506 5467 1815 5515 saturentur
1842 5453 1905 5516 ac
1936 5462 2080 5534 vigo-

493 5534 610 5576 rem
642 5522 896 5602 capiant?‘
915 5522 1112 5602 Verba,
1136 5523 1275 5602 Dum
1293 5522 1524 5602 membra
1548 5538 1839 5602 saturentur
1863 5548 1926 5585 ac
1941 5522 2079 5602 vigo-

492 5608 602 5673 rem
619 5593 836 5673 ξαρὶρηι
863 5595 925 5647 de
947 5596 1132 5673 quiete,
1161 5596 1300 5650 idem
1331 5597 1537 5673 dicunt,
1564 5601 1705 5670 quod
1733 5602 1824 5656 illa
1848 5603 1914 5657 de
1935 5593 2079 5673 Opif.

494 5662 650 5741 9.}8
687 5662 923 5741 i_Doncc
956 5662 1181 5721 membra
1220 5683 1401 5741 sopore
1435 5662 1648 5740 irrigdta
1681 5662 1999 5741 vegetenturf
2027 5683 2083 5730 et

494 5731 657 5815 infra,
695 5733 974 5815 Postquam
1000 5755 1137 5792 ntcns
1158 5739 1225 5790 ad
1256 5731 1675 5808 contemplandas
1700 5731 1945 5815 imagines
1974 5731 2081 5800 tra-

498 5805 652 5861 ducta
673 5817 764 5876 est,
793 5817 913 5866 tunc
940 5809 1143 5867 demum
1170 5827 1354 5884 corpus
1386 5805 1532 5869 omne
1559 5805 1826 5874 resolvite;
1854 5820 1903 5875 in
1940 5820 2082 5892 quic—

2183 2747 2301 2793 tem.
2330 2738 2532 2793 Plinius
2555 2737 2647 2792 lib.
2671 2751 2801 2792 χχιιι
2826 2734 2891 2790 11.
2915 2734 2980 2790 Ν.
3006 2749 3054 2790 c.
3081 2734 3146 2789 ιε
3172 2733 3300 2789 Oleo
3320 2732 3552 2789 mollitur
3575 2746 3784 2799 corpus,

2183 2810 2405 2881 vigorem
2434 2820 2481 2864 et
2518 2809 2675 2881 robur
2702 2808 2907 2881 accipit.
2941 2806 3021 2881 De
3042 2806 3208 2876 quiete
3231 2806 3402 2881 valet,
3421 2820 3485 2881 ea;
3510 2804 3694 2874 quiete,
3722 2816 3788 2854 ex

2183 2875 2383 2951 sopore,
2439 2895 2589 2935 more
2641 2879 2922 2951 Lactantio
2978 2875 3405 2951 frequenti_.__ubi
3449 2875 3532 2937 de,
3581 2888 3675 2951 pro
3722 2887 3789 2925 ea:

2186 2943 2472 3020 po'niuUti
2518 2966 2648 3005 vero
2676 2965 2859 3020 capere
2900 2943 3147 3020 fructum,
3182 2946 3491 3020 utilitatem,
3534 2943 3786 3020 volupta-

2190 3015 2297 3076 tem
2323 3037 2389 3077 ex
2419 3037 2478 3077 rc
2517 3015 2749 3083 dicitur,
2790 3021 2870 3075 sic
2897 3019 3061 3073 latine
3089 3017 3193 3072 dici
3223 3033 3405 3085 capere
3443 3015 3666 3085 vigorem
3698 3016 3783 3081 de,

2109 3083 2154 3147 C
2191 3092 2447 3168 velearre
2470 3135 2483 3158 ,
2518 3093 2648 3146 nihil
2678 3090 3084 3168 impedit._iiun.
3113 3118 3185 3129 —
3214 3083 3433 3168 Capiant
3467 3083 3541 3168 de
3579 3086 3782 3168 .quiete.

2189 3165 2347 3228 Quies
2373 3164 2533 3234 igitur
2570 3157 2896 3232 sempiterna.
2922 3160 3024 3234 Sic
3053 3159 3269 3234 reposui
3293 3174 3359 3212 ex
3390 3157 3623 3234 antiquis
3638 3171 3782 3234 _t_nss.

2186 3226 2502 3305 Reg-Pint”
2534 3226 2722 3295 Caucl,
2755 3234 2828 3288 al.
2853 3234 2887 3288 4
2913 3233 3068 3305 Reg,
3094 3226 3128 3286 6
3152 3230 3417 3305 Colbert.,
3448 3226 3781 3305 Ultr_.,_Et_n.,

2187 3296 2377 3372 Brun,
2411 3296 2595 3361 multis
2621 3305 2781 3359 editis
2824 3313 2880 3359 et
2913 3306 2927 3355 l
2961 3296 3233 3363 Claram”
3269 3301 3370 3355 nisi
3399 3297 3569 3372 quod
3621 3296 3786 3372 habet

2185 3367 2378 3446 capiat.
2406 3378 2433 3431 1
2459 3376 2595 3430 Bon.
2614 3375 2823 3443 Antiq.,
2846 3373 3081 3446 Cant._et
3098 3373 3133 3427 4
3160 3371 3410 3442 impressi
3427 3367 3655 3440 capiant.
3682 3367 3785 3422 De-

2187 3444 2339 3517 nique
2379 3448 2576 3516 requies
2620 3447 2949 3516 sempiterna.
2995 3444 3144 3499 Hanc
3197 3453 3376 3498 tamen
3432 3455 3612 3497 veram
3662 3454 3785 3496 esse

2184 3519 2510 3587 scripturam
2539 3518 2812 3574 existimat
2841 3517 3209 3572 lleumannus.
3774 3550 3777 3551 ν

2259 3609 2321 3665 Si
2348 3621 2511 3674 nocet,
2536 3610 2728 3678 inquit,
2754 3610 2913 3664 alicui
2942 3607 3101 3662 Deus.
3134 3606 3303 3662 Abest
3343 3605 3506 3678 inquit
3536 3618 3564 3659 a
3596 3618 3784 3678 quam-
3829 3651 3835 3657 .

2187 3679 2430 3750 plurimis
2459 3675 2673 3750 scriptis
2710 3689 2765 3735 et
2792 3680 3071 3751 impressis
3102 3695 3114 3731 :
3157 3686 3213 3733 at
3245 3686 3392 3751 extat
3420 3677 3472 3751 in
3514 3675 3781 3751 antiquis-

2184 3745 2335 3822 simis
2366 3767 2498 3807 mss.
2531 3745 2935 3822 R'egio-Put.,'t
2969 3750 3177 3807 Bonon.
3212 3758 3268 3805 et
3307 3747 3465 3804 editis
3505 3745 3779 3819 Gymnic.,

2183 3820 2278 3888 ls.,
2303 3822 2471 3887 Gall..
2495 3820 2692 3895 Thys.,
2721 3821 2915 3893 Spark.

2256 3914 2557 3969 Acerbitatis
2587 3924 2634 3969 et
2652 3914 2885 3968 malitia.
2914 3912 3061 3967 Haud
3092 3926 3247 3967 secus
3278 3908 3557 3966 veterrimi
3586 3909 3783 3980 Regio-

2183 3984 2303 4039 Put.
2334 3997 2385 4039 et
2418 3987 2440 4039 1
2494 3985 2727 4048 Βοηοη.,
2766 3985 2889 4039 edd.
2920 3984 3202 4050 Thomas.,
3242 3981 3339 4049 ls.,
3372 3980 3567 4052 Thys.,
3607 3979 3782 4050 Gall.,

2185 4055 2379 4126 Spark.
2408 4055 2467 4110 In
2494 4055 2612 4110 aliis
2637 4056 2793 4111 deest
2818 4064 2865 4110 et
2886 4056 3116 4110 malitiae.

2257 4149 2358 4215 Qui
2400 4151 2587 4204 scelere
2622 4148 2895 4213 convictos.
2926 4148 3003 4203 Ita
3032 4146 3239 4203 restitui
3265 4161 3332 4202 ex
3363 4145 3782 4217 quamplurimis

2182 4218 2343 4274 editis
2383 4228 2436 4274 et
2465 4217 2716 4273 omnibus
2761 4232 2889 4273 mss.
2941 4229 3134 4288 praeter
3164 4219 3190 4273 1
3227 4217 3359 4288 Reg.
3403 4218 3491 4272 cui
3521 4226 3605 4273 est
3651 4231 3780 4271 cor-

2183 4299 2342 4357 rupte
2370 4291 2693 4359 coniunctos,
2720 4304 2819 4359 pro
2845 4291 3115 4344 convictos.
3146 4289 3203 4344 In
3238 4288 3484 4358 pluribus
3509 4288 3676 4359 editis
3697 4295 3784 4343 est

2183 4362 2432 4425 convicto,
2459 4358 3024 4420 mendose—Scelere
3048 4361 3359 4414 convinctos.
3382 4359 3550 4414 Paris.
3577 4358 3784 4414 Scelere

2189 4432 2462 4485 convictos.
2487 4430 2641 4486 Cant.
2672 4432 2853 4495 editio,
2891 4432 3094 4487 Scelere
3122 4431 3371 4498 convicto,
3407 4430 3616 4485 vitiose.
3647 4431 3781 4485 Sue—

2184 4502 2315 4557 tonii
2344 4513 2447 4568 est,
2471 4513 2530 4558 ut
2557 4503 2752 4558 Lexica
2773 4503 3035 4569 indicant,
3059 4503 3111 4558 in
3134 4502 3369 4569 Nerone,
3390 4515 3441 4558 c.
3464 4501 3552 4557 51.
3580 4500 3782 4557 Scelere

2180 4574 2461 4629 convictus.
2489 4575 2621 4629 Bon.

2253 4666 2376 4736 Ipse
2412 4678 2584 4722 autem
2623 4676 2717 4722 est.
2768 4667 2839 4722 At
2877 4666 3174 4722 Buneman.
3215 4664 3275 4719 Is
3310 4674 3478 4719 autem
3517 4662 3779 4736 est.editi

2181 4752 2393 4811 attines.
2438 4740 2560 4811 Ipse
2588 4747 2757 4792 autem
2781 4749 2873 4811 est.
2909 4738 3116 4793 Bonon.
3145 4736 3204 4811 is
3220 4746 3296 4791 est
3320 4745 3509 4790 autem.
3545 4735 3777 4811 Reimm.

2180 4808 2239 4864 ls
2266 4820 2438 4864 autent
2465 4805 2556 4865 est.
2592 4811 2762 4864 Etiam
2799 4810 3111 4864 Heumanno
3141 4806 3197 4863 Is
3221 4815 3428 4863 rectum
3457 4814 3560 4862 est.
3595 4805 3726 4861 BUN.

2250 4880 2397 4936 Libet
2422 4897 2668 4950 quterere.
2700 4880 3188 4951 Manuscriptorum
3231 4888 3318 4935 est
3349 4888 3405 4935 et
3440 4877 3473 4934 9
3498 4886 3610 4935 vet.
3640 4874 3773 4933 edit.

2179 4951 2240 5007 In
2270 4953 2301 5006 7
2330 4954 2557 5023 vulgatis
2585 4964 2669 5008 est
2700 4952 2862 5017 Licet.

2250 5043 2590 5116 Inamabilem.
2630 5044 2760 5116 Cap.
2801 5044 2874 5098 ΞΩ
2916 5061 2930 5097 :
2974 5041 3144 5116 Deum
3178 5042 3388 5116 faciunt
3435 5039 3772 5095 immobilem.

2178 5113 2335 5171 Conf.
2369 5126 2481 5179 not.
2511 5117 2548 5169 l.
2575 5131 2650 5177 vr,
2678 5113 2730 5171 c'.
2760 5116 2827 5171 17
2860 5131 2873 5168 :
2904 5114 2984 5169 Ad
3010 5113 3319 5170 immobilem
3342 5122 3604 5185 stuporem
3634 5127 3779 5165 men-

2176 5188 2241 5241 tis
2271 5188 2560 5256 perducere.
2586 5186 2722 5242 BDN.

2254 5281 2440 5335 Omnia
2456 5281 2749 5334 invaserint.
2774 5283 2840 5334 At
2861 5279 2997 5334 Bun.
3014 5278 3165 5351 addit
3179 5280 3314 5351 ejus,
3333 5276 3778 5351 et_sicﬂt:ationcm

2179 5352 2359 5407 reddit
2374 5372 2386 5405 :
2401 5382 2463 5392 —
2487 5351 2674 5405 Omnia
2694 5352 3114 5421 ejusinvaserint.
3130 5347 3214 5406 Ei
3227 5349 3423 5421 Lips}
3438 5390 3449 5413 ,
3467 5350 3501 5403 5
3514 5347 3779 5421 Reimm.,

2181 5423 2358 5489 Bost.,
2391 5423 2528 5477 Ven.
2562 5420 2724 5487 M72,
2754 5433 2980 5493 utraque
3005 5421 3097 5486 78,
3129 5422 3218 5489 93,
3242 5422 3335 5487 97,
3355 5420 3529 5493 Pio!"
3555 5420 3776 5493 Parrb.,

2180 5494 2380 5560 Paris.,
2414 5492 2591 5561 Junt.,
2632 5494 2788 5562 Iszeo,
2835 5490 3151 5549 Heumanno
3187 5490 3629 5562 scribOLOmnia
3665 5492 3779 5559 ejus

2178 5565 2476 5620 invaserint.
2505 5560 2700 5622 Crateri
2729 5560 2843 5637 ejus
2871 5566 3241 5638 neglexerunt.
3277 5560 3472 5621 Studio
3503 5560 3635 5619 illud
3663 5563 3778 5633 ejus

2181 5646 2264 5692 ter
2292 5639 2526 5708 repetiit.
2561 5639 2693 5694 Bon.

2259 5751 2484 5823 Pcrft'ttl.
2521 5754 2687 5820 Major
2716 5754 2796 5810 vis
2824 5755 2876 5810 in
2898 5753 3195 5825 composito
3223 5750 3505 5808 subinnuit
3529 5765 3779 5811 securam

2182 5824 2574 5896 impunitatem.
2604 5827 2734 5881 Bux.
