4138 6190
281 301 390 364 145
1596 299 1803 357 LIBER
1844 301 1872 356 ῐ

1973 300 2093 358 IRA
2132 299 2266 356 DEI.
3495 301 3600 357 M6

281 420 369 492 qui
416 417 579 476 Deum
624 423 816 489 putant
854 416 974 472 sine
1009 417 1119 485 ira;
1167 422 1222 472 et
1251 416 1394 471 inter
1437 423 1664 471 caeteras
1694 414 1885 470 laudes
1911 421 1962 480 Α
1991 430 2094 485 qua
2138 423 2351 471 constat
2378 415 2686 486 imperium,
2717 416 2916 474 habeat
2943 430 3166 474 necesse
3192 418 3602 488 est.'Quaprop-

283 514 393 583 ejus
418 511 469 566 id
511 519 735 581 ponunt,
766 508 910 579 quod
956 520 1042 565 est
1077 507 1503 574 inutilissimum,
1535 507 1884 564 detrahentes
1985 524 2070 569 ter
2097 523 2260 564 nemo
2301 509 2700 579 vaniloquentia
2746 509 3190 581 philosophorum
3231 511 3484 568 inductus
3527 513 3597 569 ad

284 606 352 671 ei,
381 603 523 674 quod
551 614 635 658 est
680 601 845 656 rebus
896 600 1146 654 humanis
1197 598 1430 653 maxime
1471 597 1740 663 saiatare,
1784 612 1883 667 per
1981 609 2350 670 contemptum
2390 616 2450 657 se
2478 601 2573 657 Dei
2603 603 2845 668 erudiat;
2874 603 3015 674 quod
3048 611 3131 658 est
3174 603 3469 659 maximum
3501 621 3603 661 ne-

279 695 415 768 quod
441 703 653 749 constat
681 694 793 764 ipsa
824 692 1096 762 majestas.
1135 690 1378 761 Regnum
1407 688 1510 743 hoc
1545 687 1863 759 imperium-
1981 690 2084 747 fas.
2124 693 2392 748 Debemus
2418 693 2560 748 hunc
2587 709 2778 749 omnes
2801 705 2855 750 et
2884 709 3090 761 amare,
3119 693 3262 765 quod
3303 704 3455 764 pater
3477 705 3594 760 est;

279 804 377 860 que
405 795 678 843 terrenum
708 785 813 840 nisi
857 794 1034 840 metus
1071 782 1362 849 custodiat,
1411 780 1659 836 solvitur.
1707 778 1875 834 Aufer
1982 793 2037 838 et
2075 784 2274 850 vereri,
2316 783 2457 854 quod
2495 784 2780 850 dominus;
2832 793 2888 840 et
2916 784 3295 852 honoriﬁcare,
3322 788 3467 858 quod
3499 789 3599 844 be-

281 882 404 936 iram
433 881 566 950 regi,
590 893 698 933 non
723 876 885 932 modo
906 884 1065 931 nemo
1086 874 1312 946 parebit,
1341 871 1438 929 sed
1462 871 1623 928 etiam
1653 871 1722 930 de
1750 869 1861 927 fas—
1983 873 2220 939 neticus;
2264 884 2320 930 et
2349 884 2611 942 metuere,
2651 875 2793 946 quod
2824 891 3083 932 severus:
3112 885 3339 946 utraque
3366 892 3601 948 persona

283 973 402 1044 tigio
426 970 870 1042 prtccipitabitur.
901 968 1016 1023 Imo
1056 982 1188 1022 vero
1235 964 1456 1022 cuilibet
1500 962 1686 1020 humili
1718 962 1870 1034 eripe
1985 964 2041 1020 in
2069 980 2135 1021 eo
2157 966 2500 1022 venerabilis.
2529 965 2663 1033 Quis
2676 967 2822 1022 salva
2849 967 3050 1038 pietate
3068 982 3175 1022 non
3193 967 3382 1039 diligat
3404 971 3601 1026 animas

283 1065 412 1120 hunc
448 1062 724 1128 affectum,
751 1061 870 1131 quis
894 1075 1017 1116 eum
1049 1074 1154 1114 non
1182 1057 1468 1129 spoliabit?
1496 1057 1617 1126 quis
1647 1072 1752 1111 non
1780 1055 1880 1111 de-
1982 1072 2098 1113 sua:
2129 1059 2446 1128 parentem?
2474 1067 2566 1113 aut
2593 1059 2715 1129 quis
2744 1059 2964 1130 impune
2991 1067 3305 1116 contemnat
3330 1075 3478 1129 eum,
3509 1057 3601 1132 qui

281 1155 491 1213 ridebit?
525 1154 652 1225 quis
677 1169 784 1210 non
813 1151 1011 1208 afficiet
1038 1151 1268 1222 injuria?
1297 1149 1374 1205 Ita
1401 1165 1502 1204 nec
1529 1149 1866 1213 indumenta,
1983 1163 2164 1204 rerum
2195 1148 2520 1215 dominator,
2555 1149 2749 1205 habeat
2798 1149 2851 1204 in
2895 1163 3086 1206 omnes
3137 1166 3316 1206 veram
3349 1163 3403 1207 et
3443 1161 3603 1208 acter-

279 1265 372 1304 nec
391 1247 593 1312 sedem,
623 1261 724 1302 nec
747 1246 945 1301 victum
978 1246 1174 1314 poterit
1217 1243 1434 1310 habere,
1462 1243 1581 1298 aliis
1605 1243 1868 1315 quidquid
1982 1256 2108 1297 nam
2140 1242 2496 1312 potestatem?
2520 1241 2574 1297 Si
2606 1253 2811 1312 patrem
2840 1242 3178 1310 consideres,
3219 1252 3397 1299 ortum
3445 1246 3604 1301 nobis

281 1340 508 1395 habuerit
535 1337 956 1408 diripientibus;
989 1336 1183 1391 nedum
1214 1344 1460 1405 putemus
1497 1335 1734 1390 caelestis
1765 1335 1871 1389 im-
1983 1334 2053 1389 ad
2084 1333 2283 1400 lucem,
2328 1349 2434 1405 qua
2475 1333 2724 1401 fruimur,
2764 1335 3163 1390 subministrat:
3198 1352 3296 1407 per
3339 1337 3492 1393 illum
3523 1339 3604 1394 vi-

280 1433 398 1505 perii
439 1432 780 1502 majestatem
818 1433 936 1486 sine
980 1430 1061 1485 ira
1105 1438 1159 1485 et
1200 1439 1345 1484 metu
1376 1443 1536 1498 posse
1559 1429 1877 1484 consistere.
1990 1427 2188 1492 vimus,
2217 1441 2315 1496 per
2362 1426 2511 1481 illum
2545 1427 2597 1481 in
2628 1426 2916 1497 hospitium
2957 1427 3118 1499 hujus
3148 1429 3333 1485 mundi
3380 1431 3606 1486 intravi-

279 1525 454 1596 Apollo
492 1523 762 1590 Milesius,
803 1523 870 1578 de
909 1521 1216 1578 Iudaeorum
1265 1521 1521 1591 religione
1557 1519 1856 1587 consultus,
1988 1533 2130 1573 mus.
2163 1518 2220 1575 Si
2251 1518 2420 1574 Deum
2444 1519 2671 1590 cogites,
2695 1519 2785 1574 ille
2805 1536 2905 1576 nos
2924 1521 3407 1579 innumerabilibus
3435 1525 3607 1595 copiis

278 1631 516 1687 responso
545 1615 653 1670 hoc
681 1615 899 1671 indidit:
1988 1611 2105 1678 alit,
2138 1610 2227 1666 ille
2257 1620 2542 1678 sustentat,
2588 1611 2642 1666 in
2688 1611 2848 1683 hujus
2887 1613 3047 1668 domo
3073 1613 3401 1682 habitamus,
3436 1617 3600 1687 hujus

446 1735 523 1784 ἡδὶ
539 1744 637 1782 Θιὸν
659 1742 822 1792 βασιλῆα
844 1743 908 1781 καὶ
926 1744 1125 1792 fumi”.
1147 1742 1215 1791 πρὸ
1238 1742 1396 1786 πάντων,

1984 1701 2189 1758 familia
2211 1717 2434 1768 sumus;
2462 1713 2517 1759 et
2535 1707 2579 1757 si
2597 1704 2774 1759 minus
2799 1704 3129 1788 obsequens,
3162 1722 3321 1777 quam
3348 1707 3602 1772 decebat,

451 1797 501 1879 ἐν
525 1809 708 1857 vespas“
724 1807 787 1843 κιὶ
807 1809 910 1856 τιῐι,
928 1805 1173 1879 πολιοὺμνὸς,
1186 1799 1254 1852 ἠδὲ
1274 1804 1461 1847 θάλασσα,

1987 1797 2273 1868 minusque
2300 1796 2563 1865 officiosa,
2592 1812 2750 1868 quam
2781 1797 2984 1854 domini
3014 1809 3068 1855 et
3106 1801 3341 1870 parentis
3374 1801 3604 1857 immor-

445 1864 670 1919 τ⁶⁰τί⁹⁶⁰ί
692 1881 734 1906 τ’
755 1883 782 1918 ⁸⁸
782 1869 887 1920 "1°"
908 1867 970 1905 ³⁸³
991 1863 1159 1916 mw“
1184 1868 1444 1918 hiemwm”
1682 1873 1686 1879 ’
1911 1863 1957 1871 -
1986 1889 2114 1944 talia
2147 1889 2336 1944 merita
2367 1890 2695 1958 poscebant:
2740 1897 2916 1944 tamen
2963 1890 3252 1961 plurimum
3284 1894 3494 1963 proficit
3530 1894 3599 1950 ad

275 1993 280 1998 '
340 1983 391 2041 Si
421 1993 530 2038 tam
561 1983 702 2038 lenis
725 1991 829 2051 est,
859 1997 1018 2052 quam
1044 1981 1346 2051 philosophi
1376 1981 1581 2047 volunt,
1600 1980 1874 2052 quomodo
1987 1983 2204 2037 veniam
2235 1981 2696 2053 consequendam,
2739 1983 2784 2037 si
2815 1983 3017 2038 cultum
3057 1984 3174 2053 ejus
3218 1986 3606 2056 notionemque

278 2076 336 2132 ad
361 2085 546 2132 nutum
580 2075 700 2146 ejus
719 2090 826 2129 non
858 2073 1019 2129 modo
1046 2073 1344 2138 daemones,
1381 2083 1437 2129 et
1462 2074 1688 2129 ministri
1720 2083 1883 2129 tanta;
1987 2083 2302 2140 teneamus;
2359 2075 2655 2145 si'abjectis
2685 2075 2976 2131 humilibus
3019 2077 3354 2149 terrenisque
3383 2086 3489 2132 tam
3518 2093 3606 2134 rc-

277 2168 568 2238 potestatis,
597 2167 693 2222 sed
711 2167 871 2222 etiam
892 2167 1110 2232 caelum,
1138 2174 1192 2220 et
1221 2175 1382 2232 terra,
1413 2175 1466 2220 et
1486 2181 1666 2220 rerum
1692 2174 1883 2221 natura
1984 2166 2108 2232 bus,
2135 2182 2303 2238 quam
2334 2166 2512 2231 bonis,
2559 2166 2799 2221 cmlestia
2827 2176 2883 2222 et
2906 2166 3085 2223 divina
3125 2171 3452 2240 sempiterna
3485 2186 3602 2226 me-

278 2262 434 2317 omnis
459 2259 872 2317 contremiscit?
921 2258 978 2315 Si
1019 2259 1163 2314 enim
1193 2259 1371 2313 nullus
1396 2259 1550 2314 alteri
1580 2261 1746 2315 servit
1774 2258 1880 2314 nisi
1985 2260 2237 2317 ditemur.
2286 2259 2437 2327 Quod
2480 2268 2538 2313 ut
2572 2257 2751 2314 facere
2793 2259 3082 2329 possimus,
3127 2260 3271 2316 Deus
3312 2261 3469 2316 nobis
3513 2277 3602 2317 se-

278 2365 502 2419 coactus,
551 2368 720 2408 omne
750 2353 910 2423 igitur
938 2352 1222 2422 imperium
1256 2361 1404 2408 metu
1434 2361 1678 2408 constat:
1710 2363 1884 2407 metus
1985 2353 2235 2425 quendus
2264 2362 2382 2420 est,
2412 2354 2554 2410 Deus
2579 2353 2891 2409 adorandus
2919 2363 2972 2409 et
3002 2353 3304 2425 diligendus
3329 2362 3444 2420 est;
3469 2339 3607 2426 quo-

279 2457 438 2504 autem
466 2462 565 2519 per
586 2447 763 2502 iram:
795 2461 920 2522 nam
949 2446 996 2500 si
1027 2460 1133 2499 non
1160 2453 1440 2500 moveatur
1469 2445 1588 2515 quis
1624 2444 1882 2499 adversus
1985 2446 2132 2501 niam
2172 2445 2228 2500 in
2270 2459 2336 2500 eo
2363 2454 2447 2500 est
2470 2444 2693 2500 materia
2726 2459 2932 2511 rerum,
2963 2455 3018 2500 et
3052 2446 3191 2501 ratio
3219 2446 3500 2514 virtutum,
3543 2457 3602 2503 et

279 2553 452 2607 parere
496 2537 802 2601 nolentem,
857 2551 959 2591 nec
1005 2537 1123 2606 cogi
1171 2536 1370 2605 poterit
1412 2535 1478 2595 ad
1531 2533 1877 2605 obsequium.
1985 2537 2106 2592 fons
2132 2537 2418 2592 bonorum.

278 2627 514 2685 Consulat
565 2630 942 2701 unusquisque
985 2623 1206 2684 affectus
1244 2643 1407 2683 suos:
1452 2631 1561 2698 jam
1613 2629 1877 2698 intelliget
2055 2627 2192 2695 Quid
2220 2628 2363 2682 enim
2394 2629 2504 2682 Deo
2531 2635 2622 2681 aut
2645 2627 2884 2696 potentia
2920 2627 3092 2697 majus
3119 2635 3227 2694 est,
3259 2638 3351 2683 aut
3387 2630 3598 2685 ratione

279 2725 532 2780 neminem
565 2738 736 2794 posse
768 2722 886 2776 sine
917 2723 992 2777 ira
1023 2732 1077 2777 et
1123 2722 1470 2793 castigatione
1500 2722 1724 2791 imperio
1749 2720 1876 2776 sub-
1983 2718 2300 2792 perfectius,
2329 2718 2684 2773 autclaritatc
2705 2717 3072 2773 luculentius?
3103 2718 3205 2787 Qui
3223 2719 3476 2790 quoniam
3497 2737 3597 2774 nos

274 2815 453 2886 jugari.
502 2815 607 2874 Ubi
649 2830 782 2886 ergo
825 2816 902 2870 ira
945 2831 1051 2870 non
1092 2816 1284 2882 fuerit,
1334 2815 1621 2886 imperium
1658 2831 1874 2886 quoque
1981 2814 2048 2869 ad
2097 2813 2414 2884 sapientiam
2446 2812 2663 2882 genuit,
2720 2813 2786 2866 ad
2825 2811 3088 2882 justitiam
3121 2814 3456 2881 procreavit;
3489 2830 3596 2870 non

277 2925 374 2965 non
398 2911 518 2966 erit.
550 2911 706 2966 Deus
729 2918 907 2965 autem
937 2909 1098 2965 habet
1121 2909 1438 2979 imperium;
1469 2925 1596 2980 ergo
1622 2919 1676 2964 et
1714 2910 1868 2977 iram,
1980 2917 2063 2963 est
2090 2907 2170 2961 fas
2201 2905 2496 2971 hominem,
2526 2903 2713 2960 relicto
2740 2904 2851 2959 Deo
2880 2918 3095 2971 sensus,
3127 2920 3194 2960 ac
3228 2905 3352 2961 vitae
3380 2907 3592 2970 datore,

1591 3021 1964 3079 VARIORUM
1993 3020 2232 3078 NOTAE.

275 3140 422 3209 ane
442 3153 608 3204 genus
624 3141 898 3209 hominum,
932 3143 1079 3209 vitam
1097 3146 1150 3190 et
1166 3148 1372 3209 gentem
1398 3141 1754 3209 impudentem,
1898 3143 1944 3206 ρ
1976 3137 2124 3194 idem
2149 3147 2234 3193 est
2257 3137 2326 3194 de
2345 3137 2552 3194 caelesti
2581 3138 2828 3208 imperio,
2862 3140 3003 3208 quod
3030 3154 3183 3195 amor
3206 3149 3260 3196 et
3289 3154 3385 3209 spe
3409 3142 3587 3208 potius

276 3203 471 3267 Oportet
486 3217 658 3254 amare
676 3205 957 3267 genitorem
975 3204 1138 3253 Deum
1157 3203 1436 3268 sapientem
1455 3204 1538 3266 qui
1555 3216 1757 3266 semper
1770 3210 1866 3254 est.

1975 3224 2135 3278 quam
2160 3219 2306 3266 metu
2335 3203 2671 3265 continetur.
2693 3203 2823 3266 Lex'
2849 3203 3075 3277 ptenalis
3105 3222 3159 3265 et
3189 3203 3363 3266 metuis
3394 3203 3446 3266 in
3490 3229 3584 3268 re-

340 3308 582 3363 Sineim.
609 3309 876 3364 “cuman.
908 3309 1037 3380 ,θεὴ
1061 3310 1267 3364 ἀπείη,
1289 3327 1415 3366 me.
1975 3280 2175 3350 Iigione
2229 3296 2351 3363 non.
2381 3291 2507 3336 sunt
2539 3281 2793 3380 litisirpro
2835 3282 3048 3380 injustis
3072 3324 3086 3348 ,
3131 3284 3255 3353 quia
3311 3283 3480 3352 gratia
3530 3293 3588 3339 et

340 3351 403 3433 Id
429 3351 816 3448 pannuli-per
844 3351 990 3449 quod3
1005 3351 1200 3435 c-o‘nsmt
1223 3351 1625 3451 ipstiwniajestas.
1655 3380 1743 3438 Sic
1773 3380 1870 3436 ha-
1979 3351 3131 3451 “"ﬂfﬁfffjfoﬁimﬁl'nJ93“!§ﬁ"°1"}!;

277 3447 394 3522 hem
420 3421 652 3522 iterque
677 3421 914 3515 Βιῗιιοπῖἰ,
961 3451 1120 3515 Tam.
1171 3421 1300 3506 Ρεῖι.
1329 3453 1386 3508 In
1418 3421 1590 3521 ιίίρεο,
1617 3421 1872 3520 ευΒτυηο.
1981 3501 2031 3522 η.
2060 3421 2410 3522 (ΞἏΨἏΡΞΡ
2452 3422 2809 3522 ῗίῗ4η¹¹¹ἳι¹ξι
2835 3423 3583 3522 ἠἓιὶιέιὲθωὲηῑ⁰¹έἹΓΙξἾξε

1980 3501 2036 3565 et
2085 3493 2208 3548 edd.
2252 3493 2408 3548 Rom.
2457 3491 2618 3565 M70,
2676 3493 2835 3565 1474,
2884 3494 3133 3565 Parrhas.
3181 3505 3236 3550 et
3284 3495 3352 3550 Is.
3403 3497 3592 3565 incipit

1980 3563 2148 3634 Caput
2172 3577 2322 3618 xxiv.
2353 3563 2704 3634 quodcaeteri
2731 3564 2993 3634 superiori
3013 3575 3360 3619 connectunt.

2062 3632 2470 3704 Vaniloquentia.
2501 3633 2557 3687 In
2599 3632 2828 3704 Reimm.
2857 3649 2989 3688 vana
3032 3636 3317 3701 eloquentia
3343 3645 3427 3689 est
3465 3651 3590 3689 cor-

1980 3715 2185 3760 rectum
2212 3703 2343 3759 rana
2373 3704 2647 3774 loquentia.
2695 3703 2934 3774 Recepta
2960 3715 3043 3760 est
3070 3705 3260 3771 Plauti,
3290 3705 3448 3768 Livii,
3481 3706 3584 3760 Ta-

1979 3775 2072 3830 citi
2096 3791 2218 3828 vox.
3278 3823 3282 3827 .
3343 3777 3475 3832 BUN.

2057 3845 2282 3910 Utraque
2301 3861 2520 3915 persona
2546 3846 2601 3900 in
2627 3863 2688 3901 eo
2712 3845 3032 3913 venerabilis.
3057 3845 3170 3901 Hoc
3197 3856 3299 3914 est,
3334 3848 3586 3904 venerari

1980 3931 2103 3972 eum
2143 3915 2423 3981 debemus,
2466 3933 2573 3972 non
2614 3918 2789 3972 solum
2824 3917 2970 3972 vehit
3011 3927 3218 3988 patrem
3249 3919 3573 3984 beneficum,

1978 3987 2073 4058 sed
2093 3989 2256 4042 etiam
2282 3998 2528 4058 tanquam
2557 4003 2806 4043 severum
2828 3988 3126 4044 dominum.
3157 3989 3212 4044 Id
3234 3989 3344 4058 jam
3369 3989 3584 4046 dixerat

1979 4057 2287 4130 Lactantius
2317 4057 2489 4113 Divin.
2519 4060 2748 4114 lnstitut.
2778 4059 2940 4115 lib.tv
2959 4075 3077 4130 cap.
3107 4057 3334 4126 iinitio,
3359 4061 3447 4115 ubi
3467 4062 3541 4115 ait
3568 4078 3584 4116 :

1982 4129 2237 4202 Quoniam
2257 4140 2520 4201 utramque
2541 4148 2809 4200 personam
2840 4129 3050 4186 sustinet
3074 4130 3260 4202 (Deus)
3286 4143 3332 4186 et
3355 4133 3516 4201 patris
3536 4142 3586 4185 et

1974 4199 2207 4266 Domini,
2234 4210 2280 4254 et
2317 4199 2488 4256 amare
2525 4199 2640 4256 eum
2667 4203 2925 4266 debemus,
2961 4199 3091 4271 quia
3114 4203 3212 4271 filii
3230 4199 3426 4268 sumus,
3452 4214 3499 4256 et
3519 4203 3584 4256 ti-

1974 4287 2129 4336 mere,
2158 4272 2279 4340 quia
2303 4273 2452 4326 servi.
2479 4272 2829 4328 Heuusanus.

2054 4341 2271 4395 Habeat.
2304 4342 2564 4396 Heilman.
2589 4343 2714 4411 legit
2744 4342 2911 4396 habet.

2049 4412 2109 4466 Si
2149 4411 2316 4465 Deum
2351 4414 2557 4481 cogites.
2591 4413 2664 4466 Ita
2707 4413 2920 4480 quidem
2952 4412 3070 4466 libri
3106 4425 3325 4466 omnes:
3359 4411 3576 4468 mallem

1893 4507 1949 4567 D
1976 4497 2096 4563 cum
2121 4483 2335 4567 Davisio
2357 4485 2420 4567 ad
2453 4483 2879 4567 Epit..c.t"70.“si-
2905 4484 3186 4567 domitum:
3197 4483 3416 4553 cogites;
3443 4499 3571 4539 mox

1973 4553 2116 4608 enim
2145 4553 2335 4606 domini
2355 4563 2398 4607 et
2421 4553 2840 4621 parentis.Conf.
2868 4555 2904 4608 I.
2929 4571 2968 4618 t,
2995 4570 3042 4610 c.
3069 4555 3122 4608 7.
3149 4553 3278 4609 BUN.

2049 4622 2305 4693 Ofﬁciosa.
2334 4623 2568 4680 Subaudi
2599 4625 2815 4693 familia.
2853 4625 3204 4681 “nummus.

278 3518 403 3575 Ultr.
422 3518 679 3592 aliisque,
703 3523 924 3576 mutilus
950 3533 1029 3576 est
1057 3522 1228 3589 locus,
1255 3533 1311 3577 et
1331 3523 1408 3578 sic
1434 3518 1657 3592 legitur:
1684 3525 1738 3577 id
1768 3518 1877 3590 po;-

279 3602 389 3664 nunt
411 3595 545 3663 quod
584 3603 662 3646 est
702 3600 877 3646 contra
907 3594 1072 3664 ipsum
1119 3596 1454 3664 majestatem.
1499 3593 1731 3664 Regnum
1755 3596 1870 3649 hoc.

282 3659 451 3717 Imus.
476 3693 550 3704 —
578 3663 644 3718 In
669 3659 959 3718 veterrima
986 3659 1309 3734 Regio-Put.
1344 3665 1516 3729 est,id
1533 3659 1726 3734 ponunt
1741 3665 1880 3734 quod

283 3743 344 3784 est
369 3745 562 3790 constat
602 3736 719 3800 ipsa
745 3735 1004 3802 maiestas.
1059 3735 1258 3789 Desunt
1287 3737 1448 3790 verba
1492 3736 1804 3789 intermedia
1843 3752 1874 3790 a

282 3805 442 3871 primo
463 3805 608 3874 quod
629 3821 798 3875 usque
814 3804 881 3859 ad
913 3806 1126 3860 tertium
1145 3806 1304 3876 quod.
1334 3807 1388 3860 In
1412 3821 1518 3876 quo
1547 3815 1689 3875 patet
1711 3805 1876 3861 fuisse

283 3878 614 3946 amanuensis
641 3885 905 3941 erratum,
950 3892 1018 3931 ex
1051 3878 1412 3946 praetermissa
1455 3876 1615 3931 linea.
1653 3876 1874 3931 Videtur

284 3943 577 4003 Lactantius
601 3947 909 4016 respexisse
930 3947 997 4001 ad
1020 3943 1080 3999 ea
1104 3963 1228 4017 quae
1253 3946 1416 4002 habet
1436 3949 1536 4001 sub
1556 3946 1717 4001 ﬁnem
1749 3961 1870 4016 cap.

284 4017 340 4069 17
363 4032 543 4089 supra,
567 4019 664 4073 ubi
693 4017 861 4089 nitide
891 4017 992 4082 ira,
1022 4019 1141 4087 quia
1170 4018 1311 4072 utilis
1351 4031 1421 4073 est
1452 4019 1604 4072 rebus
1636 4019 1872 4073 humanis

286 4096 326 4139 et
356 4088 838 4160 accesserim—Id
871 4100 1107 4157 ponunt,
1152 4091 1290 4160 quod
1335 4099 1408 4144 est
1452 4090 1868 4157 inutilissimum,

285 4159 583 4214 detrahentes
613 4161 680 4224 ei,
703 4159 841 4230 quod
859 4170 928 4213 est
949 4161 1097 4213 rebus
1118 4159 1353 4213 humanis
1380 4162 1600 4214 maxime
1624 4160 1869 4226 salutare,

287 4246 364 4301 per
385 4232 515 4300 quod
556 4241 760 4284 constat
790 4233 904 4301 ipsa
943 4233 1200 4300 majestas.
1247 4230 1362 4285 Non
1401 4247 1562 4285 ausus
1604 4231 1678 4284 fui
1709 4247 1869 4299 repu-

288 4300 417 4355 diare
453 4302 595 4356 hanc
644 4300 889 4355 codicum
936 4317 1000 4356 ex
1053 4303 1305 4356 omnibus
1354 4302 1868 4370 antiquissimorum,

286 4370 492 4428 duorum
518 4372 729 4427 scilicet
753 4371 1169 4426 Bononiensium
1193 4413 1208 4437 ,
1240 4381 1295 4426 et
1337 4371 1647 4441 Taxaqnctii
1680 4383 1735 4427 et
1771 4372 1873 4428 Pe-

287 4441 396 4515 nite.
417 4458 480 4497 ex
508 4443 710 4513 quibus
747 4443 1086 4515 Thomasius,
1123 4442 1308 4509 lsmus,
1341 4442 1506 4515 Thys.
1535 4443 1674 4498 Gall.
1707 4443 1873 4514 Spar-

286 4509 391 4582 kius
413 4523 464 4566 et
487 4509 575 4568 ed.
607 4515 861 4569 Cantabr.
886 4513 938 4567 in
972 4523 1171 4568 textum
1194 4509 1533 4582 receperunt.

347 4581 446 4639 Ἠδέ
465 4587 609 4641 Θεὸν.
633 4585 845 4640 Latine:
947 4629 954 4632 .
1323 4581 1335 4582 ί

1973 4581 2116 4608 CIIII"
2145 4581 2333 4606 ιιυηιυιι
2355 4581 2398 4607 τι
2421 4581 2666 4621 putatus.
2683 4581 2840 4611 υυιιι.
2869 4581 2904 4608 Io
2931 4581 2968 4618 Ι,
2995 4581 3042 4610 υ.
3078 4581 3122 4608 Ι.
3149 4581 3278 4609 DUI‘.
3553 4599 3574 4628 δ

2053 4622 2147 4641 tam
2184 4627 2194 4636 ο
2334 4624 2366 4641 n
2413 4625 2424 4641 ι
2453 4640 2464 4641 γ
2535 4623 2564 4641 ι·
2605 4625 2626 4641 ρ
2712 4625 2765 4641 -μ
2853 4625 2893 4641 ll
3141 4640 3148 4641 ,

423 4695 485 4764 hit
506 4699 671 4749 Deum
695 4699 888 4764 Regem
910 4703 968 4764 et
990 4701 1274 4760 genitorem
1295 4698 1373 4764 _(l)
1397 4703 1632 4764 omnium,

2047 4695 2341 4749 Notionem.
2387 4703 2595 4751 Γνῶσιν.
2642 4695 2758 4750 Vid.
2807 4705 2916 4751 not.
2963 4697 3000 4750 Ι.
3049 4713 3085 4751 ll
3127 4697 3284 4762 Inst.,
3315 4697 3487 4764 ο.15,
3518 4697 3596 4755 ρι’

426 4760 586 4832 Quem
610 4762 943 4832 contremiscjt
965 4770 1193 4832 terra,_et
1216 4760 1393 4832 uelum
1417 4776 1472 4811 ac
1495 4760 1652 4821 mare,
1972 4766 2010 4820 l.
2036 4781 2089 4832 v,
2121 4781 2171 4821 c.
2208 4764 2292 4819 M-
2326 4765 2459 4821 BDN.

422 4823 462 4873 Τ
464 4834 778 4886 artarezeque
801 4823 1004 4873 latebrae
1025 4832 1077 4873 et
1098 4823 1348 4874 daemones
1370 4825 1662 4876 horrescunt

2028 4823 2278 4909 iCtztgstia
2306 4847 2352 4890 et
2379 4838 2548 4891 divina
2573 4836 2876 4909 sempiterna
2905 4837 3224 4909 meditemur.
3252 4837 3326 4892 Ita
3357 4855 3488 4894 mss.
3517 4849 3576 4897 et

1975 4908 2123 4964 editi.
2152 4907 2410 4963 Francius
2439 4907 2688 4978 legebat,
2717 4917 2763 4962 et
2806 4911 3126 4978 sempiterna,
3177 4908 3315 4978 sicut
3349 4921 3403 4965 et
3432 4911 3578 4966 ch-

1974 4995 2223 5043 mannus,
2261 4980 2349 5048 qui
2376 4977 2743 5033 omittendum
2791 4989 2940 5048 putat
2978 4977 3481 5035 divina.—leestia
3528 4993 3577 5037 et

1975 5051 2147 5102 divina
2166 5051 2491 5114 sempiterna.
2524 5051 2611 5104 Sic
2639 5064 2826 5104 omnes
2855 5051 2995 5114 libri,
3047 5050 3261 5106 mallem
3290 5061 3332 5103 et
3363 5054 3570 5120 ejecta:

1975 5120 2220 5185 ctelestia,
2253 5121 2444 5186 divina,
2473 5121 2812 5190 sempiterna;
2841 5121 2944 5176 nisi
2981 5121 3120 5176 forte
3146 5123 3448 5190 sempiterna
3476 5140 3574 5180 ex-

1976 5193 2162 5262 plicas,
2193 5206 2312 5260 qua:
2333 5192 2654 5261 sempiterna
2682 5201 2825 5248 sunt.
2857 5192 2989 5247 Bas.

2049 5261 2116 5316 Et
2159 5261 2447 5331 diligendus
2486 5274 2576 5316 est.
2611 5262 2777 5318 Abest
2815 5277 2856 5333 a7
2884 5263 2950 5316 14
2989 5277 3120 5318 mss.
3163 5263 3304 5320 inter
3330 5280 3464 5333 quos
3490 5277 3575 5322 est

1977 5333 2290 5406 Regio—Pot.
2310 5343 2370 5406 et
2394 5349 2424 5388 a
2454 5333 2528 5406 710
2562 5334 2806 5406 vulgatis.
2840 5332 2947 5406 Sed
2965 5349 3035 5406 ex
3061 5335 3271 5389 caeteris
3302 5332 3571 5406 reponen-

1977 5405 2104 5460 dum
2142 5416 2195 5460 et
2219 5405 2581 5468 retinendum,
2613 5416 2669 5457 ut
2692 5405 2784 5458 fiat
2811 5405 2880 5460 ad
2911 5404 3012 5460 tria
3040 5405 3316 5475 sequentia
3348 5404 3571 5472 relatio;

1978 5486 2032 5531 et
2052 5476 2158 5531 duo
2173 5476 2444 5530 veterrimi
2461 5490 2590 5530 mss.
2612 5475 2820 5532 Bonon.
2849 5475 3047 5531 habent
3074 5477 3124 5531 in
3149 5487 3294 5530 textu
3323 5487 3378 5529 ut
3403 5479 3572 5544 scrip.

1979 5548 2165 5602 simus.
2193 5547 2360 5618 Quam
2385 5547 2667 5603 lectionem
2691 5557 2837 5602 recte
2851 5557 3150 5618 propugnat
3169 5546 3484 5618 Thomasius
3505 5563 3577 5602 ex

1981 5618 2082 5673 hoc
2104 5618 2219 5686 ipso
2244 5617 2503 5674 Lactantii
2535 5618 2676 5673 loco.
2703 5617 2843 5674 Deus
2854 5617 3142 5688 sequendus
3164 5627 3257 5682 est,
3281 5619 3401 5687 quia
3427 5617 3481 5670 itt
3507 5631 3575 5672 eo

1980 5698 2063 5743 est
2088 5690 2310 5743 materia
2339 5705 2548 5753 rerum;
2574 5691 2895 5757 adorandus,
2919 5690 2988 5744 ob
3011 5690 3272 5744 rationem
3292 5689 3580 5753 virtutum;

352 5771 419 5832 (I)
451 5772 572 5841 Mss.
596 5773 782 5841 Balu_z.,
806 5775 961 5841 Bruu.
991 5784 1044 5825 et
1081 5776 1164 5824 ed.
1202 5776 1342 5826 Rom.
1371 5777 1512 5841 H70,
1540 5789 1628 5838 pro
1651 5777 1876 5838 omnium,
1983 5759 2294 5841 diligendus.
2315 5761 2435 5829 (Ιυίθ
2464 5769 2548 5841 es!
2566 5760 2686 5841 {0"5
2716 5762 3000 5816 honorum-

295 5830 458 5894 legunt
475 5840 586 5885 ante
603 5830 778 5900 omnia,
803 5837 941 5899 juxta
962 5851 1174 5900 meum
1198 5851 1267 5901 πρὸ
1288 5855 1442 5890 πάντων.
1497 5830 1511 5841 ’
1541 5830 1553 5838 ’
1866 5830 1875 5838 ⁷
2062 5830 2282 5885 Materia
2308 5847 2499 5888 rerum.
2530 5832 2586 5888 Id
2620 5843 2723 5899 est,
2756 5849 2911 5886 causa
2938 5847 3127 5886 rerum.
3153 5831 3350 5886 Sun.

354 4944 524 5001 Tanta:
567 4948 849 5017 potestatis.
881 4947 995 5002 Non
1026 4948 1344 5004 inconcinne
1369 4947 1498 5017 legit
1526 4949 1872 5006 Heumannus

288 5014 532 5072 Tartarea:
569 5014 872 5089 potestatis;
917 5019 1058 5088 quod
1102 5014 1652 5088 exprimitur'vocula
1695 5039 1869 5089 graeca

288 5087 1036 5170 ταρτᾴρςοιρ-Μξηὶεινξεαὴςᾳε
1061 5087 1336 5170 potestatis.
1362 5092 1473 5170 [Ego
1491 5105 1669 5170 servo,
1698 5087 1871 5157 tantte,

289 5170 358 5211 sc.
388 5161 570 5213 divina:
613 5161 913 5227 majestatis.
965 5161 1094 5215 Nam
1126 5162 1255 5216 dicit
1299 5161 1468 5227 infra;
1497 5163 1566 5217 de
1599 5166 1696 5217 hac
1727 5173 1873 5218 tanta

289 5238 540 5296 potestate
564 5249 576 5284 :
602 5232 700 5299 Qui
743 5247 920 5286 rermn
950 5233 1236 5285 dominator
1265 5231 1456 5287 haheat
1487 5235 1537 5287 in
1565 5249 1754 5288 omnes
1783 5250 1876 5289 ve-

292 5312 393 5372 ram
428 5309 482 5357 et
523 5312 777 5357 aeternam
817 5313 1130 5372 potestatem.
1163 5301 1319 5358 Conf.
1361 5318 1543 5372 supra.
1593 5306 1875 5360 Daemones

293 5367 438 5445 hujus
463 5381 624 5429 tanta:
653 5367 929 5445 potestatis
955 5375 1206 5428 dicuntur
1236 5376 1385 5445 regni
1416 5367 1667 5431 ministri.
1701 5377 1834 5431 BUN.

327 5441 496 5521 “Metu
524 5441 736 5498 constat.
761 5443 816 5498 Id
845 5445 992 5500 dicas
1012 5445 1080 5500 de
1109 5441 1596 5521 terrertojmperio,
1626 5448 1768 5521 quod
1801 5449 1876 5503 Ie-

295 5510 436 5578 gibus
459 5523 514 5569 et
546 5527 691 5570 metu
735 5525 978 5570 constat:
1024 5525 1260 5571 attamen
1308 5510 1442 5572 dicit
1462 5510 1764 5574 Livius'lib.
1797 5535 1873 5574 tt:

297 5580 510 5652 Imperia
554 5587 719 5657 legum
757 5589 1044 5654 potentiora
1083 5598 1200 5642 sunt
1247 5605 1397 5659 quant
1439 5590 1718 5644 hominum.
1758 5590 1876 5646 Non
