4138 6190
345 275 449 335 με)

1428 273 1586 341 CAP.
1616 275 1657 341 i.
1684 274 2030 338 ANALYSIS
2057 274 2275 339 ﬂUJUS
2304 274 2507 341 LIBRI.

3530 279 3634 338 Ἀθ

334 394 526 468 senio:
558 392 659 457 sed
698 392 814 463 Μ.
844 393 939 466 eui
966 392 1119 457 talin
1168 393 1398 455 «cuius
1446 394 1691 453 veritatis
1733 392 1936 466 pateta-
1962 395 2019 461 Α
2042 392 2290 455 homines
2328 393 2481 455 nullo
2506 393 2855 455 conscientias
2903 392 3079 455 bene
3106 395 3357 465 miti.
3390 396 3444 453 in
3488 399 3635 454 omni

337 487 539 546 ciendtc
580 496 903 560 potestatem
941 487 1126 557 habet,
1167 486 1464 544 doctrinam
1513 502 1575 544 se
1611 489 1762 560 sequi
1807 502 1935 560 pro-

334 581 537 645 ﬁtetur.

402 674 599 739 Tribus
646 687 777 733 vero
820 670 1078 744 gradibus
1104 671 1173 731 ad
1204 671 1376 738 hanc,
1407 671 1584 740 inquit
1611 670 1782 743 (Cap.
1826 671 1937 743 9),

331 768 612 831 veritatem
641 763 1041 827 conscenditur.
1071 763 1286 827 Primus
1308 774 1393 825 eet
1443 762 1607 823 falsas
1634 763 1941 834 intelligam

331 857 641 927 religiones,
669 866 722 919 et
748 855 985 926 obiicere
1012 855 1209 925 impios
1235 853 1462 911 deorum
1488 854 1687 913 cultus.
1733 853 1941 915 Secun-

333 951 448 1017 dus,
470 964 803 1023 cognoscere
822 964 1033 1016 verum,
1060 949 1274 1009 unicum
1295 988 1311 1015 ,
1345 961 1722 1019 summumque
1744 947 1936 1017 Deum,

332 1044 421 1115 qui
448 1043 633 1107 omnia
674 1051 939 1114 potestate
984 1057 1079 1099 sua
1123 1041 1347 1106 creavit,
1379 1050 1435 1098 et
1480 1040 1814 1113 providentia
1839 1057 1940 1114 gn-

335 1137 539 1191 bemat.
570 1134 818 1202 Tertius,
847 1149 1142 1205 agnoscere
1170 1135 1266 1193 Dei
1292 1135 1524 1206 legatum
1551 1150 1615 1191 ac
1668 1136 1939 1201 nuntium,

332 1228 419 1299 qui
451 1226 704 1289 homines
727 1226 1004 1291 erroribus
1052 1227 1307 1288 liberatos
1329 1268 1343 1295 ,
1392 1227 1461 1287 ad
1486 1228 1643 1297 hujus
1676 1229 1790 1285 veri
1838 1228 1936 1285 Dei

332 1321 530 1385 cultum
557 1334 624 1381 ac
638 1320 901 1389 justitiam
930 1318 1199 1387 formavit.
1243 1320 1485 1381 Breviter
1510 1328 1694 1381 autem
1721 1321 1927 1378 indicat

324 1413 547 1479 ubinam
576 1414 722 1481 illos,
748 1414 842 1484 qui
869 1414 1016 1481 hunc
1042 1414 1308 1485 triplicem
1332 1415 1577 1474 veritatis
1598 1414 1821 1487 gradum
1841 1431 1939 1472 es-

328 1506 584 1579 plicando
604 1507 1001 1574 abstruserint.
1032 1516 1126 1567 aut
1152 1508 1530 1577 continuerit,
1561 1519 1651 1567 aut
1682 1509 1940 1581 deinceps

330 1598 713 1665 confutaturus
735 1601 829 1663 sit.

401 1691 496 1753 llis
511 1692 589 1751 ita
621 1690 918 1761 prmlibatis
937 1732 955 1759 ,
994 1690 1156 1757 docet
1183 1691 1593 1765 quadruplicem
1620 1693 1690 1751 de
1731 1693 1813 1750 ira
1842 1694 1940 1751 Dei

2039 485 2306 545 scelerum
2330 499 2534 558 genere
2556 484 2961 545 volutabantur.

2113 576 2534 649 Respondebant
2555 585 2733 632 autem
2762 576 3078 647 religionem
3117 585 3175 634 et
3197 575 3506 648 divinitatis,
3520 593 3640 637 ns-

2043 677 2154 727 tum
2189 684 2220 725 a
2248 668 2605 742 prudentibus
2631 668 2762 727 viris
2778 668 3008 727 conﬁcta
3039 667 3213 728 fuisse
3235 683 3345 726 non
3368 669 3634 739 veritatis,

2041 762 2137 821 sed
2161 762 2405 821 utilitatis
2426 761 2621 832 gratia,
2650 769 2709 821 ut
2726 760 2822 819 alii
2841 760 3095 819 nimirum
3123 761 3287 820 vitam
3317 761 3509 832 majori
3554 762 3639 819 in-

2042 854 2291 942 nocentia
2346 867 2412 909 ac
2467 868 2680 917 morum
2730 852 3038 923 integritate
3083 851 3366 911 ducerem.
3419 852 3641 913 Fatetur

2042 946 2261 1016 quidem
2288 945 2597 1005 Lactantius
2623 959 2871 1016 magnam
2920 943 3026 1003 hoc
3066 957 3337 1016 resme
3359 944 3463 1002 sibi
3502 960 3640 1016 pro—

1986 1075 1993 1079 -
2045 1040 2171 1110 poni
2208 1039 2514 1110 disputandi
2550 1038 2853 1104 materiam.
2887 1046 2943 1099 et
2968 1052 3001 1095 a
3046 1052 3150 1097 suo
3178 1038 3457 1109 proposito
3503 1039 3642 1097 atie-

2045 1149 2202 1199 uam.
2236 1148 2398 1204 quam
2448 1142 2629 1193 tam
2679 1131 2917 1193 breviter
2951 1131 3184 1203 attingit.
3221 1131 3415 1190 Natant
3462 1133 3645 1204 itaque

2044 1226 2211 1297 (Cap.
2237 1226 2308 1299 9)
2334 1226 2682 1297 1)er
2710 1225 2946 1295 primum
2962 1225 3208 1287 ninnium
3228 1225 3284 1282 in
3304 1225 3525 1283 dubium
3549 1242 3646 1283 vo-

2043 1332 2233 1386 casse,
2258 1333 2327 1374 an
2354 1315 2424 1375 sit
2450 1315 2649 1388 aliquis
2678 1316 2855 1381 Deus:
2886 1315 3086 1379 deinde
3113 1316 3409 1388 Epicurum
3456 1325 3645 1388 aperta

2044 1411 2367 1482 penitusque
2408 1409 2643 1467 absurda
2667 1408 3097 1467 contradictione
3134 1407 3387 1465 demisse
3404 1408 3643 1466 divinam

2043 1517 2169 1560 esse
2193 1502 2480 1573 quamdam
2504 1512 2749 1559 Moram
2766 1543 2784 1570 ,
2808 1501 2904 1557 sed
2930 1502 3087 1572 cuius
3108 1500 3444 1572 om
3495 1502 3647 1563 nulla

2045 1594 2147 1660 sit;
2168 1594 2403 1665 denique
2426 1594 2709 1665 Diagoram
2733 1603 2788 1650 et
2807 1592 3165 1661 Theodoram
3174 1594 3649 1664 omnitempore

2048 1687 2211 1747 ulline
2237 1703 2358 1745 esse
2387 1689 2579 1745 Deum.

338 1782 521 1843 haberi
562 1797 727 1854 posse
769 1786 1146 1854 quaestionem.
1194 1784 1414 1853 Primo,
1443 1800 1513 1845 an
1566 1786 1678 1843 Deo
1727 1788 1804 1842 ira
1835 1787 1936 1843 tri-

2113 1793 2245 1850 Tam
2271 1791 2435 1847 hians
2455 1799 2636 1847 autem
2662 1790 2761 1845 bas
2786 1782 3072 1860 opiniones
3117 1794 3184 1846 ut
3204 1784 3447 1843 funditus
3487 1801 3649 1845 aer-

332 1875 546 1943 buenda
580 1876 673 1943 sit,
700 1885 752 1933 et
778 1862 1056 1937 demenda
1094 1879 1283 1948 gratia.
1311 1878 1561 1937 Secundo
1578 1922 1595 1947 ,
1623 1894 1692 1935 an
1719 1888 1943 1951 utroque

335 1968 431 2038 ipsi
463 1968 826 2031 detrahenda.
854 1969 1070 2037 Tertio,
1107 1985 1175 2029 an
1212 1972 1383 2040 gratia
1436 1972 1538 2041 ipsi
1579 1972 1897 2030 ascrihenda
1921 2016 1937 2041 ,

335 2068 387 2117 et
411 2060 657 2123 tollenda
690 2060 788 2121 ira.
819 2060 1055 2129 Quarto,
1084 2076 1153 2119 an
1184 2073 1408 2132 utraque
1433 2063 1535 2133 ipsi
1579 2064 1940 2125 attribuenda.

334 2153 406 2217 De
432 2153 613 2221 prima
630 2153 927 2221 quaestione
955 2168 1061 2210 non
1093 2165 1290 2224 potest,
1323 2156 1496 2226 inquit
1522 2154 1684 2229 (.Cap.
1718 2158 1808 2228 '5),
1836 2160 1942 2215 utin

333 2260 449 2300 esse
490 2245 841 2316 disceptatio.
883 2246 1020 2313 Quid
1048 2249 1189 2302 enim
1217 2248 1362 2303 dictu
1395 2251 1564 2320 magis
1610 2252 1930 2321 absurdum,

338 2352 497 2411 quam
526 2337 726 2406 Deum,
758 2338 885 2403 boni
910 2347 1206 2403 auctorem,
1239 2340 1439 2399 nemini
1483 2341 1739 2411 prodesse
1764 2359 1827 2399 ac
1852 2344 1946 2400 be-

333 2429 613 2496 neiacere,
643 2431 739 2495 sed
771 2446 967 2495 nocere
997 2441 1199 2493 tantum
1224 2433 1501 2499 omnibus,
1528 2444 1582 2493 et
1611 2435 1802 2491 irasci?

405 2507 667 2595 Epicurei
695 2541 825 2591 vero
847 2526 1006 2595 plane
1040 2527 1438 2585 somniaveram
1483 2527 1536 2583 in
1579 2529 1691 2586 Deo
1741 2530 1946 2588 nullum

336 2632 451 2679 esse
478 2626 583 2681 aut
605 2618 791 2687 gratim
819 2626 913 2679 aut
942 2618 1037 2677 ἱππ
1061 2629 1263 2678 uictum
1288 2618 1308 2692 (
1332 2618 1459 2689 Cap.
1488 2618 1579 2687 4).
1604 2619 1709 2675 Sed
1753 2622 1945 2692 pauci,

336 2710 476 2780 iique
502 2709 766 2783 scelerati
780 2709 1027 2775 homines
1049 2710 1150 2773 hac
1176 2711 1461 2771 falsissima
1482 2712 1817 2768 ducebantur
1834 2714 1949 2784 api.

340 2803 521 2867 nione.
556 2802 616 2865 Si
642 2803 788 2868 Deus
813 2805 979 2867 enim,
1004 2804 1143 2865 sicut
1172 2805 1243 2860 illi
1272 2806 1597 2873 garriehant,
1629 2821 1735 2861 non
1763 2822 1950 2864 move—

337 2904 440 2957 tur;
481 2896 528 2949 si
566 2896 672 2950 ulla
701 2896 902 2966 absque
927 2896 1200 2961 voluntate
1244 2908 1339 2955 aut
1389 2900 1731 2969 providentia
1771 2910 1953 2972 torpet

334 2983 639 3047 immobilis
658 3030 673 3057 ,
708 2990 759 3049 is
780 2991 1132 3061 proculdubio
1152 2992 1293 3049 Deus
1320 3008 1427 3048 non
1456 3003 1555 3049 est.
1586 2995 1948 3061 Quamobrem

335 3082 389 3165 si.
409 3082 535 3141 haec
565 3082 643 3141 sit
678 3081 899 3153 Epicuri
937 3083 1155 3154 opinio,
1201 3085 1292 3142 ille
1331 3087 1573 3156 proiecto
1598 3103 1704 3144 non
1734 3090 1912 3161 reipsa
1933 3132 1949 3160 ,

337 3173 434 3233 sed
456 3174 636 3237 verba
658 3184 815 3235 tenus
839 3176 1007 3239 Deum
1035 3176 1269 3238 existere
1295 3180 1545 3235 asseruit.

403 3264 581 3325 Stoici
606 3276 788 3333 autem
807 3267 1008 3339 aliique
1024 3270 1267 3331 nonnulli
1292 3271 1690 3329 arbitrabantur
1712 3274 1862 3345 (Cap.
1888 3276 1945 3345 ὃ)

335 3359 575 3427 gratiam
599 3359 657 3423 iu
683 3358 795 3419 Deo.
826 3360 1044 3429 quidem
1069 3375 1214 3427 esse,
1240 3363 1341 3419 sed
1360 3363 1560 3421 multum
1590 3382 1823 3436 unquam
1854 3369 1947 3424 ira:

336 3450 787 3517 commotionem.
822 3451 1037 3519 Etenim
1060 3452 1225 3511 sicuti
1264 3453 1584 3525 benignitas,
1617 3460 1861 3524 aiebant,
1891 3471 1948 3523 et

337 3540 701 3609 beneﬁcentia
736 3542 789 3605 in
817 3542 1067 3609 Decesse
1095 3543 1278 3613 debet,
1301 3545 1375 3603 ita
1399 3557 1453 3603 et
1471 3548 1725 3617 quislibet
1752 3554 1947 3609 mentis

343 3632 686 3709 perturbatio
727 3634 796 3693 ab
821 3649 886 3697 eo
913 3636 1135 3697 omnino
1163 3636 1334 3705 absit,
1366 3653 1591 3697 necesse
1617 3649 1719 3696 est.
1747 3640 1948 3699 Contra

340 3740 465 3781 vero
508 3724 832 3787 Lactantius
858 3744 877 3781 ι
908 3725 964 3785 Si
1021 3727 1180 3792 Deus.
1216 3729 1419 3799 inquit,
1452 3739 1700 3787 movetur
1736 3734 1945 3802 gratia;

342 3832 466 3890 ergo
501 3826 565 3879 et
588 3817 689 3873 ira.
718 3816 1201 3887 Verumenimvero
1220 3820 1313 3890 qui
1331 3820 1506 3879 bonos
1531 3831 1579 3877 et
1607 3822 1726 3893 pios
1754 3823 1943 3894 diligit,

341 3912 428 3978 ille
454 3912 645 3983 impiis
671 3919 727 3967 et
749 3911 945 3982 iniquis
966 3907 1234 3977 irascitur.
1265 3913 1399 3973 Boni
1421 3916 1620 3986 quippe
1639 3915 1855 3971 dilectio
1881 3934 1949 3975 ex

350 4014 477 4083 mali
519 4011 671 4076 odio.
700 4020 760 4068 et
795 4011 922 4074 [nali
951 4011 1136 4071 odium
1167 4028 1233 4068 ex
1271 4012 1399 4068 boni
1428 4011 1718 4070 dilectione
1768 4025 1953 4071 manat

342 4120 401 4169 ac
441 4103 687 4176 proﬂuit.
721 4102 823 4170 Qui
865 4117 999 4173 ergo
1023 4103 1211 4174 gratim
1246 4113 1397 4159 motu
1444 4103 1603 4160 bonis
1636 4103 1906 4163 benefacit
1928 4150 1945 4173 ,

346 4197 436 4255 ille
462 4197 637 4257 etiam
662 4195 821 4271 malis
859 4195 1065 4262 iratus,
1109 4210 1204 4253 eos
1248 4210 1347 4267 pro
1394 4198 1588 4255 merito
1625 4199 1848 4270 corripit
1893 4209 1949 4256 et

348 4289 601 4358 castigat.

416 4383 608 4453 Itaque
653 4388 844 4443 auctor
872 4389 1059 4439 noster
1099 4390 1287 4440 censet
1323 4380 1483 4454 (Cap.
1517 4382 1587 4456 6)
1612 4399 1731 4441 eam
1776 4387 1945 4443 solam

348 4474 675 4541 sententiam
702 4473 915 4533 ueritati
937 4487 1230 4530 consonam
1245 4488 1389 4541 esse,
1408 4491 1526 4546 quae
1556 4478 1751 4533 asserit
1778 4479 1946 4536 Deum

2047 1895 2140 1951 tat,
2170 1885 2337 1940 variis
2365 1882 2633 1939 acvaiidis
2672 1880 2916 1953 proiecto
2934 1882 3202 1938 rationum
3226 1882 3520 1936 momentis
3556 1896 3651 1939 os-

2046 1979 2218 2035 tendit
2243 1977 2395 2053 (Cap.
2423 1977 2527 2049 i0)
2552 1976 2676 2033 illos
2697 1978 2856 2046 plane
2882 1989 3088 2042 omne,
3108 1974 3477 2047 quimundum
3490 1974 3641 2031 nuli:

2053 2074 2148 2130 Dei
2176 2073 2530 2145 providentia,
2563 2071 2655 2127 sed
2702 2071 2920 2126 minutis
2950 2080 3005 2126 et
3032 2069 3451 2135 insccab‘iiibns,
3481 2068 3643 2125 sicuti

2047 2166 2371 2238 Leucippus,
2402 2165 2757 2233 Democritus,
2804 2165 3069 2235 Epicurus
3090 2172 3147 2220 et
3189 2162 3492 2230 Lucretius,
3523 2178 3651 2218 cor-

2048 2259 2288 2328 paeoniis
2311 2265 2648 2325 concretum,
2672 2271 2767 2313 sua
2794 2258 2908 2312 sola
2932 2265 3125 2313 natura
3142 2256 3385 2313 extitisse
3405 2256 3644 2311 somnia-

2047 2359 2254 2405 veram.
2283 2350 2398 2406 Non
2421 2349 2608 2405 leviori
2637 2350 2835 2406 dehinc
2857 2350 3101 2416 brachio,
3124 2362 3227 2406 nec
3248 2349 3476 2405 minoris
3506 2336 3644 2421 pon-

2048 2443 2195 2499 deris
2215 2442 2770 2513 argumentationibus
2788 2456 3029 2498 errorem
3058 2443 3297 2499 concutit
3315 2442 3653 2513 desii-uirque

2048 2536 2341 2603 Stratonis,
2367 2537 2459 2606 qni
2485 2536 2649 2592 stulte
2673 2536 3001 2607 praedicabat
3020 2544 3292 2615 naturam,
3316 2551 3481 2592 sensu
3506 2546 3563 2593 et
3587 2537 3655 2592 tl—

2049 2643 2180 2699 gura
2211 2638 2485 2684 carentem
2507 2669 2523 2696 ,
2554 2628 2666 2683 ullo
2707 2628 2827 2683 sine
2852 2627 3093 2695 artifice,
3132 2627 3219 2705 vel
3261 2639 3502 2694 auctore,
3551 2630 3652 2703 sed

2051 2736 2147 2777 sua
2175 2731 2368 2793 sponte
2392 2731 2725 2793 generatam.
2757 2720 2892 2776 Aliis
2917 2736 3048 2777 vero
3074 2721 3407 2795 argumentis
3429 2722 3652 2795 eviden-

2053 2813 2261 2869 tissime
2288 2812 2527 2869 ostendit
2556 2812 2854 2877 hominem,
2884 2812 2978 2883 qui
3005 2811 3076 2868 ab
3100 2812 3267 2887 humo
3294 2827 3488 2893 nomen
3531 2828 3652 2869 sor-

2055 2906 2181 2961 titus
2213 2915 2317 2971 est,
2340 2913 2396 2960 et
2418 2904 2537 2975 ejus
2564 2905 2798 2959 animam
2817 2945 2833 2971 ,
2880 2919 2946 2961 ac
2967 2912 3136 2959 totum
3179 2904 3438 2977 mnndtnn
3479 2922 3508 2959 a
3536 2905 3654 2962 Deo

2055 2998 2220 3055 fuisse
2243 3008 2446 3063 creata;
2478 2997 2731 3067 imusque
2754 2996 3090 3069 providentia
3125 2996 3438 3069 gubernari.
3483 2998 3651 3054 Plnnc

2055 3108 2203 3164 ergo,
2231 3093 2265 3147 ii
2286 3107 2496 3158 omnes,
2523 3091 2696 3162 inquit
2724 3090 2834 3157 ille,
2868 3090 3190 3158 delirabant,
3215 3091 3305 3167 qui
3335 3091 3650 3167 religionem

1970 3175 2017 3238 ϐ
2052 3194 2229 3241 metus
2258 3199 2321 3238 ac
2352 3183 2574 3240 terroris
2602 3196 2763 3239 causa
2786 3183 3081 3238 institutam
3111 3172 3477 3259 venditabant.

2125 3279 2373 3335 Pluribus
2420 3278 2659 3347 posthmc
2698 3276 2959 3347 exemplis
2981 3287 3037 3332 et
3073 3276 3370 3335 rationibus
3397 3274 3653 3347 manifes-

2052 3373 2258 3427 tissime
2272 3370 2607 3425 demonstrat
2624 3367 2791 3442 (Cap.
2816 3369 2877 3424 ll
2900 3368 2925 3440 )
2945 3383 3110 3424 unum
3135 3367 3507 3424 tantummodo
3527 3381 3652 3425 esse

2053 3478 2213 3533 posse
2242 3463 2384 3517 hunc
2409 3462 2601 3517 Deum.
2618 3459 2770 3527 Quod
2793 3459 3034 3532 quidem,
3059 3468 3183 3537 post
3199 3459 3519 3545 patefactam
3548 3459 3651 3514 im-

2050 3557 2123 3627 pii
2141 3554 2371 3626 plurium
2401 3554 2625 3611 deorum
2652 3555 2828 3609 cultus
2847 3553 3131 3624 originem,
3158 3553 3392 3623 publico,
3421 3567 3522 3608 nec
3546 3552 3651 3607 du-

2050 3648 2141 3704 bio
2163 3656 2312 3703 certe
2343 3646 2604 3711 Platonis,
2627 3644 2984 3715 Trismegisti,
3015 3644 3276 3711 Socratis,
3304 3644 3648 3719 i’ythagorzc,

2050 3739 2388 3795 Antisthenis
2417 3747 2472 3795 et
2509 3720 2814 3792 Aristotelis
2854 3735 3164 3791 testimonio
3199 3736 3503 3792 conﬁrmat.
3536 3735 3647 3805 Sed

2052 3832 2138 3900 hi,
2177 3831 2380 3902 inquit,
2434 3827 2886 3901 quemadmodum
2941 3836 3152 3913 poetae,
3198 3837 3255 3900 et
3298 3827 3389 3883 alii
3421 3829 3654 3899 gentiles

2050 3923 2261 3979 etiamsi
2289 3921 2661 3978 concesserint
2697 3935 2861 3976 unum
2907 3932 3030 3976 esse
3084 3918 3285 3987 Deum;
3315 3920 3437 4004 quia
3469 3928 3650 4001 tamen

2052 4016 2182 4071 nihil
2215 4016 2282 4072 dc
2307 4016 2454 4088 ejus,
2488 4030 2647 4086 quem
2684 4015 2982 4070 beneficum
3022 4015 3337 4094 credebant,
3360 4014 3507 4071 cuitu
3534 4026 3646 4081 stas

2051 4118 2303 4170 tuorum.
2357 4108 2558 4164 idcirco
2596 4106 2839 4163 arbitrati
2870 4116 2996 4179 sunt
3039 4107 3190 4164 illum
3244 4108 3323 4163 ira
3373 4123 3647 4185 nunquam

2049 4201 2325 4258 concitari.
2369 4200 2450 4255 Ex
2494 4201 2577 4255 his
2614 4214 2798 4271 porro,
2831 4213 2954 4270 quae
3003 4198 3265 4255 hactenus
3291 4199 3434 4255 dicta
3488 4184 3645 4268 sunt,

2050 4292 2139 4348 ille
2183 4291 2455 4348 concludit
2482 4290 2646 4362 (ϐαρ.
2682 4289 2782 4360 12)
2804 4288 3043 4344 funditus
3073 4304 3322 4365 eversam
3353 4304 3478 4346 esse
3527 4292 3651 4363 illo-

2049 4402 2168 4443 rum
2199 4384 2631 4455 responsionem,
2652 4382 2744 4452 qui
2766 4379 3164 4437 contendebant
3198 4380 3513 4463 religionem
3543 4382 3651 4463 uti-

2050 4479 2217 4535 litatis
2248 4485 2451 4555 tantum
2486 4473 2655 4546 gratia
2689 4471 3069 4553 introductam.
3308 4460 3321 4476 ³

350 4567 699 4638 sicutgratia,
720 4569 864 4625 itaet
878 4567 959 4623 ira
984 4567 1163 4638 reipsa
1184 4569 1530 4624 commoveri.
1555 4568 1612 4624 In
1639 4570 1739 4625 hoc
1766 4581 1945 4627 autem
1973 4564 2030 4625 Β
2127 4572 2262 4627 Aliis
2290 4552 2467 4625 tamen
2512 4567 2688 4623 adhuc
2720 4550 3001 4623 rationum
3042 4550 3337 4643 momentis
3379 4567 3652 4628 convincit

353 4659 518 4722 totius
526 4659 807 4730 religionis
817 4673 1083 4718 summam
1106 4668 1161 4714 et
1171 4660 1445 4715 cardinem
1459 4662 1665 4717 versari
1678 4663 1948 4720 existimat

352 4751 516 4821 (Cap.
551 4750 641 4822 7).
667 4750 823 4819 Quod
851 4751 1069 4822 quidem
1098 4765 1165 4807 eo
1191 4750 1558 4821 demonstrat,
1589 4755 1731 4825 quod
1760 4754 1946 4822 homo,

351 4847 452 4900 etsi
498 4846 663 4900 multa
685 4861 808 4905 cum
830 4846 1004 4901 brutis
1023 4847 1352 4914 communia,
1392 4857 1487 4903 aut
1532 4848 1598 4904 iis
1627 4850 1825 4907 similia
1854 4851 1951 4907 ha-

355 4936 509 5003 beat,
550 4938 811 5007 sapientia
843 4946 1025 4994 tamen
1054 4954 1120 4996 ac
1150 4940 1485 5010 potissimum
1515 4941 1807 5013 religione,
1837 4946 1952 5004 sive

354 5029 545 5097 notitia
566 5038 623 5087 et
649 5032 798 5087 cultu
830 5032 929 5099 Dei
952 5032 1020 5087 ab
1049 5033 1171 5087 aliis
1216 5033 1581 5105 distinguitur.
1614 5038 1778 5108 Atqui
1822 5040 1948 5095 reli-

355 5124 442 5193 gio
466 5124 586 5179 sine
611 5124 825 5183 sincero
852 5124 971 5192 Dei,
1001 5126 1372 5196 mecstoribus
1387 5126 1601 5196 oti‘ensi,
1621 5138 1780 5200 atque
1808 5132 1952 5200 irati,

354 5227 506 5275 metu
528 5226 677 5275 stare
714 5233 823 5276 non
849 5227 1048 5289 potest.
1079 5218 1218 5275 Iram
1242 5235 1372 5292 ergo
1394 5221 1490 5279 Dei
1516 5237 1798 5293 perperam
1850 5226 1955 5283 tol-

356 5310 471 5369 lere
491 5312 826 5369 conabantur
846 5312 1100 5384 Epicurei
1149 5313 1314 5387 (Cap.
1346 5316 1452 5386 8),
1485 5315 1579 5387 qui
1618 5317 1769 5373 illum
1816 5318 1955 5376 nihil

358 5420 557 5465 curare
582 5403 916 5466 eilttliebant.
946 5406 1166 5464 Frustra
1193 5409 1336 5464 enim
1366 5409 1498 5464 nihil
1527 5411 1758 5480 curanti,
1789 5412 1953 5468 nihil-

360 5514 467 5570 que
490 5515 619 5557 cum
640 5500 797 5558 nobis
822 5516 1114 5563 commune
1141 5501 1381 5569 babenti,
1430 5504 1630 5575 templa
1683 5504 1957 5563 aediﬁcan-

362 5600 472 5659 tur,
504 5607 565 5648 ac
585 5592 725 5649 ﬁunt
740 5593 1023 5650 sacriﬁcia.
1043 5593 1232 5650 Nullus
1255 5595 1401 5651 enim
1426 5596 1598 5651 honos
1623 5595 1677 5652 ei
1704 5597 1953 5654 debetur.

367 5685 449 5740 Ad
480 5685 593 5744 haec
618 5701 747 5744 vero
780 5705 793 5742 :
825 5688 873 5745 si
901 5688 1043 5744 Deus
1069 5704 1178 5745 non
1207 5688 1476 5758 irascitur,
1519 5688 1705 5761 utique
1751 5706 1858 5746 non
1890 5691 1961 5747 ti-

2056 4668 2223 4724 Deum
2264 4664 2439 4734 reipsa
2468 4662 2647 4717 irasci.
2676 4661 2787 4719 Sed
2829 4671 2888 4717 ut
2913 4661 3029 4717 hac
3056 4660 3230 4739 adhuc
3256 4661 3498 4733 planiora
3531 4678 3651 4741 0mg-

2058 4759 2215 4815 nibus
2240 4749 2455 4822 ﬂerent,
2487 4755 2786 4810 luculenter
2807 4753 2898 4810 ille
2917 4738 3153 4810 ostendit
3180 4738 3349 4828 (Cap.
3373 4754 3475 4837 15)
3501 4738 3652 4811 mun-

2056 4850 2183 4906 dum
2212 4865 2319 4905 non
2349 4859 2619 4925 mutornm
2663 4845 2995 4923 animalium,
3023 4846 3119 4903 sed
3165 4845 3443 4928 hominum
3485 4863 3652 4928 causa

2054 4942 2221 4999 fuisse
2242 4957 2271 4997 a
2302 4942 2415 4998 Deo
2436 4922 2731 5019 conditum.
3180 4926 3191 4930 ’
3318 4922 3337 4931 ”
3380 4924 3399 4929 θ
3432 4928 3437 4931 Ἴ

2125 5039 2195 5090 At
2213 5034 2260 5090 si
2286 5034 2358 5089 ita
2386 5042 2499 5098 est,
2531 5030 2843 5102 inquiebant
2868 5029 3198 5099 Academici,
3221 5046 3320 5088 cur
3342 5040 3449 5089 tam
3476 5036 3646 5105 multa

2055 5127 2272 5198 ipsimot
2315 5123 2519 5179 homini
2556 5122 2824 5178 contraria
2860 5137 2924 5178 ac
2968 5121 3221 5196 pestifera
3271 5105 3650 5205 inveniunturi

2056 5217 2476 5290 Respondebant
2499 5215 2719 5289 quidem
2744 5215 2912 5273 Stoici
2949 5217 3203 5275 latentem
3230 5234 3419 5279 eorum
3448 5222 3653 5284 utilita-

2059 5321 2168 5370 tem
2195 5325 2356 5383 posse
2393 5309 2650 5381 deinceps
2698 5309 2935 5389 agnosci,
2965 5324 3027 5391 ac
3056 5325 3124 5367 ex
3177 5311 3308 5393 ipsis
3333 5313 3655 5393 animalibus

2060 5412 2246 5462 contra
2267 5416 2453 5459 eorum
2499 5416 2705 5458 venena
2734 5400 2918 5458 haberi
2960 5388 3415 5475 remediumrSed
3443 5404 3542 5462 hos
3566 5388 3655 5467 re;

2061 5499 2200 5556 fellit
2222 5496 2552 5563 Lactantius,
2580 5495 2707 5567 quia
2736 5495 2900 5551 multa
2932 5494 3063 5551 nulli
3086 5481 3343 5565 videntur
3359 5511 3480 5553 esse
3509 5497 3654 5565 tuiti-

2062 5595 2181 5660 tati,
2211 5606 2275 5647 ac
2306 5591 2474 5647 satius
2494 5599 2641 5647 esset
2684 5588 2828 5646 nulla
2859 5588 2973 5646 ﬁeri
3029 5589 3187 5673 noxia
3230 5598 3286 5646 et
3329 5588 3605 5645 mortifera
3633 5630 3655 5669 ,

2063 5697 2223 5761 quam
2250 5700 2317 5742 ex
2347 5684 2455 5741 illis
2477 5683 2735 5740 adversus
2761 5682 2876 5753 ipsa
2903 5681 3204 5753 remedium
3230 5695 3491 5752 quaerere.
3515 5680 3661 5759 Qua-

368 5786 586 5846 metur;
616 5780 664 5838 si
681 5796 789 5839 non
808 5781 1051 5849 timetur.
1071 5797 1171 5840 nec
1197 5782 1358 5840 etiam
1381 5782 1610 5851 colitur;
1642 5783 1769 5854 quin
1797 5782 1964 5843 immo
2068 5788 2290 5854 propter
2320 5778 2412 5836 ille
2430 5776 2722 5850 respondet
2748 5777 2853 5833 soli
2879 5791 2946 5833 ex
2972 5774 3336 5831 animantibus
3356 5771 3559 5831 homini
3582 5774 3668 5831 in-
