4138 6190
473 291 576 349 151

1369 278 1677 339 DISSEBT.
1705 279 1766 333 D.
1800 275 1887 332 LE
1924 270 2208 331 NOURRY
2238 269 2304 326 IN
2332 269 2460 326 LIB.
2488 269 2574 324 DE
2597 268 2712 323 IRA
2737 265 2865 322 DEI.

3668 259 3771 315 152

464 409 635 465 ditam
661 424 691 463 a
718 409 830 465 Deo
846 403 1187 477 sapientiam,
1213 415 1318 472 qua
1363 399 1503 455 bona
1533 397 1804 453 discernat
1827 409 1858 448 a
1884 391 2061 457 malis,
2090 389 2144 448 A
2169 387 2335 449 enim,
2367 383 2618 452 probaret
2644 381 2928 448 delictum,
2955 385 3012 435 et
3049 374 3117 432 ad
3156 372 3362 446 majora
3390 372 3492 431 iter
3524 385 3772 428 securum

469 511 631 567 atque
659 501 746 555 illa
777 500 960 569 eligat,
987 506 1042 552 et
1096 494 1214 549 haec
1256 507 1321 547 ac
1367 503 1719 561 quaecumque
1766 484 1867 538 sibi
1907 480 2067 538 noxia

470 603 617 656 sunt,
647 592 868 647 devitet.

544 681 747 737 Eadem
807 679 1015 734 ratione
1064 677 1222 730 aliam
1280 672 1477 728 evertit
1518 669 2066 740 argumentationem,

463 791 629 844 quam
653 774 753 828 sibi
783 773 900 842 ipse
927 771 1069 826 hunc
1103 768 1384 838 proposuit
1409 765 1463 820 in
1501 763 1716 819 modum
1751 779 1764 816 :
1795 763 1899 816 Aut
1927 760 2070 813 Deus

472 877 676 937 potest,
706 875 760 920 et
785 880 892 918 non
924 863 1035 917 vult
1067 863 1202 915 mala
1249 861 1459 922 tollere,
1505 871 1678 927 eoque
1701 856 1815 924 ipso
1859 853 2072 907 invidus

469 970 592 1015 est:
624 967 718 1012 aut
743 958 877 1022 vult,
907 966 964 1012 et
991 972 1095 1010 non
1129 963 1325 1024 potest,
1348 962 1404 1007 et
1428 953 1497 1006 ita
1529 962 1612 1005 est
1638 951 1901 1004 infirmus.
1930 948 2073 1015 Ergo

471 1067 576 1106 nec
612 1051 751 1104 Deus
799 1048 1059 1103 dicendus
1087 1047 1205 1100 crit.
1248 1044 1510 1100 Concedit
1545 1052 1721 1096 autem
1771 1039 2076 1094 Lactantius

474 1143 646 1198 Deum
678 1155 836 1208 posse
864 1139 1058 1194 malum
1093 1138 1303 1201 tollere,
1335 1136 1429 1191 sed
1459 1135 1580 1189 ideo
1607 1133 1735 1188 illud
1760 1147 1863 1186 non
1891 1140 2074 1186 sustu-

474 1231 638 1297 lisse;
662 1232 783 1300 quia
818 1229 1057 1296 nomini,
1091 1230 1164 1283 uti
1190 1229 1393 1282 dictum
1425 1235 1536 1293 est,
1560 1225 1708 1280 dedit
1737 1219 2072 1292 sapientiam,

472 1337 579 1390 qua
630 1329 810 1391 potest
850 1321 1048 1375 malum
1089 1333 1401 1389 agnoscere,
1433 1326 1488 1372 et
1516 1331 1784 1371 sumntum
1836 1315 2033 1370 bonum
2061 1355 2076 1380 ,

475 1428 574 1469 seu
604 1413 816 1468 beatam
842 1411 1296 1466 immortalitatem
1328 1409 1574 1478 adipisci.

549 1503 1015 1574 Quemadmodum
1043 1517 1172 1557 vero
1198 1503 1339 1556 Deus
1367 1497 1626 1553 mundum
1659 1505 1880 1566 propter
1907 1494 2082 1549 homi-

476 1614 628 1662 nem,
659 1598 738 1652 sic
765 1606 820 1652 et
847 1596 989 1650 hunc
1014 1604 1234 1664 propter
1264 1608 1324 1647 se
1344 1592 1568 1655 creavit,
1596 1590 1646 1644 id
1670 1601 1777 1653 cst,
1806 1599 1861 1644 nt
1892 1590 1960 1643 ab
1991 1588 2082 1643 illo

479 1698 859 1760 cognoscatur,
888 1703 950 1742 ac
978 1687 1159 1742 debita
1188 1684 1538 1740 veneratione
1565 1681 1793 1736 colatur.
1827 1680 1956 1736 Inde
1983 1697 2082 1736 au-

2175 478 2598 640 palggghztsinit
2646 567 2746 622 sibi
2791 563 2952 635 objici
3006 561 3260 634 Archyta:
3308 537 3777 629 exemplumpqui

2189 672 2474 733 propterea
2501 659 2644 730 quod
2677 659 2853 713 villico
2885 656 3125 728 peccanti
3153 655 3320 709 iratus
3341 661 3460 708 erat
3483 693 3496 716 ,
3528 666 3652 705 eum
3683 666 3780 720 pu-

2176 754 2294 808 nire
2324 753 2509 806 noluit.
2545 751 2771 808 Unicum
2799 751 2997 822 quippe
3021 748 3326 817 exemplum
3353 755 3458 811 est,
3487 745 3630 824 quod
3661 743 3778 798 nul-

2177 845 2294 914 lus,
2327 845 2405 899 uti
2450 845 2543 900 ille
2575 843 2812 898 Platonis
2843 841 3152 896 testimonio
3182 838 3458 908 variisque
3483 825 3783 891 rationibus

2178 939 2410 1010 probare
2432 937 2733 1002 contendit,
2761 935 2924 990 debet
2958 933 3174 988 imitari.
3206 931 3273 986 At
3298 932 3364 986 de
3399 931 3542 996 Deo,
3575 928 3781 998 inquit,

2178 1030 2247 1086 de
2277 1031 2430 1098 cujus
2451 1040 2634 1084 tamen
2659 1031 2824 1100 figura
2850 1037 3012 1092 tacet,
3031 1026 3171 1080 idem
3195 1024 3481 1079 dicendum
3510 1038 3573 1077 ac
3593 1022 3661 1076 de
3688 1021 3788 1075 lto-

2180 1123 2345 1188 mine,
2375 1138 2530 1192 quem
2559 1123 2784 1176 similem
2814 1121 2912 1174 sibi
2946 1119 3092 1174 fecit.

2257 1216 2454 1270 \‘erum
2485 1216 2607 1284 quia
2642 1215 2803 1268 homo
2827 1214 3004 1267 anima
3029 1219 3241 1266 constat
3267 1219 3321 1266 et
3341 1225 3568 1279 corpore
3593 1208 3790 1277 quibus

2184 1308 2251 1362 ad
2282 1313 2506 1362 virtutes
2526 1348 2541 1372 ,
2577 1316 2670 1360 aut
2695 1316 2883 1362 contra
2913 1305 3175 1360 sancitam
3218 1319 3246 1357 a
3283 1304 3390 1358 Deo
3416 1303 3588 1372 legem
3616 1300 3683 1355 ad
3707 1302 3790 1354 vi-

2185 1403 2257 1457 tia
2287 1403 2488 1465 fertur;
2514 1401 2714 1456 idcirco
2738 1385 2906 1464 Deus,
2937 1400 3178 1454 omnium
3204 1407 3355 1468 pater
3376 1406 3430 1451 et
3457 1405 3667 1459 rector,
3695 1394 3795 1450 de-

2186 1495 2419 1550 lectatur
2449 1493 2590 1548 illius
2612 1493 2919 1554 virtutibus,
2944 1501 3000 1546 et
3022 1491 3164 1545 vitiis
3189 1498 3591 1552 commovetur;
3620 1487 3799 1541 bonos

2186 1587 2387 1656 diligit,
2421 1596 2478 1640 et
2509 1586 2736 1656 injustos
2766 1585 2890 1639 odio
2919 1583 3080 1640 habet
3108 1582 3270 1654 (Cap.
3305 1582 3434 1651 i9).

2262 1681 2331 1733 At
2354 1677 2482 1748 quid
2510 1681 2581 1740 ei,
2613 1676 2946 1746 inquiebant,
2978 1688 3113 1745 opus
3139 1674 3285 1737 odio,
3313 1672 3400 1743 qui
3423 1681 3479 1727 et
3505 1672 3660 1726 bonis
3677 1680 3793 1725 sta-

479 1791 590 1838 tetn
617 1781 753 1836 scite
791 1778 1180 1851 colligit(Cap.
1213 1777 1279 1832 16
1304 1777 1321 1848 )
1343 1777 1591 1833 eumdem
1646 1776 1916 1830 hominem
1958 1776 2084 1829 reli-
2112 1778 2162 1838 Β
2190 1772 2288 1826 tuit
2339 1772 2650 1839 praemium,
2690 1779 2746 1824 et
2792 1769 2948 1824 malis
2985 1768 3238 1837 poenam?
3261 1767 3425 1833 Quia,
3460 1766 3632 1835 inquit
3661 1765 3801 1819 Lac-

479 1877 676 1947 gionis,
701 1887 757 1931 et
783 1885 840 1930 ut
858 1875 933 1929 ait
955 1874 1165 1940 Cicero,
1194 1872 1414 1942 justitia:
1445 1885 1605 1928 causa
1634 1869 1797 1924 fuisse
1818 1879 2078 1923 creatum.

477 1968 539 2023 Si
571 1967 690 2038 quis
728 1981 859 2022 vero
885 1967 1208 2027 sciscitetur,
1238 1964 1379 2018 unde
1422 1978 1550 2032 ergo
1569 1971 1782 2031 peccata
1814 1960 1878 2014 ad
1910 1960 2085 2015 homi-

479 2075 606 2115 nem
638 2058 1019 2128 pervenerint,
1053 2071 1370 2126 responsum
1401 2072 1429 2107 a
1480 2053 1758 2108 Lactantio
1787 2054 1829 2106 is
1860 2051 2086 2120 accipiet

483 2149 649 2219 (Cap.
684 2150 807 2218 15),
858 2163 917 2203 se
942 2148 1052 2218 jam
1107 2148 1228 2202 huic
1270 2147 1552 2216 quaestioni
1585 2144 1929 2208 satisfecisse,
1961 2158 2083 2196 cum

486 2242 621 2297 dixit
647 2241 813 2296 Deum
843 2241 1044 2295 homini
1070 2239 1268 2293 bonum
1288 2237 1634 2307 proposuisse
1657 2235 1949 2300 etmalutn,
1983 2234 2086 2289 hoc

489 2345 710 2399 autem,
741 2332 884 2402 quod
927 2332 1072 2396 odit,
1101 2330 1444 2400 permisisse,
1476 2340 1532 2383 ut
1563 2329 1716 2393 illud,
1747 2328 1890 2398 quod
1921 2336 2085 2392 amat,

487 2426 616 2483 inde
637 2427 912 2482 emicaret.
945 2426 1016 2481 At
1041 2424 1164 2494 quia
1195 2425 1377 2488 homo,
1409 2439 1515 2478 non
1547 2437 1702 2476 secus
1726 2439 1788 2476 ac
1825 2421 2086 2486 mundus,

488 2519 833 2588 componitur
862 2517 1023 2572 rebus
1044 2515 1331 2571 contrariis
1355 2524 1409 2568 et
1447 2514 1882 2583 repugnantibus,
1911 2513 2086 2565 anima

485 2610 738 2665 videlicet
764 2608 934 2664 solida
961 2617 1015 2663 et
1042 2617 1266 2671 aeterna,
1291 2615 1347 2661 et
1373 2620 1599 2675 corpore
1645 2604 1814 2673 fragili
1852 2614 1906 2657 et
1943 2619 2089 2657 mor--

485 2702 602 2764 tali,
637 2701 762 2756 hinc
790 2699 1030 2769 profecto
1051 2708 1166 2753 orta
1193 2707 1321 2752 sunt
1345 2707 1400 2752 et
1452 2706 1657 2750 natura:
1687 2696 1806 2763 ejus
1833 2695 2090 2763 deprava-

484 2795 585 2860 tio,
614 2805 667 2848 et
697 2793 844 2860 vitia,
868 2808 988 2863 quae
1013 2792 1109 2848 Dei
1144 2791 1352 2861 legibus
1370 2789 1641 2859 prohiberi
1672 2788 1934 2855 oportuit.
1950 2787 2092 2841 Deus

481 2900 613 2954 ergo
643 2886 695 2940 in
727 2885 897 2940 bonos
946 2883 1193 2938 homines
1220 2883 1300 2937 eis
1349 2896 1555 2936 morem
1587 2887 1839 2950 gerentes
1881 2880 2053 2948 gratia
2073 2919 2088 2942 ,

488 2985 652 3046 atque
681 2977 734 3030 in
766 2975 1208 3046 praevaricatores
1232 2974 1309 3028 ira
1335 2983 1727 3027 commovetur.

563 3070 747 3138 Neque
805 3069 1064 3138 Epicurus
1093 3067 1332 3134 objicere
1370 3073 1582 3135 poterat
1629 3065 1680 3118 in
1732 3063 1843 3128 Deo
1894 3063 2095 3131 pariter

2188 1865 2410 1932 tantitts,
2441 1864 2484 1918 si
2507 1865 2624 1928 quis
2648 1862 2792 1933 jttste
2841 1877 2904 1915 ac
2934 1871 3080 1916 recte
3105 1862 3283 1925 vivat,
3327 1861 3492 1914 Deum
3523 1875 3653 1914 vero
3686 1875 3791 1914 nec

2190 1955 2369 2020 colat,
2399 1971 2496 2008 nec
2524 1963 2700 2017 curet,
2733 1965 2860 2006 tunc
2886 1953 2999 2021 ipse
3029 1953 3168 2006 Deus
3199 1951 3338 2004 hunc
3372 1965 3477 2004 non
3523 1951 3651 2003 sinit
3671 1965 3801 2006 esse

2190 2047 2551 2117 impunitum,
2594 2060 2658 2099 ac
2687 2055 2906 2116 propter
2946 2044 3063 2112 ejus
3107 2043 3412 2112 superbiam
3451 2042 3528 2095 ira
3579 2043 3630 2095 in
3671 2057 3802 2096 eum

2195 2148 2584 2192 commovetur.
2635 2133 3060 2202 Qemadmodum
3101 2149 3230 2204 ergo
3263 2135 3539 2203 ignoscere
3589 2142 3800 2203 potest,

2194 2232 2266 2285 ita
2297 2241 2352 2284 et
2379 2231 2557 2286 irasci.

2263 2321 2616 2390 lnterroganti
2645 2329 2824 2375 autem
2852 2334 2950 2375 cur
2981 2321 3038 2386 ii,
3065 2321 3155 2391 qui
3204 2327 3450 2388 peccant,
3483 2335 3626 2390 saepe
3679 2319 3807 2376 feli-

2191 2427 2304 2474 ces,
2353 2422 2408 2467 et
2437 2413 2525 2482 qui
2560 2413 2645 2481 pic
2671 2412 2876 2476 vivunt,
2926 2427 3070 2480 szepe
3117 2413 3297 2466 miseri
3328 2413 3437 2466 sint
3451 2428 3470 2476 ;
3511 2413 3810 2482 respondet

2192 2515 2379 2561 auctor
2402 2504 2564 2578 (Cap.
2595 2505 2700 2578 20)
2732 2515 2915 2560 noster
2937 2505 3074 2562 filios
3093 2506 3190 2558 snh
3210 2504 3493 2575 disciplina
3524 2507 3690 2573 patris
3717 2508 3807 2561 sui

2193 2598 2532 2662 constitutos,
2557 2599 2799 2653 strictius
2829 2608 2884 2652 et
2914 2597 3173 2667 frugalius
3200 2599 3320 2652 aliis
3350 2598 3588 2669 fugitivis
3615 2609 3669 2653 et
3693 2599 3799 2652 ab-

2195 2694 2389 2750 dicatis
2415 2695 2616 2748 vivere.
2651 2694 2851 2749 Deinde
2869 2711 3020 2761 vero,
3042 2696 3133 2765 qui
3167 2704 3410 2764 peccant,
3456 2696 3655 2766 inquit,
3692 2711 3804 2750 non

2193 2787 2448 2857 effugient
2477 2786 2873 2854 Deijudicium,
2922 2797 2977 2842 et
3013 2787 3220 2842 debitas
3246 2797 3580 2856 :cternasque
3630 2787 3810 2842 scele-

2193 2895 2314 2934 rum
2345 2893 2535 2950 poenas
2562 2877 2850 2945 aliquando
2876 2879 3104 2934 dabunt.

2268 2972 2544 3027 lnstabant
2585 2988 2597 3024 :
2631 2985 2727 3026 cur
2754 2973 2894 3028 Deus
2915 3015 2930 3037 ,
2959 2974 3004 3027 si
3034 2973 3383 3044 peccantibus
3435 2973 3702 3039 irascitur,
3745 2974 3803 3028 in

2195 3079 2290 3119 eos
2317 3066 2498 3118 statim
2548 3084 2652 3121 non
2691 3065 3110 3120 animadvertit?
3137 3065 3400 3133 Quoniam
3447 3081 3570 3120 cum
3596 3080 3680 3130 ea,
3725 3063 3807 3119 ait

490 3179 614 3219 esse
639 3161 839 3217 debere
869 3161 1097 3225 timoris,
1132 3158 1390 3225 libidinis,
1418 3167 1473 3214 et
1499 3157 1811 3226 cupiditatis
1837 3157 2082 3212 affectus.
2113 3152 2159 3216 C
2193 3155 2507 3213 Lactantius
2527 3201 2541 3224 ,
2574 3160 2646 3214 sit
2670 3158 2903 3212 humana
2935 3157 3216 3228 fragilitas,
3250 3169 3307 3212 ut
3341 3174 3503 3214 nemo
3537 3173 3642 3212 non
3671 3173 3803 3226 pec-

489 3254 626 3309 Nam
656 3253 712 3309 hi
737 3254 937 3323 aliique
960 3252 1167 3307 similes
1193 3259 1392 3316 motus,
1419 3266 1488 3304 ex
1517 3251 1752 3304 hominis
1783 3248 2067 3318 fragilitate

489 3346 620 3409 orti,
649 3345 700 3398 in
731 3345 922 3410 Deum,
952 3345 1042 3414 qui
1075 3343 1392 3398 immortalis
1413 3351 1513 3407 est,
1541 3351 1595 3396 et
1617 3341 1812 3395 nullius
1840 3342 1917 3397 rei
1946 3352 2085 3411 eget,

488 3438 686 3492 cadere
729 3452 834 3490 non
867 3444 1090 3506 possunt
1127 3434 1286 3506 (Cap.
1323 3433 1445 3504 16).
1476 3431 1675 3488 Contra
1705 3447 1834 3488 vero
1889 3433 1964 3486 ira
1993 3432 2090 3486 ad-

491 3543 681 3584 versus
712 3528 883 3582 malos
913 3527 1180 3588 homines,
1215 3534 1270 3580 et
1293 3541 1416 3595 erga
1445 3525 1614 3580 bonos
1644 3523 1899 3590 charitas,
1932 3533 2092 3594 atque

494 3621 550 3676 in
591 3620 821 3676 afflictos
853 3619 1147 3679 miseratio.
1176 3628 1302 3672 sunt
1344 3618 1564 3672 affectus
1593 3617 1702 3671 Deo
1734 3618 1890 3687 plane
1909 3616 2052 3686 digni
2075 3659 2088 3684 ,

493 3717 758 3783 suamque
810 3713 1011 3768 habent
1038 3713 1089 3766 in
1121 3713 1239 3782 ipso
1262 3711 1563 3766 materiam.
1611 3710 1778 3766 Secus
1808 3711 1950 3763 enim
1977 3724 2093 3763 om-

491 3805 582 3862 nia
612 3806 876 3859 scelerum
903 3819 1096 3872 genera
1129 3803 1383 3856 mundum
1413 3803 1629 3870 impune
1659 3800 2004 3856 inundarcnt.

570 3897 809 3952 Instabat
854 3896 1120 3964 Epicurus
1148 3894 1318 3948 Deum
1347 3908 1468 3947 esse
1499 3893 1710 3947 beatum
1731 3934 1745 3958 ,
1775 3907 1904 3960 ergo
1938 3892 2091 3961 quie-

498 3999 612 4046 tum
650 3999 706 4044 et
754 3987 884 4042 nihil
931 3994 1228 4041 curantem.
1281 3986 1350 4038 At
1397 3982 1559 4038 sentit
1586 3993 1755 4047 certe,
1805 3983 1878 4035 uti
1921 3982 2097 4052 arguit

497 4081 813 4138 Lactantius
840 4078 1002 4150 (Cap.
1039 4075 1166 4147 17),
1199 4091 1518 4145 semperque
1557 4075 1704 4128 vivit.
1738 4075 1862 4143 Agit
1914 4075 2092 4145 igitur.

497 4177 634 4242 Quae
663 4183 840 4227 autem
867 4180 950 4227 est
989 4171 1130 4225 actio
1161 4170 1284 4233 Dei,
1314 4169 1414 4222 nisi
1444 4167 1625 4222 tnundi
1672 4167 2096 4222 administratio?

499 4267 572 4324 At
601 4267 643 4320 si
675 4281 856 4321 curam
889 4262 1071 4317 mundi
1097 4271 1151 4317 et
1177 4261 1409 4315 hominis
1451 4258 1645 4323 habet,
1693 4260 1804 4313 vult
1857 4259 2096 4328 profecto

497 4361 567 4416 ab
595 4359 812 4413 homine
842 4357 1018 4428 legem
1039 4371 1189 4410 suam
1207 4351 1508 4418 observari,
1531 4361 1586 4428 et
1613 4350 1755 4406 illius
1779 4352 2099 4422 prwvarica-

500 4452 712 4506 toribus
738 4451 1008 4506 irascitur.
1571 4425 1586 4439 ’

2195 3257 2282 3303 cet
2301 3291 2314 3312 ,
2348 3251 2651 3318 paucissimi
2682 3251 2924 3320 profecto
2949 3251 3210 3306 viverent.
3240 3251 3440 3306 Deinde
3483 3266 3614 3304 vero
3644 3251 3798 3304 multi

2135 3401 2138 3404 ,
2195 3357 2265 3396 ex
2287 3343 2444 3396 malis
2485 3351 2541 3398 et
2571 3344 2829 3414 improbis
2875 3343 3156 3412 fiuntjusti
3184 3352 3239 3398 et
3267 3343 3625 3408 continentes,
3678 3343 3800 3410 pln-

2195 3449 2388 3504 resque
2418 3451 2482 3489 ex
2512 3435 2774 3491 idolorum
2805 3436 3102 3490 cultoribus
3132 3450 3315 3490 verum
3349 3436 3512 3490 Deum
3558 3449 3796 3504 agnove-

2195 3536 2339 3582 runt.
2369 3527 2665 3584 Utilissima
2699 3530 2858 3600 igitur
2883 3537 2966 3584 est
2995 3529 3242 3596 patientia
3297 3529 3410 3589 Dei.
3441 3530 3531 3599 qui
3583 3530 3795 3584 tametsi

2196 3619 2395 3673 noxios
2424 3635 2547 3675 sero
2571 3622 2774 3688 puniat,
2807 3635 2903 3675 eos
2946 3620 3294 3675 nihilominus
3320 3622 3408 3690 qui
3451 3621 3799 3691 pertinaciter

2197 3710 2470 3764 emendari
2499 3711 2707 3776 nolunt,
2737 3712 2945 3781 longius
2975 3712 3267 3781 procedere
3299 3728 3407 3766 non
3433 3713 3645 3780 patitur.

2270 3801 2468 3856 Verum
2493 3803 2669 3857 acrius
2694 3804 2868 3857 adlmc
2890 3804 2979 3857 alii
3013 3803 3272 3872 urgebant
3316 3813 3521 3858 tantum
3566 3804 3755 3858 abesse
3776 3845 3793 3869 ,

2199 3902 2256 3946 ut
2284 3893 2424 3949 Deus
2478 3895 2761 3961 irascatur,
2791 3897 2916 3965 quin
2962 3897 3134 3962 potius
3162 3895 3432 3950 hominem
3479 3897 3636 3950 irasci
3679 3912 3796 3950 om-

2199 3985 2326 4039 nino
2351 3986 2648 4053 prohibeat.
2681 3986 2784 4041 Sed
2819 3987 2918 4041 hoc
2946 3987 3098 4041 facile
3124 3988 3276 4042 diluit
3299 3987 3602 4042 Lactantius
3629 3987 3794 4058 (Cap.

2199 4077 2261 4131 9.1
2289 4078 2332 4148 ).
2359 4078 2492 4132 Natu
2535 4080 2673 4132 Deus
2702 4079 2916 4149 quidem
2949 4091 3090 4134 vetat
3117 4083 3384 4136 hominem
3435 4081 3620 4146 irasci;
3672 4082 3794 4151 quia

2200 4185 2345 4238 szepe
2371 4171 2567 4239 saepius
2595 4172 2789 4239 injusta
2817 4183 2901 4227 est
2926 4173 3042 4240 ejus
3060 4173 3136 4226 ira
3161 4191 3174 4226 :
3199 4172 3314 4242 ipsc
3337 4187 3466 4227 vero
3494 4173 3634 4226 Detts
3661 4189 3797 4226 nun-

2200 4276 2358 4329 quam
2393 4262 2469 4314 ira
2502 4263 2600 4314 nisi
2627 4263 2766 4331 justa
2793 4274 3055 4317 movetur.
3083 4263 3159 4317 Ad
3208 4265 3322 4318 hzec
3345 4279 3475 4318 vero
3507 4265 3646 4318 Deus
3688 4280 3794 4318 non

2202 4353 2490 4422 prohibuit,
2527 4370 2593 4408 ne
2621 4354 2780 4408 homo
2801 4356 2991 4424 quovis
3011 4355 3104 4410 irae
3128 4365 3274 4409 motu
3296 4365 3562 4426 tangatur,
3587 4356 3681 4410 sed
3729 4371 3794 4410 ne

2203 4445 2257 4498 in
2285 4461 2349 4498 eo
2381 4458 2709 4511 permaneat.
2743 4445 3080 4515 Quapropter
3116 4447 3260 4499 illam
3295 4447 3578 4514 temperari
3607 4445 3794 4515 jussit,

504 4593 512 4603 .
570 4543 682 4598 Nec
724 4550 841 4597 erat
885 4539 1127 4610 profecto
1172 4539 1311 4608 quod
1348 4539 1522 4593 adhuc
1565 4544 1781 4607 urgeret
1834 4536 2096 4606 Epicurus
2125 4542 2177 4601 D
2203 4547 2252 4592 et
2281 4538 2551 4592 hominem
2575 4549 2700 4593 ante
2725 4541 2854 4594 solis
2872 4555 3119 4594 occasum
3148 4539 3298 4594 fratri
3316 4553 3414 4594 suo
3435 4539 3791 4594 reconciliari.

501 4650 657 4697 eum,
689 4633 779 4704 qui
814 4631 969 4686 alteri
1013 4639 1192 4695 nocet,
1222 4646 1326 4684 non
1357 4645 1476 4684 esse
1526 4629 1746 4683 bonum.
1790 4628 1906 4682 Non
1954 4629 2095 4682 enim

503 4735 736 4793 nocent,
777 4725 868 4796 qui
925 4723 1136 4779 debitas
1183 4738 1211 4775 a
1263 4721 1372 4777 reis
1427 4731 1482 4777 ct
1531 4722 1726 4791 iniquis
1775 4735 1962 4791 poenas
2015 4736 2098 4776 rc-

504 4828 712 4892 petunt.

575 4909 656 4965 Ex
678 4909 840 4964 variis
867 4908 1082 4975 deinde,
1117 4924 1250 4978 quas
1282 4908 1444 4964 Stoici
1473 4917 1523 4963 et
1563 4907 1654 4962 alii
1687 4907 1978 4962 attulerunt
2007 4909 2100 4963 ira:

505 5002 939 5066 definitionibus,
989 5002 1210 5072 planum
1259 5003 1439 5072 utique
1485 5001 1790 5056 Lactantius
1843 4999 1968 5055 facit
2005 5017 2100 5056 eos

505 5095 752 5167 profecto
778 5110 884 5148 non
919 5095 1250 5149 intellexisse
1278 5094 1531 5164 quidnam
1575 5094 1713 5148 inter
1739 5095 1870 5148 iram
1897 5095 2096 5163 justam

505 5199 562 5244 et
591 5189 838 5258 injustam
863 5190 932 5242 sit
951 5190 1296 5244 discriminis.
1331 5189 1458 5243 Data
1481 5199 1656 5243 autem
1682 5190 1841 5256 justm
1862 5189 1953 5242 irae
1977 5205 2098 5243 vera

512 5282 780 5345 ﬁnitione,
803 5281 1004 5350 colligit
1055 5282 1474 5352 (Cap.18)eam
1524 5297 1621 5336 nec
1641 5280 1708 5334 ab
1733 5280 1968 5339 homine.
2002 5296 2100 5334 nec

503 5373 574 5428 ab
615 5373 731 5442 ipso
762 5373 874 5429 Deo
913 5387 1068 5441 posse
1111 5373 1295 5427 adimi.
1327 5372 1463 5440 Quid
1517 5373 1696 5442 igitttr,
1749 5372 2102 5442 inquiehant?

505 5465 697 5520 Nonne
725 5465 842 5520 sine
862 5465 954 5518 irrc
971 5463 1162 5521 affectu
1188 5476 1398 5534 peccata
1417 5466 1607 5532 corrigi
1627 5467 1881 5536 possunt?
1911 5466 2094 5532 Recte,

503 5559 578 5614 ait
602 5558 932 5622 Lactantius,
961 5561 1004 5611 si
1033 5560 1208 5613 scelus
1234 5560 1501 5614 occultum
1527 5559 1628 5621 sit,
1665 5570 1756 5612 aut
1781 5561 1827 5612 ei
1868 5560 2098 5613 humana

507 5652 627 5722 lege
665 5662 936 5706 caveatur.
972 5652 1039 5706 At
1090 5652 1304 5722 quando
1333 5652 1602 5720 cognitum
1634 5660 1687 5705 et
1717 5661 1957 5722 apertum
1985 5662 2098 5719 est,

508 5760 718 5814 mquum
749 5745 892 5801 illius
919 5741 1152 5813 judicem
1180 5743 1442 5814 indignari
1474 5757 1696 5799 necesse
1717 5752 1820 5798 est.
1880 5742 2095 5814 Alioqui

2201 4630 2454 4696 Quamvis
2479 4640 2655 4685 autem
2689 4631 2801 4700 ipse
2822 4632 2891 4685 sit
2911 4642 3164 4697 aeternus,
3204 4632 3296 4686 irae
3321 4640 3498 4686 tamen
3530 4647 3642 4685 sua:
3672 4646 3790 4684 mo-

2202 4731 2314 4777 tum
2348 4725 2399 4777 in
2445 4734 2706 4793 potestate
2753 4739 2846 4778 sua
2894 4725 2962 4780 ita
3005 4725 3194 4791 habet,
3229 4733 3286 4778 ttt
3335 4725 3400 4778 iis
3447 4733 3673 4788 tantum,
3702 4725 3794 4794 qui

2201 4831 2416 4884 semper
2446 4826 2697 4884 peccant,
2734 4817 2785 4870 itt
2819 4827 3078 4870 aeternum
3111 4817 3390 4870 irascatur.

2276 4909 2350 4963 Εςι
2387 4926 2547 4979 porro
2573 4910 2648 4963 ira
2683 4910 2846 4964 Deum
2878 4925 3062 4964 revera
3095 4909 3420 4964 commoveri
3457 4918 3644 4962 auctor
3668 4923 3797 4962 nos-

2200 5013 2281 5058 ter
2311 5019 2497 5058 rursus
2524 5003 2710 5072 probat
2764 5002 2926 5074 (Cap.
2957 5003 3027 5056 22
3076 5012 3130 5057 et
3169 5001 3272 5074 23)
3320 5019 3425 5056 non
3469 5002 3532 5056 iis
3557 5000 3796 5071 quidem,

2200 5113 2319 5168 quae
2350 5097 2549 5152 ethnici
2581 5097 2914 5164 rejiciebant,
2942 5110 3220 5150 sacrorum
3270 5107 3574 5150 nostrorum
3615 5107 3797 5148 vatum

2203 5191 2544 5253 testimoniis,
2590 5189 2683 5242 sed
2715 5190 2964 5252 aliorum,
2989 5199 3147 5257 atque
3169 5189 3220 5242 in
3253 5189 3441 5258 primis
3475 5188 3798 5259 Sybillarum

2201 5290 2255 5336 et
2271 5281 2534 5350 Apollinis
2546 5280 2751 5346 Milesii,
2769 5283 2958 5350 quibus
2980 5280 3233 5350 refragari
3248 5281 3445 5336 ethnici
3461 5282 3678 5335 omnino
3692 5295 3799 5335 non

2204 5383 2472 5444 poterant.
2497 5373 2663 5428 Addit
2697 5388 2822 5427 vero
2848 5373 3131 5442 imperium
3162 5374 3281 5428 sine
3309 5384 3478 5438 metu,
3502 5388 3566 5427 ac
3597 5381 3798 5428 metum

2202 5469 2319 5522 sine
2351 5468 2427 5520 ira
2462 5466 2758 5522 consistere
2788 5482 2892 5522 non
2929 5481 3104 5536 posse.
3141 5465 3301 5536 Atqui
3350 5468 3486 5521 Deus
3518 5464 3797 5535 imperium

2206 5560 2387 5624 habet,
2414 5574 2543 5628 ergo
2571 5568 2626 5613 et
2655 5559 2811 5624 iram,
2842 5569 3000 5628 atque
3055 5557 3255 5613 idcirco
3285 5558 3580 5623 daemones,
3613 5566 3668 5612 et
3694 5571 3797 5610 cae-

2206 5662 2316 5709 tera
2347 5650 2526 5705 omnia
2552 5649 2618 5705 ad
2643 5660 2825 5705 nutum
2847 5651 2962 5719 ejus
2991 5655 3432 5705 contremiscunt.

2279 5744 2519 5814 Denique
2547 5744 2741 5800 librum
2776 5744 2916 5800 hunc
2943 5743 3252 5824 Lactantius
3279 5742 3511 5798 absolvit
3538 5741 3756 5812 epilogo
3779 5783 3794 5809 ,
