4138 6190
299 330 403 393 155

1118 331 1275 396 CAP.
1308 338 1355 396 ll
1407 338 1497 398 DE
1546 340 1762 401 HUJUS
1800 337 1931 400 LIB.
1982 341 2212 402 AUCT.’
2245 341 2497 415 'l‘lTUL.,
2534 342 2688 405 ETC.

3469 351 3575 414 154

299 464 399 518 quo
426 444 689 504 concludit
721 447 888 504 Deum
915 450 1223 521 amandum,
1250 454 1372 525 quia
1400 456 1635 527 optimus
1672 467 1861 530 pater;
1895 460 1948 516 Α
1975 456 2227 527 lectione,
2259 462 2597 533 perspicuum
2624 463 2831 522 cunctis
2853 461 2945 524 ﬁet
2966 473 3022 525 et
3046 450 3563 531 manifestissimum.

299 541 598 607 timendum,
620 540 743 610 quia
769 557 993 599 severus
1014 543 1282 619 dominus;
1317 547 1716 629 honorandum,
1749 552 1874 623 quia

298 634 430 689 Deus
461 632 980 692 beneﬁcentissimus
1004 644 1105 693 est.
1138 632 1429 696 Concludit
1449 644 1629 715 itaque
1668 661 1871 702 morem

297 727 363 783 illi
381 726 693 798 gerendum,
725 729 947 784 caducis
972 739 1027 786 et
1057 731 1337 802 fragilibus
1365 734 1544 803 bonis,
1577 737 1873 808 voluptati-

299 822 406 883 bus.
428 830 482 876 et
510 820 653 876 vitiis
679 822 924 876 nuntium
948 823 1351 893 remittendum,
1372 828 1669 884 vacandum
1698 830 1874 901 operi-

295 911 384 967 bus
404 910 645 979 justitite,
674 911 1031 981 innocentiae,
1067 915 1438 973 beneﬁcentia:
1458 959 1475 984 ,
1506 919 1732 990 aliisque
1756 922 1871 977 vir-

296 1005 513 1068 tutibus;
560 1013 615 1058 ut
644 1004 953 1062 beatissima
981 1010 1379 1067 necessitudine
1405 1013 1507 1082 ipsi
1552 1014 1665 1070 Deo
1704 1030 1871 1085 copu-

294 1096 394 1163 lati,
422 1111 635 1167 semper
651 1098 941 1168 propitium
968 1098 1283 1168 habeamus,
1304 1118 1403 1160 nec
1422 1104 1654 1176 amplius
1676 1121 1869 1162 verea-

295 1204 400 1246 mur
425 1189 639 1245 iratum.

898 1309 1133 1367 CAPUT
1174 1311 1237 1367 Il.

292 1418 359 1473 De
381 1420 529 1493 hujus
551 1422 671 1477 libri
696 1433 926 1487 auctore.
955 1426 1123 1492 titulo,
1151 1436 1471 1497 argumento,
1495 1439 1643 1485 atate
1662 1474 1676 1495 ,
1707 1448 1868 1503 quave

352 1514 593 1567 scribendi
628 1516 827 1570 ratione
863 1517 1040 1571 abillo
1067 1520 1395 1587 compositus,
1426 1536 1488 1574 ac
1500 1524 1754 1594 quomodo
1779 1523 1868 1579 Ci-

346 1623 571 1662 ceronem
598 1608 826 1664 imitatus
852 1611 939 1667 sit.

348 1739 552 1794 Librum
587 1739 734 1797 hunc
762 1758 789 1796 a
831 1743 1112 1802 Lactantio
1141 1756 1328 1806 nostro
1366 1750 1663 1821 proiectura
1696 1752 1861 1809 fuisse

2048 549 2329 607 Postremo
2348 569 2415 610 ex
2444 555 2634 611 iisdem
2660 556 2944 624 Lactantii,
2977 575 3112 631 quos
3141 560 3444 632 citavimus,
3479 566 3564 622 lo-

1975 639 2055 695 cis
2080 641 2269 699 eadem
2311 644 2554 715 profecto
2593 648 2877 713 evidentia,
2906 650 3311 710 demonstratur
3337 654 3481 713 h‘nnc
3508 658 3569 714 li-

1973 732 2129 790 brum
2157 736 2224 791 ab
2261 737 2398 807 ipso,
2439 749 2563 810 post
2594 752 2798 811 septem
2830 742 3128 801 divinarum
3167 746 3570 805 lustitutiouum

1973 825 2143 883 libros
2179 833 2558 902 compositum,
2589 842 2644 889 et
2669 833 2808 903 juris
2837 833 3034 890 factum
3056 838 3272 906 publici.
3301 838 3416 896 Non
3449 840 3571 895 lon-

1972 933 2097 989 gum
2124 932 2301 976 autem
2330 922 2471 980 inter
2487 934 2742 996 utrosque
2763 924 3138 983 intercessisse
3160 931 3419 1000 temporis
3438 944 3564 1000 Spa-

1975 1011 2105 1067 tium
2131 1012 2273 1070 haud
2298 1016 2531 1072 absurde
2551 1018 2653 1073 dici
2677 1028 2875 1089 potest.
2904 1020 3036 1076 Cum
3065 1023 3209 1078 enim
3235 1025 3454 1094 scripsit
3477 1040 3565 1082 se-

1971 1108 2203 1164 cundum
2238 1110 2540 1168 divinarum
2592 1113 2994 1173 Institutionum
3026 1116 3220 1173 librum
3246 1158 3263 1184 ,
3294 1119 3568 1190 pollicitus

1970 1210 2081 1266 est,
2114 1201 2192 1257 uti
2237 1203 2400 1273 paulo
2441 1214 2567 1261 ante
2596 1206 3036 1274 observavimus,
3083 1208 3294 1283 forent
3336 1210 3476 1265 hunc
3504 1211 3568 1267 li-

1969 1290 2124 1347 brum
2156 1296 2471 1353 conliceret.
2505 1298 2575 1352 At
2601 1312 2725 1353 eum
2771 1298 2878 1353 cito
2923 1298 3084 1355 ﬁdem
3116 1314 3266 1355 suam
3304 1301 3569 1361 liberasse

1968 1382 2095 1439 inde
2117 1385 2408 1457 colligitur,
2438 1388 2584 1458 quod
2606 1404 2920 1459 persuasum
2957 1390 3115 1460 plane
3130 1391 3399 1459 habuerit,
3430 1393 3569 1451 hanc

1967 1474 2036 1531 de
2059 1477 2136 1532 ira
2170 1477 2263 1533 Dei
2311 1482 2666 1550 quaestionem
2724 1496 2790 1537 eo
2840 1482 3059 1552 majoris
3104 1498 3227 1538 esse
3276 1487 3559 1555 momenti,

1966 1568 2106 1638 quod
2135 1585 2163 1624 a
2194 1571 2459 1639 plurimis,
2482 1582 2539 1628 ut
2561 1574 2822 1642 diximus,
2851 1574 3229 1645 scriptoribus,
3257 1585 3313 1633 et
3335 1592 3365 1631 a
3392 1578 3565 1654 philo-

1965 1662 2150 1732 sophis
2186 1664 2418 1722 ethnicis
2446 1681 2547 1723 nec
2575 1666 2758 1736 paucis
2787 1667 3027 1736 quidem,
3059 1681 3159 1722 nec
3192 1668 3517 1739 ignobilibus
3541 1713 3559 1740 ,

1968 1756 2059 1826 qui
2083 1772 2201 1811 eam
2225 1757 2512 1827 negabant,
2543 1759 2733 1829 religio
2759 1758 3001 1815 funditus
3034 1760 3332 1817 tolleretur.
3364 1763 3435 1817 At
3457 1780 3565 1833 quo

283 1840 381 1884 tam
401 1840 599 1886 certum
629 1844 994 1908 conStansque
1014 1848 1118 1907 est,
1151 1851 1208 1895 ut
1229 1842 1371 1899 nulla
1401 1859 1634 1915 unquam
1665 1846 1851 1914 fuerit,
1886 1837 1935 1901 B
1964 1848 2175 1903 luendae
2196 1848 2458 1916 veritatis,
2488 1851 2938 1919 quemadmodum
2960 1852 3212 1920 vidimus,
3233 1853 3428 1910 ardore
3448 1864 3569 1912 erat

280 1931 361 1975 aut
387 1937 499 1978 esse
527 1926 707 1995 possit
736 1941 798 1981 ea
830 1928 898 1983 de
929 1945 988 1984 re
1010 1931 1327 2003 disceptatio
1347 1944 1441 1989 aut
1467 1939 1855 1993 controversia.

280 2012 386 2068 Suis
407 2018 553 2071 enim
589 2019 680 2074 ille
707 2020 887 2076 verbis
920 2037 978 2076 se
1023 2017 1199 2093 ipsum
1233 2023 1391 2095 hujus
1415 2027 1537 2083 libri
1562 2071 1577 2095 ,
1609 2046 1767 2101 quem
1800 2045 1861 2086 se

278 2107 590 2178 scripturum
619 2112 967 2181 promiserat,
1004 2115 1180 2181 prodit
1211 2127 1506 2174 auctorem.
1530 2119 1590 2176 In
1616 2124 1859 2179 secundo

276 2201 517 2271 siquidem
559 2204 877 2260 Divinarum
910 2206 1310 2265 institutionum
1338 2211 1498 2278 libro,
1530 2214 1623 2269 ubi
1654 2216 1708 2270 in
1736 2230 1855 2272 ser—

274 2308 463 2348 monem
490 2296 567 2351 de
596 2297 672 2351 ira
704 2298 799 2352 Dei
831 2299 1017 2354 incidit
1046 2320 1057 2354 :
1095 2320 1114 2352 c
1141 2302 1466 2373 Sepnnatur,
1487 2307 1682 2378 inquit,
1712 2309 1855 2365 inte-
1908 2350 1915 2357 .

276 2383 362 2438 rim
387 2385 532 2442 locus
562 2387 653 2443 hic
674 2390 829 2446 nobis
850 2390 919 2446 de
937 2392 1015 2446 ira
1041 2392 1134 2448 Dei
1153 2394 1477 2465 disserendi,
1493 2399 1633 2469 quod
1649 2409 1705 2456 et
1726 2402 1856 2459 ube-

275 2478 369 2533 rior
385 2490 463 2535 est
484 2482 742 2549 materia,
769 2491 823 2537 et
848 2499 1016 2553 opere
1036 2487 1257 2557 proprio
1275 2488 1434 2544 latius
1451 2493 1813 2562 exsequenda.
1829 2514 1848 2548 ι

274 2566 333 2622 At
357 2572 631 2636 promissis
665 2573 779 2626 suis
808 2574 1023 2632 stetisse
1057 2578 1286 2646 ipsemet
1323 2579 1525 2638 diserte
1561 2584 1850 2655 signiﬁcat.

274 2657 323 2713 In
351 2662 445 2717 hoc
471 2664 677 2734 quippe
699 2666 839 2719 libro
870 2682 969 2722 nos
1004 2670 1206 2739 sa’pius
1238 2670 1305 2726 ad
1336 2675 1665 2742 secundum,
1693 2693 1855 2748 quar-

272 2760 373 2806 tum
409 2764 460 2808 et
496 2765 718 2811 sextum
756 2756 1058 2815 divinarum
1091 2762 1489 2821 lustitutiouum
1524 2782 1742 2824 suarum
1776 2771 1855 2828 sic

272 2843 436 2913 mittit,
459 2856 513 2900 ut
540 2848 792 2903 omnium
832 2849 1095 2908 horumce
1139 2853 1401 2911 librorum
1438 2873 1627 2914 verum
1657 2876 1853 2931 paren:

272 2941 365 2988 tem
411 2951 469 2992 se
515 2936 691 2993 fuisse
744 2940 918 3007 palam
971 2943 1219 2999 fateatur.
1267 2946 1427 3003 Plura
1461 2948 1625 3020 igitur
1654 2952 1707 3006 in
1736 2968 1848 3009 rem

271 3026 389 3082 adeo
425 3029 668 3096 claram,
727 3031 971 3103 adeoque
1014 3045 1200 3107 aperte
1245 3039 1314 3094 ab
1358 3041 1587 3110 ipsomet
1631 3055 1851 3103 auctore

270 3129 434 3173 nostro
475 3121 787 3178 confessam
816 3165 831 3189 ,
880 3127 1185 3182 testimonia
1242 3130 1469 3186 aliorum
1525 3134 1846 3206 scriptorum

268 3224 538 3281 congerere
571 3223 685 3268 tam
716 3215 873 3271 facile
923 3228 1111 3285 esset,
1160 3236 1321 3290 quam
1360 3237 1843 3294 supervacaneum.
1873 3229 1920 3293 C

268 3299 634 3374 Hieronymum
670 3317 850 3363 tamen
878 3324 999 3364 cum
1031 3312 1102 3366 ob
1129 3313 1269 3369 illius
1300 3316 1695 3388 antiquitatem,
1735 3331 1845 3377 tum

268 3393 329 3446 ob
354 3410 460 3451 eam
485 3413 653 3468 quam
683 3397 754 3453 de
781 3399 884 3454 hoc
910 3401 1048 3456 libro
1082 3403 1187 3459 t‘ert
1222 3409 1542 3463 sententiam
1565 3452 1579 3476 ,
1633 3414 1847 3481 penitus

268 3487 491 3544 omittere
514 3505 630 3546 non
659 3507 966 3562 possumus.
1008 3495 1248 3553 Primum
1290 3499 1470 3571 itaque
1501 3503 1567 3558 ad
1593 3504 1841 3575 Magnum

270 3578 396 3632 urbis
437 3579 630 3636 Romae
667 3592 941 3639 oratorem
997 3587 1076 3641 sic
1114 3588 1183 3643 de
1238 3590 1341 3646 hoc
1392 3592 1529 3648 libro
1583 3597 1839 3668 scripsit:

274 3658 611 3728 c'lactantius
642 3673 711 3728 de
735 3674 817 3729 Ira
846 3687 900 3731 et
923 3676 1151 3747 Opiﬁcio
1175 3680 1268 3737 Dei
1288 3682 1396 3739 duo
1417 3658 1840 3746 volumina-con-

269 3759 410 3829 didit,
439 3781 577 3833 quos
610 3766 659 3821 si
688 3766 871 3838 legere
900 3770 1135 3827 volueris
1157 3814 1172 3839 ,
1205 3774 1540 3847 dialogorum
1564 3779 1842 3837 Ciceronis

268 3849 311 3904 in
336 3854 406 3907 eis
424 3857 675 3928 ἐπιτομὴν
699 3861 962 3928 reperies.
997 3880 1016 3915 ι
1041 3862 1151 3918 Suo
1176 3875 1357 3921 autem
1383 3869 1717 3941 Scriptorum
1742 3873 1843 3930 Ec-

266 3942 671 4004 clesiasticorum
701 3951 755 4006 in
784 3953 1050 4026 catalogo,
1080 3957 1167 4011 ubi
1199 3958 1265 4013 ad
1298 3959 1473 4029 ipsum
1504 3962 1838 4023 Lactantium

266 4040 426 4095 venit:
456 4061 475 4093 ι
509 4042 816 4112 Habemus,
847 4047 1042 4119 inquit,
1075 4050 1192 4120 ejus
1221 4052 1438 4119 librum,
1463 4066 1518 4111 et
1539 4057 1839 4127 pulcherri-

269 4142 391 4186 mum
417 4133 483 4190 de
511 4135 603 4190 ira
638 4136 750 4191 Dei.
782 4157 801 4190 ι
846 4139 1087 4210 Denique
1104 4143 1212 4197 alio
1241 4146 1292 4198 iu
1316 4162 1517 4215 opere:
1553 4168 1571 4200 ι
1607 4151 1837 4208 Firmia-

264 4238 349 4278 nus
372 4237 555 4285 noster
588 4229 789 4286 librum
826 4231 895 4287 de
924 4232 1007 4289 lra
1057 4235 1187 4303 Dei,
1217 4237 1378 4294 docto
1408 4242 1607 4311 pariter
1636 4256 1690 4299 et
1722 4246 1837 4301 elo-

262 4319 418 4382 quenti
446 4335 705 4377 sermone
740 4326 1096 4403 conscripsit,
1137 4345 1297 4399 quem
1325 4333 1414 4401 qui
1448 4334 1672 4404 legerit,
1707 4349 1834 4406 puto

262 4405 303 4459 ei
329 4408 388 4462 ad
413 4409 501 4465 ira;
536 4400 879 4469 intellectum
910 4418 1043 4471 satis
1081 4419 1297 4477 abunde
1321 4438 1487 4496 posse
1503 4400 1777 4485 sufﬁcere.
1807 4450 1827 4482 ι

260 4495 459 4556 Anvero
476 4502 611 4559 illud
639 4504 951 4577 Hieronymi
974 4507 1077 4564 hoc
1092 4509 1159 4564 de
1181 4511 1320 4566 libro
1336 4495 1598 4583 judicium
1621 4536 1830 4589 aequum

1963 1939 2216 1996 incensus
2232 1982 2246 2009 ,
2272 1957 2379 1997 non
2408 1943 2581 2012 potuit
2608 1945 2790 2014 utique
2818 1944 3115 2013 longiorem
3137 1946 3203 2000 ad
3226 1946 3361 2002 alios
3384 1948 3453 2003 ab
3476 1964 3566 2005 er-

1961 2048 2087 2089 rore
2129 2034 2453 2101 liberandos,
2485 2046 2539 2092 et
2564 2051 2693 2092 vera
2720 2036 2965 2094 doctrina
3014 2037 3406 2110 informandus,
3435 2056 3549 2099 mo-

1960 2142 2077 2185 ram
2100 2130 2463 2202 interponere.

2032 2246 2297 2305 Praeterea
2348 2250 2655 2309 Lactantius
2707 2273 2728 2307 ι
2762 2254 3011 2312 Extrema
3067 2267 3343 2313 senectute
3379 2276 3399 2310 ι
3421 2299 3435 2322 ,
3467 2258 3544 2314 uti

1958 2338 2033 2392 ait
2056 2339 2435 2413 Hieronymus,
2473 2362 2493 2396 ι
2530 2346 2789 2414 magister
2817 2348 3051 2404 Caesaris
3079 2349 3278 2422 Crispi,
3306 2350 3562 2408 ﬁliiCon—

1957 2433 2217 2501 stantini,
2272 2434 2327 2490 in
2358 2436 2530 2492 Gallia
2563 2437 2678 2493 fuit.
2717 2458 2737 2493 ι
2788 2440 3011 2510 CriSpus
3050 2452 3230 2501 autem
3260 2444 3457 2499 bellum
3501 2445 3556 2501 iu

1958 2524 2142 2581 Galliis
2169 2529 2315 2584 circa
2362 2545 2563 2586 annum
2605 2532 2713 2588 320
2751 2536 2992 2604 gerebat,
3021 2546 3078 2592 et
3121 2552 3265 2593 anno
3293 2539 3420 2602 5‘26,
3450 2555 3558 2609 quo

1960 2617 2047 2671 vix
2087 2618 2214 2673 dum
2261 2621 2435 2676 aetatis
2466 2637 2576 2678 suae
2617 2625 2949 2683 tricesimum
2992 2628 3276 2699 attigerat,
3309 2641 3554 2688 mortuus

1955 2718 2058 2763 est.
2087 2710 2247 2782 Atqui
2271 2712 2578 2770 Lactantius
2594 2732 2835 2787 operam,
2856 2720 3281 2789 sicutidiximus,
3302 2724 3545 2778 conscri-

1954 2799 2146 2857 bendis
2190 2801 2586 2862 lustitutiouum
2625 2808 2928 2867 divinarum
2971 2811 3122 2867 libris
3169 2813 3310 2869 circa
3353 2830 3553 2871 annum

1955 2891 2080 2961 5‘31,
2112 2901 2272 2951 aetate
2294 2896 2402 2967 jam
2434 2910 2721 2969 provectus
2752 2903 2999 2959 navabat.
3031 2904 3146 2962 Non
3174 2905 3389 2977 longum
3421 2922 3552 2979 ergo

1955 2998 2077 3057 post
2107 2998 2317 3061 tempus
2345 2992 2518 3060 hune,
2551 2995 2707 3052 sicuti
2735 2999 3088 3068 promiserat,
3139 2999 3336 3057 librum
3366 3000 3435 3058 de
3462 3002 3548 3059 Ira

1954 3079 2049 3137 Dei
2072 3087 2394 3155 composuit,
2426 3089 2804 3163 publicamque
2825 3094 3008 3149 emisit
3037 3096 3090 3150 in
3121 3096 3317 3154 lucem.

2026 3194 2227 3252 Eodem
2256 3213 2420 3268 porro
2449 3201 2591 3257 hunc
2616 3219 2680 3259 ac
2706 3206 3015 3277 superiores
3057 3207 3225 3265 libros
3267 3210 3430 3282 stylo,
3457 3227 3554 3270 ea-

1951 3285 2183 3359 demque
2221 3292 2491 3349 scribendi
2533 3297 2743 3353 ratione
2790 3299 2982 3355 abillo
3011 3313 3289 3359 exaratum
3332 3304 3541 3377 fuisse,

1950 3396 2111 3437 nemo
2138 3398 2289 3451 sane,
2319 3388 2407 3457 qui
2438 3403 2534 3443 eos
2560 3391 2725 3447 semel
2748 3393 3018 3449 cursimve
3046 3396 3256 3465 legerit,
3284 3413 3538 3470 umquam

1948 3473 2294 3533 inﬁciabitur.
2354 3479 2561 3551 Ubique
2603 3484 2745 3539 enim
2789 3486 2842 3540 in
2874 3501 2942 3542 eo
2971 3487 3114 3544 idem
3141 3498 3303 3557 atque
3334 3492 3386 3548 in
3412 3494 3536 3550 aliis

1948 3564 2146 3620 emicat
2172 3574 2581 3638 argumentandi
2602 3590 2793 3645 genus,
2814 3578 3002 3633 eadem
3025 3582 3294 3639 sermonis
3324 3585 3548 3654 elegan—

1949 3655 2053 3722 tia,
2085 3657 2227 3713 idem
2268 3662 2530 3717 orationis
2554 3665 2733 3721 cultus
2753 3708 2769 3735 ,
2799 3678 3021 3724 ornatus
3055 3679 3111 3725 et
3149 3671 3311 3727 nitor.
3346 3673 3547 3742 Quam-

1947 3748 2133 3804 obrem
2164 3749 2269 3808 hoc
2297 3750 2465 3809 iusius
2496 3755 2748 3825 probare,
2769 3758 2899 3829 quid
2928 3760 3072 3816 aliud
3104 3772 3210 3830 est,
3240 3779 3400 3835 quam
3432 3781 3547 3823 me-

1946 3841 2157 3899 ridiano
2188 3844 2287 3900 soli
2311 3845 2483 3903 lucem
2513 3848 2709 3906 afferre
2729 3855 3157 3924 supervacuam?

2015 3954 2494 4017 Animadversione
2513 3978 2643 4018 vero
2659 3964 2833 4037 aliqua
2854 3965 2993 4022 haud
3011 3983 3227 4038 prorsus
3246 3971 3525 4042 indignum
3624 4008 3635 4019 -

1946 4045 2077 4101 illud
2108 4049 2232 4115 erit,
2271 4052 2412 4121 quod
2442 4054 2756 4113 Laclantius
2782 4060 2835 4114 in
2863 4059 3022 4131 hujus
3043 4063 3165 4119 libri
3196 4068 3539 4134 peroratione

1942 4139 2211 4209 signiﬁcat
2271 4142 2586 4202 imitandum
2638 4149 2739 4203 sibi
2794 4153 3142 4221 proposuisse
3192 4153 3533 4214 Ciceronem.

1940 4230 2101 4297 Audi,
2130 4250 2335 4304 quzeso,
2365 4238 2483 4308 ejus
2508 4240 2673 4296 verba
2706 4260 2720 4297 ε
2748 4261 2767 4295 ι
2800 4243 3025 4311 Restat,
3058 4263 3115 4301 ut
3144 4264 3294 4304 more
3316 4251 3537 4307 Cicero-

1940 4322 2025 4378 nis
2052 4335 2263 4381 utamur
2289 4329 2501 4400 epilogo
2527 4332 2593 4386 ad
2621 4335 2982 4402 perorandum
3010 4340 3184 4394 :sicut
3209 4340 3299 4396 ille
3329 4344 3378 4395 iu
3398 4343 3538 4398 Tus-

1938 4416 2147 4471 culanis
2170 4418 2238 4473 de
2259 4429 2436 4476 morte
2457 4423 2728 4479 disserens
2757 4423 2905 4493 fecit,
2932 4426 3003 4480 ita
3036 4444 3135 4483 nos
3162 4429 3216 4483 in
3247 4422 3350 4487 hoc
3369 4447 3537 4502 opere

1938 4508 2243 4564 testimonia
2261 4510 2465 4577 divina,
2489 4514 2683 4584 quibus
2701 4517 2844 4572 credi
2875 4521 3065 4587 possit,
3090 4520 3348 4578 adhibere
3367 4524 3536 4580 debe-

259 4587 347 4656 sit,
387 4601 438 4647 et
464 4595 719 4651 omnibus
745 4599 1037 4668 probetur,
1083 4617 1180 4657 nos
1212 4602 1350 4659 inl‘ra
1382 4587 1825 4670 examinabimus.
1855 4618 1864 4678 1

1953 4613 2079 4654 nus.
2108 4619 2127 4653 ι
2155 4602 2232 4657 lbi
2254 4614 2434 4660 autem
2463 4606 2552 4662 ille
2571 4609 2803 4678 primum
2822 4602 3244 4668 Tusculanarum
3269 4615 3535 4683 Quaestio-

257 4676 358 4734 iam
387 4698 507 4739 vero
536 4702 604 4741 ex
637 4687 816 4743 citatis
844 4688 1024 4758 illius,
1054 4702 1217 4761 atque
1238 4694 1503 4752 Lactantii
1540 4700 1700 4756 etiam
1729 4719 1829 4758 no-

257 4772 339 4825 stri
358 4776 529 4830 verbis
553 4777 860 4849 colligimus
892 4780 1044 4835 illum
1074 4782 1299 4852 hujusce
1335 4787 1456 4842 libri
1493 4804 1617 4846 esse
1642 4808 1827 4851 vermn

254 4866 628 4939 genuinumque
657 4882 960 4939 parentem.

313 4955 414 5013 Nec
440 4961 616 5017 minus
658 4963 807 5019 clare
855 4966 1216 5037 perspicimus
1250 4971 1321 5026 ab
1372 4972 1465 5027 illo
1504 4973 1572 5030 de
1601 4974 1685 5032 lra
1730 4979 1827 5037 Dei

254 5045 399 5104 fuisse
428 5052 768 5123 inscriptum.
800 5056 1037 5113 Tametsi
1064 5061 1211 5115 enim
1241 5061 1308 5118 de
1345 5064 1446 5120 hac
1472 5067 1824 5139 inscriptione

257 5137 596 5218 Hieronymus
624 5159 681 5204 et
710 5151 941 5220 ipsemet
972 5153 1283 5212 Lactantius
1302 5159 1465 5229 plane
1489 5137 1820 5237 tacuissent,

255 5245 354 5289 eam
376 5252 503 5295 sane
532 5251 677 5296 totus
700 5242 836 5313 ipse,
861 5257 1092 5317 quantus
1116 5258 1231 5314 est,
1263 5250 1402 5307 liber
1429 5255 1625 5312 clamat
1654 5268 1709 5314 et
1737 5277 1823 5318 as-

253 5330 385 5384 serit.
423 5332 540 5390 Non
583 5336 719 5393 alius
745 5339 1013 5410 siquidem
1052 5340 1106 5396 in
1142 5358 1209 5399 eo
1236 5346 1527 5403 scribendo
1557 5350 1820 5412 Lactantii

252 5432 423 5493 scapus
448 5425 677 5498 ﬁnisque
709 5430 831 5498 fuit,
862 5448 1023 5503 quam
1052 5444 1110 5488 ut
1137 5437 1315 5506 palam
1340 5442 1592 5499 omnibus
1615 5445 1823 5504 faceret

252 5508 397 5571 Deum
432 5534 618 5575 revera
649 5523 825 5578 irasci.
859 5523 1046 5595 Neque
1075 5526 1223 5583 aliud
1255 5530 1417 5585 etiam
1461 5543 1574 5589 toto
1619 5537 1733 5595 fere
1762 5541 1815 5596 in

251 5598 340 5658 hoc
366 5608 515 5677 libro,
548 5627 703 5682 quam
730 5616 799 5670 de
818 5618 899 5670 ira
924 5616 1020 5673 Dei
1054 5628 1315 5676 tractatur
1339 5639 1739 5695 argumentum.
1766 5642 1821 5689 et

250 5696 307 5749 ad
334 5697 450 5755 illud
476 5706 650 5760 omnia
682 5710 1013 5766 referuntur.
1050 5713 1204 5782 Quod
1235 5716 1452 5784 quidem
1503 5735 1572 5774 ex
1619 5720 1756 5777 facta
1785 5743 1815 5781 ει

252 5789 388 5845 nobis
415 5794 555 5851 illius
585 5802 802 5872 analysi,
837 5804 923 5859 vel
953 5804 1113 5861 etiam
1158 5806 1428 5865 levissima
1467 5810 1592 5867 libri
1646 5814 1813 5884 ipsius

1936 4708 2064 4747 num
2097 4694 2290 4751 librum
2321 4697 2517 4755 indicat
2542 4742 2556 4767 ,
2606 4701 2760 4772 cujus
2778 4702 3046 4774 epilogum
3075 4720 3135 4760 se
3164 4707 3359 4763 imitari
3390 4708 3534 4764 haud

1933 4782 2202 4843 immerito
2228 4789 2530 4858 proﬁtetur.

2004 4896 2197 4955 Nonne
2226 4911 2432 4969 autem,
2468 4904 2671 4975 inquiet
2715 4906 2942 4977 aliquis,
2976 4906 3115 4963 lianc
3156 4908 3226 4963 ob
3265 4909 3530 4967 rationem

1932 4989 2298 5064 Hieronymus
2319 4995 2512 5066 Magno
2531 4998 2802 5054 scribebat
2831 5002 3072 5074 ἐπιτομήν
3091 5001 3422 5072 dialogorum
3435 5000 3531 5058 Ci-

1931 5086 2146 5140 ceronis
2178 5087 2231 5141 in
2260 5087 2427 5143 hocce
2465 5089 2603 5145 libro
2635 5093 2896 5162 reperiri?
2924 5093 3138 5147 Minime
3164 5094 3379 5164 quidem
3400 5137 3416 5161 ,
3452 5093 3530 5150 uti

1929 5185 2207 5248 putamus.
2258 5180 2512 5237 Latinum
2557 5183 2836 5239 enimvero
2884 5195 3153 5240 oratorem
3204 5186 3256 5239 in
3313 5186 3527 5257 epilogo

1931 5268 2212 5329 dumtaxat
2241 5289 2299 5331 se
2327 5275 2529 5332 imitari
2558 5277 2845 5348 signiﬁcat,
2877 5294 2974 5332 nec
2988 5292 3173 5333 eorum
3193 5295 3314 5349 qua:
3344 5279 3413 5334 ab
3433 5279 3527 5334 illo

1929 5363 2071 5420 dicta
2097 5376 2242 5433 sunt,
2277 5367 2794 5441 iecitcompendium
2821 5371 2984 5442 :quin
3012 5372 3179 5426 immo
3205 5371 3526 5427 testimoniis

1927 5455 2098 5511 utitur
2123 5459 2193 5514 ab
2219 5459 2287 5514 iis
2305 5500 2320 5526 ,
2348 5476 2470 5532 qua:
2496 5460 2688 5517 Cicero
2724 5461 2977 5529 adhibet,
3020 5462 3179 5534 plane
3206 5463 3528 5534 penitusque

1927 5545 2179 5607 diversis.
2206 5551 2325 5609 Vox
2351 5555 2533 5627 itaque
2558 5557 2772 5629 ἄπιτομή
2797 5556 2866 5612 ab
2895 5555 3227 5628 Hieronymo
3271 5571 3337 5611 eo
3354 5596 3371 5623 ,
3420 5553 3525 5610 nisi

1925 5639 2183 5707 fallimur.
2212 5663 2374 5704 sensu
2404 5661 2726 5733 usurpatur,
2767 5665 2875 5737 quo
2903 5666 2932 5705 ιι
2965 5650 3123 5722 ῃοῢὶξ
3148 5648 3395 5720 superius
3424 5662 3527 5702 0X-

1921 5735 2111 5810 plit‘ata
2139 5750 2241 5798 est.
