4138 6190
492 342 596 406 159

1954 351 2358 423 DISQUISI'I‘IO

3690 353 3798 413 160

492 479 713 520 suorum
752 460 1211 535 Miscellaneorum
1231 505 1248 531 ,
1281 464 1380 520 hac
1422 465 1775 539 inscriptione
1818 467 2036 539 przelixa
2066 486 2081 523 :
2109 475 2164 533 Α
2191 478 2277 526 tur
2305 486 2427 526 esse
2449 469 2558 526 duo
2585 467 2844 526 Firmiani
2868 458 3129 526 Lactantii
3152 469 3510 542 praenomina.
3534 470 3796 540 Quamvis

491 556 645 612 Lucii
673 557 849 612 Cecilii
880 556 1141 613 Firmiani
1170 558 1428 615 Lactantii
1454 562 1579 616 liber
1605 563 1668 618 de
1690 562 1943 619 Mortibus
1968 563 2091 618 Per-

489 661 802 706 secutorum.

564 743 889 798 Prodierunt
918 754 1104 815 postea
1127 746 1290 802 variis
1322 748 1373 802 in
1405 747 1633 818 Europae
1658 749 1897 819 partibus
1927 748 2082 804 istius

492 832 617 889 libri
648 833 913 890 editiones
939 835 1056 890 alia:
1078 878 1092 902 ,
1123 837 1318 906 quibus
1358 854 1569 893 summo
1593 853 1863 894 consensu
1911 840 1964 895 in
2013 840 2084 894 ti-

499 924 612 978 tulo
639 924 789 979 Lucii
816 926 994 981 Cecilii
1018 943 1110 983 seu
1140 927 1287 984 Ctelii
1313 931 1534 986 vocibus
1560 933 1780 1002 prwlixa
1807 941 1934 988 sunt
1963 931 2085 986 Fir-

486 1017 645 1072 miaui
671 1017 926 1073 Lactantii
949 1020 1224 1076 vocabula.

557 1112 628 1164 At
655 1112 895 1167 Domuus
920 1112 1172 1169 Nicotaus
1217 1115 1267 1170 le
1295 1114 1510 1188 Nourry
1532 1157 1548 1183 ,
1579 1116 1796 1174 Ordinis
1821 1119 1876 1176 S.
1913 1119 2085 1177 Bene-

485 1201 614 1258 dicti
645 1203 972 1272 Monachus,
1004 1206 1089 1261 vir
1119 1208 1306 1278 utique
1333 1209 1730 1266 eruditissimus
1753 1253 1767 1278 ,
1789 1212 1942 1284 cujus
1972 1223 2084 1268 stu-

489 1293 578 1349 dio
603 1305 657 1349 et
686 1311 849 1366 opera
877 1312 1018 1352 anno
1045 1299 1329 1354 millesimo
1357 1302 1839 1372 septingentesimo
1871 1304 2083 1360 decimo

482 1403 620 1444 nova
651 1390 771 1445 libri
812 1390 874 1444 de
919 1390 1174 1447 Mortibus
1205 1392 1602 1450 Persecutorum
1650 1398 1816 1453 editio
1861 1397 2082 1452 Parisiis

482 1482 739 1538 adornata
789 1495 904 1552 est,
958 1485 1106 1540 Lucii
1133 1486 1312 1542 Cecilii
1344 1491 1560 1545 nomina
1594 1501 1797 1547 tantum
1830 1493 1882 1546 in
1927 1493 2082 1550 titulo

487 1577 740 1647 reliquit,
775 1592 876 1633 nec
905 1576 1160 1633 Firmiani
1188 1579 1446 1636 Lactantii
1473 1597 1633 1639 voces
1658 1583 1878 1639 addidit.
1913 1585 2079 1656 quue

479 1669 760 1737 prmstitit,
791 1678 901 1723 tum
948 1675 1071 1740 quia
1116 1675 1524 1743 manuscriptus;
1564 1675 1658 1732 ille
1713 1676 1888 1732 codex
1949 1676 2077 1730 Fir-

481 1760 642 1814 miuni
669 1759 928 1816 Lactantii
964 1764 1180 1819 nomina
1205 1780 1313 1820 non
1341 1767 1537 1834 habet,
1565 1777 1679 1823 tum
1721 1771 1842 1840 quia
1866 1771 2075 1841 inﬁrma

2188 565 2334 620 enim
2365 565 2677 619 Lactantius
2723 565 2884 635 vulgo
2926 563 3136 619 dicatur
3160 561 3395 629 Caelius,
3425 572 3482 619 et
3525 563 3706 620 desint
3734 566 3793 620 in

2186 655 2326 711 libro
2347 657 2410 710 de
2436 638 2688 710 Mortibus
2719 653 3113 710 Persecutorum
3133 655 3354 708 nomina
3379 653 3641 708 Firmiani
3661 655 3794 710 Lac-

2187 751 2372 815 tantii;
2425 750 2480 805 in
2529 750 2774 821 pluribus
2820 758 2997 804 tamen
3048 746 3476 803 iudubitatorum
3520 746 3792 804 Lactantii

2186 857 2414 914 Operum
2462 842 2844 913 manuscriptis
2888 841 3198 897 nominatur
3225 839 3413 894 Lucius
3455 839 3708 908 Cecilius,
3736 850 3795 897 et

2185 938 2242 992 in
2268 937 2588 1008 quibusdam
2633 937 2757 992 aliis
2803 934 3187 1005 manuscriptis
3214 933 3364 988 Lucii
3392 929 3540 988 Caelii
3567 934 3790 988 nomina

2185 1031 2582 1096 desiderantur,
2617 1039 2674 1085 ut
2713 1030 2912 1084 fatetur
2945 1028 3189 1083 Domnus
3221 1027 3270 1082 le
3298 1025 3516 1097 Nourry
3556 1043 3569 1080 :
3599 1025 3671 1082 de
3701 1026 3792 1082 bis

2183 1137 2408 1193 agemus
2427 1123 2490 1176 ad
2517 1122 2678 1178 ﬁnem
2711 1120 2935 1191 hujusce
2959 1117 3380 1190 Disquisitionis.
3410 1116 3639 1187 Insuper
3659 1117 3783 1172 nul-

2191 1215 2276 1270 lus
2301 1216 2595 1286 scriptores
2620 1216 2762 1270 inter
2790 1211 3188 1268 ecclesiasticos
3219 1218 3418 1279 praater
3442 1207 3787 1264 Lactantium

2185 1306 2377 1364 Lucius
2403 1307 2621 1363 Cecilius
2663 1314 3010 1370 recensetur;
3042 1304 3264 1359 omnino
3311 1303 3526 1374 ignotus
3554 1311 3638 1357 est
3659 1302 3786 1372 qui-

2184 1402 2265 1456 vis
2295 1403 2432 1457 alius
2459 1401 2700 1472 ejusdem
2729 1399 2992 1465 nominis,
3021 1399 3106 1453 cui
3129 1397 3268 1452 liber
3288 1397 3352 1452 de
3376 1394 3633 1451 Mortibus
3653 1394 3785 1476 Per-

2157 1503 2473 1549 'secutorum
2502 1493 2737 1548 adscribi
2771 1493 2962 1562 possit.

2253 1585 2317 1639 '20
2357 1584 2590 1642 Sanctus
2638 1585 2994 1655 Hieronymus
3042 1583 3096 1638 in
3143 1579 3403 1653 Catalogo
3442 1579 3780 1650 Scriptorum

2182 1678 2682 1734 Ecclesiasticorum
2708 1684 2974 1732 memorat
3004 1674 3272 1730 Lactantii
3301 1676 3368 1728 de
3417 1671 3783 1757 Persecutioue

2182 1769 2366 1823 librum
2398 1785 2576 1823 unum.
2607 1767 2678 1824 At
2705 1767 2842 1824 liber
2869 1767 2970 1822 iste
2996 1767 3059 1820 de
3095 1765 3453 1821 Persecutione
3491 1779 3598 1819 non
3628 1765 3782 1822 vide-

480 1869 592 1907 esse
617 1855 942 1910 existimavit
970 1869 1284 1927 argumenta
1306 1902 1321 1927 ,
1352 1862 1547 1934 quibus
1573 1862 1662 1917 hic
1687 1863 1824 1919 liber
1849 1863 2076 1920 Lactan-
2103 1859 2153 1920 B
2181 1870 2268 1915 tur
2299 1861 2434 1916 alius
2463 1876 2584 1918 esse
2609 1875 2640 1915 a
2671 1860 2809 1916 libro
2837 1861 2902 1914 de
2948 1858 3203 1913 Mortibus
3247 1856 3656 1912 Persecutorum.
3682 1857 3780 1912 Li-

483 1945 559 1998 tio
593 1945 867 2010 tribuitur,
915 1949 1155 2019 aliaque,
1206 1959 1264 2006 ut
1309 1953 1409 2007 sibi
1444 1954 1617 2008 visum
1647 1965 1761 2022 est,
1806 1969 2076 2028 suppetere

477 2039 695 2105 censuit,
719 2057 809 2094 nec
831 2041 1028 2095 minimi
1063 2046 1324 2112 momenti,
1353 2047 1537 2116 quibus
1559 2048 1620 2102 ab
1649 2065 1706 2103 eo
1727 2049 2071 2122 abjudicetur.

549 2131 606 2184 ln
638 2147 700 2186 ea
729 2147 787 2186 re
815 2132 880 2187 D.
910 2133 1219 2204 Stephanus
1245 2137 1494 2194 Baluzius
1520 2149 1577 2195 et
1622 2140 1864 2196 Domnus
1911 2142 2074 2197 Nico-

479 2224 597 2280 laus
628 2224 677 2280 le
704 2225 917 2298 Nourry
945 2231 1318 2300 consentiunt,
1351 2232 1591 2287 codicem
1621 2235 2069 2304 manuscriptnm,

475 2318 563 2389 qui
598 2333 735 2372 unus
762 2329 935 2383 extat,
962 2330 1015 2374 et
1041 2337 1072 2376 e
1099 2338 1205 2392 quo
1235 2325 1377 2394 typis
1407 2339 1698 2395 expressus
1725 2339 1806 2381 est
1830 2327 1968 2382 liber
1991 2329 2077 2384 hic

476 2410 540 2463 de
565 2409 818 2466 Mortibus
849 2411 1274 2478 Persecutorum,
1303 2423 1501 2485 printer
1545 2417 1721 2472 hiatus
1753 2419 2076 2489 lacunasque

478 2507 796 2572 nonnullas,
831 2506 1042 2575 mendis
1066 2509 1320 2564 infectum
1365 2525 1486 2566 esse
1511 2511 1780 2581 plurimis.
1802 2577 1806 2579 ἢ
1829 2513 2076 2568 Ostendit

473 2603 733 2666 praeterea
771 2599 1010 2654 Domuus
1051 2600 1099 2654 Ie
1139 2599 1386 2672 Nourry,
1443 2604 1668 2674 plurima
1715 2621 1822 2660 esse
1865 2606 1978 2660 loca
2022 2607 2077 2660 in

474 2705 533 2743 eo
559 2691 762 2757 codice,
791 2708 908 2761 qua:
932 2710 1036 2747 non
1063 2695 1234 2749 solum
1261 2679 1516 2761 Librarii,
1541 2706 1597 2750 ut
1623 2699 1843 2763 assolet,
1869 2709 1958 2752 aut
1987 2716 2075 2753 os-

472 2782 713 2835 citatione
749 2800 810 2836 ac
855 2785 1204 2856 negligentia,
1235 2797 1325 2840 aut
1372 2787 1533 2841 nimia
1575 2789 1828 2843 scribendi
1857 2791 2076 2861 [estina-

474 2874 608 2928 tione
629 2917 644 2941 ,
675 2876 766 2930 sed
805 2893 992 2948 magna
1017 2879 1204 2943 etiam,
1236 2889 1295 2933 ut
1334 2879 1409 2934 ait
1438 2894 1489 2948 p.
1527 2881 1630 2936 119
1657 2882 1854 2953 lingua:
1901 2883 2078 2939 latina:

473 2965 794 3034 ignoratione
817 2967 1100 3037 depravata
1128 2978 1247 3024 sunt
1282 2970 1582 3040 penitusque
1609 2983 1878 3038 corrupta.

544 3057 676 3125 Quae
698 3059 855 3130 igitur
878 3060 930 3115 in
960 3061 1098 3117 libro
1123 3063 1187 3116 de
1216 3061 1470 3118 Mortibus
1494 3062 1897 3120 Persecutorum
1928 3067 2078 3138 igna-

474 3165 542 3204 ve
563 3191 578 3216 ,
605 3165 820 3217 crasse,
851 3152 1078 3208 obscure
1109 3165 1164 3210 et
1195 3155 1454 3210 mendose
1487 3158 1687 3227 scripta
1727 3167 1886 3225 sunt,
1917 3168 2078 3230 atque

2179 1954 2276 2009 her
2305 1956 2446 2009 enim
2469 1955 2571 2008 iste
2600 1968 2736 2008 unus
2756 1963 2873 2018 est,
2898 1952 3038 2008 sicut
3061 1960 3116 2007 et
3142 1951 3280 2006 liber
3301 1950 3363 2004 de
3384 1949 3780 2017 Persecutione;

2178 2061 2244 2102 ac
2269 2048 2319 2101 in
2348 2062 2414 2102 eo
2439 2047 2579 2102 libro
2603 2063 2709 2102 non
2741 2047 2916 2117 agitur
2944 2054 3149 2100 tantum
3179 2044 3242 2098 de
3266 2043 3514 2097 mortibus
3537 2059 3779 2112 persecu-

2181 2149 2379 2208 torum,
2415 2157 2600 2196 verum
2627 2144 2790 2196 etiam
2831 2139 2900 2194 de
2927 2139 3120 2194 acerba
3163 2139 3216 2193 in
3245 2137 3572 2192 christianos
3614 2152 3642 2190 a
3684 2137 3769 2193 di-

2178 2232 2348 2285 versis
2378 2231 2795 2302 lmperatorihus
2820 2232 3050 2288 excitata
3079 2215 3453 2301 persecutione
3477 2247 3491 2282 :
3515 2227 3658 2283 unde
3675 2243 3777 2298 po-

2181 2325 2280 2376 tuit
2308 2324 2568 2378 utrumvis
2621 2323 2833 2378 titulum
2883 2337 2994 2391 pra:
3024 2335 3090 2389 se.
3112 2321 3275 2376 ferre.
3326 2319 3606 2374 Minimum
3651 2319 3775 2389 qui-

2179 2414 2303 2470 dem
2355 2415 2492 2469 duas
2540 2415 2681 2469 inter
2731 2413 2862 2469 istas
2901 2411 3284 2480 inscriptiones
3323 2410 3614 2465 discrimen
3656 2418 3773 2473 est;

2179 2507 2271 2577 qui
2303 2507 2447 2561 enim
2478 2505 2547 2560 de
2585 2505 2942 2576 persecutione
2976 2503 3139 2559 verba
3188 2502 3352 2568 facit,
3402 2499 3565 2556 debet
3610 2509 3665 2556 et
3708 2501 3778 2556 de

2180 2599 2589 2668 persecutoribus
2616 2613 2780 2668 agere
2812 2615 2825 2650 :
2858 2612 2919 2652 ea
2944 2611 3076 2650 sane
3103 2594 3245 2648 inter
3269 2609 3329 2649 se
3355 2607 3597 2648 connexa
3625 2603 3774 2648 sunt.

2181 2693 2272 2749 Sic
2295 2707 2356 2745 ea
2387 2707 2492 2746 non
2523 2691 2781 2745 discrevit
2810 2687 3122 2744 Lactantius
3151 2686 3268 2756 ipse
3288 2726 3304 2753 ,
3332 2685 3610 2754 Epitomes
3650 2699 3770 2753 cap.

2130 2803 2132 2806 '
2181 2802 2290 2850 LIII,
2320 2786 2411 2839 ubi
2439 2785 2506 2839 de
2537 2785 2914 2854 persecutione
2933 2823 2948 2846 .
2977 2781 3030 2837 id
3060 2790 3178 2848 est,
3219 2779 3495 2849 suppliciis
3519 2778 3775 2833 christia-

2179 2891 2407 2943 norum,
2459 2875 2729 2946 simulque
2770 2874 2840 2930 de
2886 2873 3153 2929 mortibus
3191 2879 3597 2942 persecutorum
3643 2884 3775 2924 cono

2176 2969 2402 3037 junctim
2435 2967 2689 3038 loquitur.

2251 3061 2316 3114 5“
2358 3059 2518 3118 Liber
2542 3059 2606 3113 de
2628 3057 2879 3112 Mortibus
2904 3057 3296 3112 Persecutorum
3339 3053 3648 3111 inscribitur
3671 3053 3780 3107 Do.

2182 3161 2343 3218 nato;
2375 3153 2648 3222 inscripsit
2671 3161 2726 3206 et
2750 3151 3062 3206 Lactantius
3089 3149 3298 3204 Donato
3339 3148 3534 3204 librum
3576 3147 3647 3202 de
3690 3146 3778 3201 Ira

473 3258 503 3296 a
535 3243 778 3300 claritate
801 3260 864 3302 ac
891 3247 1068 3302 nitore
1091 3248 1395 3315 sermonis,
1421 3256 1514 3303 aut
1539 3249 1700 3304 etiam
1732 3251 2076 3321 opinionibus
2183 3245 2300 3300 Dei.
2330 3243 2533 3299 Auctor
2556 3244 2836 3313 utriusqma
2869 3242 2990 3297 libri
3027 3244 3290 3297 Donatum
3317 3241 3553 3311 appellat
3578 3240 3779 3294 charis-

473 3334 738 3392 Lactantii
781 3338 956 3394 aliena
985 3352 1318 3409 occurrunt,
1351 3356 1414 3396 ea
1455 3343 1689 3410 scribae,
1739 3361 1843 3400 non
1891 3354 2073 3401 autem

477 3427 684 3481 auctori
717 3428 1025 3498 imputanda
1052 3441 1207 3496 sunt;
1237 3446 1337 3486 nec
1379 3433 1449 3487 ob
1488 3433 1755 3504 ejusmodi
1783 3436 1908 3490 vitia
1939 3436 2076 3492 liber

474 3518 537 3570 de
561 3516 812 3573 Mortibus
841 3519 1239 3576 Persecutorum
1270 3522 1550 3578 Lactantio
1578 3525 1944 3582 detrahendus
1967 3537 2072 3584 est.

475 3608 613 3664 Hinc
639 3618 820 3667 tamen
847 3614 1187 3668 occasionem
1215 3615 1407 3684 arripit
1433 3615 1624 3671 doctus
1652 3634 1683 3672 e
1729 3618 2076 3676 Benedictino

477 3701 730 3755 sodalitio
759 3703 840 3756 vir
865 3703 1146 3773 religiosus
1165 3748 1178 3770 ,
1203 3707 1270 3761 ad
1297 3707 1632 3777 probandum
1673 3709 1866 3764 librum
1913 3711 2075 3766 istum

474 3807 583 3846 non
611 3807 731 3848 esse
759 3793 1039 3850 Lactantii.

548 3882 662 3937 Hac
689 3893 868 3955 autem
919 3887 1074 3941 unica
1117 3889 1495 3946 observatione
1542 3893 1774 3960 prrevia,
1821 3895 2076 3950 nonnulla

477 3986 797 4046 argumenta
817 4020 831 4042 ,
860 3979 1058 4048 quibus
1086 3981 1395 4051 opinionem
1423 3984 1568 4038 illam
1596 4027 1611 4051 ,
1643 4002 1766 4056 quae
1795 3987 1988 4042 librum
2014 3990 2078 4043 de

479 4067 737 4122 Mortibus
780 4069 1176 4128 Persecutorum
1215 4076 1495 4131 Lactantio
1525 4079 1740 4145 tribuit,
1771 4083 2077 4140 convellere

476 4159 668 4240 nititur
698 4160 937 4216 Domnns
965 4164 1014 4218 le
1036 4164 1266 4238 Nourry,
1301 4184 1461 4223 ruere
1488 4184 1552 4224 ac
1578 4171 1714 4225 solvi
1741 4213 1756 4236 ,
1805 4172 1888 4228 vel
1940 4174 2076 4230 levi-

452 4295 454 4297 ,
477 4257 562 4305 ter
589 4253 889 4309 attendenti
920 4257 1267 4313 manifestum
1293 4263 1417 4315 erit.

545 4342 662 4398 Jam
690 4345 758 4400 ab
786 4362 932 4401 anno
962 4349 1100 4404 1715
1127 4351 1332 4416 durius,
1366 4369 1525 4424 quam
1555 4369 1656 4425 par
1678 4366 1782 4422 est,
1809 4358 2076 4416 Domuum

474 4431 757 4490 Nicolaum
787 4438 839 4492 le
868 4437 1082 4510 Nourry
1113 4445 1480 4513 exagitaverat
1508 4447 1561 4500 in
1591 4446 2076 4507 Observationibus

472 4523 691 4580 Criticis
720 4526 842 4595 (1),
873 4545 1006 4598 quas
1035 4532 1122 4585 edi
1149 4545 1431 4590 curaverat
1463 4537 1525 4590 D.
1555 4538 1623 4592 de
1654 4539 1701 4592 la
1734 4537 1902 4597 Crose
1930 4552 2076 4600 tomo

2178 3335 2380 3389 simum.
2432 3333 2657 3390 Videtur
2700 3349 2830 3405 ergo
2879 3348 3002 3388 esse
3042 3347 3180 3388 unus
3225 3340 3282 3387 et
3327 3331 3468 3387 idem
3503 3329 3776 3398 Donatus,

2179 3426 2267 3481 cui
2298 3426 2434 3481 liber
2465 3435 2688 3496 uterque
2718 3436 3058 3495 nuncupatur
3106 3442 3119 3479 :
3151 3425 3346 3480 asserit
3377 3433 3555 3479 tamen
3608 3423 3777 3478 Dom-

2181 3534 2282 3572 nus
2324 3518 2373 3572 le
2420 3517 2664 3588 Nourry,
2695 3518 2962 3572 Donatum
2988 3558 3004 3584 ,
3037 3516 3124 3571 cui
3173 3517 3381 3571 dicatur
3420 3531 3450 3569 a
3499 3515 3779 3570 Lactantio

2181 3609 2318 3664 liber
2346 3609 2409 3663 de
2452 3609 2546 3663 lra
2590 3609 2722 3674 Dei,
2754 3609 3029 3665 diversum
3060 3624 3184 3665 esse
3209 3625 3239 3663 a
3269 3609 3475 3663 Donato
3497 3650 3512 3675 ,
3551 3611 3640 3663 cui
3686 3607 3776 3663 iu-

2183 3701 2441 3758 scribitur
2485 3702 2624 3757 liber
2649 3702 2717 3757 de
2743 3702 3004 3758 Mortibus
3043 3699 3653 3772 persecutorum;quod
3702 3700 3778 3754 ita

2181 3796 2375 3865 prohat
2406 3812 2420 3849 :
2452 3793 2690 3850 Donatus
2709 3835 2724 3861 ,
2753 3796 2837 3849 cui
2863 3794 3164 3850 Lactantius
3195 3794 3382 3849 librum
3429 3797 3492 3849 de
3533 3793 3631 3849 Ira
3675 3793 3780 3848 Dei

2181 3887 2401 3953 dicavit,
2430 3890 2494 3941 ab
2528 3888 2620 3942 illo
2649 3889 2902 3955 expressis
2931 3887 3094 3942 verbis
3136 3887 3433 3958 appellatur
3459 3897 3570 3958 tgro
3597 3887 3780 3956 impli-

2181 3990 2326 4033 catus
2351 3981 2524 4034 saeculi
2551 3982 2764 4052 negotiis
2783 4021 2798 4048 ,
2829 3981 3110 4034 christiana
3141 3981 3377 4036 doctrina
3403 3997 3507 4036 non
3533 3982 3660 4035 satis
3680 3981 3782 4034 im-

2183 4069 2352 4124 butus.
2382 4072 2540 4141 Atqui
2569 4088 2690 4126 cum
2722 4072 3033 4127 Lactantius
3081 4072 3301 4142 scripsit
3343 4072 3537 4127 librum
3579 4073 3648 4128 de
3695 4071 3780 4127 ira

2184 4162 2314 4226 Dei,
2343 4178 2448 4216 non
2491 4163 2662 4234 potuit
2702 4163 2974 4233 appellare
3005 4164 3266 4218 Donatum
3299 4175 3548 4235 tyronem
3590 4163 3773 4234 impli-

2181 4263 2360 4309 catum
2387 4253 2571 4308 szccnli
2601 4256 2830 4324 negotiis
2850 4295 2866 4322 ,
2892 4269 2992 4309 nec
3022 4254 3154 4309 satis
3197 4253 3491 4308 christiana
3519 4253 3768 4309 doctrina

2185 4348 2488 4412 imbutum,
2521 4347 2566 4402 si
2612 4348 2682 4402 sit
2721 4347 2865 4402 idem
2893 4362 3015 4416 cum
3046 4347 3285 4414 Donato,
3337 4347 3423 4402 cui
3465 4346 3780 4402 inscribitur
3872 4349 3874 4352 ’

2182 4441 2320 4496 liber
2364 4442 2426 4495 de
2458 4440 2710 4494 Mortibus
2745 4440 3173 4507 Persecutorum;
3203 4439 3468 4510 siquidem
3518 4439 3659 4496 liber
3706 4440 3781 4496 de

2179 4533 2260 4589 Ira
2297 4534 2387 4589 Dei
2416 4535 2646 4603 scriptus
2676 4544 2761 4590 est
2789 4535 2973 4589 multis
3009 4535 3168 4589 annis
3197 4545 3318 4604 post
3353 4535 3559 4589 linitam
3591 4549 3782 4606 perse-

474 4632 551 4670 vu
585 4618 746 4673 Diarii
774 4619 1078 4690 Litterarii,
1115 4636 1265 4694 parte
1307 4629 1908 4700 1(lournalLittéraire
1949 4626 2156 4695 anniD
2181 4627 2489 4692 ουιίοηεηὶν
2552 4627 2604 4681 in
2661 4642 2765 4697 qua
2822 4642 2918 4697 Per
2960 4641 3055 4700 se!
3099 4641 3272 4682 annos
3321 4626 3555 4684 Don‘m“
3608 4627 3783 4683 fuerat

473 4710 651 4778 1715,
695 4714 728 4765 ὰ
767 4713 818 4766 la
864 4713 1062 4788 ﬂaye),
1111 4719 1198 4774 ubi
1247 4721 1406 4778 docte
1458 4727 1724 4796 praecipua
1768 4720 1972 4785 Nicolai
2025 4725 2077 4789 le

470 4802 685 4877 Nourry
718 4819 991 4864 momenta
1022 4814 1218 4868 evertit
1251 4835 1264 4870 :
1297 4815 1392 4872 sed
1420 4827 1604 4874 nostra
1629 4821 1945 4893 Disquisitio
1969 4827 2078 4881 erit

476 4895 650 4950 multo
680 4900 938 4965 pacatior.

552 4987 648 5042 His
676 4992 1022 5058 pramotatis,
1050 5010 1172 5065 qua:
1218 5002 1489 5056 communi
1538 5001 1606 5058 de
1651 5003 1888 5061 Auctore
1918 5005 2078 5078 hujus

476 5081 600 5137 libri
639 5087 922 5143 sententia:
966 5089 1183 5160 favent,
1230 5093 1391 5150 simul
1441 5106 1492 5151 et
1539 5098 1678 5153 inter
1725 5114 2074 5170 argumenta,

479 5192 601 5246 quae
642 5178 764 5234 huic
804 5181 1078 5238 adversari
1115 5186 1353 5243 Dontnus
1397 5189 1449 5245 le
1489 5189 1700 5264 Nourry
1739 5203 1918 5263 putat,
1953 5196 2075 5263 illa,

472 5285 594 5338 qua:
621 5273 876 5338 peculiari
905 5279 1260 5346 responsione
1288 5281 1531 5352 indigere
1569 5283 1702 5338 mihi
1742 5285 1856 5340 visa
1903 5297 2069 5354 sunt,

479 5361 804 5428 espendam.

554 5453 616 5506 1ο
657 5454 866 5512 Titulus
907 5458 1038 5515 libri
1068 5462 1131 5516 de
1160 5462 1416 5521 Mortibus
1443 5466 1836 5524 Persecutorum
1865 5467 2081 5540 praefert

477 5545 695 5600 nomina
725 5547 910 5615 chn,
940 5552 1024 5606 vel
1048 5553 1199 5608 chu
1232 5553 1459 5622 CEOILII,
1489 5567 1610 5629 quae
1637 5559 1856 5630 quidem
1885 5561 2076 5617 viden-

491 5658 2076 5688 ._—'—_—-—I-———-——_—

183 5699 187 5703 ’
213 5673 219 5679 1
653 5703 940 5758 Réllexions
969 5723 1053 5759 sur
1089 5709 1132 5759 la
1161 5711 1393 5763 nouvelle
1435 5713 1618 5765 édition
1657 5717 1721 5766 du
1745 5717 1916 5768 Traité
1948 5719 2011 5769 de
2039 5718 2083 5769 la

563 5766 719 5834 ‘tdes
754 5770 1121 5832 persécuteurs,
1148 5785 1270 5823 avec
1293 5789 1390 5824 uue
1418 5777 1736 5830 dissertatiou
1772 5780 1835 5831 de
1858 5781 1970 5832 dom
1994 5783 2083 5833 Ni-

637 5827 687 5880 le
708 5830 918 5882 Nourrv.
946 5835 1091 5882 in-8”-
1109 5835 1264 5882 Paris-
1296 5837 1428 5882 1710.

587 5766 1270 5840 (desupersécuteursLavec
1293 5777 1736 5840 uuedissertatiou
1757 5766 1835 5831 ide
1858 5766 1973 5832 domi
1992 5766 2083 5833 Ni:

563 5827 687 5901 ῃιε
708 5827 918 5897 Nourry,
946 5835 1091 5900 ino8",
1109 5827 1265 5901 Paris,
1296 5837 1428 5889 1710.

2184 4718 2388 4773 catenis
2444 4726 2498 4773 et
2550 4733 2767 4773 carcere
2818 4718 3142 4773 constrictus
3180 4719 3252 4774 ob
3292 4717 3491 4774 Christi
3547 4733 3778 4784 nomen,

2185 4812 2370 4867 novies
2460 4820 2785 4881 pugnaverat
2853 4810 3111 4866 adversus
3193 4820 3493 4883 tyrannos,
3563 4820 3618 4867 et
3693 4811 3780 4864 in-

2187 4908 2362 4962 victus
2393 4915 2652 4972 steterat,
2683 4915 2742 4959 ut
2774 4905 3003 4960 habetur
3037 4905 3088 4959 in
3119 4905 3258 4961 libro
3283 4905 3347 4960 de
3375 4904 3629 4959 Mortibus
3661 4903 3784 4958 Per-

2185 5008 2494 5053 secutorum.
2525 4996 2901 5052 Confessorem
2951 5007 3059 5051 tam
3088 4997 3344 5052 eximium
3390 5005 3576 5068 postea
3625 5008 3775 5068 tyro-

2185 5107 2310 5148 nem
2347 5090 2605 5161 appellari
2633 5089 2894 5160 potuisse,
2927 5089 3109 5144 saeculi
3140 5091 3366 5160 negotiis
3406 5089 3740 5160 implicatum
3761 5128 3786 5157 ,

2183 5193 2238 5239 et
2265 5183 2560 5239 christiana
2588 5182 2848 5254 religione
2887 5196 2995 5238 non
3029 5181 3162 5237 satis
3191 5181 3486 5250 imbutum,
3514 5181 3638 5252 quis
3662 5195 3786 5238 cro-

2182 5276 2317 5332 dat?

2255 5369 2362 5424 Sed
2390 5385 2497 5424 non
2525 5377 2611 5424 est
2650 5376 2759 5422 tam
2786 5369 3065 5438 explorata
3091 5367 3180 5424 illa
3209 5367 3380 5435 ratio,
3426 5367 3493 5422 ad
3540 5376 3781 5425 mentem

2182 5469 2343 5532 atque
2371 5461 2679 5529 Opinionem
2701 5501 2716 5527 ,
2742 5475 2902 5530 quam
2952 5461 3190 5516 Domnus
3216 5461 3267 5517 le
3296 5460 3507 5533 Nourry
3535 5472 3785 5520 astruere

2183 5556 2391 5611 nititur.
2415 5553 2614 5609 Nullibi
2644 5553 2788 5610 enim
2820 5555 2873 5610 in
2903 5555 3041 5610 libro
3085 5556 3148 5610 de
3187 5551 3417 5610 lra'Dei
3472 5555 3705 5610 Donatus
3748 5571 3781 5612 a

2185 5647 2467 5703 Lactantio
2507 5648 2760 5718 expressis
2802 5647 2967 5702 verbis
2997 5647 3289 5718 appellatur
3333 5656 3447 5717 tyro
3490 5648 3782 5718 implicatus

2187 5741 2360 5796 διεσαιὶ
2390 5741 2623 5812 negotiis,
2656 5750 2703 5794 et
2732 5737 3029 5794 Christiana
3059 5740 3308 5809 religione
3335 5757 3438 5794 non
3467 5741 3592 5794 satis
3618 5740 3784 5795 imbu-

2185 5841 2286 5887 tus.
2313 5831 2429 5887 Non
2461 5831 2632 5887 solum
2679 5831 2811 5888 illud
2858 5847 2964 5888 non
3011 5830 3240 5887 habetur
3285 5830 3356 5890 de
3399 5831 3604 5888 Donato
3636 5833 3780 5903 apud
