4138 6190
335 188 435 245 161

1335 183 1421 244 DE
1463 188 1668 245 AUCT.
1704 188 1830 245 LIB.
1877 190 1963 245 ΒΕ
2001 186 2208 248 MORT.
2255 191 2637 251 PERSECUT.

3533 197 3639 255 ΜΞ

329 300 670 363 Lactantium
694 298 948 370 expressis
977 301 1140 356 verbis
1173 318 1191 355 :
1231 317 1414 357 verum
1445 304 1608 359 etiam
1641 303 1773 358 nihil
1802 320 1920 360 om-
1952 309 2003 368 Α
2031 307 2166 375 phiae
2195 308 2480 362 doctrinam
2510 319 2556 361 et
2597 309 2802 379 planius
2823 350 2838 374 ,
2883 319 2930 362 et
2963 312 3127 363 verius
3172 312 3494 367 cohortabor.
3529 314 3634 370 Ista

331 394 462 448 nino
503 391 645 462 apud
689 407 811 448 eum
857 395 1134 459 occurrit,
1183 409 1290 464 quo
1335 396 1617 467 quisquam
1662 396 1811 452 illum
1858 397 1928 452 de

327 484 539 540 DOuato
567 484 638 538 ita
663 484 903 539 sensisse
928 486 1191 555 suspicari
1225 488 1415 556 possit.

402 576 618 630 Duobus
652 584 857 636 tantum
885 578 939 630 in
991 577 1124 632 locis
1169 577 1479 634 Lactantius
1525 580 1828 636 orationem
1856 578 1926 637 ad

325 666 594 722 Donatum
624 666 890 721 convertit
919 665 972 721 in
1002 666 1143 722 libro
1174 668 1236 722 de
1260 668 1354 722 Ira
1386 668 1502 735 Dei,
1529 686 1722 740 nempe
1743 686 1862 741 cap.
1885 687 1924 736 ι,

321 756 417 812 ubi
478 757 557 810 sic
623 755 786 812 habet
853 774 866 808 :
931 757 1142 812 Adverti
1183 775 1353 830 sape,
1399 758 1634 828 Donate,
1676 762 1926 831 plurimos

323 849 622 903 existimare
648 864 749 902 non
778 848 935 902 irasci
961 847 1318 903 Deum........
1347 867 1568 920 quorum
1595 867 1760 917 error,
1805 853 1927 923 quia

323 941 585 994 maximus
625 949 732 1005 est,
778 949 826 994 et
870 940 939 994 ad
966 942 1293 996 evertendum
1333 944 1448 998 vitae
1475 945 1717 999 humanm
1737 955 1926 1000 statum

323 1041 556 1103 spectat,
584 1033 936 1103 coarguendus
964 1043 1038 1088 est
1061 1051 1092 1087 a
1123 1035 1266 1090 nobis
1289 1077 1302 1100 ,
1336 1053 1399 1091 ne
1443 1037 1553 1102 ipse
1593 1037 1796 1107 fallaris
1823 1037 1924 1090 im-

323 1128 510 1198 pulsus
535 1127 837 1181 auctoritate
864 1127 1160 1193 hominum,
1192 1130 1279 1197 qui
1302 1145 1357 1183 se
1384 1139 1566 1198 putant
1592 1147 1698 1184 esse
1722 1131 1927 1200 sapien—

325 1231 422 1276 tes.
456 1220 608 1275 Alter
637 1220 788 1275 locus
818 1220 1011 1290 legitur
1036 1236 1155 1290 cap.
1177 1221 1279 1286 22,
1314 1221 1401 1275 tibi
1433 1222 1510 1276 sic
1537 1222 1769 1293 loquitur
1789 1222 1926 1278 Lac-

326 1312 530 1366 tantius
562 1329 576 1365 :
608 1309 736 1366 Ha’c
761 1312 943 1377 habui,
974 1327 1090 1382 quae
1117 1313 1180 1367 de
1204 1312 1295 1366 Ira
1324 1312 1418 1366 Dei
1445 1313 1694 1380 dicerem,
1726 1313 1926 1369 Donate

318 1403 652 1469 charissime,
684 1413 741 1458 ut
765 1406 920 1458 scires
943 1404 1378 1474 quemadmodum
1399 1406 1657 1476 refelleres
1695 1423 1780 1461 eos
1798 1449 1812 1472 ,
1836 1407 1924 1477 qui

319 1495 496 1549 Deum
523 1497 719 1566 faciunt
743 1496 1169 1553 immobilem.....
1202 1496 1478 1568 Propheta
1497 1501 1722 1554 universi
1751 1503 1923 1556 divino

318 1587 534 1659 Spiritu
573 1588 754 1658 repleti
797 1589 928 1644 nihil
975 1589 1123 1643 aliud
1144 1632 1160 1655 ,
1193 1608 1346 1661 quam
1377 1592 1439 1645 de
1483 1593 1652 1662 gratia
1681 1592 1775 1648 Dei
1803 1610 1923 1665 erga

2029 411 2182 455 certe
2206 402 2368 457 verba
2399 401 2663 457 Lactantii
2694 406 3042 474 praeceptoris
3071 417 3194 459 sunt
3221 415 3464 477 tyroncm
3491 407 3635 461 chri-

2031 491 2206 547 stiana
2235 493 2497 562 religione
2543 509 2650 549 non
2681 495 2812 549 satis
2861 495 3120 550 imbutum
3165 498 3490 568 alloquentis
3533 509 3635 554 :at

2029 577 2147 635 haec
2179 583 2580 638 Demetrianum
2602 626 2616 648 ,
2653 601 2757 639 non
2789 595 2970 640 autem
3001 587 3263 642 Donatum
3296 600 3564 659 spectant.

2106 671 2164 724 4°
2185 673 2520 730 Lactantium
2543 685 2817 732 auctorem
2841 693 2963 734 esse
2984 678 3110 734 libri
3135 680 3202 734 de
3222 680 3482 738 Mortibus
3504 685 3634 740 Pcr-

2030 777 2362 835 secutorum,
2395 770 2518 825 inde
2541 772 2820 841 probatur,
2847 772 2991 841 quod
3013 772 3342 830 Nicomedia:
3371 777 3424 830 in
3449 777 3636 849 Bithy-

2030 861 2116 915 nia
2139 903 2154 926 ,
2187 862 2325 915 sicut
2351 871 2404 916 et
2432 873 2619 917 auctor
2650 863 2770 918 libri
2803 864 2866 917 de
2912 863 3166 919 Mortibus
3199 865 3635 938 Persecutorum,

2029 955 2464 1010 commorabatur
2509 956 2671 1010 etiam
2724 955 3036 1010 Lactantius
3081 972 3147 1012 eo
3199 969 3481 1028 tempore,
3530 977 3636 1031 quo

2030 1045 2334 1114 perseeutio
2379 1046 2430 1099 in
2463 1045 2798 1101 Christianos
2845 1057 3085 1117 grassata
3135 1059 3218 1104 est
3242 1091 3255 1114 ,
3289 1060 3346 1106 ct
3376 1052 3469 1107 Dei
3501 1061 3636 1108 tem-

2031 1137 2176 1206 plum
2218 1150 2470 1192 eversum
2501 1146 2606 1193 est.
2653 1138 2706 1190 ld
2741 1139 2912 1209 ipsum
2947 1138 3016 1193 de
3043 1155 3104 1194 se
3134 1150 3362 1197 testatur
3407 1143 3636 1198 Lactan-

2030 1225 2170 1295 tius,
2205 1229 2342 1283 libro
2374 1245 2425 1295 v,
2463 1229 2862 1304 Institutionum
2889 1272 2903 1294 ,
2936 1246 3058 1300 cap.
3090 1231 3125 1284 2
3151 1274 3166 1297 ,
3215 1232 3302 1287 ubi
3335 1234 3414 1289 sic
3461 1235 3636 1304 loqui-

2029 1331 2116 1377 tur
2148 1341 2160 1375 :
2195 1322 2307 1394 Ego
2330 1339 2447 1376 cum
2468 1323 2521 1376 in
2546 1322 2792 1393 Bithynia
2820 1324 3073 1379 oratorias
3099 1325 3298 1379 litteras
3323 1327 3514 1380 accitus
3544 1328 3639 1381 do-

2028 1431 2188 1468 cerent
2211 1457 2225 1479 ,
2253 1415 2643 1485 contigissetque
2664 1456 2678 1478 ,
2707 1426 2763 1468 ut
2793 1409 2969 1468 eodem
3014 1426 3240 1486 tempore
3265 1417 3360 1471 Dei
3391 1419 3636 1488 templum

2025 1516 2344 1561 everteretur.
2375 1506 2535 1562 Silnit
2563 1507 2710 1562 urbis
2741 1522 2960 1574 nomen,
2986 1508 3038 1562 in
3062 1523 3166 1579 qua
3195 1508 3380 1564 docuit
3406 1509 3636 1564 Lactan-

2028 1597 2134 1651 tius
2163 1614 2178 1650 :
2210 1597 2304 1652 sed
2331 1596 2687 1668 Hieronymus
2708 1613 2814 1652 non
2843 1599 3222 1667 praetermisit;
3249 1600 3324 1654 ait
3343 1600 3487 1654 enim
3513 1602 3632 1656 loco

310 1681 520 1752 justas,
547 1689 597 1734 et
624 1680 689 1735 de
712 1682 792 1734 ira
825 1678 923 1734 Dei
954 1681 1193 1737 adversus
1236 1683 1420 1753 impios
1447 1684 1748 1754 loquuntur,
1795 1702 1923 1756 quo-
1951 1699 2000 1760 B
2026 1701 2190 1756 supra
2217 1687 2401 1753 citato,
2426 1686 2761 1743 Lactantinm
2789 1689 3135 1745 Rhetoricam
3161 1689 3488 1746 Nicomedia:
3513 1693 3624 1748 do-

320 1789 446 1826 rum
473 1773 758 1827 testimonia
786 1773 930 1828 nobis
956 1774 1161 1844 quidem
1191 1775 1317 1828 satis
1347 1784 1506 1830 sunt:
1525 1791 1697 1830 verum
1719 1777 1781 1830 iis
1801 1793 1925 1846 quo-

317 1865 470 1918 niam
497 1881 599 1919 non
627 1865 841 1920 credunt
867 1866 988 1931 isti,
1010 1867 1098 1935 qui
1117 1867 1423 1934 sapientiam
1446 1867 1653 1937 capillis
1679 1877 1727 1921 et
1748 1868 1924 1922 habitu

306 1958 523 2028 jactant
543 1999 558 2023 ,
589 1957 784 2011 ratione
808 1973 1010 2028 quoque
1037 1966 1084 2012 et
1112 1960 1426 2030 argumentis
1452 1961 1662 2031 fuerunt
1704 1977 1736 2014 a
1777 1961 1922 2016 nobis

315 2052 618 2125 refellendi.

387 2147 479 2202 Ex
525 2146 614 2201 hic
655 2146 789 2202 locis
828 2145 1033 2218 liquet,
1085 2147 1368 2202 consilium
1409 2145 1670 2203 Lactantii
1721 2149 1916 2217 fuisse,

312 2240 388 2296 ita
461 2239 727 2294 Donatum
775 2240 919 2294 circa
973 2238 1064 2294 Dei
1117 2239 1508 2308 providentiam
1556 2239 1809 2308 erudire,
1863 2252 1922 2298 ut

314 2343 514 2404 posset
543 2333 692 2404 ipsos
719 2331 1111 2403 Pbilosophos,
1151 2332 1242 2402 qui
1273 2347 1390 2386 eam
1413 2332 1715 2399 tollebant,
1750 2335 1919 2389 ratio-

313 2443 453 2482 num
481 2425 769 2481 momentis
795 2423 1066 2480 refellere.
1097 2423 1204 2479 Sed
1233 2423 1370 2478 adeo
1403 2439 1508 2479 non
1540 2424 1775 2495 appellat
1795 2440 1918 2480 eum

315 2532 577 2592 tyronem
619 2517 952 2588 implicatum
993 2516 1177 2571 saeculi
1226 2515 1490 2586 negotiis,
1532 2527 1586 2570 et
1629 2515 1919 2571 christiana

314 2614 589 2681 religione
619 2626 723 2666 non
757 2610 889 2664 satis
915 2609 1206 2673 imbutum,
1237 2617 1296 2663 ut
1339 2623 1404 2663 ex
1447 2608 1628 2663 verbis
1657 2608 1919 2665 Lactantii

313 2706 634 2775 colligatur,
667 2703 934 2757 Donatum
978 2716 1086 2774 non
1139 2702 1414 2771 ignorasse
1435 2701 1601 2772 ,quid
1634 2700 1920 2770 Propheta:

310 2798 561 2855 universi
590 2796 934 2866 dicerentﬂe
961 2795 1129 2867 gratia
1159 2795 1252 2850 Dei
1279 2810 1407 2864 erga
1433 2795 1609 2864 justos
1629 2837 1644 2861 ,
1673 2803 1726 2848 et
1752 2793 1820 2849 de
1840 2793 1917 2847 ira

309 2894 441 2964 ejus
467 2893 726 2948 adversus
755 2893 952 2962 impios
973 2932 988 2958 ,
1012 2898 1174 2961 atque
1198 2889 1270 2944 ita
1310 2890 1518 2943 Donato
1544 2903 1730 2942 eorum
1761 2885 1917 2941 testi-

308 2986 501 3042 monia
529 2999 653 3040 esse
683 2992 829 3051 nota,
858 2990 917 3036 ut
941 2981 1041 3047 ipsi
1066 2981 1197 3036 satis
1223 2988 1433 3045 essent,
1462 2977 1914 3050 quemadmodum

2026 1779 2224 1834 cuisse.
2249 1779 2452 1834 Auctor
2478 1779 2638 1834 etiam
2667 1779 2789 1834 libri
2819 1781 2882 1834 de
2927 1780 3180 1836 Mortibus
3224 1781 3624 1838 Persecutorum

2023 1871 2350 1928 Nicomediae
2378 1889 2469 1939 se,
2521 1875 2636 1945 ipsa
2671 1877 3050 1945 persecutione
3091 1878 3350 1934 saeviente
3375 1920 3390 1945 ,
3420 1889 3476 1934 et
3505 1894 3628 1937 cum

2025 1963 2285 2031 templum
2322 1964 2417 2020 Dei
2448 1965 2566 2020 solo
2593 1966 2934 2037 adatquatum
2961 1978 3078 2036 est,
3109 1971 3404 2036 mansisse,
3437 1988 3628 2028 revera

2024 2069 2131 2109 non
2159 2054 2287 2110 dicit
2323 2076 2336 2112 :
2371 2057 2466 2112 sed
2497 2073 2608 2112 rem
2641 2066 2804 2113 totam
2838 2059 2906 2114 ita
2950 2071 3136 2115 narrat
3164 2078 3312 2118 num.
3348 2062 3452 2130 l2,
3484 2074 3544 2119 ut
3574 2065 3630 2122 in

2026 2147 2202 2204 oculis
2230 2149 2348 2218 ejus
2377 2160 2586 2221 gestam
2619 2166 2741 2206 esse
2765 2152 3112 2223 intelligatur.
3139 2155 3388 2226 Repente,
3422 2158 3619 2229 inquit,

2023 2240 2192 2294 adhuc
2223 2242 2376 2296 dubia
2402 2243 2514 2297 luce
2543 2243 2612 2296 ad
2635 2243 2985 2300 Ecclesium...
3017 2247 3189 2312 venit;
3217 2258 3264 2301 et
3299 2249 3516 2303 revulsis
3543 2251 3630 2322 fo-

2022 2333 2163 2386 ribus
2192 2335 2524 2389 simulacrum
2556 2336 2650 2390 Dei
2687 2338 2956 2407 quwritur,
2986 2337 3273 2410 Scriptura:
3296 2351 3512 2410 reperta:
3550 2345 3632 2396 in-

2022 2424 2328 2491 cenduntur,
2359 2427 2513 2480 datur
2543 2429 2774 2482 omnibus
2805 2429 2983 2497 prteda
3023 2447 3041 2484 :
3069 2432 3290 2500 rapitur,
3322 2434 3628 2503 trepidatur,

2023 2515 2348 2570 discurritur.
2377 2516 2493 2587 Ipsi
2517 2522 2532 2583 (
2554 2519 2907 2590 imperatores)
2935 2537 3052 2575 vero
3078 2524 3131 2575 in
3155 2527 3378 2592 speculis
3407 2526 3496 2597 (in
3523 2528 3632 2582 alto

2022 2605 2157 2660 enim
2175 2603 2449 2663 constituta
2475 2609 2704 2666 Ecclesia
2733 2629 2796 2667 ea:
2820 2614 3014 2683 palatio
3039 2616 3320 2689 videbatur)
3336 2619 3426 2673 diu
3438 2621 3632 2676 interse

2021 2701 2396 2766 concertabant,
2410 2712 2580 2755 utrum
2600 2704 2768 2774 ignem
2792 2705 2960 2775 potius
2970 2709 3191 2777 supponi
3203 2722 3476 2779 oporteret.
3496 2711 3628 2768 Vicit

2020 2792 2266 2844 sententia
2289 2791 2664 2864 Diocletianus,
2689 2811 2892 2862 cavens,
2913 2814 2976 2852 ne
2996 2816 3186 2868 magno
3205 2801 3440 2857 incendio
3464 2805 3624 2873 facta,

1983 2963 1986 2968 Ι
2021 2898 2141 2951 pars
2187 2883 2363 2953 aliqua
2409 2885 2627 2940 civitatis
2676 2887 2899 2942 arderet.
2946 2886 3217 2945 Veniebant
3245 2892 3398 2964 igitur
3427 2893 3628 2950 Praeto-

2019 2975 2158 3028 riani
2183 2977 2293 3031 acie
2322 2986 2519 3032 structa
2548 2995 2665 3033 cum
2691 2980 2954 3036 securibus
2970 2991 3017 3036 et
3038 2983 3158 3038 aliis
3190 2986 3510 3054 ferramentis
3529 3031 3545 3056 ,
3579 2998 3630 3044 et

306 3078 416 3150 ipsi
470 3076 784 3143 Lactantio;
835 3089 1054 3147 quorum
1125 3073 1451 3140 testimonia,
1503 3071 1711 3142 inquit,
1766 3069 1910 3125 nobis
1938 3089 1984 3154 ρ
2019 3065 2232 3122 immissi
2256 3068 2509 3138 undique,
2543 3080 2714 3126 tamen
2749 3071 2885 3126 illud
2911 3073 3249 3128 editissimum
3275 3079 3455 3145 paucis
3482 3081 3624 3134 horis

305 3172 444 3227 satis
467 3181 604 3225 sunt.

379 3265 644 3320 Arbitror
683 3262 932 3334 equidem
977 3262 1238 3333 plurimos
1283 3261 1452 3317 fuisse
1499 3268 1766 3330 martyres
1791 3259 1912 3314 exi-

305 3358 458 3414 mios
481 3355 774 3411 christiana
802 3354 1062 3425 religione
1086 3353 1217 3409 satis
1243 3353 1476 3408 imbutos
1493 3393 1508 3416 ,
1538 3359 1594 3406 et
1617 3351 1910 3406 etiamnum

307 3462 441 3504 esse
469 3445 759 3502 nonnullos
804 3444 1004 3516 pietate
1047 3443 1370 3513 conspicuos
1413 3441 1772 3505 christianos,
1818 3439 1912 3510 qui

309 3551 497 3596 tamen
525 3554 631 3595 non
664 3549 884 3608 possent
927 3537 1139 3593 ratione
1181 3545 1236 3592 et
1259 3537 1624 3606 argumentis,
1658 3542 1715 3588 ut
1762 3533 1816 3588 in
1845 3547 1911 3588 eo

311 3632 546 3690 librode
592 3629 687 3686 Ira
712 3630 810 3686 Dei
851 3639 1111 3701 praestare
1155 3639 1382 3684 conatus
1426 3637 1511 3683 est
1551 3625 1904 3691 Lactantius,

311 3726 590 3782 extricare
614 3738 675 3779 se
702 3721 1034 3793 argumentis
1065 3719 1508 3791 philosophorum
1527 3717 1790 3773 adversus
1817 3717 1909 3772 Dei

311 3817 736 3890 providentiam.
783 3813 1059 3884 Ejusmodi
1087 3813 1230 3868 enim
1261 3821 1388 3866 sunt
1417 3811 1516 3866 ista
1548 3818 1864 3880 argumenta
1891 3849 1908 3877 ,

313 3920 516 3979 utcap.
570 3908 642 3963 15
686 3906 830 3961 dicat
855 3903 1201 3970 Lactantius,
1233 3903 1314 3958 his
1359 3903 1624 3973 plerosque
1670 3899 1911 3954 Philoso-

313 4005 574 4075 phorum,
615 4001 703 4071 qui
730 3997 1099 4070 providentiam
1135 3996 1456 4068 defendunt,
1502 3991 1786 4064 perturbari
1829 4007 1912 4046 so-

313 4099 436 4164 lere,
455 4108 505 4152 et
523 4097 708 4151 invitos
721 4109 846 4164 pene
858 4092 1018 4162 adigi,
1035 4099 1089 4144 ut
1110 4088 1274 4143 Deum
1288 4089 1418 4142 nihil
1431 4103 1614 4140 curare
1625 4089 1908 4156 fateantur.

382 4192 614 4246 Videtur
637 4188 876 4242 Domnus
897 4186 946 4239 le
965 4183 1176 4255 Nourry
1201 4181 1474 4237 memoriae
1496 4179 1650 4248 lapsu
1674 4177 1912 4233 tribuere

313 4283 548 4344 Donato,
575 4277 720 4350 quod
750 4275 1063 4331 Lactantius
1088 4273 1434 4328 Demetriano
1455 4271 1588 4326 dicit
1605 4269 1658 4323 in
1686 4269 1822 4323 libro
1842 4268 1912 4323 de

312 4371 542 4443 Opiﬁcio
566 4370 680 4424 Dei.
708 4367 1049 4424 Demetriano
1069 4365 1274 4420 scilicet
1295 4365 1488 4418 librum
1509 4363 1672 4416 istum
1696 4361 1763 4415 de
1784 4359 1913 4429 Opi-

2014 3158 2126 3214 solo
2151 3160 2508 3230 adtequarunt.
2561 3163 2629 3218 Et
2676 3179 2826 3219 num.
2865 3164 2930 3220 15
2962 3183 2974 3220 :
3007 3164 3264 3222 Postridie
3307 3171 3625 3240 propositum

2014 3261 2088 3305 est
2107 3252 2362 3318 edictum,
2405 3270 2506 3322 quo
2544 3253 2833 3322 cavebatur,
2881 3266 2937 3310 ut
2967 3259 3230 3329 religionis
3273 3261 3415 3314 illius
3459 3262 3626 3316 homi-

2015 3359 2102 3397 nes
2131 3354 2361 3398 carerent
2388 3345 2527 3399 omni
2559 3347 2751 3400 honore
2779 3363 2841 3400 ac
2885 3347 3133 3418 dignitate
3153 3391 3169 3418 ,
3203 3352 3464 3406 tormentis
3493 3354 3621 3408 sub-

2006 3435 2132 3505 jecti
2173 3445 2404 3490 essent...
2447 3435 2599 3502 Quod
2638 3437 2861 3491 edictum
2905 3439 3149 3507 quidam,
3196 3443 3292 3495 etsi
3321 3459 3423 3497 non
3449 3454 3621 3512 recte,

2013 3542 2197 3597 magno
2244 3535 2412 3581 tamen
2451 3529 2622 3583 animo
2652 3528 2868 3595 diripuit
2908 3540 2955 3583 et
3003 3533 3319 3587 conscidit...
3352 3537 3623 3604 statimque

2014 3619 2324 3689 productus,
2356 3636 2458 3674 non
2487 3620 2639 3674 modo
2665 3631 2915 3688 extortus,
2947 3623 3037 3676 sed
3065 3625 3221 3678 etiam
3251 3625 3472 3695 legitime
3498 3645 3619 3682 coc-

2017 3721 2117 3775 tus,
2139 3727 2252 3765 cum
2271 3711 2562 3765 admirabili
2589 3711 2834 3781 patientia
2855 3723 3109 3782 postremo
3131 3725 3338 3770 exustus
3361 3725 3452 3771 est.
3475 3717 3620 3773 Prae-

2017 3809 2162 3857 terea
2189 3817 2308 3872 quae
2341 3801 2607 3857 habentur
2637 3817 2785 3856 num.
2821 3803 2887 3856 17
2917 3803 2985 3859 de
3009 3805 3219 3872 morbo,
3245 3823 3352 3877 quo
3372 3807 3622 3866 Nicome-

2014 3892 2118 3947 diae
2147 3891 2414 3946 laboravit
2446 3892 2843 3960 Diocletianus;
2864 3904 2917 3949 et
2935 3911 3081 3950 num.
3111 3895 3182 3952 35
3203 3897 3272 3954 de
3295 3898 3489 3956 Edicto
3513 3900 3621 3958 Ga-

2013 3985 2132 4041 lerii
2152 3984 2475 4040 Nicomediae
2498 3987 2795 4056 preposito,
2817 4002 2878 4043 ac
2894 3987 2963 4044 de
2989 3988 3077 4044 die
3093 4031 3109 4056 ,
3141 4007 3246 4061 quo
3271 3994 3482 4063 cognita
3510 3994 3616 4051 fuit

2014 4076 2338 4134 Nicomediae
2370 4093 2514 4134 mors
2535 4078 2754 4144 Galerii,
2778 4080 2867 4134 illa
2886 4093 3162 4138 auctorem
3193 4085 3354 4140 istum
3387 4086 3510 4142 libri
3555 4088 3620 4143 de

2015 4168 2269 4225 Mortibus
2290 4169 2682 4226 Persecutorum
2702 4172 3016 4243 aliquandiu
3039 4172 3368 4233 Nicomediae
3394 4177 3611 4248 degisse

2015 4261 2230 4317 abunde
2261 4262 2514 4332 probant.
3647 4315 3650 4317 Α

2089 4349 2144 4407 5°
2170 4353 2315 4408 ldem
2343 4363 2426 4409 est
2453 4354 2692 4410 auctoris
2739 4354 2860 4409 libri
2891 4355 2960 4410 dc
3003 4356 3264 4414 Mortibus
3292 4359 3614 4417 Persecuto-

312 4465 436 4518 licio
465 4463 561 4517 Dei
589 4461 940 4529 inscripserat
961 4499 978 4522 ,
1006 4466 1061 4513 et
1085 4457 1228 4512 hunc
1257 4456 1405 4511 velut
1434 4467 1678 4525 tyronem
1709 4453 1788 4508 sie
1829 4452 1910 4506 al-
1936 4483 1992 4544 Β
2016 4460 2134 4499 rum
2159 4489 2174 4514 ,
2204 4459 2268 4499 ac
2299 4445 2560 4501 Lactantii
2589 4446 2784 4518 stylus.
2814 4447 2966 4514 Quod
2994 4457 3049 4503 ut
3075 4449 3278 4504 clarius
3310 4459 3509 4520 pateat,
3530 4451 3616 4508 hic

313 4555 572 4625 loquitur.
620 4550 935 4620 Prteceptor,
963 4550 1039 4604 ait
1080 4548 1254 4618 capite
1305 4545 1507 4616 primo,
1541 4545 1694 4599 etiam
1733 4559 1907 4608 nunc,

311 4646 402 4702 sed
429 4645 734 4699 honestioris
754 4642 830 4696 rei
852 4641 1174 4711 meliorisque
1195 4639 1507 4693 doctrinae...
1539 4647 1585 4690 te
1612 4652 1793 4690 moneo
1823 4651 1910 4690 re-

313 4750 488 4807 petens
508 4780 522 4803 ,
546 4738 832 4807 iterumque
857 4735 1098 4801 monebo,
1139 4751 1202 4788 ne
1237 4734 1602 4789 oblectamenta
1640 4732 1739 4785 ista
1765 4739 1914 4784 teme

313 4849 410 4902 pro
437 4831 639 4901 magnis
663 4839 754 4883 aut
782 4828 911 4883 veris
949 4827 1093 4881 bonis
1118 4826 1301 4882 habere
1341 4833 1388 4879 te
1414 4825 1611 4878 credas.
1647 4823 1715 4877 Et
1739 4822 1914 4892 capite

314 4925 508 4980 ultimo
533 4939 548 4978 :
579 4920 642 4976 Si
680 4919 823 4976 Deus
851 4920 1076 4986 dederit,
1110 4918 1319 4988 inquit,
1365 4927 1412 4971 te
1440 4917 1507 4970 ad
1527 4931 1658 4971 verte
1688 4915 1915 4986 philoso-

390 5066 518 5121 llzec
563 5064 1086 5136 leguntur__numero
1130 5057 1368 5136 secundo
1399 5055 1518 5136 libri
1550 5057 1620 5136 de
1649 5053 1912 5136 hortibus

319 5128 736 5194 Persecutorum
771 5151 782 5186 :
815 5131 1069 5187 Extremis
1095 5133 1400 5200 temporibus
1429 5128 1616 5200 Tiberii
1640 5128 1872 5200 {Aesaris
1891 5165 1907 5191 ,

317 5221 372 5263 ut
398 5209 647 5277 scriptum
690 5205 925 5274 legimus,
972 5198 1224 5277 Dominus
1252 5212 1422 5277 noster
1447 5198 1605 5277 Jesu_s_
1625 5198 1854 5277 Christus
1881 5211 1913 5249 a

319 5270 520 5334 Judaeii
549 5270 808 5332 cruciatus
835 5285 908 5328 est
937 5284 1047 5343 post
1075 5274 1219 5343 diem
1265 5273 1514 5326 decimum
1561 5270 1912 5326 Kalendarum

318 5352 513 5424 Aprilis
531 5391 547 5418 ,
579 5349 774 5403 duobus
804 5342 1027 5401 Geminis
1051 5342 1377 5400 Consulibus.

387 5593 586 5650 Textus
631 5588 754 5649 libri
781 5589 850 5645 de
875 5588 1134 5644 Mortibus
1164 5585 1586 5644 Persecutorum
1635 5591 1905 5647 consentit

311 5701 434 5746 cum
461 5684 678 5744 duobus
708 5673 996 5743 textibus'e
1025 5679 1247 5756 regione
1274 5680 1487 5754 positis,
1505 5694 1570 5736 eo
1590 5683 1734 5754 quod
1756 5681 1905 5738 dica-

2021 4538 2282 4608 descripsi
2315 4549 2424 4593 tum
2454 4554 2576 4605 res,
2629 4549 2739 4594 tum
2771 4543 3068 4597 sententias
3088 4585 3103 4608 ,
3136 4552 3249 4599 tum
3280 4545 3613 4614 locutiones,

2018 4644 2220 4700 easque
2244 4629 2544 4700 singulares
2567 4640 2620 4688 et
2644 4630 2923 4688 Lactantio
2953 4635 3220 4704 pr0prias,
3247 4651 3366 4706 qua:
3395 4637 3446 4691 in
3474 4637 3614 4694 libro

2020 4723 2084 4776 de
2105 4721 2358 4776 Mortibus
2386 4731 2765 4787 persecutorum
2784 4763 2801 4790 ,
2831 4732 2885 4779 et
2913 4726 2963 4779 in
2993 4725 3117 4780 aliis
3139 4727 3450 4783 indubitatis
3477 4729 3615 4783 Lac~

2020 4813 2170 4869 tanlii
2198 4813 2451 4883 operibus
2492 4815 2698 4870 similes
2729 4815 3107 4885 reperiuntur,
3139 4827 3300 4889 atque
3328 4820 3400 4874 ob
3429 4821 3614 4877 oculos

2022 4921 2054 4963 e
2085 4907 2302 4978 regione
2332 4905 2508 4976 posui.

2090 5046 2216 5101 llaec
2254 5046 2522 5113 leguntur,
2567 5045 2705 5099 libro
2729 5061 2780 5099 tv
2805 5044 3237 5111 lnstitutionum,
3266 5061 3316 5103 c.
3352 5048 3420 5103 10
3449 5067 3462 5102 :
3497 5049 3606 5105 Sub

2017 5118 2230 5188 imperio
2264 5115 2452 5188 Tiberii
2484 5115 2730 5188 Caesaris,
2762 5119 2912 5188 cujus
2935 5133 3067 5170 anno
3098 5121 3274 5186 quinto
3302 5121 3497 5174 decimo
3519 5163 3532 5185 ,
3557 5122 3613 5175 id

2017 5187 2122 5262 est,
2150 5187 2347 5262 duobus
2384 5187 2607 5262 Geminis
2637 5187 2976 5262 consulibus,
3023 5201 3150 5262 ante
3171 5191 3303 5262 diem
3343 5193 3612 5262 septimum

2057 5261 2128 5314 ita
2181 5260 2365 5312 multa:
2413 5259 2714 5329 editiones)
2747 5257 3092 5313 Calendarum
3119 5257 3408 5331 Aprilium,
3438 5264 3614 5319 Judwi

2061 5333 2276 5384 hristum
2300 5331 2683 5396 cruci/iurant.

2089 5403 2154 5455 Et
2181 5402 2420 5469 ejusdem
2449 5402 2565 5454 libri
2597 5415 2718 5468 cap.
2745 5400 2819 5453 22
2851 5418 2864 5454 :
2897 5400 3080 5455 Mirari
3124 5403 3316 5458 desinet
3354 5403 3519 5460 Deum
3548 5405 3610 5460 ab

2018 5472 2302 5527 hominibus
2325 5487 2429 5526 esse
2455 5472 2756 5527 cruciatum.

2009 5599 2096 5647 tur
2122 5591 2222 5646 sub
2252 5589 2472 5646 Tiberio
2496 5591 2710 5681 Ctesare
2735 5591 2988 5653 Christus
3017 5608 3046 5650 a
3073 5593 3272 5651 Judaais
3300 5604 3606 5681 cruciatus,

2009 5683 2218 5742 duobus
2249 5681 2493 5742 Geminis
2518 5680 2863 5743 Consulibus.
