4138 6190
492 173 598 234 107

1936 160 2339 233 DISQUISITIU

3694 158 3800 215 168

494 293 720 348 bentur:
746 292 886 346 Illud
903 308 1019 345 vero
1038 290 1276 360 capitale,
1298 300 1343 343 et
1356 305 1512 351 supra
1529 305 1723 353 omnes,
1741 288 1829 357 qui
1848 290 2074 360 filerunt,
2105 287 2159 343 Α
2181 282 2589 360 abominandum
2602 298 2716 360 uon_
2732 281 3017 360 libidinem,
3038 280 3127 333 sed
3157 279 3413 360 insaniant
3444 277 3615 358 potius
3639 293 3787 333 exer—

494 364 852 436 corrumpendi
880 363 1156 436 cupiditas,
1188 361 1319 436 quid
1339 361 1508 436 dicam
1534 361 1726 436 nescio,
1755 359 2014 436 nisicatca
2031 372 2079 415 et

499 429 779 501 ementita;
811 443 860 488 et
890 429 1058 487 tamen
1087 432 1166 486 liis
1201 429 1378 487 'verbis
1413 432 1698 501 exprimere
1727 445 1819 498 pro
1845 429 2084 501 indigna-

406 527 413 535 ο
496 498 634 559 tione
669 498 765 558 sua
802 519 905 558 non
953 511 1136 576 potest.
1174 501 1343 558 Vincit
1399 502 1618 571 ofﬁcium
1658 500 1846 572 linguis
1886 498 2096 558 sceleris

499 576 820 647 magnitudo.

2186 364 2295 408 cent
2316 355 2435 408 ?....
2469 353 2662 418 Quibus
2697 353 2792 405 hoc
2812 352 2973 422 verbis
2992 394 3007 419 ,
3033 362 3123 405 aut
3149 368 3249 422 qua
3280 350 3645 420 indignatione.
3679 357 3797 422 turt-

2200 434 2306 477 tum
2359 424 2503 548 ner
2546 423 2870 495 prosequar?
2909 421 3073 478 Vincit
3116 419 3348 493 ofﬁcium
3377 419 3568 492 lingua:
3592 419 3803 475 sceleris

2203 504 2429 548 maanttu
2470 511 2520 548 ο.

2203 504 2520 565 magnitudo.

565 738 622 794 In
660 737 744 793 his
774 737 983 793 duobus
1018 737 1258 793 testibus
1298 735 1599 792 locutiones
1624 734 1847 789 omnino
1876 733 2089 791 similes
2191 740 2293 795 erit
2324 758 2337 794 :
2369 738 2435 794 Et
2464 748 2634 793 tamen
2656 738 2735 793 his
2771 737 2934 792 verbis
2961 737 3245 808 exprimere
3270 750 3412 790 mens
3439 749 3534 805 pro
3559 734 3807 807 indigna-

493 830 803 886 occurrunt.
840 828 1128 884 Mendosus
1159 836 1336 883 tamen
1366 835 1449 881 est
1478 833 1656 882 lexllls
1686 825 1810 878 libri
1839 823 1907 879 de
1948 824 2093 880 Mor-
2195 834 2329 887 tione
2352 850 2447 887 sua
2476 849 2579 886 non
2602 840 2805 901 potest;
2825 841 2879 885 et
2907 844 3099 885 sensus
3120 829 3223 883 erit
3250 826 3440 898 planus
3463 834 3520 883 et
3539 836 3800 897 apertus;

494 921 638 979 tibus
679 931 1088 993 persecutornm
1120 939 1134 975 :
1173 920 1269 976 sed
1299 920 1351 975 si
1389 918 1617 974 addatur
1641 933 1745 973 vox
1793 918 1892 972 ista
1922 934 2094 985 mens,

493 1029 616 1085 qua:
655 1013 827 1086 potuit
873 1013 1219 1069 amanuensis
1258 1012 1413 1082 culpa
1458 1010 1655 1076 omitti,
1688 1009 1766 1065 sic
1807 1008 2098 1080 legendum

568 1171 693 1226 Hzec
718 1183 866 1224 num.
895 1165 930 1222 5
955 1167 1050 1221 lib.
1077 1166 1146 1221 de
1166 1165 1427 1220 Mortibus
1450 1166 1865 1221 Persecutorum
1890 1163 2079 1235 legun-

2198 927 2270 981 ita
2300 925 2662 989 emendarunt
2684 923 2957 979 doctiores
2979 922 3200 992 quique.

2256 1163 2382 1249 llrec
2425 1167 2605 1250 cap._i
2649 1166 2745 1221 lib.
2786 1165 3068 1250 t.lnstitut.
3107 1165 3365 1250 leguntur
3413 1182 3428 1221 :
3482 1165 3805 1250 Majestatem

495 1251 583 1297 tur
611 1260 624 1295 :
660 1239 844 1293 Nonne
878 1238 1109 1293 mirabile
1133 1247 1207 1291 est
1232 1254 1417 1309 ausum
1448 1253 1555 1309 esse
1592 1252 1966 1309 queinquam...
1995 1252 2083 1288 co-
2196 1235 2297 1309 Dei
2312 1238 2677 1309 singularisque
2704 1238 2810 1291 veri
2834 1248 2884 1292 et
2902 1236 3203 1309 cognovisti,
3212 1247 3281 1309 _et
3312 1235 3594 1291 honorasti.

495 1314 654 1385 gitare
693 1312 931 1385 adversus
968 1311 1281 1385 maiestatem
1328 1308 1605 1377 singularis
1637 1305 1733 1361 Dei
1777 1308 1995 1377 regentis
2039 1314 2087 1360 et

498 1380 798 1438 continentis
826 1380 1096 1434 universa?

568 1453 639 1508 Et
679 1468 826 1507 num.
856 1451 925 1506 12
952 1469 965 1505 :
992 1449 1267 1517 Templum
1308 1450 1485 1519 paucis
1525 1449 1666 1503 horis
1691 1449 1804 1502 solo
1847 1445 2091 1517 adaqua-

496 1535 632 1580 runt.

2261 1308 2328 1362 Et
2378 1309 2468 1363 lib.
2504 1324 2557 1364 tv
2589 1308 2822 1362 lnstitnt.
2844 1350 2858 1371 ,
2891 1307 3011 1378 cap.
3044 1308 3108 1362 21
3152 1325 3167 1363 :
3202 1307 3462 1362 Futurum
3505 1325 3615 1364 esse
3659 1308 3807 1365 dixe-

2190 1390 2334 1443 runt,
2363 1388 2490 1433 ut...
2520 1381 2747 1433 civitates
2769 1395 2944 1433 eorum
2972 1380 3083 1433 solo
3106 1379 3419 1446 adaequaret.

2267 1450 2329 1504 Et
2359 1449 2450 1504 lib.
2477 1466 2511 1503 v
2538 1451 2792 1512 lnstitnt.,
2817 1464 2938 1519 cap.
2966 1450 3027 1505 11
3059 1466 3073 1502 :
3103 1448 3248 1504 Unus
3272 1449 3327 1503 in
3360 1448 3663 1521 Phrygia...
3687 1452 3806 1506 uni.

2195 1536 2399 1592 versum
2428 1522 2676 1592 populum
2706 1536 2822 1575 cum
2853 1521 2970 1592 ipso
2998 1522 3191 1591 pariter
3218 1521 3566 1577 conventiculo
3590 1537 3805 1578 concre-

568 1597 637 1651 Et
659 1610 806 1649 num.
838 1593 904 1648 15
934 1610 948 1647 :
979 1592 1473 1645 Constantius.......
1502 1589 1873 1655 conventicula,
1897 1589 1950 1643 id
1979 1599 2091 1655 est,
2126 1586 2173 1644 Β
2199 1591 2371 1645 mavit.

499 1669 740 1740 parietes,
768 1665 856 1740 qui
880 1664 1080 1740 restitui
1108 1662 1522 1740 poterant,l_dir_ui
1552 1677 1731 1740 passus
1757 1668 1853 1740 est.

571 1730 733 1792 Num.
760 1730 828 1792 l6
862 1754 873 1790 :
909 1730 1180 1789 Auctor'et
1211 1732 1536 1786 consiliarius
1562 1731 1629 1784 ad
1666 1730 1955 1802 faciendam
1978 1748 2096 1803 per-

506 1811 835 1874 secutionem;
874 1806 944 1862 de
971 1804 1218 1861 Hierocle
1241 1804 1457 1858 dicitur.

570 1962 774 2046 Eodem
798 1976 1054 2017 numero:
1076 1959 1337 2016 Saeculum
1351 1975 1468 2013 cum
1492 1960 1600 2014 suis
1616 1957 1895 2013 terroribus
1917 1960 2102 2016 trium—

500 2038 777 2160 phtlflsb’dem
801 2117 1027 2158 numero
1059 2120 1072 2155 :
1104 2100 1346 2172 Nefanda
1360 2102 1595 2172 jussione
1632 2110 1947 2170 contempta.
1978 2101 2102 2156 Jus-

503 2179 606 2238 sio.
632 2191 737 2231 vox
766 2174 1139 2229 antantinnn.

576 2248 777 2303 Eodem
809 2261 955 2300 num.
992 2244 1183 2298 Nullus
1213 2243 1426 2314 laqueus
1455 2242 1689 2297 inducat.

464 2460 469 2466 _
516 2411 526 2419 ‘
572 2399 731 2455 Nnm.
758 2398 827 2453 18
849 2397 915 2452 de
936 2394 1194 2451 Mortibus
1216 2404 1624 2465 pet-secutorum
1655 2412 1670 2450 :
1699 2394 1986 2448 Multorum
2009 2393 2107 2447 sibi

504 2472 623 2527 odia
669 2471 960 2541 qutcsisset;
997 2470 1221 2523 verlnnn
1263 2465 1705 2531 Lactantia‘num,
1749 2467 1851 2536 pro'
1877 2466 2106 2536 acquisi-

508 2546 681 2598 uisset.

580 2674 784 2732 Eodem
816 2687 1042 2729 numero
1075 2690 1089 2726 :
1120 2671 1202 2726 Ita
1230 2671 1404 2742 plane.

544 2798 549 2803 ’
576 2811 657 2867 De
687 2811 941 2867 Mortibus
970 2819 1384 2879 persecutorutn,
1410 2824 1558 2861 num.
1597 2807 1663 2862 2i
1695 2825 1709 2861 :
1742 2823 1791 2862 IN
1824 2821 2108 2862 senvrrtun

509 2900 564 2939 se
591 2884 868 2946 addicunt;
900 2882 951 2936 id
979 2893 1096 2947 est,
1126 2881 1178 2933 in
1202 2881 1538 2934 servitutem.

583 2955 660 3037 De
695 2953 939 3035 mortibus
969 2958 1346 3037 perse'cutorum
1366 2991 1382 3016 ,
1422 2965 1569 3005 num.
1607 2948 1680 3004 25
1705 2966 1717 3005 :
1747 2947 1938 3003 Contra
1963 2964 2111 3002 omne
2136 2975 2181 3037 Ο

502 3028 597 3097 jus
619 3023 952 3079 humanitatis
976 3021 1183 3076 occidit.

580 3157 659 3212 De
696 3157 864 3212 Morte
892 3171 1114 3227 persec.,
1144 3170 1294 3210 num.
1326 3154 1400 3211 24
1433 3170 1447 3209 :
1478 3153 1599 3209 lam
1628 3154 1987 3226 propinquavit
2033 3153 2114 3208 illi

501 3230 760 3303 judicium
788 3229 907 3283 Dei.

509 3518 523 3583 ι
585 3512 790 3569 Eodem
821 3528 970 3570 unm.
1006 3513 1071 3568 Ei
1099 3514 1364 3586 imperium
1391 3530 1481 3586 per
1503 3530 1686 3569 manus
1716 3514 1946 3567 tradidit.

587 3710 662 3766 De
701 3710 857 3765 Mart.
894 3727 1112 3780 persec.,
1162 3727 1312 3766 num.
1361 3709 1435 3765 26
1468 3728 1480 3763 :
1530 3711 1801 3778 Quaerebat
1838 3722 2108 3782 quatenus.

513 3782 774 3854 Quatenus
805 3796 870 3854 eu
901 3782 1031 3847 loci,
1066 3798 1163 3854 pro
1192 3783 1467 3854 quomodo.

580 3852 659 3907 De
690 3852 897 3905 Μαι-ιιι).
930 3850 1145 3920 peracta,
1176 3850 1325 3906 num.
1348 3852 1418 3906 27
1446 3872 1459 3904 :
1487 3850 1871 3922 Inﬂammatum
1899 3854 2010 3920 ira;
2032 3853 2112 3909 sic

511 3933 565 3979 et
592 3938 774 3993 supra,
802 3938 948 3993 num.
977 3922 1044 3975 14
1075 3941 1087 3975 :
1115 3922 1477 3993 Inﬂammatus
1501 3924 1602 3989 ira.
1814 3956 1818 3960 Α

583 3992 840 4048 DeMort.
867 3992 1083 4074 l’ersec.
1112 3992 1370 4074 nn_m.'_28.
1399 3992 1664 4074 Tanquam
1686 3994 1935 4063 superbus
1955 3996 2109 4065 alter,
2137 4006 2145 4013 ‘

509 4076 719 4119 exactus
742 4074 836 4118 est.
869 4062 1130 4133 Loquitur
1158 4062 1571 4133 de'l‘arquinio.

586 4135 664 4190 De
695 4133 855 4190 Mart.
889 4132 1081 4205 persec.
1115 4150 1264 4191 num.
1298 4134 1387 4188 50.
1422 4132 1614 4188 Habuit
1639 4134 1868 4205 impune.

583 4272 646 4327 Et
672 4287 820 4327 nmn.
847 4271 937 4326 55.
970 4262 1229 4325 Percussit
1255 4286 1370 4324 eum
1396 4268 1535 4325 Deus
1560 4270 1837 4334 insanabili
1857 4270 2037 4345 plaga.

579 4410 779 4465 Eadem
812 4425 959 4464 num.
995 4407 1337 4474 Forinsecus;
1368 4423 1471 4463 vox
1502 4407 1741 4463 insolita.

579 4547 780 4601 Eodem
812 4561 959 4601 num.
994 4544 1362 4598 Intestimabile
1387 4545 1611 4599 scatebat
1644 4562 1878 4601 examen.

583 4681 658 4735 De
684 4680 840 4735 Mort.
876 4681 1090 4734 Persec.
1122 4694 1246 4733 num
1269 4678 1359 4734 56.
1385 4679 1466 4733 Ad
1491 4696 1739 4750 praesens.

510 4906 546 4959 ά
584 4834 821 4957 Etbnum.
854 4832 946 4890 38.
972 4832 1233 4905 lngenuas
1256 4834 1475 4903 virgines
1498 4834 1791 4888 iutminutas
1816 4837 1973 4891 servis
1993 4838 2099 4893 suis

549 4922 645 4959 ana
680 4915 750 4957 ut.

549 4915 750 4959 onabut.

583 4975 739 5029 Νιιιιι.
772 4974 842 5029 41
874 4976 992 5030 libri
1037 4974 1104 5029 de
1134 4975 1290 5029 Mnrt.
1340 4975 1550 5031 Perseo.
1599 4978 1677 5031 sic
1721 4976 1949 5033 habetur
1988 4996 2001 5031 :
2034 4978 2104 5033 Et

510 5047 736 5119 quamvis
765 5063 817 5100 se
843 5044 1134 5100 Maxentius
1166 5046 1344 5100 Romae
1381 5048 1656 5119 contineret
1678 5088 1691 5111 ,
1721 5051 1859 5119 quod
1885 5065 2102 5119 respon-

508 5135 621 5173 sum
662 5128 922 5186 acceperat
964 5119 1244 5186 periturum
1284 5133 1408 5189 esse,
1456 5118 1690 5189 siAextra
1736 5118 1913 5189 portas
1962 5118 2102 5175 urbis

510 5192 757 5243 exisset...
781 5189 1117 5259 commonitus
1137 5196 1211 5241 est
1235 5189 1288 5259 in
1309 5188 1473 5258 quiete
1499 5186 1887 5259 Constantinus,
1917 5201 1973 5246 ut
2001 5209 2102 5249 cce-

510 5260 635 5316 leste
663 5260 866 5330 signum
894 5257 990 5314 Dei
1015 5267 1212 5315 notaret
1236 5258 1291 5314 in
1317 5257 1496 5313 scutis.

2275 1662 2391 1717 Lib.
2425 1678 2458 1716 v
2493 1663 2664 1717 Divin.
2729 1662 3001 1725 lnstitnt.,
3044 1677 3165 1732 cap.
3218 1663 3280 1717 11
3322 1679 3335 1715 :
3388 1662 3536 1716 Alius
3577 1663 3806 1717 eamdem

2202 1733 2473 1787 materiam
2506 1734 2797 1787 mordacius
2847 1734 3083 1802 scripsit,
3123 1734 3211 1802 qui
3247 1742 3352 1787 erat
3380 1742 3486 1787 tum
3526 1750 3555 1787 e
3595 1751 3806 1788 numero

2201 1802 2477 1869 Judicum,
2509 1814 2555 1859 et
2581 1807 2667 1873 qui
2702 1814 2880 1858 auctor
2934 1805 2988 1858 in
3020 1804 3199 1874 primis
3225 1819 3505 1860 Helenus:
3540 1820 3806 1861 causaca-

2204 1889 2384 1946 nqms
2413 1878 2531 1946 fuit.
2560 1876 2685 1930 Haec
2715 1876 2888 1946 etiam,
2905 1874 2973 1930 de
2996 1875 3260 1946 Hierocle.

2276 1944 2396 2000 Lib.
2414 1944 2499 2008 ἰν,
2527 1947 2699 2000 Divin.
2731 1944 2990 2013 lnstitnt.,
3021 1960 3141 2015 cap.
3166 1945 3239 2000 26
3271 1961 3284 1998 :
3319 1945 3539 2002 Mortem
3559 1962 3667 2003 CUI
3692 1961 3810 2003 scis

2204 2031 2532 2073 renaomsus
2559 2032 2966 2081 rmuupnancr;
2998 2026 3053 2072 et
3079 2017 3115 2071 Ι.
3148 2033 3222 2084 γι,
3254 2032 3303 2072 c.
3331 2015 3420 2072 25.

2277 2088 2453 2155 Lact.,
2488 2089 2641 2155 lnst.,
2676 2089 2713 2142 l.
2739 2104 2807 2160 tv,
2832 2103 2883 2143 c.
2909 2087 2995 2156 t5,
3018 2088 3210 2144 eodem
3229 2088 3585 2160 verbojussio
3614 2088 3805 2159 utitur,

2207 2160 2320 2214 etl.
2351 2175 2402 2223 v,
2433 2176 2484 2215 c.
2519 2162 2580 2214 11
2617 2168 2672 2215 et
2701 2159 2787 2213 15.

2278 2230 2456 2295 Lact.,
2490 2231 2528 2285 ι.
2555 2247 2607 2286 vr
2649 2231 2763 2285 Div.
2801 2229 2930 2284 Inst.
2967 2245 3018 2286 c.
3041 2231 3134 2297 2|,
3168 2231 3221 2283 in
3263 2230 3465 2285 eosdem
3494 2231 3699 2303 laqueos
3729 2233 3811 2285 in-

2208 2301 2486 2354 ducantur.

2244 2310 2486 2357 ucantur.

2279 2371 2368 2428 Sic
2419 2372 2597 2438 Lact.,
2658 2372 2772 2427 Div.
2825 2372 2993 2427 instit.
3052 2372 3087 2426 I.
3119 2387 3168 2433 ι,
3213 2388 3263 2426 e.
3294 2372 3365 2428 20
3395 2389 3410 2435 ;
3443 2372 3480 2426 1.
3513 2388 3574 2433 ιι.
3606 2388 3658 2428 c.
3689 2373 3803 2440 i2;

2211 2444 2249 2498 Ι.
2284 2459 2356 2511 ιν,
2389 2459 2438 2498 c.
2476 2444 2537 2509 1;
2568 2444 2605 2497 1.
2636 2459 2687 2509 v,
2718 2458 2770 2497 (τ.
2797 2444 2902 2508 1;ι.
2925 2459 3018 2508 vn,
3041 2458 3090 2498 c.
3113 2444 3200 2507 11,
3228 2446 3292 2498 ti
3339 2452 3395 2498 et
3423 2444 3511 2499 15.
3542 2444 3807 2514 Ερίιοιιι..

2208 2531 2259 2571 c.
2289 2515 2443 2596 4,20
2469 2524 2525 2569 et
2549 2516 2621 2569 27
2652 2532 2664 2570 :
2725 2515 2808 2569 bis
2835 2514 3087 2569 omnibus
3133 2516 3185 2568 in
3233 2516 3365 2570 locis
3422 2530 3672 2585 quaerere,
3707 2529 3807 2586 pro

2210 2602 2493 2652 acquirere.

2282 2658 2455 2724 Lact.,
2492 2657 2609 2711 Div.
2639 2655 2796 2723 lnst.,
2820 2656 2857 2711 l.
2888 2671 2992 2723 t,c.
3017 2656 3075 2711 11
3109 2672 3124 2721 ;
3157 2655 3195 2711 l.
3226 2670 3295 2721 ιι,
3327 2671 3377 2712 c.
3407 2655 3483 2712 2:
3517 2654 3601 2710 Ita
3629 2658 3806 2728 plane,

2211 2730 2403 2785 eodem
2435 2728 2615 2783 modo.

2287 2801 2457 2864 Lact.,
2507 2799 2676 2869 Epit.,
2734 2814 2784 2854 c.
2816 2796 2887 2851 52
2927 2812 2941 2851 :
2978 2796 3165 2852 Tradet
3211 2812 3265 2852 IN
3294 2812 3587 2854 scnvrrtust
3627 2799 3811 2856 Gentes

2212 2871 2489 2931 universas.
2510 2869 2699 2925 eodem
2729 2884 2912 2923 sensu.

2288 2942 2460 3005 Lact.,
2493 2940 2531 2994 l.
2556 2956 2587 2994 v
2619 2942 2733 2995 Div.
2766 2940 2922 2998 lnst..
2957 2956 3007 2995 c.
3036 2938 3104 2994 19
3138 2949 3193 2996 et
3217 2938 3289 2992 22
3323 2957 3337 2995 :
3368 2940 3559 2995 Contra
3589 2941 3683 3008 jus
3705 2941 3810 2994 hu-

2214 3013 2521 3076 manitatis;
2568 3011 2608 3067 Ι.
2662 3026 2735 3077 vt,
2785 3026 2834 3066 c.
2869 3012 2937 3066 10
2972 3030 2986 3067 :
3016 3009 3204 3066 Contra
3243 3015 3335 3081 jus
3383 3011 3716 3067 humanitatis
3764 3021 3813 3067 et

2215 3089 2309 3163 [as
2323 3099 2469 3137 omne
2485 3082 2733 3163 spoliant,
2756 3083 3009 3163 cruciant,
3040 3082 3311 3163 occidunt,
3342 3083 3696 3163 exterminant.

2286 3154 2463 3220 Lact.,
2485 3150 2603 3208 Div:
2626 3152 2782 3218 lnst.,
2808 3153 2846 3207 ι.
2869 3169 2964 3217 vn,
2992 3168 3043 3208 e.
3071 3154 3142 3209 M
3173 3169 3186 3205 :
3214 3150 3377 3223 Cujus
3394 3154 3588 3220 judicii
3614 3163 3812 3223 tempus

2214 3227 2628 3297 appropinquare
2667 3223 3051 3297 ostendam;et
3093 3239 3147 3297 ρ.
3174 3223 3247 3297 24
3280 3222 3385 3277 :Et
3433 3222 3812 3297 jamupropin-

2214 3294 2651 3369 quare‘summum
2696 3295 2845 3369 illum
2874 3294 3218 3369 conclusionis
3230 3302 3486 3369 extremae
3532 3294 3811 3369 diemLSic

2217 3364 2589 3438 propinquare
2615 3365 2807 3438 eodem
2846 3365 3007 3421 modo
3037 3366 3202 3420 utitur
3229 3364 3538 3421 Lactantius
3593 3368 3645 3419 in
3679 3365 3810 3435 Epi-

2216 3436 2382 3505 tonie,
2411 3436 2462 3493 ο.
2484 3439 2549 3492 71
2581 3436 2754 3491 initio.
3246 3492 3251 3497 _

2288 3509 2463 3573 Lact.,
2496 3509 2618 3562 Div.
2643 3507 2772 3562 Inst.
2799 3508 2837 3562 l.
2864 3523 2923 3573 ιι,
2948 3522 3003 3563 c.
3028 3507 3064 3561 4
3096 3522 3109 3559 :
3145 3505 3281 3579 Vixit
3308 3524 3469 3579 usque
3489 3507 3558 3562 ad
3579 3518 3812 3564 senectu-

2215 3591 2335 3649 tem,
2365 3595 2674 3651 regnumque
2699 3579 2809 3649 ﬁlio
2839 3595 2929 3651 per
2948 3594 3133 3633 manus
3162 3578 3398 3633 tradidit.

2290 3717 2463 3781 Lact.,
2493 3717 2608 3772 Div.
2634 3714 2764 3771 Inst.
2796 3716 2835 3770 ι.
2865 3731 2931 3782 ιι,
2956 3729 3005 3769 c.
3029 3713 3122 3781 21,
3150 3723 3399 3785 quatenus
3426 3715 3585 3769 etiam
3615 3713 3811 3772 eodem

2215 3803 2379 3845 sensu
2407 3788 2688 3858 accipitur,
2720 3788 2875 3842 sicuti
2905 3795 2962 3841 et
2989 3786 3025 3839 Ι.
3055 3801 3128 3858 tv,
3155 3802 3205 3839 c.
3235 3784 3327 3858 27;
3357 3785 3393 3839 Ι.
3423 3802 3517 3847 vn,
3549 3801 3599 3841 c.
3634 3785 3688 3841 6.

2286 3860 2465 3926 Lact.,
2493 3856 2610 3914 Div.
2636 3856 2768 3915 Inst.
2800 3858 2836 3912 Ι.
2870 3872 2962 3925 vu,
2997 3871 3049 3912 c.
3084 3857 3172 3922 17,
3204 3857 3555 3926 inflammatus
3581 3859 3679 3911 ira.

2289 3995 2465 4060 Lact.,
2496 3993 2611 4049 Div.
2635 3991 2808 4049 Instit.
2833 3991 2928 4048 lib.
2956 4006 3028 4058 tv,
3052 4005 3174 4062 cap.
3194 3988 3608 4061 M.Tarquinius
3632 4007 3814 4064 super-

2217 4068 2309 4123 bus
2332 4074 2539 4120 exactus
2567 4074 2661 4118 est.

2288 4137 2465 4203 Lact.,
2494 4134 2763 4204 Epitome,
2791 4147 2913 4204 cap.
2929 4134 3021 4189 55.
3045 4130 3480 4202 lmpunehabuit;
3497 4141 3552 4189 et
3571 4147 3693 4203 cap.
3715 4132 3811 4201 55,

2217 4209 2440 4278 Impune
2469 4207 2679 4278 habens.
2762 4276 2771 4278 Α
3240 4273 3270 4278 _
3457 4275 3465 4278 _
3548 4273 3589 4278 _
3644 4260 3659 4267 _

2293 4273 2361 4333 Et
2405 4278 2499 4332 lib.
2530 4292 2599 4331 vn
2643 4274 2878 4331 Institut.
2921 4290 3041 4347 cap.
3098 4275 3187 4331 15.
3231 4273 3489 4329 Percussit
3516 4273 3811 4346 Egyptum

2138 4368 2194 4430 D
2221 4350 2358 4430 Deus
2386 4348 2662 4430 insanabili
2689 4348 2866 4430 plaga:

2288 4420 2464 4487 Lact.,
2509 4418 2578 4474 de
2618 4414 2810 4489 Opilié.
2837 4417 2943 4473 'Dei
2967 4431 3087 4488 cap.
3134 4417 3191 4471 2.
3229 4414 3569 4484 Forinsecus,
3616 4416 3809 4473 eodem

2217 4506 2378 4550 sensu
2388 4529 2401 4543 .

2290 4562 2465 4627 Lact.,
2502 4560 2674 4615 Divin.
2706 4559 2880 4615 Instit.
2909 4558 3003 4615 lib.
3034 4574 3074 4626 ι,
3103 4574 3223 4629 cap.
3244 4559 3334 4624 i6;
3362 4558 3455 4614 lib.
3482 4557 3549 4614 de
3569 4557 3651 4613 Ira
3684 4563 3806 4629 cap.

2220 4634 2309 4692 10.
2340 4633 2614 4702 Epttomes
2635 4646 2753 4702 cap.
2784 4629 2872 4695 72,
2904 4629 3310 4693 lmestimabilis,
3346 4630 3538 4702 eodem
3566 4644 3749 4702 sensu.

2296 4675 2309 4692 .
2340 4646 2614 4702 bpttomes
2635 4646 2753 4757 cap.
2784 4646 2872 4695 η,
2904 4646 3310 4693 tmesnmamns,
3346 4646 3538 4685 eonem
3566 4646 3749 4684 sensu.

2290 4703 2463 4769 Lact.,
2493 4703 2667 4758 Divin.
2719 4704 2865 4756 nstit.
2898 4702 2988 4757 lib.
3015 4717 3107 4767 vn,
3138 4716 3257 4768 cap.
3290 4702 3344 4765 6,
3370 4701 3436 4755 10
3459 4711 3514 4755 et
3545 4701 3632 4764 15.
3658 4710 3712 4755 et
3736 4699 3809 4755 de

2219 4776 2303 4832 Ira
2329 4791 2449 4844 cap.
2470 4774 2562 4837 22,
2595 4775 2663 4827 ad
2694 4788 2915 4843 prwsens
2939 4771 3130 4844 eodem
3156 4786 3318 4844 sensu
3347 4782 3653 4841 usurpatur.

2287 4846 2355 4900 Et
2378 4840 2471 4901 lib.
2500 4860 2518 4899 ι
2543 4840 2779 4900 Institut.
2803 4858 2922 4913 cap.
2948 4843 3016 4898 10
3043 4861 3055 4896 :
3085 4840 3282 4897 Omitto
3310 4844 3532 4913 virgines
3554 4857 3683 4912 quas
3708 4841 3807 4895 im-

2213 4917 2417 4973 minuit.

2283 4987 2401 5043 Lib.
2430 5002 2466 5040 ιι
2491 4985 2727 5041 Institut.
2752 5000 2900 5041 num.
2932 4986 2965 5042 7
3002 4985 3082 5040 sic
3123 4984 3385 5039 habetur:
3419 4982 3618 5037 Tiberio
3652 4999 3805 5036 nam-

2211 5076 2308 5123 que
2335 5058 2525 5112 Attinio
2554 5057 2747 5111 homini
2777 5057 2970 5128 plebeio
2999 5072 3091 5127 per
3118 5057 3338 5125 quietem
3379 5056 3672 5111 obseruatus
3700 5070 3811 5109 esse

2209 5128 2415 5201 Jupiter
2442 5129 2650 5182 dicitur.
2860 5198 2872 5201 _
2970 5198 2978 5201 Α
3281 5197 3292 5201 Α
3369 5197 3381 5201 _
3442 5198 3452 5201 _
3612 5194 3658 5201 __
3714 5195 3745 5201 __
3871 5181 3884 5189 _

2283 5194 2345 5256 Et
2374 5210 2561 5269 postea
2590 5201 2816 5269 loquens
2842 5198 2912 5254 de
2953 5198 3222 5269 Augusto,
3250 5197 3329 5252 sic
3369 5197 3567 5253 habet:
3604 5194 3810 5250 Medico

2208 5274 2319 5343 eius
2348 5268 2551 5324 Artoria
2579 5268 2833 5343 Mineruae,
2848 5271 3039 5343 species
3069 5268 3457 5343 obversata_est,
3489 5282 3698 5343 monens
3744 5282 3812 5320 ne

2210 5338 2420 5470 propter
2472 5342 2699 5413 corporis
2744 5338 3142 5396 imbecillitatem
3194 5340 3379 5396 castris
3427 5356 3483 5395 se
3529 5338 3810 5394 contineret

2250 5429 2402 5469 mar.

2250 5429 2402 5469 ωδαν.

579 5562 839 5620 Notentur
863 5563 915 5618 in
945 5572 1172 5635 utroque
1201 5572 1349 5619 textu
1374 5563 1671 5624 locutiones
1701 5567 1819 5625 ista:
1848 5568 2051 5627 similes
2076 5587 2089 5628 :
2130 5569 2204 5628 Se
2231 5569 2413 5629 Bonus
2440 5574 2750 5642 contineret;
2795 5576 2977 5631 castris
3016 5590 3068 5632 se
3099 5574 3421 5643 contineret,
3471 5569 3811 5629 commonitus

508 5666 581 5718 est
605 5658 660 5715 in
687 5657 875 5732 quiete,
907 5672 998 5731 per
1020 5656 1238 5731 quietem
1265 5672 1495 5719 monens.
