4138 6190
298 282 317 334 l
330 278 394 333 69

1293 275 1381 331 DE
1413 273 1616 331 AUCT.
1661 274 1790 330 LIB.
1834 272 1924 329 DE
1970 271 2179 330 MORT.
2223 270 2605 329 PERSECUT.

3486 267 3594 324 170

362 394 431 447 De
455 390 609 447 Mort.
635 391 849 462 Persae.
881 404 1030 445 num.
1061 388 1252 445 44:Et
1276 406 1424 445 suum
1453 390 1754 462 proprium;
1790 404 1888 446 vo-
1916 394 1968 455 Α
2070 389 2221 444 Lact.
2253 387 2429 462 Divin.
2458 387 2632 462 iusti}.
2655 385 2751 462 lib.
2774 400 2831 442 ut
2856 399 2977 462 cap.
3010 383 3221 462 lQ;_lib.
3256 399 3311 440 tv
3337 385 3588 462 cap._14;

282 480 377 519 ces
404 465 625 519 Omnino
653 461 1040 519 Lactantianae.

360 618 432 673 De
460 618 724 674 Mortibus
747 621 962 675 Persec.
995 633 1146 674 num.
1175 617 1246 674 47
1279 637 1292 674 :
1326 619 1636 689 Quiverunt,
1665 622 1887 679 verbum

281 689 568 745 Lactantio
597 689 874 762 frequens.

358 852 427 908 Et
451 869 601 907 num.
632 853 706 909 49
740 872 753 909 :
778 852 1174 909 lusustentabili
1203 855 1381 910 dolore
1408 871 1565 924 usque
1589 854 1660 909 ad
1689 855 1883 910 rabiem

282 925 468 978 mentis
496 924 661 979 elatus
688 935 784 980 est.

358 1016 422 1095 Et
456 1032 604 1070 lltltll.
634 1015 725 1081 52,
751 1017 920 1095 qui_et
942 1018 1176 1095 ultimus
1188 1027 1278 1095 est
1302 1035 1315 1072 ι
1347 1017 1484 1095 Deus
1509 1036 1716 1095 gregem.
1734 1036 1884 1073 suum

282 1089 477 1157 partim
505 1096 757 1160 vastatum
782 1105 813 1140 a
842 1089 979 1155 lupis
1002 1090 1291 1158 rapacibus,
1328 1091 1512 1156 partim
1540 1107 1655 1143 vero
1682 1091 1884 1160 disper-

281 1174 397 1238 sum
424 1157 721 1238 reﬁcere-ac
745 1160 1039 1238 recolligere
1058 1157 1302 1238 dignatus
1323 1170 1414 1238 est,
1440 1171 1490 1238 et
1502 1162 1697 1238 bestias
1723 1157 1890 1215 malas

281 1228 885 1310 extirpwa-fEunum.
915 1228 1024 1310 50:_
1050 1228 1143 1285 Sic
1161 1247 1337 1286 omnes
1365 1232 1513 1301 impii
1531 1247 1648 1286 vero
1672 1242 1717 1287 et
1738 1239 1884 1302 justo

270 1299 481 1368 judicio
508 1298 610 1354 Dei
638 1301 838 1368 eadem,
861 1316 975 1372 qut:
996 1306 1246 1372 fecerunt,
1279 1298 1594 1373 receperunt.

350 1500 674 1569 Congruunt
698 1499 947 1570 utrinque
974 1509 1151 1556 textus
1194 1500 1298 1555 isti.
1337 1500 1663 1568 Notandum,
1690 1518 1882 1559 vocem

1997 459 2091 516 lib.
2121 475 2155 514 v
2181 474 2302 529 cap.
2325 459 2384 515 ll
2410 476 2424 523 ;
2458 458 2537 514 De
2567 456 2760 528 Opiﬁc.
2790 473 2910 528 cap.
2937 457 2994 524 ἓ,
3026 456 3119 529 ubi
3135 472 3284 510 suum
3302 458 3590 528 proprium,

1994 547 2089 586 suo
2115 526 2351 603 proprio,
2381 547 2477 585 sua
2497 526 2709 601 propria
2737 526 2952 600 semper
2978 526 3319 583 adhibentur.

2066 624 2217 680 Lact.
2246 624 2362 679 Div.
2388 623 2563 679 lostit.
2592 622 2687 677 lib.
2716 638 2760 682 ιι
2783 637 2901 692 cap.
2929 622 3002 685 5;
3028 620 3122 676 lib.
3149 635 3183 675 v
3219 635 3338 688 cap.
3371 620 3464 686 2‘2,
3498 618 3591 692 ubi

1993 697 2156 822 filling]
2184 697 2450 766 quiverunt
2475 704 2530 750 et
2555 694 2802 765 quiverint
2824 691 3151 764 usurpantur
3198 692 3393 773 eadem
3418 691 3589 760 signi-

2035 782 2094 822 ca
2142 782 2263 822 one.
3388 766 3395 783 '

2035 766 2263 822 catione.
3198 766 3203 773 '
3372 766 3395 783 "

2068 858 2135 913 Et
2162 858 2253 915 lib.
2289 873 2356 912 vn
2387 857 2620 912 lostitut.
2660 872 2781 928 cap.
2822 854 2933 912 46:
2967 853 3065 909 Hic
3092 834 3469 909 insustentabili
3496 854 3594 907 do—

1992 931 2273 984 minatione
2296 930 2496 983 vexabit
2527 928 2718 983 orbem.

2066 1022 2131 1075 Et
2166 1020 2262 1075 lib.
2302 1035 2335 1073 v
2366 1020 2537 1075 lnstit.
2572 1035 2692 1091 cap.
2720 1020 2793 1073 '23
2822 1036 2835 1071 :
2863 1017 3151 1091 Punientur
3184 1018 3379 1083 iudicio
3422 1014 3592 1091 Dei...

1990 1093 2365 1147 vindicaturum
2380 1108 2434 1145 se
2454 1093 2505 1144 in
2530 1107 2616 1145 eos
2640 1088 2873 1144 celeriter
2896 1088 3186 1155 pollicetur,
3216 1098 3261 1142 et
3288 1088 3596 1142 extermina-

1990 1174 2105 1218 turu
2154 1162 2315 1215 malas
2372 1164 2559 1216 bestius
2598 1162 2662 1215 de
2702 1171 2908 1216 terra...
2947 1160 3146 1230 veniet,
3175 1159 3332 1214 veniet
3374 1158 3592 1214 rabiosis

1993 1244 2041 1290 et
2071 1233 2333 1289 ueracibus
2364 1232 2500 1303 lupis
2525 1249 2713 1287 merces
2741 1248 2854 1286 sua.

1990 1514 2168 1576 tuaque
2196 1507 2403 1578 corrupi
2432 1522 2503 1560 se.
2536 1506 2667 1575 Quze
2692 1518 2814 1559 cum
2844 1504 2914 1558 ita
2938 1502 3083 1570 sint,
3122 1499 3377 1568 numquid
3437 1498 3602 1553 libra—

278 1591 450 1658 ωηεν
478 1592 871 1659 ξηεααεηιαυίίὲ,
902 1590 1041 1647 ΐοΐιθ
1068 1594 1119 1647 in
1149 1592 1295 1647 ιιυηο
1333 1593 1442 1647 alio
1468 1602 1689 1649 auclore
1732 1609 1890 1665 repe—
1918 1614 1969 1676 Β
1996 1600 2107 1655 rius
2130 1600 2231 1656 iste
2259 1617 2365 1657 non
2398 1601 2573 1662 potuit
2600 1598 2856 1653 omittere
2883 1596 3071 1651 ultima
3107 1594 3215 1649 duo
3244 1592 3393 1648 Lucn
3418 1591 3599 1647 (Σερι-

279 1700 376 1739 l'll'l
387 1725 406 1738 .

352 1777 473 1831 llas
520 1777 894 1848 proculdubio
938 1778 1187 1848 loquendi
1216 1777 1497 1846 formulas,
1551 1795 1672 1850 quae
1728 1794 1891 1835 unum

274 1868 648 1940 eamdemque
688 1879 1077 1940 reprzesentant
1120 1880 1431 1938 auctorem,
1482 1881 1566 1927 sat
1608 1871 1895 1943 diligenter

276 1976 390 2015 non
422 1962 729 2016 contulerat
755 1961 986 2017 domnus
1014 1963 1061 2017 le
1095 1961 1305 2034 Nourry
1334 1982 1347 2019 :
1376 1963 1614 2033 alioquin
1652 1964 1705 2018 in
1748 1979 1891 2029 eam,

275 2063 336 2107 ut
360 2064 524 2123 puto,
559 2064 666 2107 tam
698 2056 864 2110 libere
887 2071 992 2109 non
1021 2056 1206 2110 ivisset
1234 2057 1567 2126 Opinionem,
1597 2072 1628 2111 a
1655 2073 1758 2128 qua
1786 2057 1896 2111 dis-

294 2158 533 2217 crepant
555 2148 778 2202 omnino
800 2149 1114 2219 viriquique
1134 2148 1454 2204 doctissimi.
1489 2150 1636 2204 llanc
1665 2165 1827 2220 porro
1849 2148 1898 2205 si

276 2242 544 2311 amplecti
587 2242 885 2307 statuisset,
937 2259 1041 2295 non
1089 2241 1321 2312 frigidis,
1371 2257 1479 2296 non
1511 2241 1741 2306 levibus,
1788 2258 1895 2298 non

277 2339 444 2393 vanis
474 2340 547 2392 uti
589 2339 845 2394 debuerat
887 2339 1260 2408 argumentis:
1302 2337 1398 2393 sed
1445 2339 1660 2402 lirmas,
1691 2337 1800 2393 imo
1842 2346 1897 2393 et

275 2429 640 2498 gravissimas
680 2429 848 2498 ipsius
898 2441 1014 2483 erat
1059 2428 1318 2483 adbibere
1370 2429 1641 2496 rationes,
1702 2429 1898 2499 quibus

278 2530 521 2591 possent
570 2522 764 2576 eruditi
805 2538 837 2576 a
884 2523 1103 2592 pristina
1151 2537 1247 2576 sua
1290 2520 1554 2577 dimoveri
1604 2522 1891 2577 sententia.

278 2612 398 2667 Nec
426 2613 577 2667 dicat
593 2612 943 2684 Nourrysius,
969 2613 1182 2667 nonnisi
1210 2598 1339 2666 casu
1368 2621 1424 2667 et
1450 2612 1670 2666 fortuito
1692 2612 1897 2668 similes

277 2703 463 2759 fuisse
488 2718 731 2774 repertas
760 2706 812 2760 in
843 2716 1070 2774 utroque
1098 2712 1316 2758 auctore
1350 2703 1666 2758 locutiones.
1700 2703 1757 2757 ld
1781 2704 1900 2773 qui-

279 2798 417 2853 dem
458 2806 632 2867 potest
660 2799 774 2851 lieri
804 2799 999 2863 semel,
1040 2808 1132 2851 aut
1175 2798 1274 2861 bis,
1298 2795 1395 2851 sed
1440 2811 1548 2850 non
1579 2797 1774 2866 ubique
1794 2840 1807 2859 ,
1835 2811 1900 2850 ac

279 2888 616 2961 quadragies
631 2902 686 2944 et
705 2891 952 2959 amplius,
977 2890 1132 2944 sicuti
1154 2890 1337 2943 evenit
1355 2891 1407 2943 in
1431 2888 1612 2944 libello
1624 2888 1898 2959 sexaginta

2000 1708 2071 1747 ιιι
2095 1692 2389 1749 Lacnu'rn
2413 1691 2660 1747 Flauum
2688 1689 2943 1745 nomina?
2971 1688 3042 1743 At
3073 1701 3335 1757 nusquam
3362 1686 3601 1755 reperire

1996 1785 2174 1850 datur,
2196 1789 2271 1840 ait
2294 1787 2529 1841 Domnus
2558 1786 2606 1840 le
2630 1784 2840 1854 Nourry
2860 1774 3198 1837 Lactantium
3222 1779 3370 1833 chu
3399 1776 3598 1844 C(ELII,

1995 1878 2109 1932 sive
2126 1877 2275 1933 Lucn
2293 1877 2510 1934 Casca."
2536 1874 2958 1947 prmnomiuibus
2982 1872 3292 1941 insignitum
3323 1866 3506 1924 fuisse.
3534 1870 3601 1922 At

1996 1969 2051 2023 id
2080 1968 2214 2024 c'erte
2237 1970 2397 2024 multo
2423 1970 2618 2030 minus,
2653 1966 2813 2021 verba
2846 1974 2973 2020 sunt
2999 1963 3257 2023 editoris,
3292 1962 3343 2014 in
3375 1961 3603 2024 alicuius

1998 2063 2115 2118 libri
2144 2065 2207 2117 ab
2232 2081 2290 2119 eo
2314 2064 2492 2133 scripti
2523 2060 2672 2117 titulo
2693 2062 2876 2132 poterit
2903 2058 3138 2113 inveniri.
3168 2057 3299 2125 Quis
3331 2070 3436 2111 non
3474 2070 3599 2111 cre-

1999 2161 2153 2217 deret
2178 2161 2296 2215 viro
2321 2174 2531 2214 summe
2558 2157 2811 2229 religioso
2839 2172 2992 2226 reque
3019 2170 3083 2210 ac
3124 2152 3337 2210 erudito
3383 2168 3496 2208 rem
3526 2154 3600 2208 ita

1998 2255 2327 2311 amrtnanti?
2355 2254 2602 2310 Jurarem
2630 2253 2745 2322 ipse
2770 2253 2821 2305 in
2855 2251 3019 2305 verba
3041 2249 3182 2304 docti
3206 2248 3451 2309 editoris.
3474 2262 3601 2303 eum

1998 2347 2293 2402 contulisse
2340 2344 2557 2401 codices
2615 2342 3008 2411 manuscriptos
3056 2355 3282 2404 omnes,
3336 2347 3603 2409 quotquot

2000 2440 2223 2509 reperiri
2255 2445 2544 2507 potuerunt
2566 2436 2706 2506 apud
2737 2444 3026 2496 nostrates,
3059 2433 3110 2486 in
3137 2433 3309 2500 iiSque
3337 2445 3602 2499 nusquam

1999 2533 2103 2603 legi
2137 2533 2465 2602 praenomina
2484 2529 2638 2585 Lucii
2659 2528 2812 2583 leii
2831 2537 2885 2580 et
2915 2526 3063 2581 Lucii
3091 2526 3290 2579 Caecilii
3321 2522 3605 2578 Lactantio

1999 2625 2290 2692 adscripta.
2327 2622 2508 2693 Longe
2526 2632 2702 2674 tamen
2730 2619 2888 2673 aliter
2908 2627 3008 2672 est.
3037 2617 3272 2670 Domnus
3292 2618 3340 2669 le
3365 2613 3599 2685 Nourry,

2001 2734 2122 2773 cum
2152 2716 2320 2771 edidit
2349 2716 2541 2769 librum
2570 2714 2638 2769 de
2663 2711 2922 2766 Mortibus
2958 2710 3373 2763 Persecutorum
3395 2746 3411 2768 ,
3444 2705 3603 2759 Pari-

2001 2811 2096 2865 siis
2127 2819 2255 2863 tunc
2282 2807 2527 2877 degebat.
2553 2804 2664 2871 Qui
2695 2803 2861 2870 igitur
2880 2801 3084 2855 ratione
3117 2814 3222 2852 non
3257 2796 3605 2866 perlustravit

2002 2901 2166 2971 Regis
2207 2895 2654 2955 Cbrisdanissimi
2702 2891 3132 2949 Bibliotltecam?
3165 2890 3279 2944 lloc
3329 2890 3379 2942 in
3435 2886 3606 2957 Regio

278 2982 516 3038 circiter
559 2984 909 3053 paginarum;
965 2982 1235 3053 prmcipue
1282 2998 1412 3037 vero
1454 2996 1575 3036 cum
1622 2992 1809 3052 agatur
1834 2982 1899 3035 de

2006 2994 2284 3049 Thesauro
2309 2992 2441 3046 vidit
2468 2992 2583 3061 ipse
2615 2988 2833 3043 codices
2863 2986 3092 3050 multos,
3123 2999 3328 3053 eosque
3373 2981 3607 3052 appellat

282 3075 375 3132 bis
406 3074 662 3131 formulis
689 3076 760 3130 ita
805 3076 1188 3146 singularibus,
1218 3085 1274 3129 ut
1302 3076 1389 3130 vix
1418 3090 1511 3130 eas
1535 3075 1584 3129 in
1631 3072 1899 3145 aliquibus

283 3169 544 3238 reperias
570 3168 947 3239 scriptoribus.

359 3264 457 3319 Ex
480 3265 564 3318 bis
596 3279 725 3335 ergo
757 3264 907 3330 locis,
933 3278 1068 3333 quos
1090 3279 1196 3317 non
1225 3279 1255 3319 e
1280 3262 1419 3317 libro
1442 3270 1641 3315 tantum
1665 3260 1733 3314 de
1761 3259 1900 3315 Mor-

284 3360 446 3413 tibus
466 3357 901 3421 Persecutorum,
931 3372 1113 3411 vermu
1143 3356 1303 3410 etiam
1334 3370 1402 3410 ex
1431 3352 1741 3408 indubitatis
1769 3352 1901 3405 Lac-

288 3451 457 3506 tantii
487 3448 744 3519 operibus
791 3448 1084 3517 exscripsi,
1114 3447 1313 3517 stylum
1342 3443 1590 3500 eumdem
1620 3460 1741 3496 esse
1776 3440 1898 3497 libri

287 3547 360 3601 de
392 3542 662 3598 Mortibus
688 3540 1099 3597 Persecutorum
1130 3554 1192 3592 ac
1220 3537 1481 3592 Lactantii
1509 3546 1740 3591 constat.

369 3640 646 3695 Disertum
673 3644 820 3691 certe
849 3636 1167 3702 scriptorem
1211 3632 1263 3686 in
1307 3630 1609 3701 eloquendo
1647 3628 1857 3701 facilem
1881 3668 1897 3693 ,

290 3742 577 3801 comptum
621 3735 678 3782 et
701 3737 968 3797 apertum,
1001 3725 1199 3795 quique
1244 3723 1506 3779 bonarum
1550 3723 1745 3775 artium
1773 3733 1901 3774 auc-

294 3836 451 3880 tores
475 3819 914 3891 pervolutaverit,
945 3832 1067 3888 qua:
1103 3825 1228 3871 sunt
1257 3829 1470 3885 quoque
1507 3811 1774 3867 Lactantii
1805 3811 1901 3865 do-

294 3925 404 3980 tes,
442 3914 578 3967 liber
597 3911 666 3966 de
695 3909 951 3964 Mortibus
980 3909 1390 3962 Persecutorum
1417 3903 1658 3959 exhibet.

364 4006 615 4062 Tandem
645 4003 840 4058 librum
866 4000 934 4054 de
957 3999 1213 4054 Mortibus
1237 3997 1648 4052 Persecutorum
1675 3992 1902 4049 Lactan-

294 4102 373 4155 tio
407 4096 752 4153 tribuendum
791 4095 979 4148 suadet
1005 4092 1181 4146 adhuc
1201 4133 1215 4156 ,
1247 4090 1388 4159 quod
1414 4089 1552 4143 sicut
1589 4088 1748 4142 docet
1778 4086 1900 4142 libri

295 4195 462 4247 istius
481 4199 670 4245 auctor
694 4204 843 4242 num.
879 4187 905 4240 1
938 4194 991 4241 et
1020 4184 1111 4253 50,
1137 4185 1395 4239 universos
1425 4182 1703 4237 christiani
1737 4179 1905 4234 notui-

293 4287 386 4341 nis
411 4293 758 4355 persecutores
786 4296 817 4334 a
844 4294 1057 4335 summo
1084 4279 1196 4332 Deo
1215 4275 1534 4340 debellatos,
1565 4282 1619 4329 et
1638 4274 1797 4344 digna
1818 4273 1903 4328 ul-

2005 3091 2057 3146 in
2083 3090 2355 3159 Apparalu
2379 3100 2477 3141 Suo
2497 3084 2565 3138 ad
2594 3081 2976 3137 Bibliotliecam
2991 3078 3089 3134 SS.
3124 3077 3338 3132 Patrum
3374 3088 3519 3129 louto
3545 3089 3603 3129 It.

2003 3183 2198 3253 Quidni
2224 3196 2321 3237 eos
2344 3176 2611 3235 curiosius
2637 3184 2692 3230 et
2714 3174 2972 3229 attentius
2994 3169 3270 3240 inspexit?
3300 3168 3453 3233 Quod
3477 3179 3606 3221 vero

2006 3291 2099 3345 per
2126 3272 2384 3329 incuriam
2414 3285 2519 3324 non
2552 3267 2670 3322 iecit
2705 3264 3056 3334 Nourrysitts,
3092 3262 3142 3316 id
3172 3262 3346 3331 ipsum
3378 3274 3605 3312 accura-

2006 3368 2111 3422 tius
2142 3379 2496 3435 exequamur.

2078 3460 2287 3513 Primus
2304 3456 2463 3527 igitur
2477 3451 2646 3508 codex
2664 3458 3053 3521 nongentorum
3069 3460 3356 3509 annorum,
3377 3455 3608 3497 munero

2007 3550 2164 3616 1662’,
2200 3552 2313 3603 luce
2342 3549 2502 3602 habet
2527 3547 2707 3607 verba,
2739 3543 2869 3597 folio
2893 3542 2995 3595 23:

2077 3644 2279 3697 Cson."
2322 3638 2571 3693 FIRMIANI
2624 3636 2687 3688 de
2737 3634 2875 3703 falsa
2930 3631 3196 3701 Religione
3239 3627 3365 3681 liber
3411 3626 3607 3696 primus

2004 3734 2233 3803 explicit.

2079 3825 2267 3896 Incipit
2294 3825 2419 3878 liber
2446 3822 2699 3877 secundus
2731 3817 2982 3873 Lactantii
3007 3815 3224 3872 Cum."
3253 3812 3502 3869 Flauum
3532 3814 3599 3868 de

2010 3918 2220 3987 Origine
2248 3916 2437 3970 erroris
2468 3913 2537 3967 ad
2563 3910 2950 3967 Constantinum
2974 3909 3353 3978 imperatorem.
3440 3920 3448 3927 ·

2078 4010 2159 4066 Ad
2188 4008 2391 4063 calcem
2443 4003 2657 4075 septimi
2691 4004 2809 4058 libri
2853 4001 2924 4055 ita
2963 4000 3224 4069 scriptum
3252 4008 3335 4053 est
3363 4017 3376 4052 :
3402 3994 3606 4051 Cacum

2008 4104 2253 4159 Ftnutam
2280 4099 2669 4154 Institutionum
2699 4096 2985 4150 divinarum
3014 4094 3077 4147 de
3114 4092 3226 4145 Vita
3262 4092 3408 4145 beata
3435 4087 3608 4160 expli-

2005 4196 2075 4249 cit
2093 4194 2339 4265 septimus
2365 4191 2509 4245 liber.

2079 4288 2233 4343 Folio
2264 4287 2366 4341 179
2392 4298 2554 4340 verso
2594 4282 2829 4351 legitur:
2855 4276 3073 4333 CECILII
3126 4275 3374 4330 Flauum
3420 4275 3484 4327 tle
3512 4270 3606 4326 Ira

295 4382 457 4434 tione
483 4376 651 4432 fuisse
668 4376 917 4430 deletos:
950 4372 1024 4428 lta
1052 4371 1362 4426 Lactantius
1396 4369 1489 4423 lib.
1522 4383 1555 4422 v
1582 4366 1815 4421 lustitut.
1848 4380 1897 4419 c.
1929 4394 1982 4453 Β
2007 4383 2180 4438 αἰώρα
2201 4380 2326 4435 mm.
2346 4394 2417 4432 γη
2440 4376 2667 4444 apum,

290 4472 372 4528 2'2
391 4468 543 4526 et23
569 4468 754 4532 tradit,
787 4469 952 4522 Deum
981 4464 1033 4519 in
1075 4462 1237 4517 malos
1266 4460 1525 4531 principes
1555 4469 1601 4512 et
1628 4457 1903 4522 iniustissi-

290 4586 415 4623 mos
460 4574 806 4637 persecutores
857 4560 1157 4616 vindicasse
1207 4556 1387 4629 populi
1432 4554 1514 4610 sui
1568 4552 1903 4616 vexationes,

292 4675 629 4731 semperque
649 4657 913 4724 occidisse,
943 4665 1001 4709 ut
1030 4654 1156 4707 ultio
1184 4657 1452 4705 consecuta
1476 4647 1656 4702 luerit.

373 4755 486 4810 Has
513 4752 750 4808 rationes
777 4749 868 4819 qui
895 4745 1183 4802 contulerit
1210 4743 1263 4796 in
1300 4756 1465 4795 unum
1485 4778 1499 4805 ,
1540 4754 1646 4792 non
1679 4734 1904 4790 mirabi-

295 4861 415 4911 tur,
443 4844 606 4914 quod,
640 4843 819 4895 statim
849 4853 912 4893 ac
938 4839 989 4891 in
1032 4836 1206 4890 lucem
1234 4831 1430 4903 prodiit
1457 4831 1592 4884 liber
1628 4827 1696 4881 de
1719 4825 1904 4880 Morti-

296 4943 406 4996 bus
436 4938 844 4992 Persecutorum
870 4974 885 4997 ,
913 4929 1170 5001 judicium
1203 4927 1306 4981 hoc
1345 4925 1582 4979 eundum
1639 4922 1903 4974 litterato—

294 5051 428 5089 rum
455 5031 635 5094 fuerit,
668 5042 790 5081 eum
818 5023 1100 5079 Lactantio
1122 5035 1243 5075 esse
1273 5016 1710 5073 adscribendum.

374 5129 618 5195 Agamus
643 5136 786 5177 nunc
814 5120 882 5175 de
905 5117 1174 5188 praecipuo
1200 5114 1402 5169 Nicolai
1426 5113 1475 5166 le
1509 5110 1721 5179 Nourry
1751 5120 1910 5176 argu-

293 5234 511 5278 mento.
540 5216 721 5273 Codex
754 5230 854 5269 ms.
880 5214 1070 5283 inquit,
1094 5211 1164 5266 de
1186 5208 1447 5264 Mortibus
1468 5204 1907 5265 Persecotorum,

299 5328 504 5384 praese
551 5309 657 5366 l‘ert
686 5323 885 5364 nomen
931 5305 1104 5369 chu,
1157 5301 1239 5356 vel
1287 5299 1440 5354 Lucu
1488 5295 1731 5359 (Σικίμῃ
1776 5305 1905 5362 ergo

300 5424 412 5461 non
450 5413 539 5460 est
574 5400 857 5457 Lactantii.
887 5398 1074 5461 Miror,
1105 5395 1318 5449 doctum
1350 5391 1614 5447 editorem
1662 5388 1751 5441 hic
1798 5397 1906 5438 non

300 5498 637 5563 iiicinitiisse,
668 5495 809 5566 quod
839 5494 954 5562 ipse
983 5504 1159 5545 tamen
1190 5487 1365 5540 fassus
1391 5493 1493 5545 est,
1518 5493 1906 5537 amzmuensem

302 5591 469 5660 hujus
492 5590 695 5645 codicis
715 5587 1056 5655 scriptorem,
1092 5581 1167 5635 vel
1197 5579 1494 5635 oscitatione
1519 5594 1579 5630 ac
1600 5574 1909 5646 negligentia

298 5698 396 5740 aut
426 5686 584 5739 nimia
628 5680 881 5736 scribendi
920 5678 1277 5750 festimztione,
1331 5683 1483 5739 atque
1524 5672 1677 5724 etiam
1715 5668 1910 5736 lingua:

303 5776 511 5836 Latiale
530 5774 869 5847 ignoratione,
898 5769 1059 5824 multa
1081 5770 1133 5822 in
1161 5784 1218 5823 eo
1247 5766 1376 5821 libro
1408 5764 1738 5837 depravatae,
1766 5760 1909 5833 peni-

671 5892 947 5954 PATROL.
1001 5882 1140 5947 VII.

2080 4473 2233 4530 Folio
2260 4470 2358 4525 191
2387 4488 2400 4522 ;
2433 4466 2651 4530 Οεοιιιι
2682 4463 2930 4519 Ὲιιυιιλκι
2976 4461 3040 4515 de
3079 4459 3302 4530 Opiﬁcio
3332 4455 3429 4511 Dei
3478 4453 3607 4511 liber

2008 4583 2104 4623 vnt
2129 4562 2356 4637 explicit.

2078 4676 2351 4734 Omissum
2406 4672 2656 4744 equidem
2713 4678 2798 4726 est
2852 4668 2938 4723 his
2996 4668 3049 4722 in
3103 4666 3238 4723 locis
3293 4678 3604 4736 prtcnomen

2007 4773 2181 4829 Lucu.

2081 4889 2172 4946 Sic
2194 4888 2246 4942 iu
2270 4885 2458 4940 codice
2472 4899 2574 4938 ms.
2590 4897 2799 4935 numero
2823 4879 2984 4943 1664,
3006 4878 3072 4931 ad
3104 4879 3262 4931 linem
3288 4876 3431 4931 tertii
3457 4876 3601 4942 libri,

2009 4984 2081 5037 ita
2114 4977 2383 5051 legas:L.
2434 4975 2588 5031 C(ELI
2622 4972 2895 5032 Flauiam,
2950 4968 3153 5023 omisso
3201 4968 3460 5023 Lactantii
3512 4983 3614 5023 uo-

2015 5091 2179 5129 lllllle.

2085 5167 2143 5222 lu
2186 5166 2293 5219 line
2332 5161 2476 5217 sexti
2516 5158 2637 5213 libri
2667 5167 2817 5212 extat
2853 5174 2867 5214 :
2899 5155 3121 5211 Cacum
3170 5152 3419 5207 Flauum
3465 5150 3608 5207 Lac-

2016 5273 2197 5314 TANTll
2225 5253 2433 5323 explicit
2459 5250 2585 5306 liber
2612 5263 2668 5303 vt
2698 5248 2760 5302 de
2789 5263 2904 5301 vero
2933 5243 3109 5301 Cultu.
3172 5268 3175 5271 ν

2085 5367 2267 5423 Codex
2305 5363 2438 5419 1665
2464 5362 2542 5416 sic
2574 5361 2734 5414 liabet
2758 5376 2771 5413 ε
2796 5358 2989 5428 Incipit
3014 5356 3141 5412 liber
3166 5354 3419 5411 FIBIIANI
3445 5354 3608 5409 Insti-

2015 5462 2267 5516 lulianum
2301 5458 2612 5510 divinarum.
2644 5453 2712 5508 At
2741 5450 2938 5521 legitur
2964 5449 3031 5505 ad
3059 5447 3445 5504 oranrcodicis
3474 5447 3617 5501 litte—

2016 5558 2092 5610 ris
2133 5547 2649 5608 uncialibusdleut
2678 5544 2929 5600 Flauiam
2974 5542 3039 5595 de
3084 5538 3352 5611 Religione
3381 5546 3430 5592 et
3458 5536 3610 5592 rebus

2011 5647 2195 5701 divinis
2221 5644 2290 5698 ad
2320 5640 2713 5697 Constantinum
2734 5637 3112 5705 imperatorem.

2093 5760 2149 5815 In
2187 5756 2293 5812 line
2318 5766 2495 5810 autem
2527 5753 2681 5825 primi
2742 5749 2865 5805 libri
2912 5746 3175 5815 scriptum
3207 5751 3289 5797 est
3316 5758 3330 5796 :
3359 5740 3419 5793 L.
3451 5738 3602 5799 Casu

3232 5855 3273 5918 6
