4138 6190
511 266 615 326 175

1560 261 1841 319 HENRICI
1878 230 2245 319 pouwem
2286 258 2744 318 DISSER'I‘ATIO

3706 256 3815 315 {‘16

584 382 778 437 Multos
824 378 1011 452 primis
1040 377 1301 435 Ecclesiae
1329 379 1543 435 saeculis
1567 378 1906 435 Christianos
1935 379 1987 434 in
2033 395 2096 434 ea
2125 386 2178 447 Α
2204 389 2402 447 tempus
2430 377 2904 448 appropinquasse;
2941 382 2998 430 et
3030 372 3087 428 in
3117 371 3255 429 libro
3281 370 3350 428 ad
3402 371 3814 429 Demetrianum

512 475 679 531 fuisse
705 472 969 529 sententia
992 478 1177 525 notum
1194 484 1298 536 εει,
1321 470 1507 527 mundi
1527 470 1690 528 ﬁnem
1714 471 2097 541 propinquare.

515 566 665 621 Hanc
709 565 871 620 fuisse
896 563 1064 635 ipsius
1092 562 1379 628 Lactantii,
1412 572 1561 633 patet
1593 578 1660 619 ex
1704 562 2105 619 Institutionum

506 657 599 711 lib.
639 671 732 720 vit,
756 670 875 725 cap.
905 651 998 722 I6,
1025 654 1114 710 ubi
1139 653 1299 708 tradit
1318 653 1618 709 Romanum
1640 669 1835 709 nomen
1863 654 2010 710 brevi
2039 654 2110 710 de

2208 470 2392 538 tradit,
2426 478 2594 525 totum
2634 469 2747 540 jam
2775 468 2951 539 ipsum
2995 464 3256 522 mundum
3287 464 3342 519 in
3376 464 3660 537 defectione
3689 478 3817 521 esse

2209 565 2346 629 etin
2373 562 2496 632 ﬁne.
3670 606 3675 613 .

2281 654 2395 710 Hoc
2412 654 2574 710 etiam
2596 654 2669 709 ita
2694 652 2862 710 Beato
2882 650 3115 707 Μαι·ιίηο
3145 664 3466 720 persuasum
3498 650 3692 716 fuerat,
3727 657 3808 717 ut,

446 802 450 807 ,
509 759 649 802 terra
676 746 1079 812 tollendum;et
1104 746 1158 800 in
1186 745 1698 817 Epitome,cap.10,
1729 745 1890 802 docet
1915 746 2105 803 interi—
2204 757 2342 805 teste
2381 745 2610 818 Sulpitio
2636 746 2862 813 Severo,
2898 745 3121 816 Dialogo
3145 744 3182 798 2
3206 743 3275 800 de
3314 744 3615 802 Virtutibus
3658 744 3814 801 Beati

506 847 619 894 tum
664 837 848 893 mundi
878 836 1107 907 expletis
1155 852 1249 892 sex
1286 852 1551 893 annorum
1595 838 1834 894 millibus
1860 837 1975 893 ﬁeri
2003 853 2104 894 ne-
2203 840 2435 908 Martini,
2467 857 2614 895 nmn.
2648 838 2740 907 16,
2772 839 2969 895 Beatus
2993 838 3255 894 Martinus
3279 837 3347 894 de
3374 839 3481 895 line
3504 838 3816 896 saeculidis-

514 945 667 985 cesse
690 944 833 984 esse.
863 928 1035 995 Quod,
1068 929 1259 999 inquit,
1290 930 1344 983 in
1373 931 1606 999 proximo
1631 939 1727 996 est,
1758 939 2004 1001 quantum
2033 929 2098 984 de

500 1038 710 1076 numero
737 1039 1007 1087 annorum,
1036 1022 1197 1093 deque
1222 1023 1402 1094 signis,
1444 1038 1560 1093 qua:
1599 1040 1631 1076 a
1661 1023 1938 1095 Prop/retis
1967 1040 2100 1094 prte-

501 1117 640 1170 dicta
665 1126 803 1181 sunt,
831 1116 1005 1186 colligi
1048 1124 1249 1184 potest;
1279 1126 1335 1179 et
1359 1131 1481 1187 cap.
1532 1116 1606 1173 25
1635 1118 1756 1173 libri
1785 1134 1859 1172 vn
1883 1116 2101 1174 Institu-

499 1208 705 1261 tionum
737 1223 897 1277 supra
926 1206 1077 1261 citati
1116 1207 1230 1261 ait:
1267 1206 1447 1262 Omnis
1476 1217 1646 1263 tamen
1683 1210 1967 1280 expectatio
1994 1227 2099 1265 non

394 1362 403 1369 Ι
496 1300 718 1369 amplius
755 1316 909 1369 quam
954 1299 1286 1354 ducentorum
1332 1299 1529 1354 videtur
1554 1317 1827 1367 annorum,
1860 1303 1979 1356 licet
2002 1317 2096 1357 va-

492 1394 625 1445 rient
678 1392 901 1446 historice
953 1394 1091 1447 circa
1146 1408 1414 1447 numerum
1462 1410 1716 1449 annorum
1771 1395 1835 1449 ab
1885 1395 2095 1451 exordio

492 1482 691 1536 mundi.

563 1573 615 1628 Id
647 1575 821 1646 ipsum
850 1589 955 1630 non
983 1575 1162 1629 minus
1187 1574 1390 1631 diserte
1418 1575 1784 1632 afﬁrmaverat
1810 1585 1936 1633 ante
1966 1592 2093 1633 eum

493 1667 725 1722 Sanctus
753 1664 1055 1739 Cyprianus
1095 1667 1345 1725 scribens
1374 1668 1442 1723 ad
1493 1667 1888 1725 Tbibaritanos.
1945 1668 2093 1724 Scire

492 1760 627 1812 enim
655 1760 864 1824 debetis,
912 1760 1107 1830 inquit,
1160 1776 1222 1814 ac
1253 1770 1437 1826 tenere,
1469 1762 1606 1815 diem
1657 1778 1909 1832 pressura:
1936 1779 2091 1833 super

2209 948 2420 998 serens,
2476 932 2697 999 dixerit,
2744 930 2965 987 dubium
2994 945 3102 985 non
3132 944 3276 997 esse,
3304 931 3428 1001 quin
3466 930 3814 986 Antichristus

2178 1035 2331 1080 esset
2354 1026 2409 1078 in
2451 1024 2599 1079 annis
2654 1023 2934 1094 puerilibus
2983 1022 3321 1090 constitutus,
3374 1030 3524 1077 atate
3579 1022 3813 1093 legitima

2200 1128 2494 1191 sumpturus
2522 1118 2812 1188 imperium.
2845 1114 3041 1173 Subdit
3072 1131 3202 1171 vero
3230 1114 3492 1186 Sulpitius
3519 1113 3798 1173 Severus:

2205 1209 2355 1275 Quod
2392 1219 2562 1267 autem
2592 1210 2699 1264 Irarc
2729 1207 2907 1263 abillo
2931 1207 3244 1270 audivimus,
3281 1222 3449 1261 annus
3471 1214 3681 1261 octavus
3706 1215 3805 1262 est.

2215 1298 2313 1354 Vos
2338 1311 2509 1354 autem
2541 1300 2805 1368 wstimate,
2834 1315 2935 1370 quo
2960 1298 3015 1354 in
3043 1298 3327 1370 praecipitio
3368 1299 3653 1354 consistunt
3690 1313 3811 1370 qua:

2203 1395 2382 1461 futura
2421 1402 2560 1447 sunt.

2271 1485 2382 1541 Nec
2412 1486 2606 1540 mirum
2637 1483 2807 1540 videri
2851 1481 3032 1548 debet,
3084 1481 3131 1538 si
3163 1481 3474 1538 Lactantius
3496 1481 3552 1538 in
3582 1482 3711 1538 libri
3739 1482 3806 1538 de

2201 1576 2452 1632 Mortibus
2480 1586 2857 1649 persecuturum
2910 1575 3134 1645 Epilogo
3182 1574 3251 1630 ad
3288 1574 3555 1631 Donatum
3596 1576 3805 1631 oratio-

2198 1685 2322 1726 nem
2349 1678 2693 1736 convertens,
2720 1669 3051 1723 mentionem
3072 1668 3307 1738 aliquam
3330 1668 3577 1739 iniecerit
3597 1668 3666 1724 de
3697 1667 3805 1725 fine

2193 1763 2395 1830 saeculi,
2423 1776 2583 1833 quem
2611 1761 2895 1817 imminere
2918 1775 3018 1816 nec
3038 1757 3374 1830 Lactantius,
3402 1775 3504 1818 nec
3530 1760 3623 1818 ille
3649 1760 3805 1819 nobi-

485 1859 638 1920 caput
665 1866 773 1906 esse
794 1851 1006 1923 coepisse
1026 1893 1042 1919 ,
1068 1865 1118 1909 et
1142 1868 1380 1907 occasum
1408 1852 1584 1907 surculi
1609 1863 1758 1923 atque
1788 1854 2091 1909 Antichristi
2117 1847 2166 1906 B
2195 1854 2433 1911 lissimus
2455 1855 2737 1911 confessor
2764 1853 3005 1910 Donatus
3031 1852 3334 1908 dubitabat.

488 2026 3782 2051 W—

1203 2142 1985 2258 nnmucs
2037 2145 3049 2259 DODWELLI

1748 2373 2527 2559 messuariis

1674 2722 1817 2793 DE
1883 2724 2003 2795 R1
2016 2725 2159 2797 PA
2197 2724 2611 2798 STRIGA.

1856 2931 2335 2987 @m

468 3083 531 3111 ἀ’
576 3082 655 3134 Ad
683 3079 917 3133 Lactant.
952 3075 1017 3129 de
1058 3074 1308 3130 Mortibus
1351 3072 1743 3128 Persecutorum
1771 3072 1801 3145 ς
1830 3074 1961 3127 xu.’

475 3216 502 3278 ς
536 3214 576 3265 Ι,
609 3211 734 3273 Ripa
758 3211 862 3278 haec
885 3221 989 3278 non
1013 3207 1160 3257 Maris
1182 3215 1322 3278 erat,
1350 3206 1649 3278 seg‘lfiuv‘ii.
1670 3233 1737 3278 _——
1757 3204 1873 3278 ειῐ.
1908 3204 2080 3273 Striga

538 3289 629 3325 vox
657 3268 924 3335 gromatica
947 3276 999 3335 et
1018 3268 1387 3335 castr_ensis.'—-
1407 3269 1547 3335 §ilL
1572 3268 1742 3335 Castra
1762 3268 2000 3335 Romana,
2015 3268 2081 3320 'ut

539 3330 1099 3399 plurimumquadrata:
1122 3330 1651 3399 gastrarum'ﬁsorum
1687 3330 1823 3381 frons
1858 3330 2077 3399 Oriens_,

538 3391 791 3448 mobilium
814 3391 983 3458 hostis.
1008 3394 1104 3458 -ς
1122 3392 1207 3444 ιγ.
1231 3391 1467 3444 Frontem
1484 3395 1653 3458 itaque
1670 3396 2081 3458 castrorum_st_ri-

538 3465 898 3529 gamﬁveteres,
925 3456 1052 3529 latus
1080 3454 1334 3529 scamnum
1361 3454 1687 3529 appellabant.
1713 3482 1775 3529 τι
1796 3458 1824 3521 §
1933 3454 2079 3529 C_olo-

538 3516 632 3570 nite
652 3516 991 3582 Romanaspro
1012 3518 1261 3569 Castreusi
1282 3516 1536 3582 disciplina
1559 3516 1828 3581 dispositi.
1856 3517 2082 3567 Praeter

538 3592 663 3633 turee
686 3578 995 3633 Coloniarum
1017 3583 1206 3642 strigae.
1239 3605 1299 3616 ——
1317 3578 1455 3689 ΞΥΙ.
1481 3578 1743 3643 Agrorum,
1767 3589 2040 3631 castrorum
2058 3618 2074 3641 ,

538 3645 996 3689 nrovineiarumaue
1032 3643 1282 3689 nrmcinue
1359 3654 1641 3689 omanarnm
1682 3641 1868 3689 limites
1892 3640 2074 3689 Fluvii.

538 3645 996 3708 provinciarumque
1032 3640 1282 3708 praécipue
1317 3640 1643 3708 Romanarum
1655 3641 1868 3708 _limites
1892 3640 2074 3708 Fluvii.

541 3703 637 3770 ἐξ
658 3705 767 3770 VII.
789 3703 1206 3770 Pratt'enturarum
1227 3703 1613 3770 Illyricianarum
1631 3705 1779 3770 limes
1800 3704 2077 3770 Danubius.

473 3778 481 3833 ξ
539 3765 810 3833 Provinciis
826 3767 1119 3833 Iilyriciaute
1130 3765 1378 3828 RipeuSes
1395 3767 1456 3816 ab
1478 3765 1927 3833 ejusdemDanullii
1951 3766 2076 3833 ripa,

540 3856 601 3882 -_—
620 3828 647 3892 §
668 3828 800 3892 VIII.
844 3828 980 3878 Idem
1020 3828 1251 3892 probatur
1284 3841 1329 3892 ε
1349 3828 1525 3877 castris
1544 3829 1746 3892 stativis
1782 3831 1833 3877 in
1865 3828 2079 3892 Danubii

541 3889 646 3953 ripa
671 3889 1101 3953 frequentissimis,
1129 3897 1181 3953 et
1202 3891 1263 3937 ab
1284 3889 1518 3953 Historia.
1542 3889 2081 3953 Praateuturarumilio-

484 4010 488 4014 δ
549 3950 800 4014 manarum
824 3951 987 4014 qualia
1010 3951 1334 4014 mtmimenta,
1356 3950 1640 4014 Explicatur
1664 3952 1916 4014 adversus
1942 3951 2079 4000 Rbe-

472 4011 488 4027 ”
545 4011 1199 4075 nanum-Ter‘tullianus.uf
1219 4012 1246 4075 §
1270 4011 1518 4075 1X._Idem
1557 4026 1621 4063 ex
1647 4011 1811 4061 Attilae
1837 4015 2082 4074 provincia

473 4114 477 4123 .
548 4076 777 4138 Romanis
792 4074 1073 4138 erepta.—§
1095 4072 1341 4138 X_._I§i’pam
1357 4073 1567 4123 Danubii
1588 4076 1779 4135 egressi
1795 4072 2075 4138 aliquando,

545 4137 635 4187 sed
661 4151 768 4187 raro
792 4134 1013 4186 Romani.
1034 4134 1098 4174 5—
1117 4135 1144 4199 §
1165 4134 1250 4199 XI.
1290 4134 1566 4199 Quomiuus
1602 4134 1737 4199 stupe
1771 4134 2079 4198 egrederem-

546 4209 645 4264 tur,
666 4199 977 4264 impediebat
998 4196 1164 4262 Opinio
1187 4198 1252 4264 de
1274 4196 1540 4264 Fatalibus
1563 4196 1882 4264 imperiorum
1907 4201 2081 4264 termi-

546 4260 640 4311 nisl
665 4260 856 4312 Nullam
882 4260 1047 4309 tamen
1071 4260 1366 4320 provinciam
1388 4260 1868 4309 Transdanubianam
1893 4262 2080 4311 retine-

545 4326 663 4374 bant
701 4322 848 4374 male
888 4322 1221 4386 Diocletiania
1242 4348 1305 4357 -—
1337 4320 1494 4386 §XII.
1518 4321 1773 4386 Convenit
1805 4322 1922 4386 haec
1960 4325 2082 4386 ripa:

544 4389 712 4449 strigae
737 4386 923 4435 mentio
944 4398 1056 4434 cum
1072 4382 1274 4435 consilio
1298 4382 1446 4449 atque
1473 4385 1657 4434 itinere
1680 4383 1991 4436 Diocletiani.

561 4511 589 4581 §
619 4510 659 4564 l.
683 4510 771 4563 Sic
785 4518 960 4563 testate
984 4516 1262 4581 transacta,
1286 4524 1376 4576 per
1391 4511 1658 4561 circuitum
1678 4524 1814 4581 male:
1845 4524 2068 4574 smmis,

490 4577 848 4635 Nicomediam
873 4581 1026 4649 uenit,
1054 4590 1158 4649 et_c.
1193 4577 1645 4649 Rtraus'rmcau,
1692 4580 1845 4649 cujus
1885 4581 2074 4635 memi-

489 4653 567 4707 nit
598 4654 648 4704 in
684 4648 1002 4704 Diocletiani
1030 4663 1058 4700 a
1087 4647 1341 4703 Ravenna
1372 4647 1736 4703 Nicomediam
1758 4647 1953 4705 'versus
1982 4651 2072 4705 iti-

493 4737 622 4776 nere
648 4719 973 4783 Lactantius,
1014 4717 1084 4772 de
1110 4717 1306 4773 mendo
1328 4728 1629 4788 suspectam
1658 4720 1816 4775 habet
1845 4722 1915 4776 cl.
1944 4721 2077 4776 Lac-

493 4793 643 4848 tantii
675 4790 875 4856 editor;
914 4789 1021 4852 vel,
1074 4789 1118 4844 si
1149 4803 1274 4843 vere
1304 4789 1373 4843 sit
1402 4789 1686 4854 Lactantii,
1715 4791 1785 4846 de
1816 4806 1910 4845 ora
1943 4791 2076 4847 Pro-

493 4863 744 4933 pontidis,
777 4876 937 4932 quam
965 4859 1155 4933 legerit
1179 4859 1560 4933 Diocletianus,
1592 4861 2074 4933 putatintelligen-

491 4929 636 4988 dam.
666 4929 890 4986 Fallitur
918 4931 1199 4998 utrobique
1225 4931 1306 4983 vir
1332 4929 1697 4986 doctissimus.
1741 4932 1901 4987 Maris
1929 4929 2075 4988 oram

490 5008 694 5059 littusve
719 5004 822 5073 legi
871 5001 1014 5071 apud
1061 5015 1225 5073 puros
1254 5001 1512 5073 Romana:
1558 5002 1754 5073 linguae
1804 5014 2073 5069 auctores,

490 5076 649 5131 facile
694 5072 993 5129 concedent
1033 5072 1259 5132 eruditi;
1308 5088 1377 5128 ne
1406 5072 1459 5127 id
1488 5072 1705 5143 quidem
1730 5074 1968 5140 difficile,
2016 5084 2075 5132 ut

491 5162 616 5201 raro
643 5144 826 5200 forsan
868 5143 1234 5217 tnaris__etiam
1262 5144 1433 5217 ripam
1472 5145 1759 5213 aliquando
1811 5147 2071 5217 legamus,

495 5220 650 5286 longe
676 5225 853 5270 tamen
883 5229 1006 5286 esse
1035 5214 1180 5269 illam
1208 5212 1260 5268 in
1291 5214 1488 5280 ﬂuviis,
1524 5212 1684 5283 quam
1709 5217 1759 5271 in
1793 5212 1947 5285 mari,
1972 5212 2077 5272 fre-

491 5288 850 5358 quentiorem.
893 5285 1292 5358 Fluviiitaque
1334 5286 1502 5358 ripam
1544 5286 1709 5342 fuisse
1751 5288 2077 5343 verisimilli-

495 5355 641 5413 mnm
690 5366 797 5428 est,
847 5372 969 5428 qua;
998 5355 1172 5426 Striga
1224 5357 1543 5425 appellatur,
1587 5373 1692 5412 non
1724 5359 1908 5423 maris,
1966 5374 2074 5414 non

488 5425 878 5500 Propontidis;
910 5425 966 5500 Id
994 5425 1130 5500 vero
1171 5436 1338 5500 restat
1381 5438 1639 5500 praeterea
1668 5428 1904 5494 difﬁcile,
1949 5429 2078 5500 quid

491 5496 686 5569 Strigte
708 5498 925 5554 nomine
955 5497 1218 5570 intelligat
1242 5496 1551 5570 Lactantius
1573 5541 1588 5570 ε
1630 5508 1791 5570 utque
1815 5515 1877 5554 ea
1910 5496 2080 5568 possit

492 5574 544 5627 in
575 5568 793 5626 ﬂuvium
824 5568 1134 5633 convenire,
1163 5576 1218 5638 et
1243 5583 1402 5638 quem
1427 5569 1518 5623 ille
1561 5568 1781 5624 ﬂuvium
1820 5570 2078 5626 denotare

482 5642 733 5769 zoLueril.
786 5638 863 5696 tta
907 5637 1222 5694 Diocletiani
1262 5637 1376 5694 iter
1426 5640 1915 5710 exploratissimum
1980 5640 2077 5696 ha-

525 5731 551 5768 e
595 5725 752 5768 imus.

486 5714 752 5771 bebimez.

559 5785 587 5855 §
615 5782 677 5840 ll.
720 5781 818 5842 Est
840 5783 1017 5857 itaque
1045 5778 1223 5856 Striga
1249 5794 1353 5839 vos
1380 5781 1765 5857 agrimensaria
1810 5796 1908 5841 seu
1953 5797 2076 5858 gro-

2104 3074 2151 3136 C
2185 3074 2405 3142 matica,
2436 3091 2462 3128 a
2492 3078 2965 3135 castrumetatione
2994 3076 3245 3145 primum,
3281 3075 3407 3132 inde
3434 3076 3502 3131 ad
3532 3076 3784 3135 Colonia-

2184 3161 2303 3199 rum
2333 3162 2514 3216 agros,
2559 3149 2646 3217 qui
2677 3163 2774 3215 pro
2800 3156 3102 3202 casti-erum
3135 3163 3324 3203 norma
3375 3151 3675 3204 mensurari
3705 3162 3787 3205 at-

2182 3231 2288 3284 que
2314 3218 2561 3273 distribui
2592 3219 2859 3285 solebant,
2887 3219 3124 3272 traducta
3159 3230 3317 3287 atque
3345 3230 3620 3288 usurpata.
3649 3221 3782 3276 Cas-

2184 3297 2365 3342 trense
2392 3305 2512 3344 esse
2559 3290 2873 3344 vocabulum
2898 3291 3073 3343 docet
3096 3306 3192 3341 nos
3222 3291 3576 3346 disertissime
3599 3289 3785 3347 Chari-

2183 3359 2316 3432 sius.
2343 3361 2523 3430 Neque
2546 3375 2677 3415 vero
2705 3372 2789 3432 est
2816 3361 2962 3429 quod
2993 3362 3112 3432 quis
3141 3371 3309 3432 putet,
3344 3361 3447 3415 hoc
3476 3362 3527 3416 in
3555 3378 3617 3418 ea
3648 3379 3784 3419 voce

2183 3429 2473 3501 singulare.
2525 3432 2668 3487 Idem
2702 3431 2770 3486 de
2809 3432 2997 3501 peritia
3037 3429 3343 3487 Gro'malica
3373 3433 3620 3488 universa
3651 3449 3782 3489 sen-

2186 3500 2445 3573 tiendum,
2500 3503 2675 3573 deque
2724 3500 2944 3558 vocibus
2975 3504 3116 3573 illitis
3146 3503 3276 3556 artis
3306 3501 3433 3557 item
3484 3504 3776 3559 universis.

2182 3570 2265 3626 Ad
2309 3570 2851 3645 introitum‘Prurtorii
2883 3575 3055 3645 locum
3087 3572 3303 3631 Gromu:
3346 3574 3584 3644 appellat
3612 3573 3783 3645 Hygi-

2184 3659 2283 3697 nus
2302 3654 2395 3715 ;et
2415 3660 2571 3715 quem
2589 3644 2801 3715 scripsit
2823 3645 2891 3699 de
2911 3642 3323 3699 Castramemndi
3341 3642 3539 3700 ratione
3556 3642 3777 3713 librum,

2184 3714 2621 3787 eumdemctiam
2651 3714 2999 3771 Gronmticum
3028 3716 3319 3785 inscripsit.
3361 3715 3508 3771 Idem
3539 3716 3782 3787 Hyginus

2182 3799 2213 3839 a
2258 3784 2456 3841 Groma
2504 3788 2611 3853 illa,
2662 3802 2820 3852 quam
2848 3787 2991 3852 dixi;
3012 3788 3273 3841 castrensi
3302 3784 3780 3856 protessores'ejus

2183 3856 2316 3910 artis
2348 3867 2573 3913 testatur
2626 3856 2942 3912 Gromaticos
2982 3855 3150 3913 fuisse
3193 3855 3621 3927 cognominatos.
3679 3855 3783 3914 Est

2182 3927 2363 3995 itaque
2410 3944 2438 3982 a
2477 3930 2735 3983 castrensi
2789 3930 2945 3998 hujus
2988 3928 3135 3983 vocis
3173 3944 3288 4000 iusu
3323 3928 3391 3984 de
3439 3928 3546 3984 alio
3584 3931 3782 4000 quovis

2186 4014 2287 4055 usu
2330 4001 2649 4055 secumlario
2675 4001 2894 4054 omnino
2933 3999 3305 4055 statuendum.

2259 4079 2288 4152 §
2328 4078 2416 4152 lli.
2447 4078 2756 4152 Castrorum
2809 4094 2938 4149 ergo
2987 4081 3208 4149 figuram
3241 4086 3299 4132 ut
3333 4079 3493 4152 aliam
3526 4094 3779 4136 nonnun-

2183 4150 2340 4220 quam
2373 4151 2596 4204 Romani
2628 4151 2968 4205 adhibuerim
2988 4191 3003 4215 ,
3034 4166 3194 4220 quam
3223 4150 3538 4219 quadratam
3562 4191 3577 4216 ,
3614 4166 3777 4207 nemo

2186 4233 2361 4276 tamen
2392 4231 2472 4274 ost
2493 4222 2581 4290 qui
2608 4220 2832 4285 dubitet,
2859 4222 3002 4275 illam
3036 4223 3274 4275 οηιιιίιιιιι
3306 4220 3470 4276 fuisse
3496 4221 3657 4292 longe
3677 4221 3780 4277 fre.

2183 4292 2609 4363 quentissimam.
2645 4291 2761 4347 Non
2801 4303 2882 4347 est
2919 4293 3059 4358 quod
3100 4292 3433 4357 dubitemus,
3466 4291 3657 4346 eodem
3691 4308 3783 4347 or-

2181 4365 2308 4418 dine
2353 4363 2671 4418 constitutos
2702 4364 2754 4417 in
2792 4363 2982 4418 castris
3011 4363 3242 4428 milites,
3290 4378 3398 4433 quo
3434 4363 3485 4416 in
3517 4363 3653 4433 acie.
3709 4364 3782 4420 At
3830 4390 3835 4396 -

2188 4433 2449 4505 quadrato
2476 4434 2686 4504 agmine
2714 4434 2999 4505 incessisse
3026 4442 3256 4505 constat.
3288 4432 3509 4505 quoties
3528 4432 3781 4490 immine-

2186 4514 2269 4560 ret
2296 4521 2324 4558 a
2357 4506 2652 4574 propinquo
2681 4505 2833 4559 hoste
2864 4504 3177 4574 periculum.
3216 4504 3363 4559 Illam
3397 4504 3605 4559 scilicet
3653 4520 3776 4560 cre-

2179 4576 2380 4630 debant
2406 4575 2635 4646 ﬁguram
2672 4576 3058 4630 munitionibus
3092 4576 3446 4646 aptissimam.
3482 4574 3778 4632 Numerum

2176 4644 2575 4718 quaternarium
2604 4644 2838 4704 ἄπτωτον
2858 4645 3511 4718 habebanththagorusi:
3543 4646 3779 4701 invicta:-

2175 4716 2284 4791 que
2309 4718 2625 4791 constantiae
2642 4718 3010 4791 virumsolent
3032 4716 3334 4788 philoSopbi
3356 4718 3669 4791 τετράγωνον
3688 4732 3777 4788 ap-

2179 4788 2404 4859 pellare.
2449 4788 2615 4843 Recte
2637 4803 2766 4859 ergo
2795 4789 2940 4842 illam
2964 4803 3061 4857 pro
3086 4790 3403 4859 gromaticm
3420 4788 3551 4841 artis
3584 4803 3777 4859 norma

2178 4857 2498 4915 Statuemus.
2524 4859 2623 4915 Est
2647 4857 2824 4915 autem
2853 4860 3047 4927 duplex
3078 4857 3351 4926 quadrata:
3378 4857 3560 4928 ligni-:e
3581 4857 3770 4924 limes,

2179 4931 2232 4986 in
2264 4931 2647 4999 longitudinem
2673 4931 2832 4997 alius,
2861 4930 2994 4984 alius
3017 4931 3068 4983 in
3093 4929 3448 4999 latitudinem.
3471 4928 3636 4998 quue
3656 4944 3777 4984 cer-

2167 5011 2291 5056 ‘tum
2312 5043 2327 5069 ,
2360 5002 2550 5056 horum
2574 5004 2799 5056 alterum
2828 5002 3046 5071 strigam
3071 5042 3086 5067 ,
3115 5003 3343 5054 alterum
3366 5014 3644 5054 seamnum
3677 5014 3774 5071 ap-

2179 5073 2429 5144 pellasse.
2463 5072 2664 5142 Duplex
2688 5083 2886 5144 autem
2932 5069 3047 5144 erat
3084 5078 3384 5144 castrorum
3414 5073 3549 5124 situs
3581 5069 3768 5144 :_alius

2179 5140 2359 5215 prore
2383 5154 2506 5197 nata
2537 5140 2603 5215 et;
2615 5143 2737 5198 belli
2759 5141 3054 5215 exigenda,
3083 5142 3316 5215 incertus
3336 5150 3498 5215 atque
3517 5140 3770 5215 mobilis;

2179 5202 2317 5285 'ﬁxus
2346 5215 2481 5267 alius
2510 5223 2564 5269 et
2592 5202 2910 5285 immobilis,
2956 5202 3094 5285 utin
3127 5202 3308 5268 cdstris
3331 5202 3545 5285 staiiuis.
3577 5210 3633 5266 In
3663 5202 3772 5266 situ

2180 5282 2288 5354 ﬁxo
2317 5285 2630 5351 Orientem,
2679 5285 2732 5338 in
2776 5282 2951 5337 mobili
3001 5284 3208 5339 hostem
3258 5282 3771 5354 reSpiciebat‘porta

2180 5351 2453 5410 Prtetoria.
2484 5355 2791 5425 Itaiscilicet
2820 5354 3084 5425 Hyginum
3120 5351 3361 5425 intelligo
3398 5362 3559 5424 atque
3589 5351 3770 5423 Vege-

2181 5426 2335 5481 tium.
2369 5425 2522 5492 Quod
2549 5424 2753 5481 Orienti
2780 5424 2954 5480 castra
2984 5424 3314 5481 obverterint
3334 5467 3348 5491 ,
3380 5426 3430 5479 in
3453 5439 3550 5488 eo,
3585 5433 3646 5478 ut
3670 5439 3771 5477 ex-

2180 5497 2389 5561 istimo,
2442 5497 2770 5552 salubritatis
2810 5498 3072 5552 rationem
3101 5496 3389 5551 habebant.
3417 5495 3591 5552 Situm
3623 5494 3772 5549 enim

2183 5567 2328 5639 illum
2356 5567 2733 5639 commendant
2755 5570 3046 5639 scriptores
3074 5569 3150 5622 rei
3178 5569 3422 5639 rusticae,
3452 5576 3507 5620 ut
3528 5566 3770 5621 omnium

2181 5637 2613 5694 saluberrimum.
2669 5638 2775 5694 Sed
2805 5637 2974 5695 hostis
3010 5638 3193 5708 procul
3220 5638 3383 5693 dubio
3412 5639 3586 5706 potior
3615 5648 3733 5692 erat
3753 5677 3769 5703 ,

2180 5724 2355 5781 quam
2376 5708 2611 5765 Orientis
2654 5711 2808 5765 ratio.
2856 5709 2932 5766 Ita
2975 5719 3150 5781 tamen
3180 5718 3267 5781 ut,
3308 5708 3769 5781 quotiesnullum

2180 5776 2395 5838 aliunde
2417 5789 2745 5839 metueretur
2766 5778 3181 5849 incommodum,
3203 5776 3479 5839 Orientem
3502 5778 3623 5838 aliis
3641 5776 3769 5840 cali
