4138 6190
310 312 417 374 H7

1629 314 1719 371 DE
1757 312 1917 372 RIPA
1960 315 2233 375 STRIGA.

3505 323 3607 379 I78

303 434 476 505 plagis
493 429 845 505 anteferrent.
872 430 1114 505 lduoum
1134 426 1236 505 hoc
1263 429 1459 505 inloco
1485 431 1780 505 observare
1808 446 1901 505 vo-
1928 434 1984 494 Α
2007 447 2165 502 quam
2193 432 2354 505 etiam
2402 432 2734 488 munitionis.
2782 432 3014 505 Proinde
3041 447 3160 488 eam
3187 448 3404 505 operam
3433 435 3598 492 dede-

304 501 569 572 Iuifidem
599 504 779 558 valere
800 503 939 571 apud
965 501 1292 573 gromaticos
1316 504 1608 571 scriptores
1634 503 1685 556 in
1721 503 1904 558 stativa

304 580 416 631 situ
465 575 774 640 Orientem,
820 574 963 644 quod
1011 574 1064 644 in
1098 573 1273 644 mobili
1313 575 1549 637 hostem;
1594 583 1653 628 ut
1683 574 1906 643 proinde

348 663 467 703 ucm
481 649 705 702 limitem
729 646 780 699 iu
809 642 993 700 stativa
1016 643 1121 698 situ
1142 642 1346 699 Orienti
1363 642 1728 709 obverterent,
1754 660 1903 700 eum-

348 663 467 703 ucm
481 663 705 702 umttem
730 663 780 699 tu
809 663 993 700 stativa
1016 663 1121 698 situ
1142 663 1346 699 urtenu
1363 663 1397 699 ο

301 663 429 774 3cm
455 729 638 773 cssont
664 717 901 770 mobilem
925 716 1063 770 hosti
1094 714 1398 769 obversuri.

377 789 405 859 ς
440 789 530 844 IV.
549 788 625 843 Ita
654 788 1036 859 intelligemus,
1065 800 1223 855 quam
1247 787 1545 856 posituram
1575 786 1905 859 obtinuerint

300 860 362 914 in
386 858 649 915 Casu-ensi
676 859 954 927 disciplina
989 858 1167 928 Striga
1205 867 1366 928 atque
1385 873 1670 912 scamnum.
1699 858 1901 927 Agrum

299 931 456 986 illum
485 932 757 1001 strigatum
784 929 1039 1001 appellati
1057 927 1311 1001 Aggenus
1337 927 1587 1001 Urbicus,
1605 930 1741 997 quia
1772 928 1903 998 Sep-

298 1003 557 1070 tentrione
575 998 627 1055 in
644 998 1077 1072 longitudinemiin
1097 998 1442 1072 eridianum
1455 999 1711 1072 decurrit;
1732 1016 1902 1053 scam-

300 1068 483 1126 natum
509 1086 703 1135 autent,
717 1068 804 1140 qui
826 1088 887 1125 eo
899 1070 1050 1125 modo
1062 1070 1125 1123 ab
1140 1068 1477 1124 Occidentein
1497 1070 1752 1125 Orientem
1765 1087 1903 1125 cres-

297 1146 389 1197 cit.
425 1145 500 1197 Ita
525 1143 801 1213 disposita:
831 1142 1126 1212 phalanges
1149 1143 1200 1194 in
1228 1142 1599 1213 longitudinem
1628 1141 1898 1211 aSeplen-

298 1217 470 1269 triane
487 1211 682 1269 versus
710 1211 981 1267 Meridiem
1000 1253 1016 1275 ,
1042 1211 1230 1266 vultus
1272 1212 1451 1283 potius
1477 1212 1674 1266 Orienti
1696 1253 1710 1275 ,
1736 1228 1898 1283 quam

298 1285 659 1353 Septentrioni
684 1284 942 1338 obversos
973 1276 1284 1339 habuerint:
1314 1283 1387 1337 Ita
1420 1276 1621 1351 a'quilas
1649 1276 1902 1353 respexe-

291 1356 406 1410 rint
438 1365 737 1426 portamque
770 1354 1071 1409 Prtetoriam
1099 1355 1152 1409 in
1180 1354 1349 1408 forma
1380 1356 1627 1426 castrensi
1638 1356 1763 1426 ﬁxa.
1788 1354 1899 1409 Nec

287 1425 455 1482 aliter
482 1427 598 1495 ipse
623 1425 911 1481 Frontinus
941 1443 954 1479 :
990 1426 1246 1495 Quicquid
1265 1434 1436 1479 autem
1463 1425 1682 1496 (inquit)
1710 1441 1896 1479 secun-

287 1497 421 1551 dum
449 1497 585 1552 lianc
604 1497 948 1551 conditionem
966 1497 1020 1550 in
1043 1496 1414 1568 longitudinem
1440 1505 1514 1550 est
1537 1495 1895 1561 delimitatum,

286 1582 387 1636 per
411 1583 638 1625 S'I'BIGAS
666 1568 987 1639 appellatur;
1015 1567 1262 1639 quicquid
1296 1583 1385 1635 per
1405 1568 1765 1639 altitudinem,
1808 1583 1897 1636 per

282 1654 528 1695 scum.
578 1642 651 1695 De
680 1636 923 1709 agrorum
955 1639 1220 1693 divisione
1251 1637 1364 1693 haec
1404 1636 1695 1692 Frontinus
1718 1681 1732 1703 ,
1787 1653 1894 1694 non

281 1712 547 1777 equidem
571 1711 902 1778 singulorqu
925 1711 1238 1765 colonorum
1260 1709 1495 1763 sortibus
1514 1716 1672 1777 atque
1696 1710 1896 1776 portio-

279 1780 454 1836 nibus
474 1821 489 1843 ,
519 1796 745 1851 quarum
780 1780 978 1836 limites
1008 1789 1253 1850 poterant
1276 1781 1345 1834 ab
1376 1781 1602 1851 invicem
1659 1795 1780 1835 esse
1805 1780 1889 1834 di-

277 1850 626 1915 versissiriri;
649 1852 745 1906 sed
761 1866 949 1906 eorum
975 1867 1249 1921 agrorum,
1263 1853 1353 1920 qui
1375 1850 1604 1906 colonia:
1624 1852 1887 1905 universa:

278 1924 429 1978 ﬁnes
464 1923 824 1991 includerent,
852 1938 947 1977 seu
975 1938 1202 1991 quorum
1239 1922 1423 1976 modus
1448 1922 1714 1976 universus
1766 1922 1888 1976 ciui-

280 1995 379 2047 tati
404 2003 487 2048 est
513 1996 825 2065 assignatus.
854 1993 1088 2049 Proinde
1109 2009 1214 2048 non
1252 2004 1338 2046 est
1367 1992 1843 2065 quodidubitemns
1867 2036 1882 2059 ,

276 2066 415 2135 quin
443 2074 500 2119 et
526 2063 829 2120 uniusmodi
853 2064 1049 2120 limites
1072 2078 1201 2135 ager
1227 2063 1529 2135 istiusmodi
1556 2065 1886 2135 complecta-

277 2133 405 2201 tur,
441 2145 502 2190 et
540 2133 1150 2192 cumcastrametatione
1179 2134 1509 2189 conformes.
1540 2133 1765 2190 Constat
1789 2150 1884 2189 au-

277 2215 392 2260 tem
419 2249 439 2269 .
478 2221 575 2275 pro
612 2207 1029 2261 castrametaudi
1058 2206 1340 2273 disciplina
1359 2246 1376 2271 ,
1407 2205 1578 2260 aciem
1629 2206 1680 2259 in
1710 2206 1889 2261 fronte

276 2277 666 2347 Iungissimam
683 2320 697 2342 ,
729 2294 797 2333 ne
820 2277 1037 2333 circuiri
1064 2286 1293 2348 posset,
1317 2277 1559 2348 hostibus
1581 2277 1778 2346 opponi
1805 2292 1891 2331 so-

275 2346 468 2404 litain.
513 2348 788 2404 Accedunt
818 2348 1051 2415 denique
1068 2346 1133 2403 'et
1159 2348 1247 2402 illa
1286 2346 1479 2419 Hygini
1509 2351 1671 2401 verba
1702 2365 1715 2400 :
1748 2349 1891 2413 Quo-

279 2420 378 2475 ties
420 2436 518 2485 per
567 2434 787 2476 s'rmctts
811 2420 1165 2474 distribuimus
1188 2461 1202 2483 ,
1224 2435 1327 2473 non
1356 2420 1627 2489 plusquam
1655 2420 1891 2489 trr‘pertiti

278 2490 682 2546 essedebebunt.
705 2490 821 2545 Non
835 2491 993 2544 aliam
1015 2490 1596 2557 existimOtripertitam
1619 2490 1762 2544 illam
1782 2490 1891 2543 dis-

281 2561 650 2617 tributionem
672 2604 688 2629 ,
733 2576 890 2630 quam
934 2562 1076 2615 illam
1116 2561 1169 2614 in
1201 2562 1384 2614 militia
1413 2560 1645 2614 Romana
1672 2561 1891 2615 notissi-

277 2647 442 2688 mam
468 2674 485 2697 ,
509 2633 861 2693 hastatorum,
907 2632 1228 2701 principum,
1260 2641 1422 2701 atque
1446 2632 1763 2685 triariorum.
1798 2634 1892 2685 Al-

280 2703 380 2772 qui
437 2704 633 2773 triplex
675 2705 773 2758 ista
800 2704 946 2758 acies
965 2704 1098 2756 hosti
1123 2712 1239 2757 erat
1273 2703 1553 2773 opposita:
1570 2702 1670 2767 Qui
1716 2703 1894 2772 itaque

278 2774 460 2830 limes
494 2772 549 2828 in
577 2776 944 2843 sepulcrorum
972 2772 1407 2840 inscriptionibus
1435 2773 1487 2826 in
1518 2772 1774 2828 Faonuu
1800 2788 1895 2844 ap-

278 2845 569 2916 pellatur,
608 2845 755 2900 illam
785 2860 1015 2901 s'rntout
1039 2845 1312 2914 appellant
1343 2844 1395 2897 in
1424 2846 1895 2916 castrametatione

283 2914 631 2982 Cromatici;
687 2926 739 2973 et
793 2917 1026 2970 vicissim
1079 2930 1240 2986 quem
1302 2930 1549 2970 scamna
1604 2914 1895 2986 Gromatici

281 2986 556 3043 eumdem
573 2988 750 3043 solent
763 3001 817 3043 ut
838 3003 1013 3042 manu
1029 2985 1313 3057 designare
1336 2986 1732 3053 inscriptiones.
1755 2985 1897 3041 Cou-

282 3057 452 3113 venit
478 3069 532 3112 et
551 3060 746 3114 scanmi
767 3059 1081 3127 signiticatio
1107 3057 1246 3126 apud
1272 3069 1521 3112 auctores
1551 3057 1627 3111 rei
1656 3058 1891 3113 rusticae.

284 3129 481 3198 Siqua
500 3131 646 3184 enim
671 3132 809 3185 inter
823 3128 1080 3184 arandum
1111 3142 1249 3183 terra
1273 3129 1441 3183 luerat
1466 3130 1534 3199 ab
1558 3138 1737 3182 aratro
1761 3145 1898 3199 prae-

1919 1819 1968 1879 Β

2008 512 2135 557 runt
2163 504 2318 572 periti
2341 503 2888 572 lmperatores,eliam
2912 505 2962 558 in
2991 504 3185 560 Castris
3214 503 3592 572 t‘tnuultuariis,

2008 586 2070 628 ut
2090 589 2250 629 unam
2278 573 2470 630 saltem
2500 584 2803 630 castrorum
2862 584 3060 630 metam
3105 575 3299 630 ﬂuvius
3350 576 3594 632 allueret.

2007 642 2065 698 In
2092 646 2286 699 stativis
2316 654 2493 700 autem
2516 648 2706 701 castris
2733 645 3129 716 limitaneisque
3149 687 3163 711 ,
3187 662 3414 716 quorum
3442 660 3497 703 et
3522 649 3599 704 lo-

2004 730 2105 771 cus
2154 727 2335 787 posset
2360 718 2521 787 eligi,
2567 733 2793 786 qumque
2839 719 2958 787 ipsa
3004 716 3335 772 defensionis
3382 721 3596 787 potius,

2004 801 2164 855 quam
2191 788 2606 856 oppugnationis
2622 802 2780 842 causa
2809 789 3190 853 conderentur,
3211 789 3263 843 id
3285 788 3604 846 observasse

2003 867 2358 928 veteres,rest
2382 860 2560 913 adhuc
2585 861 2742 928 longe
2768 859 3133 914 verisimilius.
3165 860 3302 915 Sunt
3325 860 3467 914 enim
3495 861 3599 914 ﬂu-

2004 928 2078 1012 vii
2108 927 2262 1010 quasi
2289 930 2454 1011 natiyi
2484 927 2699 1012 quidam
2730 929 3125 1012 provinciarum
3150 930 3361 1012 termini
3387 931 3455 986 ab
3474 932 3600 1012 ipso

2002 996 2235 1072 Numine
2288 996 2555 1072 instituti,
2610 996 2924 1072 poteratque
2966 1000 3141 1057 hostis
3187 1001 3241 1056 in
3295 1000 3411 1071 ipsa
3458 996 3604 1072 ﬂuvii

2002 1070 2415 1125 transmissioue
2459 1071 2688 1141 opprimi
2718 1071 2956 1136 facilius,
3002 1088 3161 1140 quam
3194 1073 3238 1127 si
3276 1070 3397 1126 cum
3428 1070 3521 1127 illo
3547 1075 3600 1129 in

2003 1151 2191 1210 aperto
2215 1151 2362 1196 esset
2392 1140 2668 1211 liberoque
2688 1157 2880 1211 campo
2901 1142 3380 1211 congrediendum.
3404 1143 3459 1198 Id
3485 1160 3603 1199 cer-

2005 1219 2117 1265 tum
2146 1221 2390 1276 veteres,
2427 1221 2485 1266 ut
2509 1211 2611 1266 alia
2638 1213 2754 1267 loca
2803 1213 3090 1282 impedita,
3134 1215 3211 1269 sic
3239 1225 3293 1267 et
3317 1213 3599 1270 ﬂuviorum

2000 1282 2139 1337 vada
2167 1283 2379 1337 munire
2404 1283 2614 1341 solitos.
2646 1284 2715 1338 Et
2740 1300 2848 1353 quo
2876 1284 3048 1354 major
3072 1294 3185 1339 erat
3212 1284 3439 1350 ﬂuvius,
3492 1287 3598 1339 mi—

2000 1367 2209 1425 nusque
2238 1354 2490 1425 vadosus,
2509 1369 2576 1409 eo
2598 1355 2940 1410 munitiorem
2970 1355 3281 1420 credebant,
3305 1355 3599 1425 aptiorem-

2000 1438 2108 1491 que
2141 1424 2383 1479 hostibus
2405 1425 2652 1479 arcendis
2674 1467 2689 1491 ,
2713 1442 2780 1479 eo
2804 1428 2989 1492 etiam,
3019 1427 3065 1481 si
3100 1426 3270 1480 hostis
3296 1424 3599 1492 transisset,

1999 1494 2292 1565 iaciliorem
2320 1510 2542 1549 snormn
2579 1498 2631 1550 in
2662 1498 2867 1551 munita
2890 1497 3007 1552 loca
3037 1506 3333 1565 receptum.
3374 1497 3489 1552 Non
3517 1508 3601 1552 est

1999 1564 2183 1637 itaque
2210 1565 2354 1635 quod
2385 1565 2828 1636 Geograpborum
2887 1568 3085 1624 scrinia
3125 1564 3481 1637 compilemus
3529 1569 3598 1624 de

1998 1634 2178 1690 ﬂuviis
2198 1634 2615 1709 provinciarum
2636 1639 2897 1693 terminis.
2915 1639 3124 1709 Ubique
3136 1634 3277 1693 enim
3305 1650 3599 1695 occurrunt

1998 1708 2265 1781 exempla.
2294 1706 2891 1781 Ne‘longiusabeamus
2910 1752 2924 1773 ,
2959 1706 3187 1764 Romani
3211 1751 3226 1774 ,
3257 1709 3326 1766 de
3346 1726 3454 1779 quo
3479 1713 3595 1781 agi-

1997 1793 2140 1849 mus,
2159 1777 2367 1846 imperii
2387 1778 2582 1833 limites
2605 1779 2845 1849 insignes
2870 1782 3127 1835 habemus
3139 1781 3350 1836 ﬂuvios.
3366 1777 3598 1837 Galliam

1992 1848 2911 1921 defendebat_adversusGermanos
2927 1851 3354 1921 terminabatque
3373 1852 3596 1908 Rhenus

1991 1919 2202 1992 Syriam
2236 1920 2290 1992 in
2314 1919 2543 1975 Parthos
2559 1921 2880 1990 Euphrates.
2910 1922 3109 1990 Quidni
3144 1919 3324 1989 itaque
3353 1924 3595 1979 dicamus

1988 1991 2045 2072 et
2116 1991 2551 2072 lilyricianarutn
2619 2002 3067 2072 prmtenturarum
3132 1994 3357 2072 limitem
3429 1994 3596 2049 fuisse

1990 2061 2292 2133 Danubium
2308 2078 2329 2133 :7
2358 2078 2458 2117 nec
2481 2062 2647 2117 alium
2688 2064 3033 2133 quaerendum
3065 2080 3187 2120 esse
3216 2065 3434 2119 ﬂuvium
3454 2107 3468 2131 ,
3496 2081 3594 2120 cu-

1985 2132 2273 2205 jusripam
2297 2132 2529 2203 Strigam
2575 2132 2884 2190 Lactantius
2904 2136 3231 2205 appellarit?
3263 2134 3416 2190 Illum
3442 2137 3589 2190 enim

1990 2204 2047 2285 in
2075 2204 2246 2285 ironte
2259 2204 2505 2259 hostibus
2525 2205 2792 2275 obiectum
2808 2204 3077 2262 habebant
3098 2218 3440 2277 praetentum
3468 2208 3594 2280 Illy-

1991 2289 2238 2330 notanm.

2068 2345 2096 2415 §
2143 2344 2247 2401 VII.
2308 2349 2609 2405 Danubium
2654 2356 2800 2404 certe
2839 2349 3068 2405 Romani
3111 2349 3322 2420 imperii
3365 2349 3591 2404 limitem

1993 2426 2205 2498 veteres
2269 2420 2517 2498 plerique
2554 2429 2934 2498 agnoverunt.
3004 2422 3267 2498 Strabo_;
3326 2430 3487 2498 Τριῶν
3539 2421 3592 2477 δὲ

1993 2491 2214 2568 ᾗπεὶρων
2265 2493 2449 2568 otiosis,
2647 2497 2761 2568 μὴν.
2789 2490 3052 2568 Ἐυρὼπην
3104 2492 3297 2564 σχεδόν
3334 2490 3386 2548 τὶ
3410 2500 3593 2568 πᾶσαν

1993 2556 2205 2635 {xci-rat,
2236 2562 2364 2620 πλὴν
2391 2571 2481 2623 τῆς
2509 2556 2721 2635 ἔξω]ίοῦ
2751 2556 2992 2627 ἸΣΤΙὊΥ,
3026 2568 3113 2619 καὶ
3142 2556 3249 2618 '{aw
3276 2565 3467 2635 μεταξύ
3498 2572 3589 2619 τοῦ

1993 2628 2163 2705 Ῥἦνρυ
2192 2636 2295 2705 ,καὶ
2324 2639 2413 2686 τοῦ
2446 2632 2689 2692 Ταναΐδος
2736 2643 3150 2705 παρωκεανιτῶν.
3205 2628 3318 2688 Rex
3340 2635 3595 2705 “Agrippa

1993 2701 2137 2778 apud
2178 2699 2463 2778 losepltum
2492 2718 2510 2757 :
2544 2706 2617 2778 ob
2664 2699 3067 2778 γὰρνμὲξήρκεσεν
3113 2707 3287 2765 αὐτοῖς
3325 2699 3439 2778 ᾂοξ·
3480 2699 3589 2759 Ἐϋ-

1996 2772 2186 2851 φράτ-ῃς
2203 2774 2305 2829 ὑπὸ
2326 2772 2704 2851 mariamaria,
2856 2772 2956 2851 τῷν
2974 2779 3324 2851 προςαρκτίων
3346 2773 3590 2841 ”1ΣΤΡΟΣ,

1996 2843 2094 2896 etc.
2114 2843 2182 2920 Et
2209 2845 2479 2920 nonnullis
2505 2845 2831 2920 interpositis
2860 2865 2885 2920 :7
2903 2847 2978 2902 Ἐν
3005 2848 3059 2905 δὲ
3083 2843 3285 2920 ’ἹὲΤΡῼΔ
3303 2853 3591 2920 moueun-

1995 2934 2105 2993 τες,
2135 2916 2191 2968 οὐ
2215 2913 2341 2993 δνσὶ.
2362 2916 2527 2993 uouet;
2552 2913 2831 2993 τάγμαᾳιν,
2862 2919 3157 2993 basianum,
3185 2913 3327 2993 μεθ’Δ
3344 2915 3409 2993 ᾦν
3456 2921 3596 2973 αὐτοὶ

1999 2987 2092 3063 Eoi:
2122 2994 2302 3063 Δεκῃῶν.
2320 2987 2689 3063 auaritia-roum»
2720 2988 2906 3063 ὁρμαί.
2961 2991 3003 3044 Τ
3007 2987 3240 3063 acitus';
3294 2987 3592 3063 Ripaiitque

2002 3054 2228 3111 Danubii
2270 3056 2551 3127 Legionum
2602 3060 2721 3113 dua:
2748 3054 2802 3125 in
2847 3059 3156 3126 Pannonia,
3184 3061 3300 3114 dna:
3328 3054 3381 3113 in
3414 3054 3595 3113 Maesia

1999 3126 2520 3202 attinebantﬁotidem
2543 3133 2683 3202 apud
2715 3130 3026 3185 Dalmatiam
3045 3133 3247 3193 locatis,
3278 3146 3393 3202 qua:
3422 3132 3591 3197 positu

285 3200 746 3286 termissa,iliam
779 3215 877 3270 pro
903 3216 1110 3255 scamno
1137 3200 1423 3282 habebant.
1442 3198 1600 3286 ISjllls
1624 3198 1894 3270 ergo’agri
1924 3198 1970 3262 C
1999 3198 2220 3286 regionis
2238 3216 2279 3286 ,α
2303 3200 2595 3286 tergo'illis.
2625 3200 2901 3286 Appianus
2929 3219 2942 3251 :
2971 3202 3120 3286 '21s:
3146 3211 3207 3279 τῇ
3236 3198 3470 3286 meum
3498 3223 3589 3286 τεο-

285 3272 552 3327 secundo
578 3274 729 3327 sulco
752 3269 835 3327 est
860 3281 1153 3326 seamnotus
1172 3313 1187 3336 ,
1212 3270 1345 3324 situs
1373 3269 1536 3325 sulcis
1565 3269 1901 3328 transversus

287 3342 566 3410 strigatus
586 3342 960 3413 appellabitur.
980 3342 1048 3397 At
1078 3354 1415 3413 transversus
1442 3341 1594 3413 sulco
1620 3343 1757 3397 situs
1786 3343 1903 3397 vul-

289 3422 385 3467 tus
414 3412 648 3467 militum
664 3412 1031 3481 repraesentat
1053 3413 1105 3466 in
1129 3414 1243 3467 acie
1264 3412 1698 3466 consistentium.

371 3485 410 3558 ᾖ
463 3486 521 3541 V.
565 3485 840 3558 Iamvero
865 3499 987 3554 quae
1021 3485 1081 3558 in
1111 3484 1303 3537 castris
1332 3481 1579 3558 vigebant
1604 3482 1767 3558 leges,
1798 3498 1906 3539 etc-

292 3553 436 3614 defn
460 3558 512 3612 in
535 3556 761 3612 coloniis
777 3553 1168 3624 limitaneisque
1189 3554 1452 3624 praesidiis
1475 3553 1638 3608 etiam
1665 3556 1899 3624 viguere.

294 3627 425 3686 Nec
471 3633 619 3685 enim
655 3628 760 3682 illa:
788 3625 997 3680 telluris
1024 3625 1251 3679 colenda:
1285 3625 1444 3678 modo
1478 3634 1633 3688 sunt,
1690 3625 1784 3679 sed
1844 3626 1906 3680 ﬂ-

295 3702 462 3757 uiutn
505 3700 668 3754 etiam
706 3697 1371 3769 prapugnandorumcausa
1396 3694 1744 3769 deducimld
1775 3700 1905 3751 satis

295 3783 387 3828 est
426 3787 493 3827 ex
516 3771 649 3839 ipsis
676 3770 750 3824 rei
780 3765 1003 3839 agraria:
1028 3769 1251 3821 vocibus
1264 3767 1637 3839 manilestum.
1672 3765 1903 3839 Territa-

295 3845 449 3897 rium
471 3837 581 3896 illis
607 3841 659 3896 id
688 3837 848 3895 omne
870 3840 1095 3900 dicitur,
1135 3837 1277 3909 quod
1305 3837 1722 3909 hostisiterrendi
1749 3855 1907 3893 causa

296 3915 652 3969 constitutum
672 3923 765 3965 est.
791 3912 924 3981 Ager
934 3907 1407 3981 arcisinius,inquit
1424 3924 1456 3963 e
1473 3907 1713 3981 Varrone
1727 3909 1902 3981 Fron-

294 3986 479 4049 tinus,
510 3985 578 4038 ab
597 3979 1078 4036 arcendis'ltostibus
1106 3990 1180 4034 est
1199 3979 1512 4048 appellatus.
1540 3980 1703 4033 Erant
1725 3980 1907 4049 itaque

296 4056 549 4111 colonia:
576 4054 860 4109 limitanem
907 4068 1095 4122 magna
1124 4052 1368 4117 quasdam
1413 4054 1564 4120 quasi
1608 4061 1814 4115 castra,
1847 4061 1908 4106 ut

298 4143 414 4183 non
444 4128 527 4181 sit
555 4126 739 4193 utique
762 4123 900 4193 quod
922 4125 1197 4184 miremur,
1231 4122 1274 4177 si
1309 4131 1731 4193 procastrorum
1755 4137 1905 4193 more

299 4198 417 4254 illat-
447 4206 616 4265 atque
635 4191 914 4266 disciplina
936 4194 1370 4266 disponerentur.
1386 4191 1557 4247 Voces
1582 4202 1730 4266 certe
1748 4192 1904 4266 adbi-

300 4269 442 4325 bent
481 4263 787 4323 castrorum
826 4263 1103 4336 proprias,
1145 4264 1402 4336 centurias
1424 4304 1438 4325 ,
1467 4263 1714 4336 perticas,
1745 4264 1903 4336 innu-

300 4354 502 4395 meras
531 4338 682 4400 alias.
714 4350 770 4392 ut
800 4334 1156 4407 intelligamus
1183 4335 1373 4407 eodem
1402 4334 1563 4407 modo
1593 4334 1905 4402 respexisse

302 4412 564 4466 invicem
614 4410 665 4462 in
693 4423 944 4474 agrorum
984 4406 1365 4462 distributione
1403 4406 1660 4468 colonos,
1706 4420 1812 4475 quo
1851 4407 1903 4461 in

299 4483 432 4538 acie
483 4481 701 4534 milites.
730 4478 923 4534 Forma
952 4481 1113 4533 etiam
1141 4486 1438 4532 castrorum
1469 4476 1728 4544 quadrata
1754 4476 1905 4530 colo—

298 4555 431 4607 nias
464 4559 861 4621 reprwsentant
881 4552 1173 4632 scriptores
1204 4548 1278 4602 rei
1301 4548 1545 4637 agoaria‘.
1578 4548 1902 4637 Ipsaautem
1927 4577 1982 4637 Β

303 4618 795 4693 praetenturrevox,
816 4636 919 4691 qua
950 4622 1117 4693 utitur
1136 4621 1186 4673 in
1203 4618 1573 4693 praesidiorum
1597 4618 1903 4693 limitaneo-

301 4689 435 4750 rum
459 4708 623 4748 causa
636 4689 969 4755 Ammianus,
987 4692 1113 4744 facit
1140 4691 1511 4744 omninontne
1526 4703 1741 4758 prorsus
1754 4689 1911 4743 dubi-

302 4776 523 4829 tomus,
557 4773 661 4817 tam
683 4774 980 4818 castrorum
1009 4763 1180 4817 vicem
1201 4769 1615 4830 reprazsentasse
1644 4762 1912 4814 excuban-

304 4847 395 4891 tes
434 4848 544 4905 pro
573 4833 794 4905 Reipub.
822 4836 991 4905 salute
1015 4831 1298 4905 Colonias,
1321 4847 1480 4905 quam
1505 4830 1666 4885 etiam
1694 4832 1746 4885 in
1774 4847 1914 4905 mag-

305 4909 399 4962 nis
426 4902 545 4961 illis
572 4902 830 4960 universat
856 4904 1084 4975 Reipnb.
1105 4904 1255 4973 quasi
1277 4903 1470 4975 castris
1499 4917 1620 4975 eum
1645 4902 1913 4975 pgecipue

302 4981 484 5033 situm
540 4976 867 5041 obtinuisse,
900 4971 1055 5043 quem
1091 4971 1142 5029 in
1189 4975 1381 5029 caSIris
1421 4972 1626 5043 Strigaz.
1674 4971 1914 5027 Tendunt

304 5052 467 5105 enim
501 5047 638 5114 apud
684 5047 1019 5103 Gromaticos
1047 5048 1342 5114 scriptores
1384 5053 1575 5099 turmae
1624 5045 1758 5107 illzn,
1792 5059 1913 5111 quas

303 5122 643 5176 alterutrum
661 5118 905 5174 Praeterii
934 5119 1073 5173 latus
1100 5126 1381 5186 occupant,
1405 5115 1673 5186 retendunt
1690 5115 1914 5169 fortasse

306 5193 426 5247 illa:
448 5232 466 5257 ,
496 5206 617 5259 quae
652 5204 823 5258 pone;
870 5199 926 5244 at
966 5189 1285 5256 prwtendunt
1309 5197 1458 5259 certe
1488 5185 1633 5259 illm,
1655 5200 1774 5259 qua}
1809 5202 1916 5259 prae

307 5255 588 5319 Prmtorio
611 5255 748 5316 hosti
770 5255 1114 5328 objiciuntur,
1148 5268 1203 5314 et
1230 5269 1391 5327 porta:
1415 5255 1701 5310 Prwtorite.
1728 5256 1915 5324 Sequi'

308 5336 610 5402 turitaque
634 5373 649 5394 .
694 5344 749 5387 ut
775 5347 1169 5402 quamcumque
1200 5329 1483 5402 habuerint
1522 5329 1574 5381 in
1607 5328 1782 5383 fronte
1804 5344 1916 5384 me-

308 5414 433 5460 tam
457 5446 474 5468 ,
509 5401 570 5458 ea
597 5404 757 5458 etiam
781 5401 958 5473 Striga
977 5401 1291 5473 appellanda
1322 5401 1409 5473 sit.

395 5475 428 5548 ᾗ
464 5473 773 5548 iVI._Porrn
812 5472 950 5548 inger
974 5472 1223 5548 agrogtm
1274 5472 1468 5548 limites
1496 5472 1911 5548 rivosinumerat

315 5544 544 5625 Siculus
576 5544 835 5625 Flaccus,
863 5544 1081 5625 ﬂumina
1112 5544 1441 5625 Frontinus,
1477 5544 1547 5598 de
1569 5544 1910 5625 privatorum

317 5618 647 5675 colonormn
676 5619 949 5686 praecipue
974 5616 1233 5670 limitibus
1271 5615 1627 5686 intelligendi.
1653 5615 1708 5669 Id
1735 5624 1911 5669 tamen

319 5692 491 5759 longe
519 5688 711 5759 potiori
744 5690 951 5742 ratione
979 5688 1027 5740 in
1053 5688 1519 5759 castratnetatione
1541 5696 1656 5742 erat.
1682 5697 1912 5759 praeten-

316 5757 576 5830 turisque
597 5759 885 5815 limitaneis
912 5759 1292 5830 necessarium.
1329 5758 1605 5828 Duplicem
1631 5757 1916 5830 eminens-

322 5834 434 5887 tris
486 5828 770 5887 utilitatem
817 5830 1105 5901 praestabat
1133 5829 1330 5885 ﬂuvius
1353 5870 1367 5893 ,
1414 5840 1522 5885 tam
1550 5843 1704 5897 aquae
1729 5828 1876 5884 illam
1899 5869 1916 5897 ,

2004 3272 2161 3347 ταμρὶ
2190 3268 2306 3347 δύᾳ,
2542 3293 2597 3326 τι
2625 3268 2953 3347 κάὶἼξΤΡΟΣ
2973 3268 3195 3347 μάλιστά
3221 3268 3592 3347 τήνἾΡςιΗίιαιᾲων

2002 3341 2177 3417 ᾀρχὴν
2192 3342 2553 3417 ῥρίζουσρηδίο
2578 3352 2770 3417 etpost
2792 3341 3378 3417 Diocletianitempora
3402 3341 3593 3399 Festus

2004 3411 2175 3485 liuius
2191 3411 2415 3485 lt'omani
2444 3413 2653 3485 imperii
2674 3426 2870 3470 metam
2885 3416 2952 3470 ad
2970 3411 3265 3470 Danubium
3289 3431 3458 3485 usque
3474 3429 3596 3484 pro—

2005 3481 2198 3545 tendit,
2225 3481 2733 3554 provinciarumque
2764 3486 3157 3542 limitanearum
3193 3481 3486 3541 terminum
3512 3485 3591 3554 ip-

2004 3567 2125 3606 sum
2156 3568 2372 3621 semper
2417 3555 2712 3627 Danubium
2752 3557 3017 3627 designat.
3060 3558 3188 3613 Inde
3213 3567 3290 3611 tot
3330 3557 3591 3610 habemus

2005 3637 2076 3696 es
2111 3638 2173 3679 ea
2205 3633 2355 3692 parte
2382 3625 2688 3696 provincias
2718 3625 3015 3696 Ripeoses,
3053 3629 3123 3681 ita
3151 3626 3359 3681 scilicet
3386 3640 3587 3695 cogno-

2004 3693 2236 3749 minatas
2256 3733 2272 3759 ,
2302 3705 2358 3748 ut
2382 3693 2450 3749 ab
2474 3695 2590 3749 aliis
2616 3693 2859 3764 ejusdem
2905 3693 3136 3752 nominis
3164 3693 3592 3764 provinciis—me-

2005 3764 2816 3839 diterraneisdistinguerentur.
2838 3768 3124 3839 Ripensem
3152 3768 3367 3824 Daciam
3396 3783 3589 3838 agnos-

2005 3845 2138 3909 cunt
2164 3851 2354 3909 omnes
2375 3877 2394 3902 ,
2424 3838 2510 3892 cui
2540 3850 2591 3893 et
2638 3838 3292 3909 ValeriamNoricumque
3341 3850 3593 3895 accenset

2006 3907 2220 3982 Imperii
2251 3907 2447 3982 Notitia
2475 3910 2847 3981 ipsasquoque
2876 3911 3142 3982 Ripeuses.
3164 3907 3271 3967 sed
3297 3922 3353 3966 et
3373 3910 3587 3982 Saviam

2005 3980 2121 4053 sive
2149 3979 2481 4053 Pannoniam
2504 3979 2794 4053 secundam
2825 3979 3222 4053 Ripariensem,
3242 3998 3271 4035 a
3303 3981 3587 4053 praesidiis,

2006 4050 2062 4125 ni
2093 4049 2300 4125 fallor,
2333 4051 2563 4125 Bipariis
2603 4054 2673 4125 ita
2716 4049 3170 4125 cognominatam.
3213 4049 3404 4123 Ripam
3445 4052 3588 4125 enim

2005 4120 2234 4195 Danubii
2252 4122 2573 4195 obsidebant
2594 4124 2684 4178 illa
2705 4120 2971 4191 praesidia.
3003 4125 3109 4181 Sub
3134 4120 3463 4195 dispositione
3492 4123 3590 4175 du-

2006 4191 2090 4265 cis
2110 4191 2326 4265 Ifnlerite
2347 4192 2587 4263 Ripensis
2616 4196 2805 4264 equites
2835 4197 3061 4265 legimus
3081 4191 3347 4250 Dalmatas
3375 4195 3428 4265 in
3452 4195 3591 4259 loco,

2007 4262 2095 4334 cui
2116 4263 2254 4329 Ripa
2281 4264 2386 4317 alta
2412 4280 2631 4327 nomen.
2657 4262 2728 4319 ab
2756 4267 2843 4319 illa
2874 4262 3244 4334 proculdubio
3273 4266 3388 4334 ripa
3410 4263 3589 4319 Danu-

2005 4333 2103 4388 bii.
2139 4335 2252 4390 Sub
2276 4335 2628 4403 dispositione
2656 4337 2808 4391 ducis
2843 4333 3125 4390 Provinciae
3170 4333 3387 4391 Rhaztiw
3413 4335 3592 4404 prima:

2007 4415 2055 4457 et
2082 4406 2363 4477 secundam:
2395 4407 2692 4477 prteferium
2731 4408 2946 4477 legionis
3002 4407 3158 4460 tertia:
3185 4405 3413 4477 Italiae
3432 4406 3592 4477 partis

2006 4476 2287 4544 superioris
2299 4476 2552 4545 deputata:
2575 4476 2722 4547 Ripa:
2744 4475 3307 4546 primaeSnbmontorio.
3340 4475 3417 4530 Ad
3443 4476 3589 4547 illam

2007 4556 2154 4618 certe
2178 4549 2348 4615 ripam
2370 4548 2622 4601 excubias
2646 4546 2871 4618 'egitsub
2886 4548 3213 4604 Diocletiano
3233 4546 3499 4603 Galerius.
3515 4546 3589 4601 Ita

2009 4616 2151 4671 enim
2166 4619 2407 4687 queritur
2418 4618 2508 4690 ille
2521 4620 2658 4688 apud
2673 4616 3032 4686 Lactantium,
3046 4620 3259 4690 ﬂuxisse
3269 4635 3430 4674 annos
3441 4619 3595 4688 quin-

2011 4690 2172 4742 decim
2193 4704 2256 4743 ex
2272 4690 2439 4763 quoin
2466 4688 2494 4742 1
2501 4690 2851 4763 ιζῃνὶγσιιιηωει
2859 4690 2928 4744 ad
2956 4688 3122 4763 ripam
3142 4690 3368 4763 Danubii
3392 4693 3593 4763 relega-

2012 4767 2115 4823 tus,
2132 4776 2248 4814 cum
2260 4760 2491 4831 gentibus
2515 4761 2744 4815 barbaris
2758 4764 2991 4827 luctaret,
3003 4760 3136 4816 eum
3154 4762 3246 4815 alii
3269 4763 3403 4815 intra
3425 4760 3593 4815 laxio-

2010 4845 2091 4884 res
2120 4840 2167 4884 et
2192 4833 2459 4903 quietiores
2487 4842 2646 4886 terras
2666 4833 2879 4887 delicate
2905 4834 3228 4903 imperarent.
3263 4832 3368 4886 Pro
3397 4833 3584 4886 eadem

2016 4902 2209 4975 nornis
2225 4913 2279 4958 et
2294 4903 2458 4975 Rheni
2470 4905 2598 4974 ripa:
2609 4906 2904 4975 praefectum
2916 4915 3181 4975 memorat
3190 4902 3423 4975 Tacitus.
3445 4903 3589 4957 Idem

2015 4970 2233 5045 Tacitus
2262 4974 2496 5028 ostendit
2517 4970 2781 5029 duasillas
2802 4975 3060 5045 legiones,
3075 4974 3269 5043 quibus
3290 4974 3517 5028 limitum
3534 4976 3595 5029 il-

2015 5042 2191 5098 lorqu
2225 5046 2444 5115 tutelam
2471 5045 2726 5101 creditam
2752 5042 2977 5100 testatur
3004 5042 3113 5100 tam
3138 5046 3284 5115 ipse,
3309 5059 3467 5113 quam
3499 5061 3590 5100 rex

2016 5116 2179 5169 etiam
2233 5114 2506 5185 Agrippa,
2555 5116 2607 5169 in
2652 5115 2926 5171 Pannonia
2976 5116 3141 5172 luisse
3163 5114 3475 5172 Collocatas.
3517 5116 3593 5170 Ita

2020 5201 2128 5241 non
2155 5185 2257 5241 erit
2286 5185 2430 5255 quod
2457 5188 2745 5252 miremur,
2773 5188 3112 5243 Pannonicos
3148 5188 3416 5256 praecipue
3450 5188 3590 5241 mili-

2017 5264 2101 5311 tes
2123 5298 2138 5321 ,
2170 5265 2356 5329 utpote
2386 5258 2780 5313 vetustissimos
2820 5259 3035 5313 illorum
3078 5256 3263 5313 ﬁnium
3293 5272 3599 5328 propugna-

2021 5336 2166 5384 tores
2185 5370 2201 5393 ,
2232 5328 2638 5399 cognominatos
2663 5343 2785 5385 esse
2813 5328 3075 5398 Riparios.
3115 5329 3244 5384 Inde
3277 5330 3597 5399 Ripariensis

2015 5400 2273 5471 audiebat
2299 5400 2572 5471 Pannonia
2595 5399 2685 5471 illa
2714 5402 2891 5468 potius
2914 5442 2929 5465 ,
2960 5416 3120 5471 quam
3151 5400 3411 5471 Ripensis.

2089 5471 2117 5543 §
2157 5470 2287 5527 VIII.
2334 5470 2481 5526 Idem
2511 5470 2745 5543 produnt
2777 5481 2835 5527 et
2863 5470 3041 5526 statiua
3082 5480 3256 5528 castra
3287 5473 3339 5525 in
3372 5481 3553 5526 nostra
3576 5512 3593 5536 ,

2018 5541 2215 5613 dequa
2246 5543 2483 5612 agimus,
2521 5541 2747 5613 Danubii
2794 5543 2910 5612 ripa
2937 5546 3095 5611 longe
3135 5543 3593 5613 frequentissima.

2018 5612 2262 5669 Hostium
2286 5625 2432 5669 certe
2458 5612 2719 5685 limitibus
2741 5615 3036 5685 propinqua
3057 5614 3147 5670 illa
3170 5614 3408 5684 oportuit
3434 5612 3598 5666 fuisse

2020 5695 2196 5741 castra
2220 5727 2234 5749 ,
2265 5700 2384 5755 qua:
2412 5684 2646 5739 hostium
2673 5684 3030 5741 araendorum
3057 5700 3217 5741 causa
3249 5685 3596 5755 institueren-

2024 5766 2132 5828 tur.
2158 5752 2303 5812 Ideni
2331 5758 2461 5828 ipsae
2491 5757 2652 5812 etiam
2682 5755 2951 5812 Historire.
2981 5757 3140 5828 Pulsi!
3156 5755 3224 5810 ab
3250 5754 3457 5828 Ilunnis
3485 5752 3599 5828 Go-

2027 5826 2107 5884 thi
2145 5824 2445 5885 Danubium
2469 5828 2834 5885 transmittere
2859 5841 2966 5884 non
2988 5826 3277 5891 audebant,
3308 5824 3363 5880 ni
3390 5826 3603 5882 veniam
