4058 6188
488 273 584 339 191

1777 285 1966 346 FIRMs
2003 285 2370 345 LACTANTII

3687 289 3787 347 l9'2

473 389 714 450 fessione
735 390 1116 465 sempiternam
1146 393 1245 450 sibi
1268 411 1523 452 coronam
1549 413 1642 467 pro
1671 397 1793 455 ﬁdei
1819 415 1930 455 suae
1958 417 2071 457 me-
2098 404 2154 465 Α
2177 403 2448 473 precibus,
2483 403 2626 459 Deus
2663 400 2911 472 iacentes
2951 410 3004 458 et
3049 401 3282 459 afﬂictos
3331 403 3540 461 caelesti
3585 408 3790 462 auxilio

393 483 400 490 ’
476 489 596 545 ritis
619 491 962 560 quaesierunt.
1000 489 1140 545 Ecce
1173 489 1406 545 addetur
1434 492 1516 546 bis
1549 494 1798 549 omnibus
1823 495 2080 550 adversa-

479 582 626 646 rius;
659 591 716 636 et
747 583 988 638 restituta
1019 599 1117 654 per
1143 585 1328 639 orbem
1361 587 1762 655 tranquillitate,
1799 589 2076 659 profligata

479 688 653 744 nuper
699 674 943 729 Ecclesia
997 691 1205 729 rursum
1259 677 1518 747 exsurgit,
1571 687 1626 732 et
1673 679 1876 749 majore
1906 681 2072 751 gloria

482 767 742 836 templum
783 768 898 830 Dei,
925 767 1066 836 quod
1097 768 1164 821 ab
1191 768 1369 838 impiis
1402 770 1573 824 fuerat
1600 785 1846 826 eversum
1867 815 1881 838 ,
1910 773 2076 828 mise-

481 859 713 914 ricordia
778 860 991 914 Domini
1047 861 1359 916 fabricatur.
1425 862 1692 918 Excitavit
1739 866 1882 918 enim
1936 865 2078 920 Deus

492 952 786 1021 principes,
821 953 911 1022 qtti
936 965 1283 1024 tyrannorum
1308 954 1508 1009 nefaria
1536 966 1827 1012 etcruenta
1858 957 2076 1028 imperia

485 1044 844 1110 resciderunt,
903 1043 1140 1100 humano
1199 1047 1381 1114 generi
1434 1047 1814 1115 providerunt;
1868 1059 1925 1103 ut
1965 1049 2076 1118 jam

491 1137 643 1208 quasi
694 1136 937 1190 discusso
985 1138 1238 1192 transacti
1293 1140 1548 1207 temporis
1588 1140 1770 1194 nubilo
1801 1181 1816 1204 ,
1871 1151 2078 1196 mentes

479 1228 720 1282 omnium
756 1242 855 1297 pax
879 1228 1109 1297 jocunda
1151 1240 1204 1284 et
1242 1246 1433 1285 serena
1467 1223 1717 1286 lzetilicet.
1766 1231 1917 1286 Nunc
1954 1241 2078 1303 post

485 1329 647 1373 tanta:
680 1322 1010 1390 tempestatis
1040 1322 1304 1378 violentos
1343 1324 1597 1389 turbines,
1631 1325 1873 1394 placidus
1899 1328 1994 1382 aér
2020 1336 2076 1380 et

480 1421 662 1486 Optata
689 1411 778 1468 lux
805 1413 1034 1470 refulsit.
1065 1415 1220 1471 Nunc
1263 1417 1501 1487 placatus
1536 1433 1812 1474 servorum
1851 1434 2072 1475 suorum

2184 495 2449 551 sublevat.
2493 495 2574 549 En
2626 512 2770 552 nunc
2814 497 3157 552 maerentium
3221 497 3508 570 lacrymas,
3552 501 3787 555 extincta

2186 587 2473 658 impiorum
2521 589 2942 660 conspiratione,
2987 589 3269 660 deterget;
3320 600 3375 645 et
3423 591 3513 659 qui
3563 592 3788 647 illuctati

2189 689 2345 734 erant
2372 680 2501 746 Deo,
2528 679 2743 749 jacent;
2773 681 2861 750 qui
2892 681 3147 750 templum
3177 692 3420 736 sanctum
3451 693 3782 749 everterant,

2187 773 2345 826 ruina
2394 771 2582 841 majori
2632 772 2980 838 ceciderunt;
3023 773 3113 842 qui
3151 774 3329 842 justos
3376 777 3790 833 excarititlcave-

2185 871 2332 926 runt,
2362 863 2678 918 cmlcstibus
2709 865 2901 933 plagis,
2933 874 2987 920 et
3006 866 3331 921 cruciatibus
3358 867 3561 921 meritis
3584 884 3787 924 nocen-

2183 962 2265 1008 tes
2285 955 2494 1009 animas
2533 955 2918 1024 profuderunt;
2958 957 3132 1011 serius
3151 957 3390 1028 quidem,
3421 959 3515 1014 sed
3550 961 3789 1029 graviter

2177 1060 2241 1100 ac
2261 1045 2439 1117 digne.
2465 1047 2754 1102 Distulerat
2773 1047 2915 1102 enim
2941 1063 3126 1116 poenas
3149 1065 3334 1103 eorum
3362 1050 3524 1118 Deus,
3553 1061 3611 1106 ut
3650 1053 3784 1108 ede-

2179 1148 2260 1193 ret
2282 1139 2334 1193 in
2366 1154 2462 1193 eos
2491 1155 2682 1209 magna
2706 1149 2758 1195 et
2781 1141 3041 1194 mirabilia
3065 1142 3342 1211 exempla;
3367 1143 3560 1213 quibus
3587 1145 3791 1212 posteri

2175 1232 2464 1296 discerent,
2489 1243 2543 1288 et
2568 1234 2732 1289 Deum
2765 1251 2884 1290 esse
2925 1253 3110 1300 unum,
3148 1248 3202 1292 et
3226 1239 3472 1294 eumdem
3499 1241 3787 1308 vindicem,

2181 1324 2337 1394 digna
2369 1326 2620 1381 videlicet
2664 1327 2921 1398 supplicia
2954 1328 3130 1397 impiis
3161 1345 3223 1384 ac
3249 1334 3684 1400 persecutoribus
3711 1336 3790 1389 ir-

2183 1433 2394 1490 rogare.
2441 1419 2513 1475 De
2538 1435 2765 1490 quorum
2811 1422 2956 1476 exitu
3001 1423 3202 1492 scripto
3259 1425 3533 1481 testiﬁcari
3563 1427 3790 1497 placuit,

1800 1560 2161 1618 VARIORUM
2199 1560 2429 1616 NOTIE.

478 1692 530 1750 in
564 1694 654 1750 lib.
685 1694 752 1750 de
775 1695 1035 1752 Mortibus
1067 1708 1334 1766 persecut.
1365 1700 1438 1756 Ita
1486 1709 1542 1756 et
1568 1708 1755 1754 mortes
1793 1699 1928 1755 dixit
1949 1699 2084 1754 Lae-
2113 1701 2161 1760 B
2189 1713 2360 1768 posses
2392 1712 2508 1751 vera
2541 1695 2986 1768 pietateAaliorum
3011 1697 3143 1751 male
3171 1695 3406 1751 consulta
3438 1713 3789 1756 nascmnenz.

476 1768 676 1842 lautius
737 1769 930 1842 plurali
980 1787 1204 1826 numero
1247 1787 1426 1842 supra,
1462 1773 1557 1826 lib.
1594 1789 1650 1835 ν,
1696 1787 1815 1842 cap.
1861 1772 1951 1826 ΞΟ.
1997 1771 2080 1824 Ea:

474 1838 739 1905 mortibus,
783 1839 875 1893 lib.
915 1855 1006 1908 vu,
1038 1858 1158 1912 cap.
1201 1843 1284 1900 10.
1313 1838 1614 1898 Ὶεαιηονιεε
1650 1838 1778 1897 dua!
1803 1843 2078 1915 preposita:

472 1919 610 1962 sunt.

548 1979 766 2054 Quasin
795 1993 1067 2050 conspectu
1095 1985 1322 2054 ejus.....
1360 1986 1690 2052 quaesierunt.
1719 1985 1774 2039 ln
1807 1985 2075 2054 prioribus

474 2049 800 2124 editionibus
827 2049 1099 2119 legebatur
1116 2049 1144 2108 ’;
1177 2055 1306 2122 Ejus
1335 2049 1422 2124 per
1453 2074 1624 2110 omnes
1667 2049 1820 2110 horas
1853 2067 1957 2109 tota
1993 2058 2076 2108 die

476 2122 681 2197 fundis,
699 2134 1091 2197 cteterorumque
1121 2122 1341 2191 fratrum
1366 2138 1675 2192 nostrorum,
1701 2129 1808 2197 qui,
1828 2139 1932 2182 etc.
1964 2127 2070 2183 Sed

478 2207 545 2246 ex
591 2193 831 2257 reliquiis
881 2193 1180 2250 litterarum
1211 2198 1528 2264 conjicimus
1585 2193 1869 2260 legendum
1925 2214 2067 2262 esse,

478 2272 536 2315 ut
573 2264 624 2316 iu
653 2275 797 2318 textu
829 2267 1238 2322 insinuavituus.
1266 2300 1337 2309 —
1365 2268 1418 2321 In
1451 2269 1572 2324 cod.
1613 2269 1764 2324 Colb.
1822 2271 1913 2324 Sic
1956 2286 2073 2329 nni-,-

479 2333 606 2388 titus
656 2335 804 2389 locus
834 2335 1058 2392 habetur
1085 2358 1097 2392 :
1131 2339 1271 2404 Quas
1299 2341 1349 2393 in
1376 2351 1647 2402 conspectu
1681 2343 1790 2405 eius
1830 2357 2068 2393 cons.....

473 2420 594 2482 m.._.
625 2405 803 2482 S§im
821 2425 868 2459 ni
894 2410 980 2482 qui
1002 2409 1149 2482 rqlosa
1174 2412 1389 2482 fessione
1422 2412 1672 2477 sepit.....
1705 2428 1797 2482 pro
1828 2412 2064 2478 βάθεα...

476 2476 638 2551 rittis.
674 2477 763 2533 Sic
783 2480 1037 2551 _restituit
1065 2481 1129 2534 0.
1160 2476 1222 2536 F.
1263 2481 1538 2538 Fritzsche
1562 2484 1612 2536 in
1655 2476 1751 2536 sua
1774 2476 1883 2551 jam
1914 2498 1943 2534 a
1977 2499 2072 2534 no-

483 2545 565 2599 bis
596 2548 753 2601 citata
783 2549 1252 2606 Laclantiauorum
1279 2567 1500 2620 Operum
1533 2545 1810 2608 editione':
1846 2553 1987 2619 Quas
2021 2554 2072 2606 in

474 2628 744 2694 conspectu
773 2621 883 2690 ejus
915 2625 1218 2677 constitutus
1257 2625 1472 2694 fundere
1506 2624 1669 2689 soles,
1698 2626 1799 2678 imo
1825 2636 1871 2676 et
1905 2641 2073 2689 preces

479 2691 913 2764 sanctissimorum
942 2706 1219 2764 martyrum
1246 2691 1298 2747 in
1325 2696 1680 2761 sempiternam
1707 2695 1800 2748 sibi
1831 2711 2071 2748 coronam

517 2775 572 2811 ro
611 2760 732 2827 ﬁdei
752 2779 860 2816 sua:
887 2760 1096 2818 meritis:
1123 2766 1377 2821 Similiter
1404 2760 1708 2820 Lactantius
1733 2766 1933 2820 ultimis
1960 2782 2072 2820 sua:

529 2830 791 2904 ivinarum
849 2833 1244 2890 lnstitutionum
1271 2836 1579 2904 lEpitomes
1621 2837 1801 2891 verbis
1848 2838 1921 2890 ait
1960 2855 1970 2888 :
2018 2847 2074 2890 ut

479 2902 636 2969 possit
659 2901 767 2956 Deo
780 2904 960 2968 judice
983 2922 1083 2960 rno
1105 2909 1304 2974 virtutis
1327 2901 1440 2962 sua;
1463 2923 1695 2969 uentris,
1722 2909 1800 2961 vel
1824 2923 2071 2963 conexu!

2265 1767 2568 1844 Τςαηιξέισιὶᾇ
2589 1784 2693 1844 ins.
2725 1764 2906 1844 (_]olb.,
2929 1769 3260 1844 trisansaru;
3288 1768 3449 1844 Βιηι.2
3477 1770 3610 1844 tristi
3637 1778 3791 1844 nefa-

2187 1837 2272 1891 rii.
2304 1839 2366 1894 Ο.
2415 1839 2474 1893 F.
2526 1837 2802 1894 Fritzscbe
2857 1838 3154 1900 nobiscum,
3205 1841 3470 1894 transacti.
3525 1840 3645 1896 Mox
3699 1837 3791 1896 ubi

2185 1925 2287 1962 ms.
2337 1911 2494 1964 habet
2537 1919 2772 1985 postque;
2810 1909 2958 1985 _Btm._
2996 1910 3123 1979 legit
3155 1919 3264 1985 post
3317 1921 3444 1964 atrae
3474 1926 3493 1964 :
3519 1928 3639 1979 nos,
3671 1927 3792 1985 post

2155 2013 2157 2016 ‹
2183 1989 2358 2042 tantae.
2387 1997 2509 2035 cum
2541 1982 2605 2035 0.
2645 1981 2707 2034 F.
2735 1980 3034 2044 Fritzschc,
3065 1981 3372 2035 maluimus.

2257 2051 2518 2106 Precibus.
2554 2052 2788 2106 Verbum
2815 2051 2953 2106 istud
2978 2051 3306 2116 addidimus,
3341 2062 3397 2106 ut
3427 2068 3648 2109 sensum
3677 2055 3796 2110 cla-

2181 2122 2381 2177 riorem
2412 2124 2712 2176 eliciamus.

2253 2193 2318 2246 Et
2347 2196 2578 2264 a/ﬂictos.
2609 2198 2676 2246 At
2700 2194 2753 2247 in
2779 2207 2907 2256 ms.,
2926 2203 2983 2246 ut
3013 2193 3242 2263 aﬂlictos.

2259 2265 2520 2319 Sublevat.
2557 2264 2636 2317 En
2670 2281 2824 2318 nunc.
2869 2265 3001 2317 Alite
3035 2265 3297 2318 editiones
3327 2265 3508 2334 legunt
3535 2266 3790 2321 Subleaa-

2177 2342 2266 2394 vit.
2307 2338 2479 2390 Nunc.
2512 2335 2617 2390 Sed
2653 2335 2871 2405 propius
2904 2345 2955 2386 et
3004 2336 3373 2404 scrupulosius
3401 2338 3641 2404 inspecto
3673 2339 3783 2392 Ma-

2181 2409 2456 2474 nuscripto
2490 2408 2696 2473 codice,
2736 2406 2841 2477 legi
2873 2406 3120 2460 sublevat.
3154 2405 3238 2460 Eu
3266 2423 3422 2476 nunc,
3454 2407 3596 2478 quod
3625 2419 3783 2464 sonat

2179 2478 2503 2538 elegantius.

2542 2560 2587 2602 et
2615 2550 2722 2617 qui.
2755 2547 2971 2601 Priores
2998 2547 3125 2600 editi
3161 2547 3358 2602 habent
3396 2547 3635 2615 detersit;
3682 2551 3778 2603 sed

2177 2624 2392 2678 admoto
2449 2621 2665 2683 lumine,
2699 2619 2924 2688 legimus
2954 2619 3195 2687 deterget,
3227 2629 3273 2672 et
3313 2619 3426 2682 luii,
3471 2630 3599 2684 elc.,
3637 2621 3779 2689 quod

2176 2695 2422 2748 ultimum
2480 2691 2701 2744 verbum
2757 2702 2900 2744 recte
2942 2689 3010 2742 ab
3052 2689 3351 2744 editoribus
3397 2691 3782 2760 interpretatur

2233 2783 2305 2818 ιιι.

2181 2765 2502 2889 Quilluctati.
2549 2833 2602 2885 In
2637 2847 2736 2885 ms.
2769 2831 2963 2899 legitur
2986 2831 3228 2885 illustrati
3257 2847 3277 2884 :
3307 2839 3362 2884 at
3394 2831 3550 2885 ttnius
3585 2832 3780 2888 litterae

2178 2909 2474 2960 mutatione
2514 2904 2630 2971 lego
2682 2902 3080 2972 illuctati,quasi
3121 2901 3268 2955 dicas
3311 2903 3600 2965 adversati;
3635 2905 3778 2972 quod

478 2966 651 3046 nam,
674 2974 751 3046 uel
776 2966 1042 3040 praemium
1067 2969 1464 3032 innuat-talitatis
1489 2966 1745 3046 adipisci;
1777 2990 1829 3033 et
1859 2979 1951 3034 lib.
1974 2995 2068 3044 vn,
2101 2966 2146 3029 C
2179 2978 2422 3031 ultimum
2461 2966 2684 3028 verbum
2713 2974 2906 3046 eratin
2939 2966 3204 3040 prioribus
3241 2973 3401 3028 editis
3435 2975 3523 3044 qui
3557 2966 3783 3029 illuctati

477 3057 598 3114 cap.
634 3042 720 3106 M,
766 3061 865 3098 non
907 3047 1339 3102 immortalitatem
1371 3050 1487 3111 sibi,
1533 3042 1622 3104 sed
1647 3042 1860 3103 mortem
1891 3042 2069 3114 pecco;

477 3113 622 3186 tisac
657 3115 950 3172 libidinibus
975 3135 1337 3181 QUESIERUNT.
1385 3150 1456 3159 —
1479 3119 1820 3186 Quwsierunt.
1856 3121 1958 3175 Pro
1984 3138 2073 3174 ac-

477 3184 778 3260 quisierunt.
810 3186 881 3241 Ita
905 3199 959 3242 et
993 3191 1084 3260 lib.
1117 3207 1133 3244 ι
1161 3184 1550 3255 Βὴνὶηλιιεῑίιζ,
1578 3208 1698 3260 cap.
1729 3192 1942 3255 20,.lib.
1975 3208 2070 3256 vit,

481 3269 599 3330 cap.
627 3255 720 3330 Alﬁ.
755 3260 957 3314 etalibi
991 3259 1140 3315 Lact.
1173 3261 1306 3317 Vide
1357 3262 1493 3315 infra
1540 3255 1660 3316 Not;
1697 3263 1762 3316 ad
1817 3279 1936 3330 cap.
1985 3255 2069 3317 18.

555 3325 806 3402 Addetur.
850 3330 926 3384 Ita
958 3331 1009 3384 iu
1041 3348 1142 3386 ms.
1194 3349 1292 3402 pro
1317 3334 1556 3398 additur;
1583 3343 1744 3402 atque
1786 3334 1864 3388 sic
1887 3325 2075 3400 legen-

479 3394 607 3449 dum
630 3411 750 3452 esse
771 3399 822 3472 in
851 3404 1126 3467 praesenti.
1152 3394 1464 3472 praecedens
1489 3394 1816 3470 praeteritum
1846 3394 2068 3468 Audiuit,

477 3475 532 3544 et
562 3471 851 3544 sequentia
877 3473 1038 3527 verba
1080 3471 1302 3544 exsurgit
1329 3485 1386 3529 et
1412 3476 1693 3542 fabricatur
1731 3476 2072 3530 Confirmant.

477 3537 680 3615 Verum
709 3541 1054 3615 doctissimus
1081 3537 1252 3600 Joao:
1272 3537 1423 3615 Bapt;
1467 3545 1788 3601 Cottelerius
1818 3547 2074 3600 Ecclesia:

477 3607 679 3664 Graeca:
727 3613 1196 3687 Monumentorum
1249 3607 1378 3670 toni.
1428 3633 1486 3682 tt,
1548 3616 1755 3686 p.528,
1793 3617 2073 3687 legendum

473 3693 596 3734 esse
631 3685 876 3738 monebat
908 3688 1174 3751 adteritur,
1214 3689 1346 3742 scita
1369 3685 1618 3744 antitlicsi
1650 3705 1714 3744 ex
1735 3685 2002 3755 adteritur,
2023 3698 2077 3743 et

479 3755 736 3818 exsurgit;
767 3757 858 3808 sed
882 3759 1058 3811 minus
1081 3761 1234 3813 bene.

552 3821 906 3880 Adversarius.
948 3829 1001 3882 Id
1025 3840 1128 3891 est,
1153 3830 1432 3893 diabolus;
1457 3838 1513 3884 et
1543 3831 1611 3883 ita
1640 3841 1862 3883 vocatur
1889 3847 1916 3883 a
1943 3831 2078 3885 Lac-

483 3893 650 3944 tantio
676 3895 765 3949 lib.
791 3897 858 3952 de
885 3898 1112 3968 Opificio
1143 3901 1259 3966 Dei,
1286 3917 1405 3969 cap.
1439 3903 1462 3955 1
1486 3919 1497 3953 :
1519 3900 1657 3954 Nam
1676 3902 1763 3956 ille
1777 3902 2079 3955 colluetator

479 3972 527 4014 et
555 3979 915 4022 ADVERSARIUS
947 3980 1115 4022 noster
1144 3973 1242 4024 scis
1272 3988 1423 4035 quam
1443 3973 1507 4025 sit
1537 3982 1806 4026 astutus...
1833 3989 1947 4040 qua:
1976 3974 2080 4025 illi-

478 4049 592 4109 cere
617 4049 844 4109 possunt,
877 4056 970 4106 pro
1009 4042 1202 4108 laqueis
1246 4042 1412 4096 habet.
1452 4072 1524 4084 ——
1554 4041 1617 4097 Ο.
1663 4043 1724 4098 F.
1767 4043 2075 4109 Fritzsche,

484 4103 620 4158 Ecce
651 4107 827 4163 deletis
853 4103 1086 4164 omnibus
1105 4113 1428 4167 adversariis.

556 4173 622 4251 Et
651 4181 880 4234 restituta
911 4198 999 4251 per
1038 4185 1228 4238 orbem.
1273 4184 1328 4238 ltt
1370 4200 1470 4239 ms.
1513 4183 1664 4239 deest
1689 4194 1762 4246 et,
1796 4184 1892 4238 sed
1933 4184 2080 4240 locus

483 4247 647 4311 hujus
677 4247 1169 4325 syllabae'remauet
1198 4272 1395 4311 vacuus
1431 4277 1442 4310 :
1472 4255 1666 4310 deinde
1706 4257 1898 4325 legitur
1930 4258 2071 4309 resti-

2174 3058 2321 3103 erant
2349 3047 2687 3116 Deo,jaceut.
2719 3045 2789 3098 lta
2815 3044 2974 3116 igitur
3000 3059 3027 3116 a
3053 3060 3139 3098 me
3168 3045 3470 3116 restitutum
3493 3062 3508 3116 ς
3533 3046 3610 3099 sic
3637 3047 3777 3114 apud

2177 3119 2406 3174 Statium
2458 3115 2723 3179 reperitur
2776 3115 3118 3184 participium
3171 3115 3433 3169 illuctans.
3480 3115 3597 3170 .Iam
3649 3133 3780 3172 vero

2177 3189 2320 3260 quod
2353 3189 2418 3243 ad
2445 3187 2670 3257 hujusce
2694 3187 2842 3260 verbi
2874 3189 3113 3255 regimen
3140 3186 3663 3260 attinet,infra,cap.
3688 3191 3776 3251 18,

2178 3258 2374 3328 legitur
2419 3274 2632 3329 quoque
2683 3259 2869 3328 luctari
2921 3273 3040 3310 cum
3097 3258 3256 3329 tertio
3297 3271 3457 3323 casu,
3507 3259 3784 3329 etiamque

2177 3325 2578 3398 reductori-cap.
2626 3325 2789 3393 H,ct
2815 3329 3064 3382 obluctari
3108 3327 3293 3397 Virgil.
3343 3345 3398 3382 in
3441 3329 3658 3384 Eneid.
3690 3325 3786 3384 'Et

2179 3403 2488 3457 Lactantius
2536 3402 2620 3456 his
2675 3400 2898 3454 vocibus
2949 3399 3154 3459 luctari.
3213 3400 3484 3464 reluctari,
3541 3401 3780 3463 luctatio,

2178 3475 2436 3537 eluctatio,
2467 3472 2682 3526 eluctari
2726 3486 2872 3540 saepe
2910 3471 3098 3536 utitur,
3141 3469 3236 3524 lib.
3269 3485 3438 3538 ucap.
3470 3471 3560 3534 20,
3591 3471 3687 3525 lib.
3719 3488 3780 3525 III

2179 3541 2297 3615 αφ.
2333 3547 2391 3599 11
2442 3543 2543 3606 bis,
2592 3545 2685 3615 lib.
2733 3557 2934 3615 tv_cap‘.
2989 3541 3060 3594 25
3112 3551 3164 3594 et
3200 3541 3306 3615 50,
3346 3541 3440 3615 lib.
3475 3557 3506 3593 ν
3532 3556 3652 3610 cap.
3680 3542 3779 3607 21,

2181 3611 2275 3670 lili.
2311 3632 2357 3670 Vl
2387 3630 2504 3680 cap.
2541 3615 2627 3677 18,
2659 3613 2752 3675 2⁸5,
2779 3613 2872 3667 24.
2903 3611 3068 3666 Porro
3098 3612 3323 3666 verbum
3346 3613 3544 3682 jaceat,
3577 3628 3784 3681 przecc-

2181 3686 2326 3740 denti
2357 3687 2520 3741 verbo
2555 3685 2770 3739 illuctati
2811 3692 2955 3736 erant
2982 3684 3183 3750 optime
3223 3682 3530 3749 respondet.
3572 3683 3783 3738 Auctor

2181 3769 2387 3823 noster,
2406 3757 2596 3811 eodem
2641 3755 2926 3821 sensu,lib.
2972 3769 3041 3808 Vll
3097 3754 3270 3808 Divin.
3317 3753 3492 3808 lnstit.
3518 3769 3637 3823 cap.
3669 3755 3776 3817 26,

2181 3828 2315 3882 dixit
2342 3847 2355 3882 :
2393 3829 2495 3896 Qui
2521 3828 2733 3882 caelestis
2759 3842 2818 3879 ac
2843 3825 3122 3896 singularis
3145 3823 3242 3879 Dei
3270 3826 3463 3879 cultum
3484 3824 3664 3880 tollere
3689 3841 3780 3878 vo-

2182 3899 2409 3970 luerunt,
2439 3899 2695 3970 proﬂigati
2723 3912 2944 3970 ilicem.

2253 3967 2452 4025 Justos.
2492 3967 2547 4024 Id
2594 3967 2699 4033 est,
2743 3967 3097 4022 Christianos.
3143 3967 3232 4022 Sic
3281 3981 3376 4022 eos
3413 3975 3571 4022 vocat
3618 3967 3779 4022 Lact.

2182 4041 2276 4097 lib.
2313 4058 2327 4096 ι
2358 4057 2476 4111 cap.
2509 4042 2560 4096 1.
2594 4041 2683 4094 lib.
2729 4055 2763 4092 v
2789 4053 2914 4111 cap.
2941 4039 3035 4111 11.

2257 4107 2785 4179 Excarniﬁcaverunt.
2820 4109 2911 4165 Sic
2939 4109 2988 4161 iu
3022 4124 3121 4162 ms.
3157 4107 3276 4163 alite
3297 4107 3560 4163 editiones
3586 4125 3780 4164 επανε-

2185 4184 2536 4252 niﬁcaverunt.
2570 4185 2642 4237 At
2667 4183 2737 4235 nil
2763 4179 3075 4234 mutandum
3099 4194 3218 4233 esse
3246 4180 3567 4252 putavimus.

2259 4254 2439 4308 Serius
2465 4255 2689 4323 quidem.
2731 4252 2785 4305 In
2831 4266 2932 4323 ms.
2964 4259 3215 4323 corrupte
3241 4250 3440 4323 legitur
3483 4250 3780 4323 Seruit.....

481 4327 589 4414 tut?
618 4338 706 4390 per
731 4323 920 4406 orbem,
949 4334 1054 4379 etc.
1078 4368 1090 4390 ,
1113 4327 1232 4408 .sed
1270 4329 1548 4392 scriptoris
1578 4321 1782 4392 errore,
1819 4327 1907 4382 ubi
1937 4328 2083 4382 resti-
2107 4353 2161 4414 D
2189 4321 2598 4414 Destulerutiln
2647 4321 3299 4414 pritnntahedit‘ioneneﬁthi‘n
3337 4321 3779 4414 ali‘isAd‘einfep‘s,

482 4398 613 4462 tuto,
640 4408 737 4462 pro
765 4397 997 4448 restituta
1023 4397 1278 4461 scriptum
1305 4409 1406 4452 est.

559 4457 843 4533 Pro/ligata
883 4484 1046 4534 nuper
1088 4457 1335 4522 Ecclesia.
1383 4471 1469 4523 Sic
1501 4470 1810 4524 Lactantius
1834 4469 1961 4524 dicit
1993 4470 2084 4522 Di-

481 4532 595 4589 vin.
623 4532 793 4589 lnstit.
820 4537 912 4591 lib.
929 4532 983 4600 v',
1005 4554 1055 4610 c.
1076 4539 1130 4601 ‘2,
1147 4555 1475 4595 PltOl-‘LIGARE
1498 4542 1836 4610 sapientiam;
1867 4551 1992 4595 etc.
2015 4539 2072 4607 4,

481 4620 722 4659 omnes...
749 4623 853 4659 uno
878 4609 1030 4660 semel
1053 4610 1241 4676 impetu
1273 4609 1662 4666 rnorctcinw.

559 4676 826 4752 Templum
849 4676 963 4752 Dei,
995 4680 1131 4752 quod
1161 4681 1222 4732 ab
1248 4681 1416 4748 impiis
1451 4685 1617 4752 fuerat
1647 4699 1904 4744 eversum,
1931 4683 2082 4735 mise-

482 4745 948 4820 ricordiaADomiui
986 4750 1281 4819 fabricatur.
1321 4745 1605 4820 Templum
1646 4753 2078 4816 Nicomediense,

483 4817 553 4890 de
584 4834 689 4886 quo
717 4817 956 4890 Lactant.
988 4817 1096 4889 agit
1137 4837 1185 4877 c.
1233 4823 1301 4876 13
1341 4833 1390 4875 et
1441 4817 1531 4876 lib.
1588 4839 1620 4876 v
1667 4824 1842 4880 lnstit.
1871 4824 2029 4890 cape
2064 4841 2077 4876 :

486 4888 603 4957 Ego
633 4906 746 4942 cum
768 4890 818 4942 in
847 4888 1086 4961 Bithynia
1111 4894 1362 4947 oratorias
1393 4895 1588 4948 litteras
1613 4899 1803 4948 accitus
1827 4888 2078 4959 docerem,

483 4961 874 5028 contigissetque
904 4973 956 5015 ut
988 4964 1162 5017 eodem
1200 4975 1424 5031 terripore
1455 4983 1541 5020 DEI
1567 4983 1817 5022 'l'EltPLlllt
1848 4982 2084 5020 avuma-

489 5031 892 5106 ttnrun._Viden
933 5035 1176 5106 eamdem
1216 5036 1582 5090 locutionem?
1617 5039 1867 5092 Attamen
1900 5039 2075 5106 Cupe-

489 5117 580 5179 rus
608 5112 661 5156 et
697 5102 1038 5179 Daluziusiu
1062 5107 1293 5179 secunda
1323 5108 1506 5162 editio.
1542 5123 1636 5177 per
1657 5109 1897 5179 templum
1929 5102 2082 5162 iuiel-

489 5171 882 5246 liguuttiaetum
906 5173 1354 5246 Christianorum;
1404 5171 1589 5232 verum
1631 5195 1734 5234 noo
1759 5171 1956 5246 'potcst
1981 5180 2086 5235 dici

487 5241 557 5321 de
607 5243 843 5321 fidelium
885 5241 1543 5321 Societaterestauranda
1589 5251 1731 5319 quod
1780 5241 2082 5321 fabricatur.

491 5311 731 5389 Verbum
761 5315 898 5370 istud
929 5333 1032 5389 non
1068 5319 1380 5388 intelligitur
1403 5322 1502 5374 nisi
1525 5321 1592 5375 dc
1609 5311 2084 5389 opere'materiali,

487 5401 595 5465 non
625 5385 708 5467 de.
723 5388 1138 5467 congregatione
1167 5385 1403 5446 fidelium
1432 5402 1487 5446 et
1516 5385 1718 5447 unione
1749 5393 1963 5447 Christo
1985 5391 2088 5446 sub

491 5459 746 5524 primario
774 5467 988 5524 pastore
1017 5459 1332 5515 instaurata.

563 5525 850 5592 Principes.
889 5527 1294 5585 Constantinum
1353 5542 1406 5586 et
1436 5531 1720 5587 Licinium.
1754 5532 1953 5586 llorum
2004 5532 2088 5585 di-

492 5598 669 5665 ploma
707 5597 823 5651 vide
855 5599 986 5651 infra
1021 5618 1073 5654 tt.
1111 5603 1197 5655 48.
1717 5661 1722 5666 .

567 5669 1051 5743 Qui_Tyrannorum
1084 5678 1279 5742 nefa-riu
1313 5687 1357 5728 et
1390 5685 1598 5728 cruenta
1627 5673 1840 5743 imperia
1873 5674 2091 5728 rescide-

492 5751 630 5815 runt.
679 5740 1006 5806 Lactantius,
1034 5743 1122 5798 lib.
1149 5740 1154 5742 ⁷
1180 5760 1210 5795 v
1251 5745 1423 5800 Divin.
1466 5746 1636 5800 lustit.
1677 5740 1795 5815 cap.
1853 5745 1940 5807 11.
1992 5747 2094 5801 Re-

429 5812 611 5880 scripti
721 5827 998 5871 PRINCIPUI
1040 5831 1310 5886 namus;
1364 5818 1459 5874 lib.
1511 5833 1604 5886 vn,
1657 5812 1777 5890 cap.
1822 5817 1936 5875 ἃδε
1984 5817 2090 5884 Qui

2189 4392 2654 4465 profuderunt"...
2723 4393 3033 4465 Distulerat.
3101 4392 3303 4446 Caetera
3366 4402 3544 4465 autem
3610 4394 3784 4448 verba

2188 4463 2386 4522 Omissa
2423 4477 2606 4526 erant;
2659 4480 2777 4530 «inae
2826 4463 3106 4518 Nourisius
3135 4471 3285 4518 recte
3324 4464 3529 4531 primus
3555 4479 3622 4519 ex
3669 4480 3775 4520 ms.

2182 4539 2431 4593 restituit.
2460 4539 2524 4591 0.
2549 4538 2609 4591 F.
2640 4535 2912 4590 Frilzscbe
2938 4535 3084 4603 ponit
3107 4551 3120 4586 :
3146 4533 3275 4588 Sero
3304 4534 3359 4587 id
3382 4535 3607 4604 quidem.

2260 4610 2455 4677 Quibus
2489 4609 2676 4677 posteri
2704 4609 2972 4660 discerent.
3019 4606 3108 4662 Sic
3137 4605 3296 4677 habet
3317 4621 3421 4660 ms.
3439 4606 3607 4661 codex
3635 4605 3783 4677 :Aita-

2182 4675 2293 4749 quo
2336 4692 2454 4749 post
2490 4675 2706 4750 quibus,
2753 4677 2992 4748 expunxi
3035 4686 3114 4742 et,
3155 4676 3297 4747 quod
3325 4687 3410 4731 est
3447 4677 3499 4730 in
3527 4675 3780 4731 omnibus

2181 4751 2362 4806 editis.

2258 4822 2322 4875 Et
2351 4821 2580 4876 eumdem
2610 4821 2880 4880 uindicem,
2911 4819 3070 4889 digna
3121 4815 3350 4872 videlicet
3372 4817 3776 4890 supplicia,etc.

2184 4893 2259 4948 lta
2297 4893 2682 4949 restituendum
2708 4891 3100 4959 judicavimus;
3135 4890 3186 4942 in
3225 4905 3327 4942 ms.
3369 4892 3512 4943 enim
3562 4891 3776 4960 legitur,

2185 4976 2230 5018 et
2257 4966 2488 5018 eumdem
2516 4964 2736 5016 vicucem
2765 4961 2920 5030 digna
2947 4961 3100 5014 vid...
3133 4961 3410 5029 supplitia,
3441 4972 3548 5014 etc.
3580 4961 3781 5015 Verum

2187 5036 2434 5103 primaria
2461 5035 2626 5089 editio
2655 5034 2902 5103 habebat,
2932 5042 2990 5103 et
3018 5031 3249 5103 eumdem
3276 5042 3485 5085 mortem
3507 5032 3665 5102 digna
3697 5033 3782 5084 ul-

2187 5102 2322 5160 tione
2346 5106 2576 5175 superbis
2597 5114 2644 5157 et
2663 5102 2834 5175 impiis
2862 5119 2880 5155 :
2903 5102 2998 5175 sed
3021 5102 3137 5175 bace
3167 5117 3273 5155 non
3304 5103 3634 5175 concordant
3658 5118 3782 5157 cum

2185 5172 2447 5246 scriptura
2493 5173 2860 5242 manuscripti.
2915 5172 3143 5226 Maxime
3179 5187 3310 5246 ergo
3351 5173 3785 5246 depravatusgest

2187 5243 2411 5302 aliarum
2459 5247 2752 5301 editionum
2796 5253 2989 5310 textus,
3030 5258 3188 5310 quem
3230 5244 3316 5298 hic
3357 5243 3433 5296 ad
3465 5259 3568 5297 ms.
3623 5243 3783 5298 fidem

2187 5317 2674 5373 accommodamus.
2718 5314 2862 5369 Loco
2916 5313 3151 5368 Vicucem
3189 5315 3558 5384 supplevimus
3594 5313 3782 5368 Vindi-

2187 5406 2317 5456 cem,
2345 5406 2410 5444 ex
2439 5404 2505 5444 eo
2528 5387 2668 5455 quod
2699 5386 2790 5440 lib.
2823 5401 2858 5439 v
2889 5385 3064 5440 Divin.
3088 5384 3258 5440 lnstit.
3283 5400 3404 5456 cap.
3433 5385 3497 5440 21
3531 5385 3684 5442 initio
3711 5387 3784 5441 le.

2189 5461 2350 5531 gitur,
2382 5459 2516 5513 Deus
2545 5462 2653 5528 ipse
2679 5472 2870 5512 vmnnx
2907 5457 3022 5531 erit.
3151 5527 3201 5531 ﬂ
3299 5527 3311 5531 Α
3386 5527 3395 5531 _
3502 5528 3511 5531 Α
3589 5527 3609 5531 _
3833 5507 3840 5514 .

2267 5531 2342 5584 De
2385 5527 2599 5600 quorum
2636 5531 2775 5582 exitu
2823 5529 3010 5596 scripto
3051 5527 3311 5600 testiﬁcari
3341 5527 3552 5593 placuit.
3589 5527 3780 5600 ln_ms.

2193 5598 2409 5674 legitur,
2428 5604 2490 5654 de
2505 5619 2601 5674 quo
2629 5602 2886 5654 ca‘itu.....
2914 5599 3099 5674 t_i/icari
3116 5600 3324 5674 placuit.
3350 5600 3454 5654 Sed
3477 5614 3600 5653 cum
3622 5598 3779 5674 phra-

2192 5671 2267 5729 sis
2297 5675 2363 5728 sit
2396 5673 2729 5744 imperfecta,
2761 5687 2877 5725 eam
2897 5671 2976 5744 sic
3002 5671 3359 5744 restituimus;
3393 5687 3631 5744 quorum,
3667 5671 3782 5724 loco

2193 5745 2340 5800 vocis
2364 5740 2486 5814 quo,
2531 5754 2692 5812 atque
2735 5751 2852 5812 post
2888 5742 3044 5814 exitu.
3086 5740 3391 5797 addidimus
3425 5742 3615 5812 scripto
3664 5752 3774 5804 tes.,

2194 5818 2317 5888 quia
2341 5813 2575 5874 Libellus
2607 5816 2708 5871 iste
2737 5823 2849 5869 tum
2875 5813 3060 5869 exules
3079 5813 3165 5868 vel
3187 5821 3444 5882 remotos,
3465 5822 3576 5868 tum
3598 5826 3778 5885 posm-
