4058 6188
283 267 382 328 195

1433 273 1634 338 LIBER
1676 278 1762 339 DE
1802 276 2011 340 MORT.
2054 281 2440 344 PERSECUT.

3481 302 3584 360 191

276 399 332 442 ιιι
380 400 568 441 omnes
628 385 720 456 qui
805 387 992 456 procul
1058 390 1218 444 amoti
1295 391 1506 449 luerunt
1540 439 1555 462 ,
1625 400 1707 452 vel
1783 398 2228 470 quiAlegimus,
2284 403 2537 456 Dominus
2584 413 2765 458 noster
2809 405 2966 460 Jesus
3013 409 3258 464 Christus
3300 429 3328 467 a
3377 415 3579 472 Juilieis

276 491 451 551 postea
503 478 669 533 futuri
727 491 873 546 sunt,
912 481 1153 547 scirent,
1197 496 1459 552 quatenus
1518 489 1765 544 virtutem
1805 504 1870 544 ac

274 573 605 642 niajestatem
633 587 784 626 suam
819 573 871 626 in
899 573 1278 630 exscindeiulis
1300 576 1650 650 delendisque
1690 582 1868 636 nomi-

273 667 352 721 nis
379 665 458 718 sni
485 664 735 719 hostibus
767 666 908 720 Deus
933 680 1177 722 summus
1213 670 1544 726 ostenderet.
1585 673 1718 728 Hinc
1761 674 1865 729 ita-

269 775 369 828 quc
401 757 528 811 utile
554 764 658 820 est,
687 757 731 810 si
764 772 793 810 a
819 757 1082 829 principio
1110 775 1173 813 es
1204 775 1310 829 quo
1333 773 1416 816 est
1465 762 1706 818 Ecclesia
1733 779 1864 820 con-

267 851 477 913 stituta,
511 849 600 919 qui
633 847 831 904 fuerint
861 860 1264 919 persecutores.
1299 862 1354 908 et
1377 855 1571 923 quibus
1611 857 1780 925 pmnis
1809 857 1864 914 in

265 959 357 998 eos
420 941 660 997 caelestis
720 941 918 1012 judieis
986 944 1250 1000 severitas
1313 946 1709 1017 vindicaverit,
1770 965 1863 1005 ex-

269 1050 484 1106 ponam.

1033 1129 1098 1186 ll.

332 1224 604 1281 Extremis
635 1224 965 1297 temporibus
1007 1224 1207 1281 Tiberii
1237 1223 1488 1295 Cicsaris,
1519 1237 1576 1284 ut
1602 1229 1863 1300 scriptum

1973 496 2241 548 cruciatus
2271 507 2373 558 est,
2407 506 2527 564 post
2567 496 2708 552 diem
2738 499 3003 554 decimum
3036 502 3391 561 Kalendarum
3420 511 3580 579 Apri-

1976 586 2125 652 lium,
2155 587 2363 643 duobus
2391 588 2633 644 Geminis
2662 592 3005 647 consulibus:
3041 611 3160 648 cum
3195 603 3580 658 resurrexisset

1971 677 2058 733 die
2085 679 2260 745 tertio,
2310 681 2652 750 congregavit
2694 681 3008 752 discipulos,
3045 703 3179 755 quos
3226 699 3398 744 metus
3425 708 3575 747 eoin-

1969 769 2344 838 prehensionis
2373 771 2490 839 ejus
2522 773 2572 824 in
2613 771 2790 842 fugam
2822 786 3092 842 verterat;
3140 789 3195 832 et
3224 781 3412 836 diebus
3443 801 3574 852 qua-

1965 859 2206 930 draginta
2237 878 2355 916 cum
2389 862 2470 915 bis
2494 875 2855 919 commoratus
2875 907 2888 928 ,
2935 869 3143 936 aperuit
3169 872 3330 925 corda
3357 889 3569 943 eorum,

1968 965 2015 1008 et
2048 955 2350 1024 Scripturas
2378 956 2759 1025 interpretatus
2788 969 2887 1024 est,
2923 977 3039 1028 qua:
3065 979 3232 1034 usque
3259 969 3323 1020 ad
3354 966 3405 1020 id
3434 979 3569 1023 lem-

1968 1060 2066 1114 pus
2105 1046 2349 1100 obscurae
2403 1058 2564 1116 atque
2611 1049 2860 1103 involuta:
2903 1054 3134 1108 I‘uernnt.
3185 1055 3570 1129 Ordinavitque

1965 1154 2080 1203 eos,
2115 1150 2169 1194 et
2198 1141 2442 1194 instruxit
2476 1140 2541 1195 ad
2577 1143 3008 1210 prazdicationem
3039 1147 3305 1217 dogmatis
3345 1166 3408 1205 ac
3436 1152 3568 1208 doc-

1968 1232 2120 1286 trime
2147 1245 2279 1300 sure,
2304 1231 2598 1302 disponens
2623 1233 2954 1291 Testamenti
2983 1237 3106 1293 novi
3129 1240 3426 1298 solemnem
3457 1244 3570 1300 dis-

1609 1430 1971 1489 VARIORUM
2007 1429 2239 1488 NOTAE.

251 1601 339 1640 ros
398 1585 594 1640 docere
641 1583 888 1638 debebat.
940 1582 1228 1655 Nourisins
1270 1583 1577 1655 restituerat
1629 1585 1692 1638 de
1751 1603 1852 1655 quo

251 1659 394 1709 exitu
422 1656 594 1726 palam
639 1656 923 1722 testiﬁcari,
976 1663 1080 1708 etc.
1127 1653 1232 1708 Sed
1258 1653 1475 1726 palam,
1508 1656 1684 1709 minus
1728 1653 1852 1724 apte

249 1725 488 1797 positum
517 1737 599 1782 est
631 1745 644 1780 :
687 1727 1030 1797 voxhscripto
1061 1740 1127 1797 eo
1162 1725 1268 1797 loci
1297 1731 1472 1794 aptior
1513 1735 1613 1780 est.
1668 1726 1852 1783 Exitus

248 1795 380 1852 vero
410 1799 550 1854 idem
582 1805 664 1852 est
687 1813 751 1852 ac
781 1795 944 1850 Mors.
979 1796 1068 1852 Sic
1095 1795 1252 1860 infra,
1284 1811 1402 1862 cap.
1427 1797 1517 1861 50,
1559 1798 1702 1853 circa
1731 1815 1850 1854 me-

247 1869 420 1931 dium,
479 1871 617 1924 exitu
641 1871 751 1938 ejus
768 1868 966 1931 audito,
999 1867 1231 1938 protinus
1257 1867 1406 1936 fugit.

312 1941 520 1994 Procul
543 1941 700 1993 amoti
725 1943 952 2010 fuerunt.
994 1937 1048 1992 In
1074 1952 1172 2010 ms.
1209 1938 1401 2010 legitur
1428 1946 1634 2010 tantum
1663 1942 1846 2006 procul

242 2013 367 2064 moti
401 2015 631 2082 fuerunt.
683 2009 732 2082 id
778 2019 881 2073 est,
930 2012 980 2063 in
1019 2009 1255 2082 exilium,
1281 2009 1440 2077 pulsi,
1482 2009 1564 2063 vel
1584 2010 1841 2082 relegati,

242 2079 783 2152 unde‘supplendam
812 2095 932 2134 esse
954 2079 1186 2148 judicavi
1226 2079 1456 2152 litteram
1489 2097 1539 2143 a,
1581 2081 1648 2133 ita
1681 2079 1736 2135 ut
1762 2083 1840 2138 le-

239 2165 401 2218 gatur
426 2151 617 2218 amoti;
662 2152 786 2206 hinc
829 2153 1040 2218 exurgit
1085 2165 1276 2206 sensus
1312 2151 1524 2205 clarior.
1581 2152 1669 2206 Sic
1699 2153 1837 2222 apud

238 2223 489 2278 Tacitum
521 2225 739 2276 amoveri
770 2223 824 2275 in
854 2223 1095 2291 insulam,
1121 2237 1217 2291 pro
1249 2223 1299 2274 in
1329 2221 1538 2274 exilium
1566 2223 1706 2290 pelli.

303 2293 508 2350 Postea
537 2295 702 2366 futuri
723 2303 860 2366 sunt.
905 2293 960 2347 In
991 2308 1093 2366 ius.
1128 2293 1243 2347 huic
1264 2294 1438 2366 solum
1461 2293 1708 2366 leguntur
1731 2311 1831 2362 p...

239 2367 338 2418 turi
393 2364 548 2428 sunt;
574 2365 938 2434 supplevimus
984 2364 1132 2432 juxta
1175 2364 1404 2432 spatium
1448 2364 1588 2433 quod
1616 2365 1836 2422 exhibet

237 2451 329 2490 ms.
358 2437 485 2492 :alii
517 2437 697 2506 legunt
725 2445 835 2506 post
863 2452 955 2489 nos
983 2435 1306 2506 futurisum;
1333 2436 1420 2506 alii
1449 2451 1576 2489 vero
1604 2445 1718 2505 post
1741 2454 1832 2493 nos

235 2509 420 2562 ricturi
446 2505 618 2561 sunt:
643 2506 748 2562 Sed
777 2505 1035 2575 elegimus
1056 2505 1216 2559 verba
1239 2505 1521 2574 simplicia,
1553 2522 1672 2574 quin
1702 2523 1826 2563 sen-

233 2594 347 2632 sum
385 2579 643 2648 optimum
660 2578 813 2646 juxta
835 2579 1064 2646 spatium
1087 2591 1186 2629 ms.
1213 2585 1681 2648 repragseutarent.

310 2645 568 2704 Virtutem
597 2645 998 2712 acmaiestatem
1025 2663 1190 2700 suam.
1217 2647 1280 2700 Et
1303 2645 1458 2714 infra,
1490 2663 1587 2715 cap
1613 2647 1647 2701 5
1675 2666 1686 2701 :
1717 2649 1826 2703 Ad-

233 2738 409 2775 versus
456 2721 774 2790 majestatem
817 2718 1092 2790 singularis
1140 2716 1252 2790 Dei.
1298 2717 1622 2790 Lactantius
1651 2721 1822 2774 Divin.

235 2793 408 2846 lnstit.
441 2787 576 2845 lib.'t
601 2806 718 2860 cap.
752 2791 775 2844 1
815 2807 828 2842 :
861 2787 1178 2861 Majestatem
1213 2787 1308 2842 Dei
1335 2788 1612 2859 singularis
1639 2807 1698 2843 ac
1724 2794 1825 2844 veri

231 2863 562 2932 cognovistis,
592 2871 721 2924 etc.;
760 2862 851 2915 lib.
883 2875 937 2914 ιιι
968 2875 1085 2928 cap.
1113 2861 1166 2923 4,
1203 2861 1295 2932 lib.
1327 2875 1524 2932 tigicap.
1566 2863 1591 2915 1
1640 2879 1650 2912 :
1701 2862 1824 2915 Siti-

231 2931 431 3004 gulrrris
474 2931 570 2987 Dei
598 2949 818 2986 asserere
846 2933 1192 3004 majestatem;
1219 2931 1321 3004 bis,
1350 2931 1441 3004 lib.
1468 2945 1521 2986 tv
1548 2947 1665 3000 cap.
1706 2935 1776 2986 26
1804 2954 1816 2990 :

243 3005 494 3060 l’irtutem
546 3005 957 3073 maiestatemque
999 3000 1097 3055 Dei
1139 3003 1412 3073 singularis
1449 3005 1820 3073 interpretari,-

1961 1585 2144 1655 Itaque
2172 1583 2458 1665 legendum
2485 1595 2569 1639 est
2597 1599 2962 1656 persecutores.
3006 1590 3138 1648 Vide
3175 1597 3447 1665 specimen
3475 1615 3538 1657 su

1879 1695 1928 1755 Β
1960 1670 2054 1755 pra
2091 1659 2342 1737 positum:

2034 1727 2094 1781 1η
2122 1744 2271 1781 eos...
2295 1728 2638 1798 vindicaverit.
2662 1729 2973 1786 Lactantius
2996 1745 3200 1798 noster.
3224 1737 3312 1793 lib.
3331 1756 3367 1793 ιι
3387 1742 3558 1798 Divin.

1955 1797 2350 1882 lnstitzu_t.,-cap.
2434 1799 2837 1882 :‘ln‘sacrilegos
2860 1797 3273 1875 vindicaverunt;
3293 1824 3344 1865 et
3364 1813 3458 1868 lib.
3483 1797 3557 1882 tv,

1950 1884 2069 1938 Cap.
2095 1871 2182 1924 17.
2215 1869 2325 1937 Ego
2347 1870 2610 1923 vindicabo
2634 1873 2684 1924 in
2708 1889 2839 1924 eum.

2020 1939 2173 1994 Jesus
2197 1941 2518 1994 Christus....
2550 1945 2807 1996 cruciatus
2839 1954 2948 1998 est:
2971 1944 3024 1998 ΙιΙ
3055 1957 3135 2001 est
3162 1951 3306 2005 cruci
3344 1953 3553 2011 aflixus.

1948 2009 2154 2065 Eodem
2185 2027 2348 2066 sensu
2390 2014 2558 2065 utitur
2587 2014 2774 2068 eadem
2812 2030 2943 2070 voce
2984 2016 3289 2074 Lactantius
3320 2023 3434 2078 Div.
3463 2009 3555 2080 In;

1945 2081 2117 2166 sllilul.
2151 2083 2239 2166 lib.
2272 2098 2308 2145 ι,
2337 2097 2456 2165 Cap.
2478 2083 2564 2166 16.
2585 2084 2976 2166 Ab_lt0iniiiibus
3009 2089 3556 2166 iitsigttisupplicioaf-

1942 2155 2131 2235 fectum
2164 2165 2219 2234 et.
2245 2157 2624 2235 excruciatum;
2668 2155 2759 2208 lib.
2783 2229 2790 2235 .
2817 2172 2886 2219 tv,
2934 2172 3054 2228 cap.
3097 2155 3182 2226 18,
3219 2155 3281 2216 δι’
3309 2155 3550 2235 Ἐρίιοώ.

1947 2223 2062 2276 Div.
2097 2223 2266 2278 lnstit.
2300 2241 2416 2293 cap.
2458 2224 2538 2278 18.
2569 2225 2632 2277 Et
2656 2223 3246 2285 cruciaverunt'illumin
3268 2223 3556 2292 humilitate

1940 2311 2127 2364 magna
2150 2312 2167 2357 ;
2193 2297 2282 2350 lib.
2313 2311 2385 2358 tv,
2415 2312 2535 2364 cap.
2561 2295 2653 2359 22,
2679 2309 2733 2349 ut
2760 2301 2989 2352 mortalis
3013 2303 3276 2358 occisus...
3306 2306 3470 2360 Deum
3488 2312 3552 2364 ab

1938 2364 2363 2442 lioiiiinibusAesse
2405 2370 2717 2442 cruciatum;
2754 2379 2808 2422 et
2854 2371 3084 2438 lipitom.
3122 2389 3238 2442 cap.
3278 2377 3374 2431 l8:
3422 2376 3552 2436 Cum

1937 2435 2092 2505 igitur
2117 2438 2184 2489 ad
2215 2437 2472 2490 dexteram
2501 2437 2597 2491 Dei
2628 2440 2820 2504 sedeat,
2854 2435 3144 2496 calcaturus
3180 2435 3410 2504 inimicos
3431 2435 3552 2506 suos

1933 2508 2164 2589 quicum
2193 2509 2564 2561 cruciaverunt.
2597 2509 2686 2563 Sic
2716 2509 2810 2565 lib.
2858 2527 2933 2579 tv,
2971 2528 3092 2584 cap.
3126 2516 3214 2583 16,
3249 2520 3550 2589 cruciando,

1933 2578 2128 2631 eodem
2161 2594 2346 2634 sensu.

2005 2645 2154 2724 ΡοιςιΔ
2193 2649 2324 2724 diem
2389 2650 2636 2724 decimum
2705 2649 3055 2724 Kalendarum
3126 2656 3400 2724 Aprilium.
3444 2663 3542 2719 Ms.

1931 2715 2092 2793 liabet
2122 2719 2394 2787 Aprilium,
2422 2721 2810 2793 inou‘Aprilis.
2831 2715 3288 2793 Laclantiusﬂib.
3334 2746 3388 2783 tv
3420 2715 3538 2789 Div.

1929 2786 2183 2852 lnstitut.,
2233 2806 2351 2857 cap.
2414 2792 2480 2843 10
2510 2807 2524 2844 :
2555 2786 2759 2844 Duobus
2815 2791 3040 2848 Geminis
3084 2786 3376 2853 consulibus
3426 2786 3545 2858 ante

1927 2858 2059 2913 diem
2101 2862 2350 2915 decimum
2388 2860 2740 2915 Kalendarum
2767 2861 3021 2932 Aprilium
3065 2865 3240 2920 Judaei
3285 2872 3542 2930 Christum

1925 2933 2067 3006 cruci
2083 2932 2547 3006 aﬁixerunt_;quod
2575 2934 2716 3006 idem
2737 2945 2838 2988 est.
2874 2936 3006 2990 Vide
3029 2953 3188 3006 supra
3214 2938 3332 2993 Not.
3367 2944 3456 2996 lib.
3489 2962 3542 3002 tv

1925 3001 1990 3086 ad
2041 3002 2198 3056 linem
2247 3004 2553 3086 capitile.
2590 3004 2685 3086 Est
2713 3007 2942 3086 elliptica
2970 3001 3190 3086 locuiio,
3223 3027 3382 3086 quam
3414 3001 3540 3086 sup?-

230 3077 316 3130 lib.
364 3092 409 3129 vi
437 3090 558 3142 cap.
585 3072 660 3128 9’:
713 3072 959 3126 Virtutem
982 3089 1042 3126 ac
1075 3072 1387 3144 maiestatem
1431 3072 1527 3125 Dei
1553 3076 1831 3144 singularis
1860 3080 1906 3142 ο
1940 3073 2086 3140 plere
2118 3072 2326 3141 possis,
2347 3085 2466 3142 post
2502 3085 2746 3130 exortum
2777 3076 2916 3131 diem
2957 3072 3538 3140 decimum'Kalenda-

231 3157 488 3212 enarrat;
527 3148 618 3199 lib.
662 3161 691 3198 v
737 3160 837 3213 cap
882 3147 950 3198 15
985 3153 1052 3198 et
1093 3143 1185 3202 22.
1241 3143 1334 3196 lib.
1394 3159 1460 3196 vn
1505 3143 1830 3215 frequenter,

233 3219 321 3272 lib.
357 3235 435 3280 tv,
463 3216 638 3272 adhuc
663 3231 781 3284 cap.
802 3216 892 3282 29,
912 3215 1004 3270 lib.
1034 3230 1082 3268 vi
1114 3215 1350 3287 cap.rl7,
1380 3215 1472 3268 lib.
1503 3215 1571 3269 de
1597 3215 1679 3269 lra
1711 3219 1826 3287 Dei,

229 3305 346 3358 cap.
386 3290 482 3351 20,
532 3298 578 3341 et
619 3288 825 3358 objectis
872 3288 1080 3340 terrenis
1110 3285 1710 3358 cultibuspmaiestatem
1736 3285 1831 3344 Dei

227 3356 508 3430 singularis
552 3356 852 3430 agnoscunt.
905 3359 1137 3428 EpitOm.
1183 3373 1301 3426 cap.
1349 3357 1384 3411 5
1427 3369 1478 3412 et
1509 3356 1562 3410 4.
1594 3357 1660 3411 Εῑ
1703 3360 1830 3416 alibi

234 3447 458 3502 passtin.

298 3502 364 3557 In
396 3501 758 3556 exscindendis
777 3499 1101 3570 delendisque
1127 3541 1140 3563 ,
1169 3508 1273 3553 etc.
1318 3499 1372 3552 lii
1403 3513 1503 3552 ms.
1537 3499 1749 3568 legitur,
1779 3504 1830 3557 in

398 3575 479 3627 dis
510 3573 842 3640 delendisque
881 3587 898 3624 :
939 3579 1060 3640 post
1090 3570 1316 3624 litteram
1381 3586 1408 3622 e
1447 3581 1668 3640 apparet
1707 3588 1830 3639 pars

232 3647 400 3700 media
463 3646 657 3698 littera:
706 3659 776 3708 αῖς
823 3642 1001 3711 itaque
1041 3641 1408 3710 supplevimus
1436 3642 1826 3710 exscindendis,

231 3732 382 3786 quam
416 3731 607 3770 vocem
637 3711 1221 3786 usurpat_inl'raattct_or
1251 3722 1431 3786 noster
1454 3727 1569 3786 cap.
1605 3713 1658 3775 2,
1685 3715 1828 3770 circa

233 3781 462 3840 medium
485 3787 591 3840 hoc
614 3781 806 3838 modo:
840 3783 1099 3838 Prosilivit
1121 3781 1303 3855 (Nero)
1345 3783 1413 3835 ad
1434 3784 1829 3838 exscindendum

230 3860 421 3912 caeleste
467 3857 714 3924 templum
761 3856 1127 3925 delendamque
1165 3855 1458 3922 justitiam;
1509 3856 1592 3908 vel
1638 3857 1828 3924 supple

231 3930 584 3999 extinguendis
606 3944 624 3980 .'
672 3928 750 3981 sic
789 3927 942 3988 initio.
963 3941 1078 3993 cap.
1105 3926 1194 3986 46,
1223 3926 1318 3999 bas
1346 3941 1504 3999 \‘9Ces
1537 3925 1604 3978 ita
1626 3925 1823 3999 jungit,

228 4011 278 4053 ut
298 3997 709 4054 Christianorum
731 4013 912 4050 nomen
933 3999 1241 4065 extingueret
1264 3997 1593 4065 funditusque
1613 3997 1820 4051 deleret.

296 4070 438 4125 Deus
470 4085 722 4124 summus.
769 4069 833 4122 Et
857 4083 974 4136 cap.
1006 4066 1096 4120 47.
1153 4066 1323 4120 Hasce
1369 4067 1632 4121 dictiones
1687 4068 1826 4124 inter

230 4141 492 4196 Lactantii
549 4141 748 4207 scripta
791 4141 996 4193 centies
1031 4137 1427 4206 deprehendes,
1461 4137 1594 4191 lib.i
1649 4139 1822 4194 llivin.

230 4213 480 4276 lnstitut.,
507 4227 628 4278 cap.
667 4212 691 4265 1
729 4229 740 4262 :
775 4209 844 4263 Te
879 4209 1012 4262 Deus
1051 4225 1279 4264 summus
1299 4209 1368 4261 ad
1389 4209 1588 4261 beatum
1614 4209 1824 4280 Imperii

227 4285 428 4337 culmen
474 4284 656 4337 evexit.
705 4281 836 4335 lbid.
889 4295 1007 4350 Cap.
1047 4280 1111 4347 5,
1150 4296 1276 4350 cap.
1306 4281 1374 4345 6,
1399 4279 1489 4334 lib.
1518 4295 1584 4345 ιι,
1611 4279 1727 4348 cap.
1758 4281 1817 4347 l;

227 4354 320 4407 lib.
354 4371 439 4409 ιιι.
469 4369 590 4421 eap.
622 4354 682 4407 11
709 4369 724 4415 ;
752 4352 844 4405 lib.
870 4349 1102 4419 tv,cap.
1135 4349 1200 4414 4,
1233 4352 1314 4404 bis
1335 4366 1452 4418 cap.
1481 4352 1514 4405 6
1536 4393 1548 4413 ,
1577 4367 1694 4418 cap.
1729 4353 1816 4419 10,

223 4439 340 4494 cap.
379 4427 464 4490 15,
493 4441 610 4494 can.
649 4424 751 4487 l6;
783 4423 872 4494 lib.
901 4439 992 4486 vit,
1027 4437 1144 4494 cap.
1173 4423 1278 4485 27;
1314 4422 1704 4494 Epitoni_.,eap.
1728 4424 1814 4487 l2,

224 4492 342 4564 cap.
378 4497 482 4561 28,
523 4493 615 4556 43.
636 4495 736 4559 19;
761 4493 860 4558 bis,
893 4494 984 4548 lib.
1010 4493 1076 4547 de
1103 4495 1179 4548 lra
1210 4495 1295 4546 llci
1319 4535 1330 4553 ,
1356 4507 1475 4556 cap.
1505 4492 1559 4548 2.
1605 4493 1670 4546 Et
1696 4495 1819 4548 alibi

227 4570 445 4635 passim.
501 4567 638 4632 Quin
690 4569 803 4618 lucc
849 4566 1005 4619 etiam
1034 4565 1264 4629 epitheta
1296 4565 1576 4633 singularis
1599 4575 1651 4618 et
1676 4581 1820 4618 sum-

226 4655 362 4700 mus,
395 4639 536 4691 inter
557 4639 657 4690 alia
684 4637 780 4707 (ait
806 4635 1020 4706 Baudri)
1051 4635 1382 4688 Laclantinm
1429 4636 1580 4688 istius
1607 4650 1822 4703 quoiiue

227 4708 389 4762 libelli
419 4717 696 4777 parentem
726 4722 848 4761 esse
875 4711 1154 4769 suadeant,
1190 4707 1418 4760 dubitari
1449 4722 1554 4759 non
1591 4716 1781 4773 potest.

224 4849 257 4902 ὁ
299 4778 618 4861 Ostenderet.
646 4777 806 4834 Forte
829 4778 1113 4848 legendum
1141 4777 1412 4831 ostenderit
1437 4793 1452 4830 :
1483 4777 1602 4830 vide
1622 4793 1819 4847 prame-

264 4860 430 4902 entia.

264 4853 430 4903 entia.

296 4920 436 4974 Hinc
457 4922 628 4989 itaque
655 4920 782 4973 utile
805 4930 900 4984 est,
925 4921 988 4973 si.
1016 4919 1071 4973 lu
1106 4935 1205 4974 ms.
1233 4919 1428 4987 legitur
1457 4929 1658 4972 tantum
1695 4918 1822 4974 Vino

225 5002 372 5046 ιαμ..
397 5003 502 5057 est,
527 4993 601 5055 si,
630 4992 770 5046 unde
811 5007 1029 5045 sensum
1076 4991 1422 5044 formavimus
1455 4991 1504 5042 in
1536 4991 1674 5044 hunc
1708 5006 1822 5044 mo-

223 5064 374 5126 dum,
408 5065 523 5116 hinc
544 5065 714 5131 itaque
736 5065 860 5116 utile
887 5073 960 5116 est
979 5104 995 5130 ,
1020 5063 1096 5128 si,
1128 5071 1234 5117 etc.
1256 5103 1270 5128 ,
1319 5060 1477 5132 idque
1521 5063 1672 5132 juxta
1700 5076 1823 5132 spa-

224 5147 355 5187 tium
388 5150 488 5188 ms.

295 5206 400 5271 Qui
441 5205 632 5276 fuerint
678 5215 1045 5276 persecutores.
1087 5203 1144 5257 In
1185 5219 1285 5257 ms.
1319 5213 1402 5256 est
1427 5204 1514 5272 qui
1537 5204 1818 5276 fuerint....

225 5273 544 5330 θειασταί...
561 5273 938 5330 dellCientibus
960 5273 994 5327 4
1017 5275 1209 5330 litteris
1235 5286 1360 5328 ante
1387 5284 1631 5327 ecutores.
1670 5275 1821 5328 llunc

223 5345 403 5416 itaque
433 5351 607 5401 locum
636 5350 714 5401 sic
745 5347 1136 5401 restituendum
1163 5361 1282 5399 esse
1304 5345 1573 5402 existimo.
1601 5345 1687 5408 qui
1710 5348 1821 5414 fue-

224 5419 325 5470 rint
369 5429 729 5487 persecutores.
781 5418 1099 5472 Parisiensis
1147 5418 1310 5471 editio
1351 5431 1438 5469 an.
1485 5416 1623 5469 1710
1663 5419 1822 5470 habet

226 5491 448 5556 fuerunt,
474 5490 616 5559 quod
645 5489 975 5543 contrarium
1006 5499 1088 5543 est
1109 5504 1209 5541 ms.
1241 5488 1436 5559 codici,
1463 5497 1519 5541 et
1542 5499 1818 5559 starenon

225 5567 398 5628 potest
420 5557 540 5614 cuin
559 5560 890 5614 vindicaverit
919 5561 1058 5630 quod
1083 5561 1341 5628 sequitur.
1359 5557 1484 5612 Hazc
1501 5559 1664 5611 editio
1695 5558 1820 5626 legit

225 5632 432 5698 fuerunt
453 5642 704 5693 auctores,
735 5631 827 5685 sed
854 5629 1007 5685 male.
1033 5629 1274 5697 Namque
1301 5631 1351 5682 in
1381 5645 1480 5682 ius.
1513 5630 1657 5683 clare
1687 5632 1820 5682 scri-

226 5710 376 5765 ptum
402 5713 479 5755 est
504 5705 730 5770 fuerint:
775 5702 971 5756 deinde
1012 5703 1149 5756 male
1191 5710 1422 5754 auctores
1461 5698 1664 5764 scribit,
1697 5714 1818 5755 cum

224 5782 479 5844 appareat
505 5788 630 5848 pars
651 5773 874 5832 interior
903 5773 1095 5833 litterae
1118 5791 1172 5846 p,
1199 5784 1254 5828 et
1279 5771 1524 5846 superior
1555 5771 1745 5828 litterae
1771 5787 1816 5828 s.

1939 3159 2054 3222 rum
2100 3145 2545 3222 Apriliuinksive
2589 3156 2708 3222 post
2748 3164 2870 3201 eum
2914 3149 3055 3203 diem
3117 3152 3427 3222 inemptum.
3460 3158 3534 3213 lta

1935 3215 2345 3297 verbaLliristi,
2373 3215 2634 3297 P_ost_tres
2655 3219 2761 3271 dies
2797 3236 3078 3297 resurgam,
3101 3215 3397 3291 Μιιιοῖνιιι,
3440 3231 3536 3297 51,

1933 3301 1963 3337 a
1987 3287 2611 3364 plerisquedoctioribus
2637 3287 2976 3364 exponuntur
2995 3294 3076 3364 die
3099 3295 3264 3357 tertio,
3291 3287 3538 3364 Vcl'postl

1933 3373 2084 3424 quam
2113 3359 2295 3411 venerit
2325 3359 2431 3412 dies
2467 3361 2660 3412 tertius.
2700 3363 2896 3414 l’artim
2929 3378 2991 3416 ex
3023 3363 3228 3419 Josuuu
3258 3359 3536 3426 Curculio.

2007 3429 2272 3505 Seilpost
2300 3431 2434 3505 diem
2473 3431 2722 3505 decimum
2765 3430 3118 3505 Kalendarum
3168 3439 3441 3505 Aprilium,
3491 3454 3538 3497 et

1932 3510 2049 3572 ante
2077 3501 2208 3572 diem
2238 3500 2485 3572 decimum
2512 3499 2740 3554 Kalend.
2768 3504 3022 3572 Aprilium
3053 3505 3191 3559 idem
3213 3499 3340 3564 esse
3366 3499 3439 3565 ac,
3452 3514 3536 3567 die

1931 3569 2124 3622 decimo
2151 3569 2527 3634 Kalendarum,
2563 3581 2743 3639 postea
2788 3569 2836 3626 in
2867 3586 3044 3628 nostra
3075 3577 3140 3629 ad
3172 3577 3310 3631 hunc
3339 3580 3532 3638 librum

1933 3639 2316 3716 DiSsertatioue
2346 3641 2556 3716 abunde
2591 3641 3099 3716 demonstrabimus,
3130 3662 3195 3701 ex
3237 3649 3352 3716 ipso
3395 3651 3531 3707 Lac-

1933 3711 2102 3796 tantio
2125 3711 2382 3796 aliisque.-
2409 3712 2534 3796 [iam
2563 3714 2980 3796 consulereunon
3013 3726 3063 3770 te
3095 3711 3286 3785 pigeai.

2006 3781 2213 3856 Duelius
2239 3781 2462 3835 Geminis
2487 3781 2954 3856 Consulibusilloc
2979 3781 3214 3856 assignat
3243 3789 3534 3848 Institutio-

1930 3867 2056 3928 nutn
2091 3853 2224 3907 libro
2256 3869 2327 3918 tv,
2362 3868 2478 3928 cap.
2507 3854 2592 3914 10,
2623 3870 2764 3928 anno
2794 3855 2992 3910 Tiberii
3023 3853 3442 3928 quintudecimo.
3476 3867 3532 3922 Id

1929 3924 2545 3993 quidemconvenienter
2567 3927 2865 3980 consulatui
2900 3924 3125 3984 duorum
3155 3929 3526 3993 Geminorum.

1930 3999 1998 4049 At
2043 3996 2290 4060 observa,
2339 3995 2549 4060 Lector,
2604 4013 2762 4063 quam
2814 3999 3116 4052 immaniter
3159 4002 3280 4057 inde
3311 4005 3536 4063 halluci-

1930 4076 2105 4139 netur.
2169 4065 2414 4139 Tiberius
2468 4082 2668 4120 annum
2717 4069 2926 4137 imperii
2971 4073 3214 4139 quiutttm
3261 4075 3530 4134 decimum

1927 4137 2047 4211 iniit
2085 4152 2231 4211 anno
2269 4137 2346 4211 28
2377 4153 2500 4192 tera:
2541 4139 2794 4211 vulgaris:
2847 4141 2956 4195 Hoc
2991 4137 3112 4211 ipso
3149 4143 3348 4200 Tiberii
3390 4163 3534 4204 anno

1925 4207 2160 4286 Joannes
2200 4208 2563 4286 Baptista,_nti
2608 4207 2970 4286 apudanam
2999 4207 3119 4282 cap.
3152 4231 3244 4278 ιιι,
3277 4220 3336 4282 1,
3365 4218 3431 4286 2,
3463 4221 3530 4285 5,

1926 4278 2917 4356 legimus,pteniteutianLprzedicare
2943 4278 3124 4352 cmpit.
3156 4286 3281 4356 Erat
3311 4278 3354 4341 is
3377 4278 3529 4356 juxta

1925 4359 2166 4422 [lustrum
2192 4350 2522 4422 Lactantintit
2555 4350 2754 4403 Tiberii
2779 4366 2950 4406 annus
2980 4350 3199 4422 quintus
3219 4350 3527 4414 decimus...

1926 4420 2227 4492 Baptizatus
2253 4417 2706 4492 itaqueChristus
2753 4421 2839 4474 die
2868 4417 3020 4476 sexto
3049 4424 3307 4492 Januarii,
3340 4444 3528 4483 consu-

1926 4491 2056 4566 libus
2074 4491 2282 4566 _duobus
2310 4489 2700 4566 Geniinis‘anno
2722 4507 2843 4566 atra:
2863 4495 2999 4563 vulg.
3025 4495 3116 4561 29,
3149 4507 3202 4548 et
3232 4489 3420 4566 passus
3443 4501 3530 4557 die

1926 4561 2180 4641 vigesimo
2207 4563 2362 4615 tertio
2389 4562 2595 4641 iocosis
2619 4563 2791 4615 martii
2817 4561 3168 4641 insequentis,
3190 4561 3404 4624 nonnisi
3433 4587 3530 4641 per

1921 4633 2057 4709 duos
2085 4649 2295 4709 menses
2324 4647 2387 4685 ac
2415 4631 2692 4709 dimidium
2743 4651 2804 4686 ea
2837 4631 3010 4689 omnia
3047 4642 3280 4707 peregit,
3312 4631 3528 4709 qum-ab

1924 4704 2097 4780 ipsius
2139 4703 2404 4772 baptismo
2444 4703 2510 4756 ad
2549 4715 2975 4780 mortemnsque
3016 4703 3341 4765 rel'eriiutur:
3372 4714 3526 4780 Quod

1922 4774 2568 4846 quidemHpurteutosum
2615 4785 2696 4828 est
2751 4776 2932 4838 dictu,
2993 4781 3241 4846 quamvis
3289 4783 3357 4836 ab
3382 4774 3528 4839 V'aliis

1924 4847 2107 4922 multis
2142 4844 2405 4922 _V_eterutu
2437 4844 3213 4922 inconsolte”pronuntiatum
3253 4851 3432 4922 fuerit,
3466 4871 3529 4912 ac

1924 4915 2098 4970 Fastis
2142 4915 2394 4970 ldatianis
2436 4917 2707 4971 inlartum.
2750 4918 2886 4981 Quid
2927 4921 3067 4973 enim
3096 4921 3308 4976 tandem
3338 4915 3429 4979 liei
3457 4928 3525 4981 de

1922 4997 2149 5056 quatuor
2181 4987 2550 5048 Pascliatibus,
2591 4988 2782 5056 quibus
2823 4989 3126 5044 Servatur-is
3165 4992 3522 5054 ministerium

1921 5058 2062 5127 apud
2087 5057 2452 5127 Evangelistas
2475 5057 2854 5127 distinguitur?
2873 5069 2980 5114 etc.
3001 5061 3126 5116 lla-c
3153 5063 3379 5120 Doctiss.
3403 5067 3524 5126 Nic.

1921 5126 2215 5188 Toinardus
2243 5126 2663 5182 Aurelianensis.

1995 5200 2490 5267 Comprehensionis.
2525 5198 2722 5272 Eadem
2752 5201 3139 5272 signiﬁcatione
3171 5203 3252 5260 bis
3280 5207 3524 5264 offendes

1923 5273 2267 5348 comprehensi
2308 5280 2356 5348 et
2387 5270 3006 5348 compre/urndat,‘Divin.
3032 5274 3264 5332 lttstitut.
3292 5277 3385 5335 lib.
3419 5297 3514 5348 vn,

1923 5357 2042 5411 cap.
2075 5343 2138 5394 17
2167 5351 2219 5396 et
2248 5343 2406 5405 infra,
2437 5357 2556 5410 cap.
2577 5343 2663 5395 15.

1999 5412 2361 5494 ordinauitque
2383 5429 2486 5477 eos,
2516 5423 2563 5466 et
2593 5414 2830 5494 inttrurcit
2859 5416 2926 5494 ad
2956 5417 3368 5494 prtedicutipnem
3397 5425 3527 5494 dag-

1923 5487 2072 5538 matis
2102 5501 2161 5537 ac
2190 5484 2432 5536 doctrina:
2474 5499 2598 5538 suw.
2647 5485 2976 5551 Lactantius,
3005 5486 3092 5541 lib.
3128 5503 3182 5541 tv
3215 5489 3387 5544 Divin.
3442 5484 3526 5546 Ιῖι-

1923 5556 2110 5610 stitnt..
2150 5555 2390 5626 cap.2l,
2438 5566 2490 5608 et
2523 5555 2752 5624 Epitom.
2805 5573 2923 5626 cap.
2969 5559 3071 5612 47:
3128 5559 3378 5614 Ui'dinata
3408 5579 3523 5617 vero

1923 5627 2188 5694 discipulis
2241 5625 2503 5697 Evangelii
2545 5644 2602 5678 ac
2634 5628 2852 5680 nominis
2878 5625 2970 5681 sui
3016 5630 3410 5696 praedicatione;
3437 5635 3522 5692 vel

1917 5697 2067 5774 juitta
2108 5713 2234 5751 mss.
2259 5699 2477 5774 codices
2520 5697 2645 5774 .lun.
2675 5711 2727 5751 et
2756 5697 2941 5762 Gotli.,
2975 5697 3222 5774 Ordinum
3255 5702 3522 5774 discipuli:

1921 5770 2029 5827 suis
2057 5771 2347 5840 evangelica
2375 5771 2643 5837 doctrina;
2673 5779 2727 5826 et
2757 5786 2902 5839 mox,
2936 5772 3360 5842 prcedicaverunt.
