  <div class='ocr_page' id='page_1' title='image "/cluster/home/n/w/nwhite01/storage/ocr_20150623/7/hvd.32044096580352/105.png"; bbox 0 0 4058 6188; ppageno 0'>
   <div class='ocr_carea' id='block_1_1' title="bbox 452 263 557 338">
    <p class='ocr_par' dir='ltr' id='par_1_1' title="bbox 452 263 557 338">
     <span class='ocr_line' id='line_1_1' title="bbox 452 263 557 338; baseline -0.01 0"><span class='ocrx_word' id='word_1_1' title='bbox 452 263 557 338; x_wconf 76' lang='lat' dir='ltr'><strong>t&#39;99</strong></span> 
     </span>
    </p>
   </div>
   <div class='ocr_carea' id='block_1_2' title="bbox 1808 269 2453 337">
    <p class='ocr_par' dir='ltr' id='par_1_2' title="bbox 1808 269 2453 337">
     <span class='ocr_line' id='line_1_2' title="bbox 1808 269 2453 337; baseline -0.016 0"><span class='ocrx_word' id='word_1_2' title='bbox 1808 332 1815 337; x_wconf 91' lang='lat'><strong>.</strong></span> <span class='ocrx_word' id='word_1_3' title='bbox 1858 273 2046 331; x_wconf 74' lang='lat' dir='ltr'><strong>FlltM.</strong></span> <span class='ocrx_word' id='word_1_4' title='bbox 2088 269 2453 331; x_wconf 66' lang='lat' dir='ltr'><strong>LACTANTII</strong></span> 
     </span>
    </p>
   </div>
   <div class='ocr_carea' id='block_1_3' title="bbox 3649 275 3763 335">
    <p class='ocr_par' dir='ltr' id='par_1_3' title="bbox 3649 275 3763 335">
     <span class='ocr_line' id='line_1_3' title="bbox 3649 275 3763 335; baseline 0.035 -4"><span class='ocrx_word' id='word_1_5' title='bbox 3649 275 3763 335; x_wconf 66' lang='lat'><strong>200</strong></span> 
     </span>
    </p>
   </div>
   <div class='ocr_carea' id='block_1_4' title="bbox 454 384 3761 461">
    <p class='ocr_par' dir='ltr' id='par_1_4' title="bbox 454 384 3761 461">
     <span class='ocr_line' id='line_1_4' title="bbox 454 384 3761 461; baseline -0.001 -10"><span class='ocrx_word' id='word_1_6' title='bbox 454 388 895 458; x_wconf 73' lang='lat' dir='ltr'><strong>dominationem,</strong></span> <span class='ocrx_word' id='word_1_7' title='bbox 926 384 1292 461; x_wconf 71' lang='lat' dir='ltr'><strong>subiectorum</strong></span> <span class='ocrx_word' id='word_1_8' title='bbox 1338 398 1519 445; x_wconf 88' lang='lat' dir='ltr'><strong>tamen</strong></span> <span class='ocrx_word' id='word_1_9' title='bbox 1571 390 1873 445; x_wconf 81' lang='lat' dir='ltr'><strong>cervicibus</strong></span> <span class='ocrx_word' id='word_1_10' title='bbox 1906 391 2055 445; x_wconf 85' lang='lat' dir='ltr'><strong>incu-</strong></span> <span class='ocrx_word' id='word_1_11' title='bbox 2079 392 2135 453; x_wconf 78' lang='grc' dir='ltr'><strong>Α</strong></span> <span class='ocrx_word' id='word_1_12' title='bbox 2160 389 2324 444; x_wconf 88' lang='lat' dir='ltr'><strong>clesia</strong></span> <span class='ocrx_word' id='word_1_13' title='bbox 2358 388 2599 443; x_wconf 81' lang='lat' dir='ltr'><strong>restituta</strong></span> <span class='ocrx_word' id='word_1_14' title='bbox 2623 397 2728 451; x_wconf 86' lang='lat' dir='ltr'><strong>est,</strong></span> <span class='ocrx_word' id='word_1_15' title='bbox 2761 387 2856 443; x_wconf 88' lang='lat' dir='ltr'><strong>sed</strong></span> <span class='ocrx_word' id='word_1_16' title='bbox 2894 388 3056 443; x_wconf 91' lang='lat' dir='ltr'><strong>etiam</strong></span> <span class='ocrx_word' id='word_1_17' title='bbox 3090 389 3257 445; x_wconf 90' lang='lat' dir='ltr'><strong>multo</strong></span> <span class='ocrx_word' id='word_1_18' title='bbox 3286 389 3487 445; x_wconf 88' lang='lat' dir='ltr'><strong>clarius</strong></span> <span class='ocrx_word' id='word_1_19' title='bbox 3514 406 3577 447; x_wconf 86' lang='lat' dir='ltr'><strong>ac</strong></span> <span class='ocrx_word' id='word_1_20' title='bbox 3607 392 3761 448; x_wconf 87' lang='lat' dir='ltr'><strong>llori-</strong></span> 
     </span>
    </p>
   </div>
   <div class='ocr_carea' id='block_1_5' title="bbox 451 481 2043 557">
    <p class='ocr_par' dir='ltr' id='par_1_5' title="bbox 451 481 2043 557">
     <span class='ocr_line' id='line_1_5' title="bbox 451 481 2043 557; baseline -0.005 -13"><span class='ocrx_word' id='word_1_21' title='bbox 451 488 599 544; x_wconf 81' lang='lat' dir='ltr'><strong>bavit</strong></span> <span class='ocrx_word' id='word_1_22' title='bbox 621 501 780 557; x_wconf 92' lang='lat' dir='ltr'><strong>quam</strong></span> <span class='ocrx_word' id='word_1_23' title='bbox 811 483 1134 550; x_wconf 82' lang='lat' dir='ltr'><strong>diutissime,</strong></span> <span class='ocrx_word' id='word_1_24' title='bbox 1167 486 1420 552; x_wconf 87' lang='lat' dir='ltr'><strong>tutusque</strong></span> <span class='ocrx_word' id='word_1_25' title='bbox 1450 483 1713 553; x_wconf 91' lang='lat' dir='ltr'><strong>regnavit,</strong></span> <span class='ocrx_word' id='word_1_26' title='bbox 1737 482 1912 537; x_wconf 89' lang='lat' dir='ltr'><strong>donec</strong></span> <span class='ocrx_word' id='word_1_27' title='bbox 1943 481 2043 536; x_wconf 91' lang='lat' dir='ltr'><strong>im-</strong></span> 
     </span>
    </p>
   </div>
   <div class='ocr_carea' id='block_1_6' title="bbox 455 575 2047 652">
    <p class='ocr_par' dir='ltr' id='par_1_6' title="bbox 455 575 2047 652">
     <span class='ocr_line' id='line_1_6' title="bbox 455 575 2047 652; baseline -0.001 -20"><span class='ocrx_word' id='word_1_28' title='bbox 455 581 570 652; x_wconf 87' lang='lat' dir='ltr'><strong>pias</strong></span> <span class='ocrx_word' id='word_1_29' title='bbox 597 590 789 632; x_wconf 89' lang='lat' dir='ltr'><strong>manus</strong></span> <span class='ocrx_word' id='word_1_30' title='bbox 833 575 1095 632; x_wconf 86' lang='lat' dir='ltr'><strong>adversus</strong></span> <span class='ocrx_word' id='word_1_31' title='bbox 1146 575 1428 630; x_wconf 90' lang='lat' dir='ltr'><strong>Dominum</strong></span> <span class='ocrx_word' id='word_1_32' title='bbox 1462 575 1728 631; x_wconf 88' lang='lat' dir='ltr'><strong>tenderet.</strong></span> <span class='ocrx_word' id='word_1_33' title='bbox 1753 575 2047 647; x_wconf 74' lang='lat' dir='ltr'><strong>Postquam</strong></span> 
     </span>
    </p>
   </div>
   <div class='ocr_carea' id='block_1_7' title="bbox 454 653 2050 742">
    <p class='ocr_par' dir='ltr' id='par_1_7' title="bbox 454 653 2050 742">
     <span class='ocr_line' id='line_1_7' title="bbox 454 653 2050 742; baseline -0.002 -15"><span class='ocrx_word' id='word_1_34' title='bbox 454 688 586 728; x_wconf 88' lang='lat' dir='ltr'><strong>vero</strong></span> <span class='ocrx_word' id='word_1_35' title='bbox 614 671 680 726; x_wconf 90' lang='lat' dir='ltr'><strong>ad</strong></span> <span class='ocrx_word' id='word_1_36' title='bbox 701 669 1131 742; x_wconf 89' lang='lat' dir='ltr'><strong>persequendum</strong></span> <span class='ocrx_word' id='word_1_37' title='bbox 1149 669 1352 738; x_wconf 76' lang='lat' dir='ltr'><strong>justum</strong></span> <span class='ocrx_word' id='word_1_38' title='bbox 1373 668 1631 738; x_wconf 82' lang='lat' dir='ltr'><strong>populum</strong></span> <span class='ocrx_word' id='word_1_39' title='bbox 1658 653 1915 724; x_wconf 74' lang='lat' dir='ltr'><strong>instinctu</strong></span> <span class='ocrx_word' id='word_1_40' title='bbox 1938 670 2050 725; x_wconf 63' lang='lat' dir='ltr'><strong>dae.</strong></span> 
     </span>
    </p>
   </div>
   <div class='ocr_carea' id='block_1_8' title="bbox 455 759 2052 827">
    <p class='ocr_par' dir='ltr' id='par_1_8' title="bbox 455 759 2052 827">
     <span class='ocr_line' id='line_1_8' title="bbox 455 759 2052 827; baseline -0.003 -7"><span class='ocrx_word' id='word_1_41' title='bbox 455 779 674 820; x_wconf 86' lang='lat' dir='ltr'><strong>menum</strong></span> <span class='ocrx_word' id='word_1_42' title='bbox 725 763 978 817; x_wconf 88' lang='lat' dir='ltr'><strong>incitatus</strong></span> <span class='ocrx_word' id='word_1_43' title='bbox 1006 770 1110 827; x_wconf 89' lang='lat' dir='ltr'><strong>est,</strong></span> <span class='ocrx_word' id='word_1_44' title='bbox 1143 769 1270 815; x_wconf 85' lang='lat' dir='ltr'><strong>tunc</strong></span> <span class='ocrx_word' id='word_1_45' title='bbox 1298 759 1526 814; x_wconf 88' lang='lat' dir='ltr'><strong>traditus</strong></span> <span class='ocrx_word' id='word_1_46' title='bbox 1554 761 1607 813; x_wconf 91' lang='lat' dir='ltr'><strong>in</strong></span> <span class='ocrx_word' id='word_1_47' title='bbox 1650 775 1841 815; x_wconf 86' lang='lat' dir='ltr'><strong>manus</strong></span> <span class='ocrx_word' id='word_1_48' title='bbox 1869 761 2052 815; x_wconf 91' lang='lat' dir='ltr'><strong>inimi-</strong></span> 
     </span>
    </p>
   </div>
   <div class='ocr_carea' id='block_1_9' title="bbox 452 847 2047 926">
    <p class='ocr_par' dir='ltr' id='par_1_9' title="bbox 452 847 2047 926">
     <span class='ocr_line' id='line_1_9' title="bbox 452 847 2047 926; baseline -0.003 -13"><span class='ocrx_word' id='word_1_49' title='bbox 452 873 643 913; x_wconf 86' lang='lat' dir='ltr'><strong>corum</strong></span> <span class='ocrx_word' id='word_1_50' title='bbox 674 856 774 910; x_wconf 85' lang='lat' dir='ltr'><strong>luit</strong></span> <span class='ocrx_word' id='word_1_51' title='bbox 797 869 1005 926; x_wconf 85' lang='lat' dir='ltr'><strong>pcenas.</strong></span> <span class='ocrx_word' id='word_1_52' title='bbox 1032 852 1143 909; x_wconf 78' lang='lat' dir='ltr'><strong>Nec</strong></span> <span class='ocrx_word' id='word_1_53' title='bbox 1188 847 1318 907; x_wconf 86' lang='lat' dir='ltr'><strong>satis</strong></span> <span class='ocrx_word' id='word_1_54' title='bbox 1346 852 1414 906; x_wconf 85' lang='lat' dir='ltr'><strong>ad</strong></span> <span class='ocrx_word' id='word_1_55' title='bbox 1454 847 1712 907; x_wconf 68' lang='lat' dir='ltr'><strong>ultionem</strong></span> <span class='ocrx_word' id='word_1_56' title='bbox 1757 853 1877 918; x_wconf 77' lang='lat' dir='ltr'><strong>fuit,</strong></span> <span class='ocrx_word' id='word_1_57' title='bbox 1905 853 2047 923; x_wconf 92' lang='lat' dir='ltr'><strong>quod</strong></span> 
     </span>
    </p>
   </div>
   <div class='ocr_carea' id='block_1_10' title="bbox 453 945 2050 1016">
    <p class='ocr_par' dir='ltr' id='par_1_10' title="bbox 453 945 2050 1016">
     <span class='ocr_line' id='line_1_10' title="bbox 453 945 2050 1016; baseline -0.004 -9"><span class='ocrx_word' id='word_1_58' title='bbox 453 959 539 1007; x_wconf 92' lang='lat' dir='ltr'><strong>est</strong></span> <span class='ocrx_word' id='word_1_59' title='bbox 565 949 879 1004; x_wconf 83' lang='lat' dir='ltr'><strong>interfectus</strong></span> <span class='ocrx_word' id='word_1_60' title='bbox 917 962 932 999; x_wconf 89' lang='lat'><strong>:</strong></span> <span class='ocrx_word' id='word_1_61' title='bbox 966 945 1109 1000; x_wconf 86' lang='lat' dir='ltr'><strong>domi</strong></span> <span class='ocrx_word' id='word_1_62' title='bbox 1137 945 1301 999; x_wconf 87' lang='lat' dir='ltr'><strong>etiam</strong></span> <span class='ocrx_word' id='word_1_63' title='bbox 1360 946 1618 1000; x_wconf 79' lang='lat' dir='ltr'><strong>memoria</strong></span> <span class='ocrx_word' id='word_1_64' title='bbox 1673 946 1906 1001; x_wconf 84' lang='lat' dir='ltr'><strong>nominis</strong></span> <span class='ocrx_word' id='word_1_65' title='bbox 1932 948 2050 1016; x_wconf 84' lang='lat' dir='ltr'><strong>ejus</strong></span> 
     </span>
    </p>
   </div>
   <div class='ocr_carea' id='block_1_11' title="bbox 454 1038 2051 1110">
    <p class='ocr_par' dir='ltr' id='par_1_11' title="bbox 454 1038 2051 1110">
     <span class='ocr_line' id='line_1_11' title="bbox 454 1038 2051 1110; baseline -0.002 -11"><span class='ocrx_word' id='word_1_66' title='bbox 454 1058 608 1099; x_wconf 88' lang='lat' dir='ltr'><strong>erasa</strong></span> <span class='ocrx_word' id='word_1_67' title='bbox 635 1051 736 1097; x_wconf 86' lang='lat' dir='ltr'><strong>est.</strong></span> <span class='ocrx_word' id='word_1_68' title='bbox 771 1039 902 1094; x_wconf 87' lang='lat' dir='ltr'><strong>Nam</strong></span> <span class='ocrx_word' id='word_1_69' title='bbox 932 1054 1054 1094; x_wconf 91' lang='lat' dir='ltr'><strong>cum</strong></span> <span class='ocrx_word' id='word_1_70' title='bbox 1085 1038 1250 1093; x_wconf 87' lang='lat' dir='ltr'><strong>multa</strong></span> <span class='ocrx_word' id='word_1_71' title='bbox 1301 1038 1567 1093; x_wconf 82' lang='lat' dir='ltr'><strong>mirabilia</strong></span> <span class='ocrx_word' id='word_1_72' title='bbox 1596 1054 1759 1110; x_wconf 88' lang='lat' dir='ltr'><strong>opera</strong></span> <span class='ocrx_word' id='word_1_73' title='bbox 1791 1039 2051 1096; x_wconf 81' lang='lat' dir='ltr'><strong>fabricas-</strong></span> 
     </span>
    </p>
   </div>
   <div class='ocr_carea' id='block_1_12' title="bbox 455 1131 2049 1204">
    <p class='ocr_par' dir='ltr' id='par_1_12' title="bbox 455 1131 2049 1204">
     <span class='ocr_line' id='line_1_12' title="bbox 455 1131 2049 1204; baseline -0.001 -13"><span class='ocrx_word' id='word_1_74' title='bbox 455 1145 560 1203; x_wconf 86' lang='lat' dir='ltr'><strong>set,</strong></span> <span class='ocrx_word' id='word_1_75' title='bbox 592 1150 713 1189; x_wconf 90' lang='lat' dir='ltr'><strong>cum</strong></span> <span class='ocrx_word' id='word_1_76' title='bbox 740 1132 1060 1204; x_wconf 84' lang='lat' dir='ltr'><strong>Capitolium</strong></span> <span class='ocrx_word' id='word_1_77' title='bbox 1090 1131 1302 1200; x_wconf 87' lang='lat' dir='ltr'><strong>aliaque</strong></span> <span class='ocrx_word' id='word_1_78' title='bbox 1342 1131 1542 1186; x_wconf 86' lang='lat' dir='ltr'><strong>nobilia</strong></span> <span class='ocrx_word' id='word_1_79' title='bbox 1595 1142 1939 1191; x_wconf 85' lang='lat' dir='ltr'><strong>monumenta</strong></span> <span class='ocrx_word' id='word_1_80' title='bbox 1967 1133 2049 1189; x_wconf 77' lang='lat' dir='ltr'><strong>fe-</strong></span> 
     </span>
    </p>
   </div>
   <div class='ocr_carea' id='block_1_13' title="bbox 453 1226 2051 1298">
    <p class='ocr_par' dir='ltr' id='par_1_13' title="bbox 453 1226 2051 1298">
     <span class='ocr_line' id='line_1_13' title="bbox 453 1226 2051 1298; baseline -0.003 -10"><span class='ocrx_word' id='word_1_81' title='bbox 453 1234 640 1296; x_wconf 85' lang='lat' dir='ltr'><strong>cisset,</strong></span> <span class='ocrx_word' id='word_1_82' title='bbox 666 1230 900 1286; x_wconf 88' lang='lat' dir='ltr'><strong>Seuatus</strong></span> <span class='ocrx_word' id='word_1_83' title='bbox 927 1229 999 1283; x_wconf 91' lang='lat' dir='ltr'><strong>ita</strong></span> <span class='ocrx_word' id='word_1_84' title='bbox 1031 1226 1226 1283; x_wconf 82' lang='lat' dir='ltr'><strong>nomen</strong></span> <span class='ocrx_word' id='word_1_85' title='bbox 1249 1232 1369 1298; x_wconf 85' lang='lat' dir='ltr'><strong>ejus</strong></span> <span class='ocrx_word' id='word_1_86' title='bbox 1393 1238 1709 1298; x_wconf 87' lang='lat' dir='ltr'><strong>persecutus</strong></span> <span class='ocrx_word' id='word_1_87' title='bbox 1730 1237 1835 1295; x_wconf 90' lang='lat' dir='ltr'><strong>est,</strong></span> <span class='ocrx_word' id='word_1_88' title='bbox 1865 1237 1918 1282; x_wconf 91' lang='lat' dir='ltr'><strong>nt</strong></span> <span class='ocrx_word' id='word_1_89' title='bbox 1948 1243 2051 1284; x_wconf 89' lang='lat' dir='ltr'><strong>ne-</strong></span> 
     </span>
    </p>
   </div>
   <div class='ocr_carea' id='block_1_14' title="bbox 453 1319 2049 1395">
    <p class='ocr_par' dir='ltr' id='par_1_14' title="bbox 453 1319 2049 1395">
     <span class='ocr_line' id='line_1_14' title="bbox 453 1319 2049 1395; baseline -0.003 -16"><span class='ocrx_word' id='word_1_90' title='bbox 453 1340 559 1395; x_wconf 90' lang='lat' dir='ltr'><strong>que</strong></span> <span class='ocrx_word' id='word_1_91' title='bbox 580 1324 895 1393; x_wconf 77' lang='lat' dir='ltr'><strong>imaginum,</strong></span> <span class='ocrx_word' id='word_1_92' title='bbox 919 1336 1093 1390; x_wconf 83' lang='lat' dir='ltr'><strong>neque</strong></span> <span class='ocrx_word' id='word_1_93' title='bbox 1124 1320 1399 1374; x_wconf 84' lang='lat' dir='ltr'><strong>titulorum</strong></span> <span class='ocrx_word' id='word_1_94' title='bbox 1426 1319 1543 1391; x_wconf 86' lang='lat' dir='ltr'><strong>ejus</strong></span> <span class='ocrx_word' id='word_1_95' title='bbox 1576 1320 1910 1391; x_wconf 88' lang='lat' dir='ltr'><strong>relinqueret</strong></span> <span class='ocrx_word' id='word_1_96' title='bbox 1940 1320 2049 1375; x_wconf 88' lang='lat' dir='ltr'><strong>ulla</strong></span> 
     </span>
    </p>
   </div>
   <div class='ocr_carea' id='block_1_15' title="bbox 453 1411 2048 1486">
    <p class='ocr_par' dir='ltr' id='par_1_15' title="bbox 453 1411 2048 1486">
     <span class='ocr_line' id='line_1_15' title="bbox 453 1411 2048 1486; baseline -0.003 -15"><span class='ocrx_word' id='word_1_97' title='bbox 453 1414 680 1486; x_wconf 87' lang='lat' dir='ltr'><strong>vestigia</strong></span> <span class='ocrx_word' id='word_1_98' title='bbox 712 1456 727 1481; x_wconf 92' lang='lat'><strong>,</strong></span> <span class='ocrx_word' id='word_1_99' title='bbox 774 1412 1108 1484; x_wconf 80' lang='lat' dir='ltr'><strong>gravissimis</strong></span> <span class='ocrx_word' id='word_1_100' title='bbox 1153 1411 1389 1467; x_wconf 86' lang='lat' dir='ltr'><strong>decretis</strong></span> <span class='ocrx_word' id='word_1_101' title='bbox 1436 1412 1598 1466; x_wconf 90' lang='lat' dir='ltr'><strong>etiam</strong></span> <span class='ocrx_word' id='word_1_102' title='bbox 1628 1423 1841 1467; x_wconf 89' lang='lat' dir='ltr'><strong>mortuo</strong></span> <span class='ocrx_word' id='word_1_103' title='bbox 1869 1421 2048 1467; x_wconf 83' lang='lat' dir='ltr'><strong>notam</strong></span> 
     </span>
    </p>
   </div>
   <div class='ocr_carea' id='block_1_16' title="bbox 452 1504 2051 1576">
    <p class='ocr_par' dir='ltr' id='par_1_16' title="bbox 452 1504 2051 1576">
     <span class='ocr_line' id='line_1_16' title="bbox 452 1504 2051 1576; baseline -0.003 -12"><span class='ocrx_word' id='word_1_104' title='bbox 452 1510 695 1565; x_wconf 90' lang='lat' dir='ltr'><strong>inureret</strong></span> <span class='ocrx_word' id='word_1_105' title='bbox 718 1506 784 1561; x_wconf 89' lang='lat' dir='ltr'><strong>ad</strong></span> <span class='ocrx_word' id='word_1_106' title='bbox 804 1505 1153 1576; x_wconf 87' lang='lat' dir='ltr'><strong>ignominiam</strong></span> <span class='ocrx_word' id='word_1_107' title='bbox 1175 1505 1579 1575; x_wconf 87' lang='lat' dir='ltr'><strong>sempiternam.</strong></span> <span class='ocrx_word' id='word_1_108' title='bbox 1604 1504 1869 1559; x_wconf 84' lang='lat' dir='ltr'><strong>Rescissis</strong></span> <span class='ocrx_word' id='word_1_109' title='bbox 1889 1505 2051 1575; x_wconf 79' lang='lat' dir='ltr'><strong>igitur</strong></span> 
     </span>
    </p>
   </div>
   <div class='ocr_carea' id='block_1_17' title="bbox 452 1594 2046 1673">
    <p class='ocr_par' dir='ltr' id='par_1_17' title="bbox 452 1594 2046 1673">
     <span class='ocr_line' id='line_1_17' title="bbox 452 1594 2046 1673; baseline -0.004 -14"><span class='ocrx_word' id='word_1_110' title='bbox 452 1603 586 1659; x_wconf 87' lang='lat' dir='ltr'><strong>actis</strong></span> <span class='ocrx_word' id='word_1_111' title='bbox 619 1599 853 1673; x_wconf 85' lang='lat' dir='ltr'><strong>tyranni,</strong></span> <span class='ocrx_word' id='word_1_112' title='bbox 887 1614 993 1653; x_wconf 92' lang='lat' dir='ltr'><strong>non</strong></span> <span class='ocrx_word' id='word_1_113' title='bbox 1026 1606 1229 1652; x_wconf 88' lang='lat' dir='ltr'><strong>tantum</strong></span> <span class='ocrx_word' id='word_1_114' title='bbox 1280 1598 1331 1651; x_wconf 90' lang='lat' dir='ltr'><strong>in</strong></span> <span class='ocrx_word' id='word_1_115' title='bbox 1361 1605 1560 1651; x_wconf 89' lang='lat' dir='ltr'><strong>statum</strong></span> <span class='ocrx_word' id='word_1_116' title='bbox 1609 1594 1889 1666; x_wconf 85' lang='lat' dir='ltr'><strong>pristinum</strong></span> <span class='ocrx_word' id='word_1_117' title='bbox 1942 1597 2046 1653; x_wconf 84' lang='lat' dir='ltr'><strong>Ec-</strong></span> 
     </span>
    </p>
   </div>
   <div class='ocr_carea' id='block_1_18' title="bbox 2153 480 3762 558">
    <p class='ocr_par' dir='ltr' id='par_1_18' title="bbox 2153 480 3762 558">
     <span class='ocr_line' id='line_1_18' title="bbox 2153 480 3762 558; baseline 0.003 -23"><span class='ocrx_word' id='word_1_118' title='bbox 2153 481 2273 536; x_wconf 91' lang='lat' dir='ltr'><strong>dius</strong></span> <span class='ocrx_word' id='word_1_119' title='bbox 2329 480 2556 546; x_wconf 92' lang='lat' dir='ltr'><strong>enituit;</strong></span> <span class='ocrx_word' id='word_1_120' title='bbox 2604 480 2913 549; x_wconf 86' lang='lat' dir='ltr'><strong>secutisque</strong></span> <span class='ocrx_word' id='word_1_121' title='bbox 2963 482 3316 558; x_wconf 78' lang='lat' dir='ltr'><strong>temporibus,</strong></span> <span class='ocrx_word' id='word_1_122' title='bbox 3376 483 3571 553; x_wconf 90' lang='lat' dir='ltr'><strong>quibus</strong></span> <span class='ocrx_word' id='word_1_123' title='bbox 3601 485 3762 543; x_wconf 90' lang='lat' dir='ltr'><strong>multi</strong></span> 
     </span>
    </p>
   </div>
   <div class='ocr_carea' id='block_1_19' title="bbox 2152 572 3760 648">
    <p class='ocr_par' dir='ltr' id='par_1_19' title="bbox 2152 572 3760 648">
     <span class='ocr_line' id='line_1_19' title="bbox 2152 572 3760 648; baseline 0.004 -21"><span class='ocrx_word' id='word_1_124' title='bbox 2152 588 2215 628; x_wconf 88' lang='lat' dir='ltr'><strong>ac</strong></span> <span class='ocrx_word' id='word_1_125' title='bbox 2240 572 2364 627; x_wconf 88' lang='lat' dir='ltr'><strong>boni</strong></span> <span class='ocrx_word' id='word_1_126' title='bbox 2410 573 2679 642; x_wconf 85' lang='lat' dir='ltr'><strong>principes</strong></span> <span class='ocrx_word' id='word_1_127' title='bbox 2713 573 2939 629; x_wconf 81' lang='lat' dir='ltr'><strong>Romani</strong></span> <span class='ocrx_word' id='word_1_128' title='bbox 2991 574 3201 644; x_wconf 90' lang='lat' dir='ltr'><strong>imperii</strong></span> <span class='ocrx_word' id='word_1_129' title='bbox 3232 576 3445 631; x_wconf 85' lang='lat' dir='ltr'><strong>clavum</strong></span> <span class='ocrx_word' id='word_1_130' title='bbox 3484 577 3760 648; x_wconf 58' lang='lat' dir='ltr'><strong>regimen.</strong></span> 
     </span>
    </p>
   </div>
   <div class='ocr_carea' id='block_1_20' title="bbox 2151 666 3759 741">
    <p class='ocr_par' dir='ltr' id='par_1_20' title="bbox 2151 666 3759 741">
     <span class='ocr_line' id='line_1_20' title="bbox 2151 666 3759 741; baseline 0.004 -20"><span class='ocrx_word' id='word_1_131' title='bbox 2151 683 2257 737; x_wconf 88' lang='lat' dir='ltr'><strong>que</strong></span> <span class='ocrx_word' id='word_1_132' title='bbox 2280 676 2586 734; x_wconf 89' lang='lat' dir='ltr'><strong>tenuerunt,</strong></span> <span class='ocrx_word' id='word_1_133' title='bbox 2616 667 2795 722; x_wconf 89' lang='lat' dir='ltr'><strong>nullos</strong></span> <span class='ocrx_word' id='word_1_134' title='bbox 2818 666 3156 722; x_wconf 86' lang='lat' dir='ltr'><strong>inimicorum</strong></span> <span class='ocrx_word' id='word_1_135' title='bbox 3177 668 3411 739; x_wconf 87' lang='lat' dir='ltr'><strong>impetus</strong></span> <span class='ocrx_word' id='word_1_136' title='bbox 3427 683 3607 741; x_wconf 82' lang='lat' dir='ltr'><strong>passa,</strong></span> <span class='ocrx_word' id='word_1_137' title='bbox 3638 687 3759 727; x_wconf 60' lang='lat' dir='ltr'><strong>mae</strong></span> 
     </span>
    </p>
   </div>
   <div class='ocr_carea' id='block_1_21' title="bbox 2153 747 3783 845">
    <p class='ocr_par' dir='ltr' id='par_1_21' title="bbox 2153 747 3783 845">
     <span class='ocr_line' id='line_1_21' title="bbox 2153 747 3783 845; baseline 0.004 -30"><span class='ocrx_word' id='word_1_138' title='bbox 2153 776 2254 816; x_wconf 89' lang='lat' dir='ltr'><strong>nus</strong></span> <span class='ocrx_word' id='word_1_139' title='bbox 2286 776 2410 815; x_wconf 86' lang='lat' dir='ltr'><strong>suas</strong></span> <span class='ocrx_word' id='word_1_140' title='bbox 2456 760 2511 815; x_wconf 87' lang='lat' dir='ltr'><strong>in</strong></span> <span class='ocrx_word' id='word_1_141' title='bbox 2566 760 2833 845; x_wconf 68' lang='lat' dir='ltr'><strong>orientem</strong></span> <span class='ocrx_word' id='word_1_142' title='bbox 2883 747 3783 833; x_wconf 50' lang='lat' dir='ltr'><strong>ocddentbnﬁﬁt5&quot;W&#39;-’;‘ut~</strong></span> 
     </span>
    </p>
   </div>
   <div class='ocr_carea' id='block_1_22' title="bbox 2148 850 3762 929">
    <p class='ocr_par' dir='ltr' id='par_1_22' title="bbox 2148 850 3762 929">
     <span class='ocr_line' id='line_1_22' title="bbox 2148 850 3762 929; baseline 0.004 -21"><span class='ocrx_word' id='word_1_143' title='bbox 2148 855 2259 924; x_wconf 90' lang='lat' dir='ltr'><strong>jam</strong></span> <span class='ocrx_word' id='word_1_144' title='bbox 2283 854 2464 909; x_wconf 91' lang='lat' dir='ltr'><strong>nullus</strong></span> <span class='ocrx_word' id='word_1_145' title='bbox 2503 850 2651 909; x_wconf 77' lang='lat' dir='ltr'><strong>esset</strong></span> <span class='ocrx_word' id='word_1_146' title='bbox 2677 852 2941 908; x_wconf 77' lang='lat' dir='ltr'><strong>terrarum</strong></span> <span class='ocrx_word' id='word_1_147' title='bbox 2969 855 3194 925; x_wconf 82' lang='lat' dir='ltr'><strong>angulus</strong></span> <span class='ocrx_word' id='word_1_148' title='bbox 3220 864 3328 910; x_wconf 86' lang='lat' dir='ltr'><strong>tam</strong></span> <span class='ocrx_word' id='word_1_149' title='bbox 3359 866 3627 923; x_wconf 88' lang='lat' dir='ltr'><strong>remotus,</strong></span> <span class='ocrx_word' id='word_1_150' title='bbox 3649 872 3762 929; x_wconf 88' lang='lat' dir='ltr'><strong>quo</strong></span> 
     </span>
    </p>
   </div>
   <div class='ocr_carea' id='block_1_23' title="bbox 2153 949 3761 1023">
    <p class='ocr_par' dir='ltr' id='par_1_23' title="bbox 2153 949 3761 1023">
     <span class='ocr_line' id='line_1_23' title="bbox 2153 949 3761 1023; baseline 0.001 -16"><span class='ocrx_word' id='word_1_151' title='bbox 2153 967 2259 1007; x_wconf 89' lang='lat' dir='ltr'><strong>non</strong></span> <span class='ocrx_word' id='word_1_152' title='bbox 2279 954 2465 1023; x_wconf 81' lang='lat' dir='ltr'><strong>religio</strong></span> <span class='ocrx_word' id='word_1_153' title='bbox 2494 961 2866 1023; x_wconf 87' lang='lat' dir='ltr'><strong>penetrasset;</strong></span> <span class='ocrx_word' id='word_1_154' title='bbox 2895 949 3038 1005; x_wconf 90' lang='lat' dir='ltr'><strong>nulla</strong></span> <span class='ocrx_word' id='word_1_155' title='bbox 3061 950 3294 1021; x_wconf 90' lang='lat' dir='ltr'><strong>denique</strong></span> <span class='ocrx_word' id='word_1_156' title='bbox 3320 950 3466 1005; x_wconf 88' lang='lat' dir='ltr'><strong>natio</strong></span> <span class='ocrx_word' id='word_1_157' title='bbox 3490 960 3598 1006; x_wconf 92' lang='lat' dir='ltr'><strong>tam</strong></span> <span class='ocrx_word' id='word_1_158' title='bbox 3627 950 3761 1009; x_wconf 81' lang='lat' dir='ltr'><strong>feris</strong></span> 
     </span>
    </p>
   </div>
   <div class='ocr_carea' id='block_1_24' title="bbox 2153 1040 3761 1113">
    <p class='ocr_par' dir='ltr' id='par_1_24' title="bbox 2153 1040 3761 1113">
     <span class='ocr_line' id='line_1_24' title="bbox 2153 1040 3761 1113; baseline 0 -14"><span class='ocrx_word' id='word_1_159' title='bbox 2153 1046 2392 1100; x_wconf 85' lang='lat' dir='ltr'><strong>moribus</strong></span> <span class='ocrx_word' id='word_1_160' title='bbox 2411 1046 2620 1111; x_wconf 88' lang='lat' dir='ltr'><strong>vivens,</strong></span> <span class='ocrx_word' id='word_1_161' title='bbox 2641 1053 2698 1097; x_wconf 90' lang='lat' dir='ltr'><strong>ut</strong></span> <span class='ocrx_word' id='word_1_162' title='bbox 2722 1058 2831 1097; x_wconf 88' lang='lat' dir='ltr'><strong>non</strong></span> <span class='ocrx_word' id='word_1_163' title='bbox 2862 1050 3114 1112; x_wconf 87' lang='lat' dir='ltr'><strong>suscepto</strong></span> <span class='ocrx_word' id='word_1_164' title='bbox 3136 1041 3229 1096; x_wconf 89' lang='lat' dir='ltr'><strong>Dei</strong></span> <span class='ocrx_word' id='word_1_165' title='bbox 3250 1041 3418 1109; x_wconf 88' lang='lat' dir='ltr'><strong>cultu,</strong></span> <span class='ocrx_word' id='word_1_166' title='bbox 3434 1040 3502 1098; x_wconf 87' lang='lat' dir='ltr'><strong>ad</strong></span> <span class='ocrx_word' id='word_1_167' title='bbox 3533 1043 3761 1113; x_wconf 71' lang='lat' dir='ltr'><strong>justitia:</strong></span> 
     </span>
    </p>
   </div>
   <div class='ocr_carea' id='block_1_25' title="bbox 2152 1133 3757 1207">
    <p class='ocr_par' dir='ltr' id='par_1_25' title="bbox 2152 1133 3757 1207">
     <span class='ocr_line' id='line_1_25' title="bbox 2152 1133 3757 1207; baseline 0.001 -17"><span class='ocrx_word' id='word_1_168' title='bbox 2152 1151 2313 1207; x_wconf 84' lang='lat' dir='ltr'><strong>opera</strong></span> <span class='ocrx_word' id='word_1_169' title='bbox 2330 1133 2831 1192; x_wconf 86' lang='lat' dir='ltr'><strong>mitescereret.Sed</strong></span> <span class='ocrx_word' id='word_1_170' title='bbox 2842 1134 2985 1190; x_wconf 89' lang='lat' dir='ltr'><strong>enim</strong></span> <span class='ocrx_word' id='word_1_171' title='bbox 3003 1143 3182 1205; x_wconf 88' lang='lat' dir='ltr'><strong>postea</strong></span> <span class='ocrx_word' id='word_1_172' title='bbox 3198 1133 3354 1203; x_wconf 87' lang='lat' dir='ltr'><strong>longa</strong></span> <span class='ocrx_word' id='word_1_173' title='bbox 3366 1148 3470 1205; x_wconf 83' lang='lat' dir='ltr'><strong>pax</strong></span> <span class='ocrx_word' id='word_1_174' title='bbox 3481 1142 3636 1206; x_wconf 87' lang='lat' dir='ltr'><strong>rupta</strong></span> <span class='ocrx_word' id='word_1_175' title='bbox 3649 1145 3757 1192; x_wconf 90' lang='lat' dir='ltr'><strong>est.</strong></span> 
     </span>
    </p>
   </div>
   <div class='ocr_carea' id='block_1_26' title="bbox 2911 1226 3003 1283">
    <p class='ocr_par' dir='ltr' id='par_1_26' title="bbox 2911 1226 3003 1283">
     <span class='ocr_line' id='line_1_26' title="bbox 2911 1226 3003 1283; baseline 0 -1"><span class='ocrx_word' id='word_1_176' title='bbox 2911 1226 3003 1283; x_wconf 71' lang='lat' dir='ltr'><strong>IV.</strong></span> 
     </span>
    </p>
   </div>
   <div class='ocr_carea' id='block_1_27' title="bbox 2227 1318 3759 1392">
    <p class='ocr_par' dir='ltr' id='par_1_27' title="bbox 2227 1318 3759 1392">
     <span class='ocr_line' id='line_1_27' title="bbox 2227 1318 3759 1392; baseline 0 -15"><span class='ocrx_word' id='word_1_177' title='bbox 2227 1322 2419 1378; x_wconf 78' lang='lat' dir='ltr'><strong>Extitit</strong></span> <span class='ocrx_word' id='word_1_178' title='bbox 2446 1321 2740 1392; x_wconf 87' lang='lat' dir='ltr'><strong>enimpost</strong></span> <span class='ocrx_word' id='word_1_179' title='bbox 2783 1335 2955 1375; x_wconf 88' lang='lat' dir='ltr'><strong>annos</strong></span> <span class='ocrx_word' id='word_1_180' title='bbox 3010 1318 3272 1389; x_wconf 90' lang='lat' dir='ltr'><strong>plurimos</strong></span> <span class='ocrx_word' id='word_1_181' title='bbox 3301 1319 3605 1376; x_wconf 82' lang='lat' dir='ltr'><strong>execrabile</strong></span> <span class='ocrx_word' id='word_1_182' title='bbox 3634 1320 3759 1377; x_wconf 82' lang='lat' dir='ltr'><strong>ani-</strong></span> 
     </span>
    </p>
   </div>
   <div class='ocr_carea' id='block_1_28' title="bbox 2128 1409 3760 1483">
    <p class='ocr_par' dir='ltr' id='par_1_28' title="bbox 2128 1409 3760 1483">
     <span class='ocr_line' id='line_1_28' title="bbox 2128 1409 3760 1483; baseline 0.001 -15"><span class='ocrx_word' id='word_1_183' title='bbox 2128 1413 2263 1468; x_wconf 66' lang='lat' dir='ltr'><strong>‘mal</strong></span> <span class='ocrx_word' id='word_1_184' title='bbox 2288 1412 2504 1483; x_wconf 82' lang='lat' dir='ltr'><strong>Decius,</strong></span> <span class='ocrx_word' id='word_1_185' title='bbox 2528 1411 2621 1482; x_wconf 91' lang='lat' dir='ltr'><strong>qui</strong></span> <span class='ocrx_word' id='word_1_186' title='bbox 2645 1420 2873 1466; x_wconf 79' lang='lat' dir='ltr'><strong>vexaret</strong></span> <span class='ocrx_word' id='word_1_187' title='bbox 2900 1410 3225 1467; x_wconf 87' lang='lat' dir='ltr'><strong>Ecclesiam.</strong></span> <span class='ocrx_word' id='word_1_188' title='bbox 3272 1409 3404 1482; x_wconf 85' lang='lat' dir='ltr'><strong>Quis</strong></span> <span class='ocrx_word' id='word_1_189' title='bbox 3433 1413 3579 1468; x_wconf 89' lang='lat' dir='ltr'><strong>enim</strong></span> <span class='ocrx_word' id='word_1_190' title='bbox 3595 1412 3760 1483; x_wconf 83' lang='lat' dir='ltr'><strong>justi-</strong></span> 
     </span>
    </p>
   </div>
   <div class='ocr_carea' id='block_1_29' title="bbox 2155 1499 3760 1578">
    <p class='ocr_par' dir='ltr' id='par_1_29' title="bbox 2155 1499 3760 1578">
     <span class='ocr_line' id='line_1_29' title="bbox 2155 1499 3760 1578; baseline 0.001 -17"><span class='ocrx_word' id='word_1_191' title='bbox 2155 1508 2307 1575; x_wconf 90' lang='lat' dir='ltr'><strong>tiam,</strong></span> <span class='ocrx_word' id='word_1_192' title='bbox 2333 1507 2434 1560; x_wconf 90' lang='lat' dir='ltr'><strong>nisi</strong></span> <span class='ocrx_word' id='word_1_193' title='bbox 2458 1507 2634 1561; x_wconf 83' lang='lat' dir='ltr'><strong>malus</strong></span> <span class='ocrx_word' id='word_1_194' title='bbox 2654 1499 3048 1575; x_wconf 78' lang='lat' dir='ltr'><strong>persequatur?</strong></span> <span class='ocrx_word' id='word_1_195' title='bbox 3067 1504 3131 1558; x_wconf 80' lang='lat' dir='ltr'><strong>Et</strong></span> <span class='ocrx_word' id='word_1_196' title='bbox 3155 1503 3310 1575; x_wconf 89' lang='lat' dir='ltr'><strong>quasi</strong></span> <span class='ocrx_word' id='word_1_197' title='bbox 3337 1504 3498 1576; x_wconf 89' lang='lat' dir='ltr'><strong>hujus</strong></span> <span class='ocrx_word' id='word_1_198' title='bbox 3528 1507 3604 1562; x_wconf 91' lang='lat' dir='ltr'><strong>rei</strong></span> <span class='ocrx_word' id='word_1_199' title='bbox 3633 1522 3760 1578; x_wconf 85' lang='lat' dir='ltr'><strong>gra-</strong></span> 
     </span>
    </p>
   </div>
   <div class='ocr_carea' id='block_1_30' title="bbox 2154 1597 3760 1672">
    <p class='ocr_par' dir='ltr' id='par_1_30' title="bbox 2154 1597 3760 1672">
     <span class='ocr_line' id='line_1_30' title="bbox 2154 1597 3760 1672; baseline 0.002 -18"><span class='ocrx_word' id='word_1_200' title='bbox 2154 1601 2225 1655; x_wconf 88' lang='lat' dir='ltr'><strong>tia</strong></span> <span class='ocrx_word' id='word_1_201' title='bbox 2258 1608 2544 1671; x_wconf 87' lang='lat' dir='ltr'><strong>provectus</strong></span> <span class='ocrx_word' id='word_1_202' title='bbox 2583 1608 2731 1655; x_wconf 82' lang='lat' dir='ltr'><strong>esset</strong></span> <span class='ocrx_word' id='word_1_203' title='bbox 2756 1597 2824 1654; x_wconf 89' lang='lat' dir='ltr'><strong>ad</strong></span> <span class='ocrx_word' id='word_1_204' title='bbox 2874 1598 3005 1654; x_wconf 92' lang='lat' dir='ltr'><strong>illud</strong></span> <span class='ocrx_word' id='word_1_205' title='bbox 3035 1599 3330 1671; x_wconf 87' lang='lat' dir='ltr'><strong>principale</strong></span> <span class='ocrx_word' id='word_1_206' title='bbox 3360 1598 3649 1672; x_wconf 82' lang='lat' dir='ltr'><strong>fastigium,</strong></span> <span class='ocrx_word' id='word_1_207' title='bbox 3674 1601 3760 1658; x_wconf 81' lang='lat' dir='ltr'><strong>lu-</strong></span> 
     </span>
    </p>
   </div>
   <div class='ocr_carea' id='block_1_31' title="bbox 1807 1713 2431 1774">
    <p class='ocr_par' dir='ltr' id='par_1_31' title="bbox 1807 1713 2431 1774">
     <span class='ocr_line' id='line_1_31' title="bbox 1807 1713 2431 1774; baseline 0.006 -6"><span class='ocrx_word' id='word_1_208' title='bbox 1807 1713 2163 1773; x_wconf 79' lang='lat' dir='ltr'><strong>VARIORUM</strong></span> <span class='ocrx_word' id='word_1_209' title='bbox 2199 1716 2431 1774; x_wconf 65' lang='lat' dir='ltr'><strong>NOTAE.</strong></span> 
     </span>
    </p>
   </div>
   <div class='ocr_carea' id='block_1_32' title="bbox 454 1835 920 1892">
    <p class='ocr_par' dir='ltr' id='par_1_32' title="bbox 454 1835 920 1892">
     <span class='ocr_line' id='line_1_32' title="bbox 454 1835 920 1892; baseline -0.015 0"><span class='ocrx_word' id='word_1_210' title='bbox 454 1838 657 1892; x_wconf 82' lang='lat' dir='ltr'><strong>habent</strong></span> <span class='ocrx_word' id='word_1_211' title='bbox 684 1835 920 1889; x_wconf 87' lang='lat' dir='ltr'><strong>invisam.</strong></span> 
     </span>
    </p>
   </div>
   <div class='ocr_carea' id='block_1_33' title="bbox 2080 1830 3749 1902">
    <p class='ocr_par' dir='ltr' id='par_1_33' title="bbox 2080 1830 3749 1902">
     <span class='ocr_line' id='line_1_33' title="bbox 2080 1830 3749 1902; baseline 0.001 -17"><span class='ocrx_word' id='word_1_212' title='bbox 2080 1841 2127 1899; x_wconf 82' lang='lat' dir='ltr'><strong>B</strong></span> <span class='ocrx_word' id='word_1_213' title='bbox 2154 1834 2240 1902; x_wconf 87' lang='lat' dir='ltr'><strong>pla</strong></span> <span class='ocrx_word' id='word_1_214' title='bbox 2266 1832 2512 1901; x_wconf 72' lang='lat' dir='ltr'><strong>prazberes</strong></span> <span class='ocrx_word' id='word_1_215' title='bbox 2532 1873 2547 1899; x_wconf 91' lang='lat'><strong>,</strong></span> <span class='ocrx_word' id='word_1_216' title='bbox 2579 1832 2762 1896; x_wconf 81' lang='lat' dir='ltr'><strong>quibus</strong></span> <span class='ocrx_word' id='word_1_217' title='bbox 2794 1831 3121 1901; x_wconf 84' lang='lat' dir='ltr'><strong>antiquorum</strong></span> <span class='ocrx_word' id='word_1_218' title='bbox 3170 1830 3460 1902; x_wconf 79' lang='lat' dir='ltr'><strong>principum</strong></span> <span class='ocrx_word' id='word_1_219' title='bbox 3506 1831 3749 1902; x_wconf 80' lang='lat' dir='ltr'><strong>gloriam,</strong></span> 
     </span>
    </p>
   </div>
   <div class='ocr_carea' id='block_1_34' title="bbox 525 1884 3759 1975">
    <p class='ocr_par' dir='ltr' id='par_1_34' title="bbox 525 1884 3759 1975">
     <span class='ocr_line' id='line_1_34' title="bbox 525 1884 3759 1975; baseline -0.001 -13"><span class='ocrx_word' id='word_1_220' title='bbox 525 1884 1503 1975; x_wconf 34' lang='lat' dir='ltr'><strong>git-biectoruniceruicibus“incubabit.</strong></span> <span class='ocrx_word' id='word_1_221' title='bbox 1534 1899 1875 1975; x_wconf 65' lang='lat' dir='ltr'><strong>Laetantius</strong></span> <span class='ocrx_word' id='word_1_222' title='bbox 1920 1901 2035 1955; x_wconf 90' lang='lat' dir='ltr'><strong>Div.</strong></span> <span class='ocrx_word' id='word_1_223' title='bbox 2062 1884 2127 1948; x_wconf 63' lang='lat' dir='ltr'><strong>.u</strong></span> <span class='ocrx_word' id='word_1_224' title='bbox 2154 1884 2290 1972; x_wconf 65' lang='lat' dir='ltr'><strong>quosr</strong></span> <span class='ocrx_word' id='word_1_225' title='bbox 2307 1914 2477 1975; x_wconf 80' lang='lat' dir='ltr'><strong>tamen</strong></span> <span class='ocrx_word' id='word_1_226' title='bbox 2503 1884 2642 1974; x_wconf 73' lang='lat' dir='ltr'><strong>fama</strong></span> <span class='ocrx_word' id='word_1_227' title='bbox 2668 1904 2799 1975; x_wconf 89' lang='lat' dir='ltr'><strong>inter</strong></span> <span class='ocrx_word' id='word_1_228' title='bbox 2825 1884 2983 1957; x_wconf 72' lang='lat' dir='ltr'><strong>borios</strong></span> <span class='ocrx_word' id='word_1_229' title='bbox 3012 1884 3262 1966; x_wconf 75' lang='lat' dir='ltr'><strong>nuntei&#39;at,</strong></span> <span class='ocrx_word' id='word_1_230' title='bbox 3282 1884 3385 1956; x_wconf 54' lang='lat' dir='ltr'><strong>norit</strong></span> <span class='ocrx_word' id='word_1_231' title='bbox 3406 1884 3559 1957; x_wconf 66' lang='lat' dir='ltr'><strong>modo</strong></span> <span class='ocrx_word' id='word_1_232' title='bbox 3580 1884 3759 1974; x_wconf 66' lang='lat' dir='ltr'><strong>(equa:-</strong></span> 
     </span>
    </p>
   </div>
   <div class='ocr_carea' id='block_1_35' title="bbox 458 1971 2050 2044">
    <p class='ocr_par' dir='ltr' id='par_1_35' title="bbox 458 1971 2050 2044">
     <span class='ocr_line' id='line_1_35' title="bbox 458 1971 2050 2044; baseline -0.005 -10"><span class='ocrx_word' id='word_1_233' title='bbox 458 1971 724 2044; x_wconf 71' lang='lat' dir='ltr'><strong>lnstitdL,</strong></span> <span class='ocrx_word' id='word_1_234' title='bbox 756 1976 789 2030; x_wconf 95' lang='grc' dir='ltr'><strong>Ι.</strong></span> <span class='ocrx_word' id='word_1_235' title='bbox 824 1991 875 2039; x_wconf 89' lang='lat' dir='ltr'><strong>v,</strong></span> <span class='ocrx_word' id='word_1_236' title='bbox 902 1988 953 2028; x_wconf 89' lang='lat' dir='ltr'><strong>c.</strong></span> <span class='ocrx_word' id='word_1_237' title='bbox 995 1972 1029 2026; x_wconf 84' lang='lat'>5</span> <span class='ocrx_word' id='word_1_238' title='bbox 1060 1990 1071 2024; x_wconf 91' lang='lat'>:</span> <span class='ocrx_word' id='word_1_239' title='bbox 1104 1972 1218 2026; x_wconf 84' lang='lat' dir='ltr'><strong>Soli</strong></span> <span class='ocrx_word' id='word_1_240' title='bbox 1262 1971 1954 2044; x_wconf 72' lang='lat' dir='ltr'><strong>absconditisincubarent;</strong></span> <span class='ocrx_word' id='word_1_241' title='bbox 1993 1981 2050 2026; x_wconf 88' lang='lat' dir='ltr'><strong>et</strong></span> 
     </span>
    </p>
   </div>
   <div class='ocr_carea' id='block_1_36' title="bbox 453 2041 2046 2108">
    <p class='ocr_par' dir='ltr' id='par_1_36' title="bbox 453 2041 2046 2108">
     <span class='ocr_line' id='line_1_36' title="bbox 453 2041 2046 2108; baseline -0.007 -2"><span class='ocrx_word' id='word_1_242' title='bbox 453 2067 502 2106; x_wconf 88' lang='lat' dir='ltr'><strong>c.</strong></span> <span class='ocrx_word' id='word_1_243' title='bbox 531 2050 565 2105; x_wconf 89' lang='lat'>9</span> <span class='ocrx_word' id='word_1_244' title='bbox 596 2067 609 2102; x_wconf 90' lang='lat'><strong>:</strong></span> <span class='ocrx_word' id='word_1_245' title='bbox 653 2041 720 2102; x_wconf 80' lang='lat' dir='ltr'><strong>In</strong></span> <span class='ocrx_word' id='word_1_246' title='bbox 749 2062 832 2100; x_wconf 87' lang='lat' dir='ltr'><strong>eos</strong></span> <span class='ocrx_word' id='word_1_247' title='bbox 858 2046 976 2099; x_wconf 87' lang='lat' dir='ltr'><strong>totis</strong></span> <span class='ocrx_word' id='word_1_248' title='bbox 1005 2044 1319 2107; x_wconf 79' lang='lat' dir='ltr'><strong>carniﬁcina:</strong></span> <span class='ocrx_word' id='word_1_249' title='bbox 1370 2058 1477 2094; x_wconf 79' lang='lat' dir='ltr'><strong>sate</strong></span> <span class='ocrx_word' id='word_1_250' title='bbox 1502 2041 1689 2096; x_wconf 85' lang='lat' dir='ltr'><strong>viribus</strong></span> <span class='ocrx_word' id='word_1_251' title='bbox 1714 2042 2046 2108; x_wconf 88' lang='lat' dir='ltr'><strong>incumbunt;</strong></span> 
     </span>
    </p>
   </div>
   <div class='ocr_carea' id='block_1_37' title="bbox 452 2112 2049 2186">
    <p class='ocr_par' dir='ltr' id='par_1_37' title="bbox 452 2112 2049 2186">
     <span class='ocr_line' id='line_1_37' title="bbox 452 2112 2049 2186; baseline -0.006 -10"><span class='ocrx_word' id='word_1_252' title='bbox 452 2124 488 2176; x_wconf 86' lang='grc' dir='ltr'><strong>Ι.</strong></span> <span class='ocrx_word' id='word_1_253' title='bbox 523 2137 613 2186; x_wconf 82' lang='lat' dir='ltr'><strong>\‘ll,</strong></span> <span class='ocrx_word' id='word_1_254' title='bbox 635 2136 684 2173; x_wconf 90' lang='lat' dir='ltr'><strong>c.</strong></span> <span class='ocrx_word' id='word_1_255' title='bbox 710 2118 805 2172; x_wconf 80' lang='lat' dir='ltr'><strong>l9:</strong></span> <span class='ocrx_word' id='word_1_256' title='bbox 837 2116 996 2186; x_wconf 81' lang='lat' dir='ltr'><strong>Capto</strong></span> <span class='ocrx_word' id='word_1_257' title='bbox 1023 2112 1232 2181; x_wconf 87' lang='lat' dir='ltr'><strong>mundo,</strong></span> <span class='ocrx_word' id='word_1_258' title='bbox 1251 2130 1365 2166; x_wconf 89' lang='lat' dir='ltr'><strong>cum</strong></span> <span class='ocrx_word' id='word_1_259' title='bbox 1390 2113 1591 2183; x_wconf 81' lang='lat' dir='ltr'><strong>magnis</strong></span> <span class='ocrx_word' id='word_1_260' title='bbox 1621 2114 1880 2167; x_wconf 88' lang='lat' dir='ltr'><strong>latronum</strong></span> <span class='ocrx_word' id='word_1_261' title='bbox 1899 2129 2049 2168; x_wconf 77' lang='lat' dir='ltr'><strong>exer-</strong></span> 
     </span>
    </p>
   </div>
   <div class='ocr_carea' id='block_1_38' title="bbox 452 2187 931 2247">
    <p class='ocr_par' dir='ltr' id='par_1_38' title="bbox 452 2187 931 2247">
     <span class='ocr_line' id='line_1_38' title="bbox 452 2187 931 2247; baseline -0.019 1"><span class='ocrx_word' id='word_1_262' title='bbox 452 2194 632 2247; x_wconf 86' lang='lat' dir='ltr'><strong>citibus</strong></span> <span class='ocrx_word' id='word_1_263' title='bbox 654 2187 931 2243; x_wconf 77' lang='lat' dir='ltr'><strong>incubabit.</strong></span> 
     </span>
    </p>
   </div>
   <div class='ocr_carea' id='block_1_39' title="bbox 454 2253 2047 2323">
    <p class='ocr_par' dir='ltr' id='par_1_39' title="bbox 454 2253 2047 2323">
     <span class='ocr_line' id='line_1_39' title="bbox 454 2253 2047 2323; baseline -0.005 -7"><span class='ocrx_word' id='word_1_264' title='bbox 454 2268 467 2273; x_wconf 86' lang='grc'><em>”</em></span> <span class='ocrx_word' id='word_1_265' title='bbox 528 2261 767 2316; x_wconf 79' lang='lat' dir='ltr'><strong>Traditus</strong></span> <span class='ocrx_word' id='word_1_266' title='bbox 795 2260 847 2311; x_wconf 87' lang='lat' dir='ltr'><strong>in</strong></span> <span class='ocrx_word' id='word_1_267' title='bbox 879 2272 1059 2310; x_wconf 88' lang='lat' dir='ltr'><strong>manus</strong></span> <span class='ocrx_word' id='word_1_268' title='bbox 1086 2254 1407 2308; x_wconf 72' lang='lat' dir='ltr'><strong>inimicorum</strong></span> <span class='ocrx_word' id='word_1_269' title='bbox 1437 2254 1529 2307; x_wconf 90' lang='lat' dir='ltr'><strong>luit</strong></span> <span class='ocrx_word' id='word_1_270' title='bbox 1563 2270 1763 2323; x_wconf 58' lang='lat' dir='ltr'><strong>poenas.</strong></span> <span class='ocrx_word' id='word_1_271' title='bbox 1788 2253 2047 2308; x_wconf 83' lang='lat' dir='ltr'><strong>Domitia--</strong></span> 
     </span>
    </p>
   </div>
   <div class='ocr_carea' id='block_1_40' title="bbox 454 2324 2034 2393">
    <p class='ocr_par' dir='ltr' id='par_1_40' title="bbox 454 2324 2034 2393">
     <span class='ocr_line' id='line_1_40' title="bbox 454 2324 2034 2393; baseline -0.007 -5"><span class='ocrx_word' id='word_1_272' title='bbox 454 2350 554 2389; x_wconf 82' lang='lat' dir='ltr'><strong>nus</strong></span> <span class='ocrx_word' id='word_1_273' title='bbox 588 2346 772 2386; x_wconf 88' lang='lat' dir='ltr'><strong>mense</strong></span> <span class='ocrx_word' id='word_1_274' title='bbox 796 2328 1061 2383; x_wconf 75' lang='lat' dir='ltr'><strong>februm-in</strong></span> <span class='ocrx_word' id='word_1_275' title='bbox 1089 2328 1210 2377; x_wconf 83' lang='lat' dir='ltr'><strong>anni</strong></span> <span class='ocrx_word' id='word_1_276' title='bbox 1230 2324 1356 2378; x_wconf 83' lang='lat' dir='ltr'><strong>Chr.</strong></span> <span class='ocrx_word' id='word_1_277' title='bbox 1388 2324 1457 2379; x_wconf 75' lang='grc'><strong>94</strong></span> <span class='ocrx_word' id='word_1_278' title='bbox 1484 2342 1671 2379; x_wconf 69' lang='lat' dir='ltr'><strong>saeva-.2</strong></span> <span class='ocrx_word' id='word_1_279' title='bbox 1703 2330 1883 2393; x_wconf 61' lang='lat' dir='ltr'><strong>coepit.</strong></span> <span class='ocrx_word' id='word_1_280' title='bbox 1904 2326 2034 2379; x_wconf 81' lang='lat' dir='ltr'><strong>Per-</strong></span> 
     </span>
    </p>
   </div>
   <div class='ocr_carea' id='block_1_41' title="bbox 451 2396 2038 2475">
    <p class='ocr_par' dir='ltr' id='par_1_41' title="bbox 451 2396 2038 2475">
     <span class='ocr_line' id='line_1_41' title="bbox 451 2396 2038 2475; baseline -0.005 -16"><span class='ocrx_word' id='word_1_281' title='bbox 451 2413 662 2475; x_wconf 78' lang='lat' dir='ltr'><strong>emptus</strong></span> <span class='ocrx_word' id='word_1_282' title='bbox 683 2412 770 2475; x_wconf 77' lang='lat' dir='ltr'><strong>est</strong></span> <span class='ocrx_word' id='word_1_283' title='bbox 792 2416 933 2475; x_wconf 82' lang='lat' dir='ltr'><strong>anno</strong></span> <span class='ocrx_word' id='word_1_284' title='bbox 955 2398 1149 2475; x_wconf 70' lang='lat' dir='ltr'><strong>Christi</strong></span> <span class='ocrx_word' id='word_1_285' title='bbox 1175 2396 1267 2475; x_wconf 58' lang='lat' dir='ltr'><strong>illi,</strong></span> <span class='ocrx_word' id='word_1_286' title='bbox 1299 2397 1365 2451; x_wconf 67' lang='grc'><strong>14</strong></span> <span class='ocrx_word' id='word_1_287' title='bbox 1390 2396 1495 2449; x_wconf 84' lang='lat' dir='ltr'><strong>kal.</strong></span> <span class='ocrx_word' id='word_1_288' title='bbox 1535 2397 1739 2475; x_wconf 63' lang='lat' dir='ltr'><strong>octobr.</strong></span> <span class='ocrx_word' id='word_1_289' title='bbox 1778 2396 2038 2475; x_wconf 40' lang='lat' dir='ltr'><strong>(sire-llic</strong></span> 
     </span>
    </p>
   </div>
   <div class='ocr_carea' id='block_1_42' title="bbox 455 2466 2039 2543">
    <p class='ocr_par' dir='ltr' id='par_1_42' title="bbox 455 2466 2039 2543">
     <span class='ocr_line' id='line_1_42' title="bbox 455 2466 2039 2543; baseline -0.007 -12"><span class='ocrx_word' id='word_1_290' title='bbox 455 2476 523 2531; x_wconf 80' lang='grc'><strong>18</strong></span> <span class='ocrx_word' id='word_1_291' title='bbox 547 2466 903 2543; x_wconf 61' lang='lat' dir='ltr'><strong>septemlnu),</strong></span> <span class='ocrx_word' id='word_1_292' title='bbox 926 2478 999 2543; x_wconf 25' lang='lat' dir='ltr'><strong>Aut</strong></span> <span class='ocrx_word' id='word_1_293' title='bbox 1040 2471 1093 2543; x_wconf 70' lang='lat' dir='ltr'><strong>in</strong></span> <span class='ocrx_word' id='word_1_294' title='bbox 1120 2467 1486 2543; x_wconf 41' lang='lat' dir='ltr'><strong>C(lllfL‘SsOpgsi.</strong></span> <span class='ocrx_word' id='word_1_295' title='bbox 1515 2466 1653 2543; x_wconf 74' lang='lat' dir='ltr'><strong>apud</strong></span> <span class='ocrx_word' id='word_1_296' title='bbox 1679 2482 1889 2543; x_wconf 80' lang='lat' dir='ltr'><strong>omnes.</strong></span> <span class='ocrx_word' id='word_1_297' title='bbox 1915 2467 2039 2543; x_wconf 77' lang='lat' dir='ltr'><strong>Tot—</strong></span> 
     </span>
    </p>
   </div>
   <div class='ocr_carea' id='block_1_43' title="bbox 452 2537 2038 2611">
    <p class='ocr_par' dir='ltr' id='par_1_43' title="bbox 452 2537 2038 2611">
     <span class='ocr_line' id='line_1_43' title="bbox 452 2537 2038 2611; baseline -0.005 -11"><span class='ocrx_word' id='word_1_298' title='bbox 452 2537 1046 2611; x_wconf 13' lang='lat' dir='ltr'><strong>tvsno.&#39;--Nequeialiter</strong></span> <span class='ocrx_word' id='word_1_299' title='bbox 1074 2538 1340 2611; x_wconf 80' lang='lat' dir='ltr'><strong>Lactant.,</strong></span> <span class='ocrx_word' id='word_1_300' title='bbox 1369 2538 1539 2611; x_wconf 85' lang='lat' dir='ltr'><strong>Divin.</strong></span> <span class='ocrx_word' id='word_1_301' title='bbox 1563 2537 1761 2601; x_wconf 91' lang='lat' dir='ltr'><strong>lnstit.,</strong></span> <span class='ocrx_word' id='word_1_302' title='bbox 1788 2538 1823 2590; x_wconf 93' lang='lat' dir='ltr'><strong>l.</strong></span> <span class='ocrx_word' id='word_1_303' title='bbox 1850 2553 1945 2611; x_wconf 72' lang='lat' dir='ltr'><strong>vn,</strong></span> <span class='ocrx_word' id='word_1_304' title='bbox 1973 2539 2038 2592; x_wconf 88' lang='lat' dir='ltr'><strong>de</strong></span> 
     </span>
    </p>
   </div>
   <div class='ocr_carea' id='block_1_44' title="bbox 452 2608 2036 2679">
    <p class='ocr_par' dir='ltr' id='par_1_44' title="bbox 452 2608 2036 2679">
     <span class='ocr_line' id='line_1_44' title="bbox 452 2608 2036 2679; baseline -0.006 -8"><span class='ocrx_word' id='word_1_305' title='bbox 452 2608 819 2672; x_wconf 75' lang='lat' dir='ltr'><strong>Antichristo:</strong></span> <span class='ocrx_word' id='word_1_306' title='bbox 846 2610 912 2665; x_wconf 83' lang='lat' dir='ltr'><strong>Et</strong></span> <span class='ocrx_word' id='word_1_307' title='bbox 939 2620 1139 2679; x_wconf 87' lang='lat' dir='ltr'><strong>captus,</strong></span> <span class='ocrx_word' id='word_1_308' title='bbox 1170 2608 1371 2679; x_wconf 85' lang='lat' dir='ltr'><strong>tandem</strong></span> <span class='ocrx_word' id='word_1_309' title='bbox 1413 2609 1660 2662; x_wconf 83' lang='lat' dir='ltr'><strong>scelerum</strong></span> <span class='ocrx_word' id='word_1_310' title='bbox 1691 2623 1900 2662; x_wconf 86' lang='lat' dir='ltr'><strong>suorum</strong></span> <span class='ocrx_word' id='word_1_311' title='bbox 1928 2608 2036 2662; x_wconf 87' lang='lat' dir='ltr'><strong>luat</strong></span> 
     </span>
    </p>
   </div>
   <div class='ocr_carea' id='block_1_45' title="bbox 450 2678 1376 2759">
    <p class='ocr_par' dir='ltr' id='par_1_45' title="bbox 450 2678 1376 2759">
     <span class='ocr_line' id='line_1_45' title="bbox 450 2678 1376 2759; baseline -0.01 -16"><span class='ocrx_word' id='word_1_312' title='bbox 450 2705 642 2759; x_wconf 80' lang='lat' dir='ltr'><strong>pteuas.</strong></span> <span class='ocrx_word' id='word_1_313' title='bbox 675 2684 820 2739; x_wconf 85' lang='lat' dir='ltr'><strong>Idem</strong></span> <span class='ocrx_word' id='word_1_314' title='bbox 852 2678 1110 2759; x_wconf 23' lang='grc' dir='ltr'><strong>Ερὶιοζιηἓ</strong></span> <span class='ocrx_word' id='word_1_315' title='bbox 1139 2694 1258 2759; x_wconf 77' lang='lat' dir='ltr'><strong>cap.</strong></span> <span class='ocrx_word' id='word_1_316' title='bbox 1287 2678 1376 2734; x_wconf 87' lang='lat'><strong>68.</strong></span> 
     </span>
    </p>
   </div>
   <div class='ocr_carea' id='block_1_46' title="bbox 520 2749 2039 2827">
    <p class='ocr_par' dir='ltr' id='par_1_46' title="bbox 520 2749 2039 2827">
     <span class='ocr_line' id='line_1_46' title="bbox 520 2749 2039 2827; baseline -0.005 -14"><span class='ocrx_word' id='word_1_317' title='bbox 520 2757 848 2827; x_wconf 79' lang='lat' dir='ltr'><strong>Interfectus.</strong></span> <span class='ocrx_word' id='word_1_318' title='bbox 878 2753 1039 2806; x_wconf 88' lang='lat' dir='ltr'><strong>domi.</strong></span> <span class='ocrx_word' id='word_1_319' title='bbox 1058 2751 1148 2807; x_wconf 89' lang='lat' dir='ltr'><strong>Sic</strong></span> <span class='ocrx_word' id='word_1_320' title='bbox 1178 2749 1671 2827; x_wconf 63' lang='lat' dir='ltr'><strong>legeretnalttitmts</strong></span> <span class='ocrx_word' id='word_1_321' title='bbox 1692 2765 1812 2827; x_wconf 85' lang='lat' dir='ltr'><strong>cum</strong></span> <span class='ocrx_word' id='word_1_322' title='bbox 1839 2750 2039 2827; x_wconf 78' lang='lat' dir='ltr'><strong>doctis—</strong></span> 
     </span>
    </p>
   </div>
   <div class='ocr_carea' id='block_1_47' title="bbox 388 2820 1929 2897">
    <p class='ocr_par' dir='ltr' id='par_1_47' title="bbox 388 2820 1929 2897">
     <span class='ocr_line' id='line_1_47' title="bbox 388 2820 1929 2897; baseline -0.009 -12"><span class='ocrx_word' id='word_1_323' title='bbox 388 2829 399 2832; x_wconf 70' lang='grc'><strong>”</strong></span> <span class='ocrx_word' id='word_1_324' title='bbox 447 2830 585 2885; x_wconf 90' lang='lat' dir='ltr'><strong>simo</strong></span> <span class='ocrx_word' id='word_1_325' title='bbox 605 2820 836 2897; x_wconf 75' lang='lat' dir='ltr'><strong>Ctipero,</strong></span> <span class='ocrx_word' id='word_1_326' title='bbox 860 2840 1017 2897; x_wconf 70' lang='lat' dir='ltr'><strong>quam</strong></span> <span class='ocrx_word' id='word_1_327' title='bbox 1048 2836 1168 2897; x_wconf 83' lang='lat' dir='ltr'><strong>cum</strong></span> <span class='ocrx_word' id='word_1_328' title='bbox 1195 2821 1423 2879; x_wconf 59' lang='lat' dir='ltr'><strong>caeteris,</strong></span> <span class='ocrx_word' id='word_1_329' title='bbox 1454 2820 1745 2897; x_wconf 67' lang='lat' dir='ltr'><strong>interfectus</strong></span> <span class='ocrx_word' id='word_1_330' title='bbox 1772 2821 1929 2897; x_wconf 55' lang='lat' dir='ltr'><strong>danti:</strong></span> 
     </span>
    </p>
   </div>
   <div class='ocr_carea' id='block_1_48' title="bbox 523 2890 2037 2959">
    <p class='ocr_par' dir='ltr' id='par_1_48' title="bbox 523 2890 2037 2959">
     <span class='ocr_line' id='line_1_48' title="bbox 523 2890 2037 2959; baseline -0.011 -5"><span class='ocrx_word' id='word_1_331' title='bbox 523 2890 770 2954; x_wconf 67' lang='lat' dir='ltr'><strong>Memoria</strong></span> <span class='ocrx_word' id='word_1_332' title='bbox 798 2890 1016 2947; x_wconf 83' lang='lat' dir='ltr'><strong>nominis</strong></span> <span class='ocrx_word' id='word_1_333' title='bbox 1046 2894 1157 2959; x_wconf 78' lang='lat' dir='ltr'><strong>eius</strong></span> <span class='ocrx_word' id='word_1_334' title='bbox 1194 2907 1340 2944; x_wconf 83' lang='lat' dir='ltr'><strong>erasa</strong></span> <span class='ocrx_word' id='word_1_335' title='bbox 1370 2904 1460 2943; x_wconf 83' lang='lat' dir='ltr'><strong>est.</strong></span> <span class='ocrx_word' id='word_1_336' title='bbox 1505 2891 1571 2944; x_wconf 87' lang='lat' dir='ltr'><strong>Et</strong></span> <span class='ocrx_word' id='word_1_337' title='bbox 1598 2890 1754 2953; x_wconf 66' lang='lat' dir='ltr'><strong>infra,</strong></span> <span class='ocrx_word' id='word_1_338' title='bbox 1784 2908 1831 2941; x_wconf 70' lang='grc' dir='ltr'><strong>«υ.</strong></span> <span class='ocrx_word' id='word_1_339' title='bbox 1868 2892 1960 2955; x_wconf 71' lang='grc'><strong>52,</strong></span> <span class='ocrx_word' id='word_1_340' title='bbox 1991 2900 2037 2944; x_wconf 75' lang='lat' dir='ltr'><strong>et</strong></span> 
     </span>
    </p>
   </div>
   <div class='ocr_carea' id='block_1_49' title="bbox 447 2961 2042 3026">
    <p class='ocr_par' dir='ltr' id='par_1_49' title="bbox 447 2961 2042 3026">
     <span class='ocr_line' id='line_1_49' title="bbox 447 2961 2042 3026; baseline -0.008 -1"><span class='ocrx_word' id='word_1_341' title='bbox 447 2972 602 3025; x_wconf 87' lang='lat' dir='ltr'><strong>erasit</strong></span> <span class='ocrx_word' id='word_1_342' title='bbox 633 2969 697 3022; x_wconf 88' lang='lat' dir='ltr'><strong>de</strong></span> <span class='ocrx_word' id='word_1_343' title='bbox 720 2978 875 3020; x_wconf 89' lang='lat' dir='ltr'><strong>terra.</strong></span> <span class='ocrx_word' id='word_1_344' title='bbox 912 2963 1170 3021; x_wconf 83' lang='lat' dir='ltr'><strong>Macrob..</strong></span> <span class='ocrx_word' id='word_1_345' title='bbox 1204 2964 1238 3015; x_wconf 89' lang='grc' dir='ltr'><strong>Ι.</strong></span> <span class='ocrx_word' id='word_1_346' title='bbox 1273 2978 1288 3014; x_wconf 92' lang='lat' dir='ltr'><strong>l</strong></span> <span class='ocrx_word' id='word_1_347' title='bbox 1317 2963 1613 3026; x_wconf 75' lang='lat' dir='ltr'><strong>Saturnal.,</strong></span> <span class='ocrx_word' id='word_1_348' title='bbox 1665 2976 1713 3014; x_wconf 90' lang='lat' dir='ltr'><strong>c.</strong></span> <span class='ocrx_word' id='word_1_349' title='bbox 1746 2961 1813 3014; x_wconf 77' lang='lat'><strong>1‘2</strong></span> <span class='ocrx_word' id='word_1_350' title='bbox 1841 2977 1853 3012; x_wconf 91' lang='lat'><strong>:</strong></span> <span class='ocrx_word' id='word_1_351' title='bbox 1889 2962 2042 3015; x_wconf 79' lang='lat' dir='ltr'><strong>0cto~</strong></span> 
     </span>
    </p>
   </div>
   <div class='ocr_carea' id='block_1_50' title="bbox 447 3031 2041 3097">
    <p class='ocr_par' dir='ltr' id='par_1_50' title="bbox 447 3031 2041 3097">
     <span class='ocr_line' id='line_1_50' title="bbox 447 3031 2041 3097; baseline -0.008 0"><span class='ocrx_word' id='word_1_352' title='bbox 447 3045 587 3097; x_wconf 79' lang='lat' dir='ltr'><strong>brent</strong></span> <span class='ocrx_word' id='word_1_353' title='bbox 632 3054 749 3093; x_wconf 83' lang='lat' dir='ltr'><strong>vero</strong></span> <span class='ocrx_word' id='word_1_354' title='bbox 775 3052 868 3091; x_wconf 87' lang='lat' dir='ltr'><strong>suo</strong></span> <span class='ocrx_word' id='word_1_355' title='bbox 924 3035 1126 3088; x_wconf 86' lang='lat' dir='ltr'><strong>nomine</strong></span> <span class='ocrx_word' id='word_1_356' title='bbox 1154 3031 1481 3085; x_wconf 86' lang='lat' dir='ltr'><strong>Domitianus</strong></span> <span class='ocrx_word' id='word_1_357' title='bbox 1528 3033 1782 3085; x_wconf 81' lang='lat' dir='ltr'><strong>invaserat</strong></span> <span class='ocrx_word' id='word_1_358' title='bbox 1807 3049 1824 3085; x_wconf 91' lang='lat'><strong><em>:</em></strong></span> <span class='ocrx_word' id='word_1_359' title='bbox 1848 3033 1936 3084; x_wconf 88' lang='lat' dir='ltr'><strong>sed</strong></span> <span class='ocrx_word' id='word_1_360' title='bbox 1966 3032 2041 3085; x_wconf 89' lang='lat' dir='ltr'><strong>uti</strong></span> 
     </span>
    </p>
   </div>
   <div class='ocr_carea' id='block_1_51' title="bbox 446 3103 2115 3184">
    <p class='ocr_par' dir='ltr' id='par_1_51' title="bbox 446 3103 2115 3184">
     <span class='ocr_line' id='line_1_51' title="bbox 446 3103 2115 3184; baseline -0.008 -16"><span class='ocrx_word' id='word_1_361' title='bbox 446 3114 726 3184; x_wconf 79' lang='lat' dir='ltr'><strong>infaustum</strong></span> <span class='ocrx_word' id='word_1_362' title='bbox 770 3105 1069 3162; x_wconf 81' lang='lat' dir='ltr'><strong>vocabulum</strong></span> <span class='ocrx_word' id='word_1_363' title='bbox 1118 3120 1181 3158; x_wconf 79' lang='lat' dir='ltr'><strong>ea:</strong></span> <span class='ocrx_word' id='word_1_364' title='bbox 1246 3104 1385 3156; x_wconf 76' lang='grc' dir='ltr'><strong>οηιηί</strong></span> <span class='ocrx_word' id='word_1_365' title='bbox 1426 3120 1527 3157; x_wconf 77' lang='lat' dir='ltr'><strong>tere</strong></span> <span class='ocrx_word' id='word_1_366' title='bbox 1571 3107 1647 3156; x_wconf 86' lang='lat' dir='ltr'><strong>vel</strong></span> <span class='ocrx_word' id='word_1_367' title='bbox 1685 3119 1811 3156; x_wconf 71' lang='lat' dir='ltr'><strong>saxo</strong></span> <span class='ocrx_word' id='word_1_368' title='bbox 1849 3103 2042 3173; x_wconf 82' lang='lat' dir='ltr'><strong>placuit</strong></span> <span class='ocrx_word' id='word_1_369' title='bbox 2073 3110 2115 3184; x_wconf 48' lang='lat' dir='ltr'><strong>n’</strong></span> 
     </span>
    </p>
   </div>
   <div class='ocr_carea' id='block_1_52' title="bbox 445 3181 2024 3313">
    <p class='ocr_par' dir='ltr' id='par_1_52' title="bbox 445 3181 2024 3313">
     <span class='ocr_line' id='line_1_52' title="bbox 445 3181 2024 3313; baseline -0.006 -6"><span class='ocrx_word' id='word_1_370' title='bbox 445 3185 643 3308; x_wconf 50' lang='lat' dir='ltr'><strong>&quot;agdn</strong></span> <span class='ocrx_word' id='word_1_371' title='bbox 660 3181 1111 3304; x_wconf 48' lang='lat' dir='ltr'><strong>.mirabilia</strong></span> <span class='ocrx_word' id='word_1_372' title='bbox 1138 3260 1293 3311; x_wconf 80' lang='lat' dir='ltr'><strong>Opera</strong></span> <span class='ocrx_word' id='word_1_373' title='bbox 1314 3244 1630 3313; x_wconf 80' lang='lat' dir='ltr'><strong>fabricasset.</strong></span> <span class='ocrx_word' id='word_1_374' title='bbox 1662 3229 1955 3299; x_wconf 70' lang='lat' dir='ltr'><strong>Suetonius</strong></span> <span class='ocrx_word' id='word_1_375' title='bbox 1971 3244 2024 3298; x_wconf 88' lang='lat' dir='ltr'><strong>in</strong></span> 
     </span>
    </p>
   </div>
   <div class='ocr_carea' id='block_1_53' title="bbox 450 3315 2029 3385">
    <p class='ocr_par' dir='ltr' id='par_1_53' title="bbox 450 3315 2029 3385">
     <span class='ocr_line' id='line_1_53' title="bbox 450 3315 2029 3385; baseline -0.008 -4"><span class='ocrx_word' id='word_1_376' title='bbox 450 3326 751 3381; x_wconf 86' lang='lat' dir='ltr'><strong>Domitiano</strong></span> <span class='ocrx_word' id='word_1_377' title='bbox 778 3339 789 3374; x_wconf 87' lang='lat'><strong>:</strong></span> <span class='ocrx_word' id='word_1_378' title='bbox 828 3319 1061 3373; x_wconf 84' lang='lat' dir='ltr'><strong>Plurima</strong></span> <span class='ocrx_word' id='word_1_379' title='bbox 1087 3327 1131 3371; x_wconf 92' lang='lat' dir='ltr'><strong>et</strong></span> <span class='ocrx_word' id='word_1_380' title='bbox 1168 3317 1484 3385; x_wconf 86' lang='lat' dir='ltr'><strong>amplissima</strong></span> <span class='ocrx_word' id='word_1_381' title='bbox 1515 3332 1669 3384; x_wconf 83' lang='lat' dir='ltr'><strong>opera</strong></span> <span class='ocrx_word' id='word_1_382' title='bbox 1690 3315 1923 3369; x_wconf 83' lang='lat' dir='ltr'><strong>incendio</strong></span> <span class='ocrx_word' id='word_1_383' title='bbox 1939 3316 2029 3368; x_wconf 89' lang='lat' dir='ltr'><strong>ab-</strong></span> 
     </span>
    </p>
   </div>
   <div class='ocr_carea' id='block_1_54' title="bbox 444 3386 2031 3462">
    <p class='ocr_par' dir='ltr' id='par_1_54' title="bbox 444 3386 2031 3462">
     <span class='ocr_line' id='line_1_54' title="bbox 444 3386 2031 3462; baseline -0.007 -12"><span class='ocrx_word' id='word_1_384' title='bbox 444 3404 648 3462; x_wconf 86' lang='lat' dir='ltr'><strong>sumpta</strong></span> <span class='ocrx_word' id='word_1_385' title='bbox 677 3392 916 3455; x_wconf 79' lang='lat' dir='ltr'><strong>restituit,</strong></span> <span class='ocrx_word' id='word_1_386' title='bbox 936 3390 987 3443; x_wconf 88' lang='lat' dir='ltr'><strong>in</strong></span> <span class='ocrx_word' id='word_1_387' title='bbox 1016 3388 1226 3462; x_wconf 78' lang='lat' dir='ltr'><strong>queisct</strong></span> <span class='ocrx_word' id='word_1_388' title='bbox 1255 3386 1728 3462; x_wconf 85' lang='lat' dir='ltr'><strong>capitolium,quod</strong></span> <span class='ocrx_word' id='word_1_389' title='bbox 1748 3403 1923 3462; x_wconf 74' lang='lat' dir='ltr'><strong>rursus</strong></span> <span class='ocrx_word' id='word_1_390' title='bbox 1943 3402 2031 3462; x_wconf 80' lang='lat' dir='ltr'><strong>ar-</strong></span> 
     </span>
    </p>
   </div>
   <div class='ocr_carea' id='block_1_55' title="bbox 443 3456 2028 3532">
    <p class='ocr_par' dir='ltr' id='par_1_55' title="bbox 443 3456 2028 3532">
     <span class='ocr_line' id='line_1_55' title="bbox 443 3456 2028 3532; baseline -0.006 -12"><span class='ocrx_word' id='word_1_391' title='bbox 443 3456 597 3532; x_wconf 78' lang='lat' dir='ltr'><strong>serat,</strong></span> <span class='ocrx_word' id='word_1_392' title='bbox 628 3464 715 3518; x_wconf 86' lang='lat' dir='ltr'><strong>sed</strong></span> <span class='ocrx_word' id='word_1_393' title='bbox 745 3464 915 3515; x_wconf 83' lang='lat' dir='ltr'><strong>omnia</strong></span> <span class='ocrx_word' id='word_1_394' title='bbox 942 3456 1037 3514; x_wconf 82' lang='lat' dir='ltr'><strong>sub</strong></span> <span class='ocrx_word' id='word_1_395' title='bbox 1058 3459 1203 3532; x_wconf 74' lang='lat' dir='ltr'><strong>titulo</strong></span> <span class='ocrx_word' id='word_1_396' title='bbox 1232 3466 1425 3510; x_wconf 88' lang='lat' dir='ltr'><strong>tantum</strong></span> <span class='ocrx_word' id='word_1_397' title='bbox 1447 3474 1560 3522; x_wconf 88' lang='lat' dir='ltr'><strong>suo,</strong></span> <span class='ocrx_word' id='word_1_398' title='bbox 1586 3475 1647 3510; x_wconf 89' lang='lat' dir='ltr'><strong>ac</strong></span> <span class='ocrx_word' id='word_1_399' title='bbox 1674 3456 1902 3511; x_wconf 87' lang='lat' dir='ltr'><strong>sineulla</strong></span> <span class='ocrx_word' id='word_1_400' title='bbox 1920 3458 2028 3526; x_wconf 84' lang='lat' dir='ltr'><strong>pri-</strong></span> 
     </span>
    </p>
   </div>
   <div class='ocr_carea' id='block_1_56' title="bbox 442 3529 1341 3593">
    <p class='ocr_par' dir='ltr' id='par_1_56' title="bbox 442 3529 1341 3593">
     <span class='ocr_line' id='line_1_56' title="bbox 442 3529 1341 3593; baseline -0.013 -1"><span class='ocrx_word' id='word_1_401' title='bbox 442 3539 562 3593; x_wconf 87' lang='lat' dir='ltr'><strong>stini</strong></span> <span class='ocrx_word' id='word_1_402' title='bbox 585 3529 833 3589; x_wconf 77' lang='lat' dir='ltr'><strong>auctoris</strong></span> <span class='ocrx_word' id='word_1_403' title='bbox 864 3531 1120 3584; x_wconf 86' lang='lat' dir='ltr'><strong>memoria.</strong></span> <span class='ocrx_word' id='word_1_404' title='bbox 1146 3529 1341 3582; x_wconf 74' lang='lat' dir='ltr'><strong>Bswz.</strong></span> 
     </span>
    </p>
   </div>
   <div class='ocr_carea' id='block_1_57' title="bbox 517 3598 2029 3674">
    <p class='ocr_par' dir='ltr' id='par_1_57' title="bbox 517 3598 2029 3674">
     <span class='ocr_line' id='line_1_57' title="bbox 517 3598 2029 3674; baseline -0.005 -14"><span class='ocrx_word' id='word_1_405' title='bbox 517 3610 693 3674; x_wconf 77' lang='lat' dir='ltr'><strong>Neque</strong></span> <span class='ocrx_word' id='word_1_406' title='bbox 719 3605 1017 3673; x_wconf 82' lang='lat' dir='ltr'><strong>imaginum,</strong></span> <span class='ocrx_word' id='word_1_407' title='bbox 1035 3616 1192 3671; x_wconf 88' lang='lat' dir='ltr'><strong>neque</strong></span> <span class='ocrx_word' id='word_1_408' title='bbox 1213 3600 1474 3674; x_wconf 72' lang='lat' dir='ltr'><strong>titulorum</strong></span> <span class='ocrx_word' id='word_1_409' title='bbox 1492 3601 1747 3674; x_wconf 71' lang='lat' dir='ltr'><strong>ejus,_cte.</strong></span> <span class='ocrx_word' id='word_1_410' title='bbox 1776 3598 1830 3651; x_wconf 85' lang='lat' dir='ltr'><strong>Id</strong></span> <span class='ocrx_word' id='word_1_411' title='bbox 1856 3598 2029 3674; x_wconf 83' lang='lat' dir='ltr'><strong>ipsum</strong></span> 
     </span>
    </p>
   </div>
   <div class='ocr_carea' id='block_1_58' title="bbox 443 3670 2027 3738">
    <p class='ocr_par' dir='ltr' id='par_1_58' title="bbox 443 3670 2027 3738">
     <span class='ocr_line' id='line_1_58' title="bbox 443 3670 2027 3738; baseline -0.007 -3"><span class='ocrx_word' id='word_1_412' title='bbox 443 3670 629 3734; x_wconf 81' lang='lat' dir='ltr'><strong>scribit</strong></span> <span class='ocrx_word' id='word_1_413' title='bbox 663 3670 949 3738; x_wconf 81' lang='lat' dir='ltr'><strong>Eusebius,</strong></span> <span class='ocrx_word' id='word_1_414' title='bbox 990 3675 1022 3725; x_wconf 92' lang='lat' dir='ltr'><strong>I.</strong></span> <span class='ocrx_word' id='word_1_415' title='bbox 1053 3688 1141 3732; x_wconf 85' lang='lat' dir='ltr'><strong>tu,</strong></span> <span class='ocrx_word' id='word_1_416' title='bbox 1172 3686 1221 3724; x_wconf 88' lang='lat' dir='ltr'><strong>c.</strong></span> <span class='ocrx_word' id='word_1_417' title='bbox 1252 3671 1323 3727; x_wconf 73' lang='lat'><strong>‘20</strong></span> <span class='ocrx_word' id='word_1_418' title='bbox 1358 3671 1490 3725; x_wconf 87' lang='lat' dir='ltr'><strong>Hist.</strong></span> <span class='ocrx_word' id='word_1_419' title='bbox 1524 3670 1658 3724; x_wconf 84' lang='lat' dir='ltr'><strong>eccl.</strong></span> <span class='ocrx_word' id='word_1_420' title='bbox 1691 3670 1979 3725; x_wconf 84' lang='lat' dir='ltr'><strong>Suetonius</strong></span> <span class='ocrx_word' id='word_1_421' title='bbox 2014 3687 2027 3724; x_wconf 88' lang='lat'><strong>:</strong></span> 
     </span>
    </p>
   </div>
   <div class='ocr_carea' id='block_1_59' title="bbox 443 3740 2031 3811">
    <p class='ocr_par' dir='ltr' id='par_1_59' title="bbox 443 3740 2031 3811">
     <span class='ocr_line' id='line_1_59' title="bbox 443 3740 2031 3811; baseline -0.007 -7"><span class='ocrx_word' id='word_1_422' title='bbox 443 3747 634 3804; x_wconf 80' lang='lat' dir='ltr'><strong>Contra</strong></span> <span class='ocrx_word' id='word_1_423' title='bbox 665 3748 882 3803; x_wconf 82' lang='lat' dir='ltr'><strong>Senatus</strong></span> <span class='ocrx_word' id='word_1_424' title='bbox 896 3745 1024 3798; x_wconf 85' lang='lat' dir='ltr'><strong>adeo</strong></span> <span class='ocrx_word' id='word_1_425' title='bbox 1052 3742 1253 3796; x_wconf 77' lang='lat' dir='ltr'><strong>ltvtatus</strong></span> <span class='ocrx_word' id='word_1_426' title='bbox 1268 3753 1361 3806; x_wconf 89' lang='lat' dir='ltr'><strong>est,</strong></span> <span class='ocrx_word' id='word_1_427' title='bbox 1381 3753 1435 3793; x_wconf 88' lang='lat' dir='ltr'><strong>ut</strong></span> <span class='ocrx_word' id='word_1_428' title='bbox 1460 3740 1655 3811; x_wconf 83' lang='lat' dir='ltr'><strong>repleta</strong></span> <span class='ocrx_word' id='word_1_429' title='bbox 1682 3741 1911 3794; x_wconf 84' lang='lat' dir='ltr'><strong>certatim</strong></span> <span class='ocrx_word' id='word_1_430' title='bbox 1934 3740 2031 3794; x_wconf 80' lang='lat' dir='ltr'><strong>Cu-</strong></span> 
     </span>
    </p>
   </div>
   <div class='ocr_carea' id='block_1_60' title="bbox 442 3812 2029 3887">
    <p class='ocr_par' dir='ltr' id='par_1_60' title="bbox 442 3812 2029 3887">
     <span class='ocr_line' id='line_1_60' title="bbox 442 3812 2029 3887; baseline -0.007 -13"><span class='ocrx_word' id='word_1_431' title='bbox 442 3823 541 3886; x_wconf 86' lang='lat' dir='ltr'><strong>ria,</strong></span> <span class='ocrx_word' id='word_1_432' title='bbox 565 3836 665 3873; x_wconf 89' lang='lat' dir='ltr'><strong>non</strong></span> <span class='ocrx_word' id='word_1_433' title='bbox 693 3828 984 3887; x_wconf 84' lang='lat' dir='ltr'><strong>temperaret</strong></span> <span class='ocrx_word' id='word_1_434' title='bbox 1002 3816 1123 3883; x_wconf 88' lang='lat' dir='ltr'><strong>quin</strong></span> <span class='ocrx_word' id='word_1_435' title='bbox 1144 3824 1396 3887; x_wconf 83' lang='lat' dir='ltr'><strong>mortuum</strong></span> <span class='ocrx_word' id='word_1_436' title='bbox 1416 3812 1921 3887; x_wconf 80' lang='lat' dir='ltr'><strong>contumeliosissimo</strong></span> <span class='ocrx_word' id='word_1_437' title='bbox 1946 3820 2029 3887; x_wconf 81' lang='lat' dir='ltr'><strong>at-</strong></span> 
     </span>
    </p>
   </div>
   <div class='ocr_carea' id='block_1_61' title="bbox 442 3882 2029 3962">
    <p class='ocr_par' dir='ltr' id='par_1_61' title="bbox 442 3882 2029 3962">
     <span class='ocr_line' id='line_1_61' title="bbox 442 3882 2029 3962; baseline -0.006 -17"><span class='ocrx_word' id='word_1_438' title='bbox 442 3882 540 3962; x_wconf 77' lang='lat' dir='ltr'><strong>que</strong></span> <span class='ocrx_word' id='word_1_439' title='bbox 567 3882 887 3943; x_wconf 74' lang='lat' dir='ltr'><strong>acerbissimo</strong></span> <span class='ocrx_word' id='word_1_440' title='bbox 916 3884 1338 3962; x_wconf 76' lang='lat' dir='ltr'><strong>acclamationum</strong></span> <span class='ocrx_word' id='word_1_441' title='bbox 1365 3899 1549 3962; x_wconf 73' lang='lat' dir='ltr'><strong>genere</strong></span> <span class='ocrx_word' id='word_1_442' title='bbox 1580 3882 2029 3962; x_wconf 66' lang='lat' dir='ltr'><strong>lacer-aret_,scaltt_s</strong></span> 
     </span>
    </p>
   </div>
   <div class='ocr_carea' id='block_1_62' title="bbox 442 3952 2022 4028">
    <p class='ocr_par' dir='ltr' id='par_1_62' title="bbox 442 3952 2022 4028">
     <span class='ocr_line' id='line_1_62' title="bbox 442 3952 2022 4028; baseline -0.007 -13"><span class='ocrx_word' id='word_1_443' title='bbox 442 3952 595 4015; x_wconf 75' lang='lat' dir='ltr'><strong>etiam</strong></span> <span class='ocrx_word' id='word_1_444' title='bbox 617 3958 816 4028; x_wconf 76' lang='lat' dir='ltr'><strong>inferri,</strong></span> <span class='ocrx_word' id='word_1_445' title='bbox 834 3957 1135 4028; x_wconf 79' lang='lat' dir='ltr'><strong>clypeosque</strong></span> <span class='ocrx_word' id='word_1_446' title='bbox 1155 3963 1199 4005; x_wconf 84' lang='lat' dir='ltr'><strong>et</strong></span> <span class='ocrx_word' id='word_1_447' title='bbox 1217 3954 1590 4028; x_wconf 78' lang='lat' dir='ltr'><strong>imaginesejus</strong></span> <span class='ocrx_word' id='word_1_448' title='bbox 1607 3969 1779 4028; x_wconf 88' lang='lat' dir='ltr'><strong>coram</strong></span> <span class='ocrx_word' id='word_1_449' title='bbox 1803 3952 2022 4028; x_wconf 78' lang='lat' dir='ltr'><strong>detralti,</strong></span> 
     </span>
    </p>
   </div>
   <div class='ocr_carea' id='block_1_63' title="bbox 442 4023 2029 4096">
    <p class='ocr_par' dir='ltr' id='par_1_63' title="bbox 442 4023 2029 4096">
     <span class='ocr_line' id='line_1_63' title="bbox 442 4023 2029 4096; baseline -0.008 -9"><span class='ocrx_word' id='word_1_450' title='bbox 442 4043 488 4087; x_wconf 85' lang='lat' dir='ltr'><strong>et</strong></span> <span class='ocrx_word' id='word_1_451' title='bbox 510 4023 693 4085; x_wconf 81' lang='lat' dir='ltr'><strong>ibidem</strong></span> <span class='ocrx_word' id='word_1_452' title='bbox 721 4029 831 4081; x_wconf 87' lang='lat' dir='ltr'><strong>solo</strong></span> <span class='ocrx_word' id='word_1_453' title='bbox 872 4023 1257 4096; x_wconf 76' lang='lat' dir='ltr'><strong>afﬁgijuberet,</strong></span> <span class='ocrx_word' id='word_1_454' title='bbox 1291 4023 1558 4076; x_wconf 85' lang='lat' dir='ltr'><strong>novissime</strong></span> <span class='ocrx_word' id='word_1_455' title='bbox 1593 4026 1872 4096; x_wconf 83' lang='lat' dir='ltr'><strong>eradendos</strong></span> <span class='ocrx_word' id='word_1_456' title='bbox 1914 4023 2029 4076; x_wconf 86' lang='lat' dir='ltr'><strong>ubi-</strong></span> 
     </span>
    </p>
   </div>
   <div class='ocr_carea' id='block_1_64' title="bbox 440 4094 2029 4171">
    <p class='ocr_par' dir='ltr' id='par_1_64' title="bbox 440 4094 2029 4171">
     <span class='ocr_line' id='line_1_64' title="bbox 440 4094 2029 4171; baseline -0.006 -16"><span class='ocrx_word' id='word_1_457' title='bbox 440 4120 538 4171; x_wconf 85' lang='lat' dir='ltr'><strong>que</strong></span> <span class='ocrx_word' id='word_1_458' title='bbox 568 4102 760 4164; x_wconf 87' lang='lat' dir='ltr'><strong>titulos,</strong></span> <span class='ocrx_word' id='word_1_459' title='bbox 816 4094 1215 4162; x_wconf 80' lang='lat' dir='ltr'><strong>abolendamque</strong></span> <span class='ocrx_word' id='word_1_460' title='bbox 1254 4108 1453 4146; x_wconf 88' lang='lat' dir='ltr'><strong>onmem</strong></span> <span class='ocrx_word' id='word_1_461' title='bbox 1472 4095 1766 4146; x_wconf 86' lang='lat' dir='ltr'><strong>memoriam</strong></span> <span class='ocrx_word' id='word_1_462' title='bbox 1792 4094 2029 4146; x_wconf 82' lang='lat' dir='ltr'><strong>decerne-</strong></span> 
     </span>
    </p>
   </div>
   <div class='ocr_carea' id='block_1_65' title="bbox 439 4172 855 4227">
    <p class='ocr_par' dir='ltr' id='par_1_65' title="bbox 439 4172 855 4227">
     <span class='ocr_line' id='line_1_65' title="bbox 439 4172 855 4227; baseline -0.012 -1"><span class='ocrx_word' id='word_1_463' title='bbox 439 4183 530 4227; x_wconf 85' lang='lat' dir='ltr'><strong>ret.</strong></span> <span class='ocrx_word' id='word_1_464' title='bbox 562 4174 636 4226; x_wconf 78' lang='lat' dir='ltr'><strong>Ex</strong></span> <span class='ocrx_word' id='word_1_465' title='bbox 658 4172 855 4225; x_wconf 72' lang='lat' dir='ltr'><strong>Dswz.</strong></span> 
     </span>
    </p>
   </div>
   <div class='ocr_carea' id='block_1_66' title="bbox 515 4236 1408 4313">
    <p class='ocr_par' dir='ltr' id='par_1_66' title="bbox 515 4236 1408 4313">
     <span class='ocr_line' id='line_1_66' title="bbox 515 4236 1408 4313; baseline -0.012 -17"><span class='ocrx_word' id='word_1_466' title='bbox 515 4243 856 4313; x_wconf 74' lang='lat' dir='ltr'><strong>eriuqueret.</strong></span> <span class='ocrx_word' id='word_1_467' title='bbox 886 4237 1010 4313; x_wconf 73' lang='lat' dir='ltr'><strong>Mss.</strong></span> <span class='ocrx_word' id='word_1_468' title='bbox 1054 4236 1408 4313; x_wconf 71' lang='lat' dir='ltr'><strong>relinquerent.</strong></span> 
     </span>
    </p>
   </div>
   <div class='ocr_carea' id='block_1_67' title="bbox 515 4304 2026 4375">
    <p class='ocr_par' dir='ltr' id='par_1_67' title="bbox 515 4304 2026 4375">
     <span class='ocr_line' id='line_1_67' title="bbox 515 4304 2026 4375; baseline -0.007 -6"><span class='ocrx_word' id='word_1_469' title='bbox 515 4304 855 4369; x_wconf 75' lang='lat' dir='ltr'><strong>Gravissimis.</strong></span> <span class='ocrx_word' id='word_1_470' title='bbox 891 4310 945 4364; x_wconf 91' lang='lat' dir='ltr'><strong>In</strong></span> <span class='ocrx_word' id='word_1_471' title='bbox 970 4323 1070 4362; x_wconf 90' lang='lat' dir='ltr'><strong>ms.</strong></span> <span class='ocrx_word' id='word_1_472' title='bbox 1101 4304 1201 4361; x_wconf 85' lang='lat' dir='ltr'><strong>est</strong></span> <span class='ocrx_word' id='word_1_473' title='bbox 1240 4304 1554 4375; x_wconf 82' lang='lat' dir='ltr'><strong>gravissime,</strong></span> <span class='ocrx_word' id='word_1_474' title='bbox 1578 4318 1700 4358; x_wconf 91' lang='lat' dir='ltr'><strong>cum</strong></span> <span class='ocrx_word' id='word_1_475' title='bbox 1731 4304 2026 4375; x_wconf 89' lang='lat' dir='ltr'><strong>majuseula</strong></span> 
     </span>
    </p>
   </div>
   <div class='ocr_carea' id='block_1_68' title="bbox 441 4378 1660 4450">
    <p class='ocr_par' dir='ltr' id='par_1_68' title="bbox 441 4378 1660 4450">
     <span class='ocr_line' id='line_1_68' title="bbox 441 4378 1660 4450; baseline -0.012 -8"><span class='ocrx_word' id='word_1_476' title='bbox 441 4387 627 4441; x_wconf 89' lang='lat' dir='ltr'><strong>initiali</strong></span> <span class='ocrx_word' id='word_1_477' title='bbox 659 4387 849 4448; x_wconf 89' lang='lat' dir='ltr'><strong>littera,</strong></span> <span class='ocrx_word' id='word_1_478' title='bbox 887 4378 1468 4450; x_wconf 58' lang='lat' dir='ltr'><strong>praecedentepuncto,</strong></span> <span class='ocrx_word' id='word_1_479' title='bbox 1502 4380 1660 4429; x_wconf 90' lang='lat' dir='ltr'><strong>male.</strong></span> 
     </span>
    </p>
   </div>
   <div class='ocr_carea' id='block_1_69' title="bbox 515 4445 1948 4522">
    <p class='ocr_par' dir='ltr' id='par_1_69' title="bbox 515 4445 1948 4522">
     <span class='ocr_line' id='line_1_69' title="bbox 515 4445 1948 4522; baseline -0.008 -12"><span class='ocrx_word' id='word_1_480' title='bbox 515 4456 756 4510; x_wconf 75' lang='lat' dir='ltr'><strong>Rcsrissis</strong></span> <span class='ocrx_word' id='word_1_481' title='bbox 777 4445 903 4506; x_wconf 80' lang='lat' dir='ltr'><strong>actis</strong></span> <span class='ocrx_word' id='word_1_482' title='bbox 931 4450 1155 4522; x_wconf 85' lang='lat' dir='ltr'><strong>tyranni.</strong></span> <span class='ocrx_word' id='word_1_483' title='bbox 1189 4447 1322 4502; x_wconf 83' lang='lat' dir='ltr'><strong>Vide</strong></span> <span class='ocrx_word' id='word_1_484' title='bbox 1344 4456 1675 4522; x_wconf 75' lang='lat' dir='ltr'><strong>supra,_not._</strong></span> <span class='ocrx_word' id='word_1_485' title='bbox 1713 4445 1781 4499; x_wconf 89' lang='lat' dir='ltr'><strong>ad</strong></span> <span class='ocrx_word' id='word_1_486' title='bbox 1812 4461 1860 4500; x_wconf 92' lang='lat' dir='ltr'><strong>c.</strong></span> <span class='ocrx_word' id='word_1_487' title='bbox 1896 4446 1948 4499; x_wconf 81' lang='lat' dir='ltr'><strong>l.</strong></span> 
     </span>
    </p>
   </div>
   <div class='ocr_carea' id='block_1_70' title="bbox 516 4517 2022 4583">
    <p class='ocr_par' dir='ltr' id='par_1_70' title="bbox 516 4517 2022 4583">
     <span class='ocr_line' id='line_1_70' title="bbox 516 4517 2022 4583; baseline -0.005 -3"><span class='ocrx_word' id='word_1_488' title='bbox 516 4526 633 4580; x_wconf 85' lang='lat' dir='ltr'><strong>Non</strong></span> <span class='ocrx_word' id='word_1_489' title='bbox 681 4535 895 4578; x_wconf 86' lang='lat' dir='ltr'><strong>tantum.</strong></span> <span class='ocrx_word' id='word_1_490' title='bbox 946 4517 1036 4575; x_wconf 86' lang='lat' dir='ltr'><strong>Sie</strong></span> <span class='ocrx_word' id='word_1_491' title='bbox 1083 4534 1182 4573; x_wconf 89' lang='lat' dir='ltr'><strong>ms.</strong></span> <span class='ocrx_word' id='word_1_492' title='bbox 1219 4519 1468 4571; x_wconf 80' lang='lat' dir='ltr'><strong>breviatis</strong></span> <span class='ocrx_word' id='word_1_493' title='bbox 1517 4518 1707 4571; x_wconf 75' lang='lat' dir='ltr'><strong>litteris</strong></span> <span class='ocrx_word' id='word_1_494' title='bbox 1738 4517 2022 4583; x_wconf 87' lang='lat' dir='ltr'><strong>ttm;atin</strong></span> 
     </span>
    </p>
   </div>
   <div class='ocr_carea' id='block_1_71' title="bbox 438 4589 1259 4657">
    <p class='ocr_par' dir='ltr' id='par_1_71' title="bbox 438 4589 1259 4657">
     <span class='ocr_line' id='line_1_71' title="bbox 438 4589 1259 4657; baseline -0.016 -4"><span class='ocrx_word' id='word_1_495' title='bbox 438 4600 595 4653; x_wconf 74' lang='lat' dir='ltr'><strong>editis</strong></span> <span class='ocrx_word' id='word_1_496' title='bbox 618 4610 733 4657; x_wconf 56' lang='lat' dir='ltr'><strong>Cal,</strong></span> <span class='ocrx_word' id='word_1_497' title='bbox 767 4611 867 4646; x_wconf 88' lang='lat' dir='ltr'><strong>non</strong></span> <span class='ocrx_word' id='word_1_498' title='bbox 900 4592 1070 4652; x_wconf 88' lang='lat' dir='ltr'><strong>modo,</strong></span> <span class='ocrx_word' id='word_1_499' title='bbox 1103 4589 1259 4642; x_wconf 89' lang='lat' dir='ltr'><strong>male.</strong></span> 
     </span>
    </p>
   </div>
   <div class='ocr_carea' id='block_1_72' title="bbox 514 4657 2022 4727">
    <p class='ocr_par' dir='ltr' id='par_1_72' title="bbox 514 4657 2022 4727">
     <span class='ocr_line' id='line_1_72' title="bbox 514 4657 2022 4727; baseline -0.005 -6"><span class='ocrx_word' id='word_1_500' title='bbox 514 4668 740 4720; x_wconf 73' lang='lat' dir='ltr'><strong>Ecclesia</strong></span> <span class='ocrx_word' id='word_1_501' title='bbox 768 4663 1012 4716; x_wconf 87' lang='lat' dir='ltr'><strong>restituta.</strong></span> <span class='ocrx_word' id='word_1_502' title='bbox 1031 4658 1216 4713; x_wconf 86' lang='lat' dir='ltr'><strong>Narrat</strong></span> <span class='ocrx_word' id='word_1_503' title='bbox 1244 4657 1341 4712; x_wconf 83' lang='lat' dir='ltr'><strong>Dio</strong></span> <span class='ocrx_word' id='word_1_504' title='bbox 1358 4658 1495 4724; x_wconf 88' lang='lat' dir='ltr'><strong>apud</strong></span> <span class='ocrx_word' id='word_1_505' title='bbox 1521 4657 1870 4727; x_wconf 80' lang='lat' dir='ltr'><strong>Xipltiliuum,</strong></span> <span class='ocrx_word' id='word_1_506' title='bbox 1891 4657 2022 4713; x_wconf 86' lang='lat' dir='ltr'><strong>Ner-</strong></span> 
     </span>
    </p>
   </div>
   <div class='ocr_carea' id='block_1_73' title="bbox 437 4728 2020 4803">
    <p class='ocr_par' dir='ltr' id='par_1_73' title="bbox 437 4728 2020 4803">
     <span class='ocr_line' id='line_1_73' title="bbox 437 4728 2020 4803; baseline -0.007 -11"><span class='ocrx_word' id='word_1_507' title='bbox 437 4756 555 4792; x_wconf 78' lang='lat' dir='ltr'><strong>Vam</strong></span> <span class='ocrx_word' id='word_1_508' title='bbox 585 4750 791 4798; x_wconf 86' lang='lat' dir='ltr'><strong>omnes,</strong></span> <span class='ocrx_word' id='word_1_509' title='bbox 842 4734 930 4803; x_wconf 87' lang='lat' dir='ltr'><strong>qui</strong></span> <span class='ocrx_word' id='word_1_510' title='bbox 975 4730 1261 4798; x_wconf 81' lang='lat' dir='ltr'><strong>impietatis</strong></span> <span class='ocrx_word' id='word_1_511' title='bbox 1302 4732 1352 4803; x_wconf 82' lang='lat' dir='ltr'><strong>in</strong></span> <span class='ocrx_word' id='word_1_512' title='bbox 1382 4729 1512 4803; x_wconf 84' lang='lat' dir='ltr'><strong>deos</strong></span> <span class='ocrx_word' id='word_1_513' title='bbox 1544 4731 1618 4783; x_wconf 87' lang='lat' dir='ltr'><strong>rei</strong></span> <span class='ocrx_word' id='word_1_514' title='bbox 1640 4728 1895 4803; x_wconf 63' lang='lat' dir='ltr'><strong>luerunt,</strong></span> <span class='ocrx_word' id='word_1_515' title='bbox 1923 4731 2020 4785; x_wconf 91' lang='lat' dir='ltr'><strong>ab-</strong></span> 
     </span>
    </p>
   </div>
   <div class='ocr_carea' id='block_1_74' title="bbox 436 4799 2020 4871">
    <p class='ocr_par' dir='ltr' id='par_1_74' title="bbox 436 4799 2020 4871">
     <span class='ocr_line' id='line_1_74' title="bbox 436 4799 2020 4871; baseline -0.006 -8"><span class='ocrx_word' id='word_1_516' title='bbox 436 4812 684 4869; x_wconf 83' lang='lat' dir='ltr'><strong>solvisse,</strong></span> <span class='ocrx_word' id='word_1_517' title='bbox 714 4799 901 4860; x_wconf 80' lang='lat' dir='ltr'><strong>exules</strong></span> <span class='ocrx_word' id='word_1_518' title='bbox 925 4804 976 4857; x_wconf 91' lang='lat' dir='ltr'><strong>in</strong></span> <span class='ocrx_word' id='word_1_519' title='bbox 1012 4805 1233 4871; x_wconf 77' lang='lat' dir='ltr'><strong>patriam</strong></span> <span class='ocrx_word' id='word_1_520' title='bbox 1261 4799 1559 4863; x_wconf 80' lang='lat' dir='ltr'><strong>reduxisse,</strong></span> <span class='ocrx_word' id='word_1_521' title='bbox 1590 4799 1768 4871; x_wconf 80' lang='lat' dir='ltr'><strong>edicto</strong></span> <span class='ocrx_word' id='word_1_522' title='bbox 1798 4800 2020 4869; x_wconf 81' lang='lat' dir='ltr'><strong>insuper</strong></span> 
     </span>
    </p>
   </div>
   <div class='ocr_carea' id='block_1_75' title="bbox 436 4869 2018 4941">
    <p class='ocr_par' dir='ltr' id='par_1_75' title="bbox 436 4869 2018 4941">
     <span class='ocr_line' id='line_1_75' title="bbox 436 4869 2018 4941; baseline -0.005 -8"><span class='ocrx_word' id='word_1_523' title='bbox 436 4883 688 4941; x_wconf 78' lang='lat' dir='ltr'><strong>vetuisse,</strong></span> <span class='ocrx_word' id='word_1_524' title='bbox 720 4892 786 4931; x_wconf 90' lang='lat' dir='ltr'><strong>ne</strong></span> <span class='ocrx_word' id='word_1_525' title='bbox 809 4878 891 4929; x_wconf 91' lang='lat' dir='ltr'><strong>cui</strong></span> <span class='ocrx_word' id='word_1_526' title='bbox 916 4869 1099 4928; x_wconf 84' lang='lat' dir='ltr'><strong>liceret</strong></span> <span class='ocrx_word' id='word_1_527' title='bbox 1116 4883 1201 4924; x_wconf 87' lang='lat' dir='ltr'><strong>aut</strong></span> <span class='ocrx_word' id='word_1_528' title='bbox 1231 4871 1516 4939; x_wconf 85' lang='lat' dir='ltr'><strong>impietatis</strong></span> <span class='ocrx_word' id='word_1_529' title='bbox 1542 4871 1656 4924; x_wconf 86' lang='lat' dir='ltr'><strong>sive</strong></span> <span class='ocrx_word' id='word_1_530' title='bbox 1675 4869 1908 4923; x_wconf 70' lang='lat' dir='ltr'><strong>iudaice</strong></span> <span class='ocrx_word' id='word_1_531' title='bbox 1930 4886 2018 4925; x_wconf 90' lang='lat' dir='ltr'><strong>se-</strong></span> 
     </span>
    </p>
   </div>
   <div class='ocr_carea' id='block_1_76' title="bbox 432 4941 2011 5024">
    <p class='ocr_par' dir='ltr' id='par_1_76' title="bbox 432 4941 2011 5024">
     <span class='ocr_line' id='line_1_76' title="bbox 432 4941 2011 5024; baseline -0.007 -18"><span class='ocrx_word' id='word_1_532' title='bbox 432 4952 667 5024; x_wconf 49' lang='lat' dir='ltr'><strong>etmlsic</strong></span> <span class='ocrx_word' id='word_1_533' title='bbox 689 4960 797 5024; x_wconf 80' lang='lat' dir='ltr'><strong>tum</strong></span> <span class='ocrx_word' id='word_1_534' title='bbox 821 4948 1082 5024; x_wconf 65' lang='lat' dir='ltr'><strong>vocabant</strong></span> <span class='ocrx_word' id='word_1_535' title='bbox 1107 4943 1419 5011; x_wconf 81' lang='lat' dir='ltr'><strong>religionem</strong></span> <span class='ocrx_word' id='word_1_536' title='bbox 1448 4941 1672 5024; x_wconf 70' lang='lat' dir='ltr'><strong>Qltristi)</strong></span> <span class='ocrx_word' id='word_1_537' title='bbox 1704 4941 2011 5009; x_wconf 87' lang='lat' dir='ltr'><strong>quempiam</strong></span> 
     </span>
    </p>
   </div>
   <div class='ocr_carea' id='block_1_77' title="bbox 432 5011 2012 5082">
    <p class='ocr_par' dir='ltr' id='par_1_77' title="bbox 432 5011 2012 5082">
     <span class='ocr_line' id='line_1_77' title="bbox 432 5011 2012 5082; baseline -0.008 -6"><span class='ocrx_word' id='word_1_538' title='bbox 432 5011 627 5077; x_wconf 74' lang='lat' dir='ltr'><strong>dehinc</strong></span> <span class='ocrx_word' id='word_1_539' title='bbox 659 5018 977 5074; x_wconf 90' lang='lat' dir='ltr'><strong>insimulari.</strong></span> <span class='ocrx_word' id='word_1_540' title='bbox 1019 5017 1088 5069; x_wconf 79' lang='lat' dir='ltr'><strong>Eu</strong></span> <span class='ocrx_word' id='word_1_541' title='bbox 1124 5030 1284 5082; x_wconf 84' lang='lat' dir='ltr'><strong>pnrrn</strong></span> <span class='ocrx_word' id='word_1_542' title='bbox 1319 5015 1601 5080; x_wconf 81' lang='lat' dir='ltr'><strong>occasione</strong></span> <span class='ocrx_word' id='word_1_543' title='bbox 1622 5011 1858 5067; x_wconf 86' lang='lat' dir='ltr'><strong>Joannes</strong></span> <span class='ocrx_word' id='word_1_544' title='bbox 1884 5028 2012 5082; x_wconf 87' lang='lat' dir='ltr'><strong>apo-</strong></span> 
     </span>
    </p>
   </div>
   <div class='ocr_carea' id='block_1_78' title="bbox 430 5082 2013 5160">
    <p class='ocr_par' dir='ltr' id='par_1_78' title="bbox 430 5082 2013 5160">
     <span class='ocr_line' id='line_1_78' title="bbox 430 5082 2013 5160; baseline -0.006 -13"><span class='ocrx_word' id='word_1_545' title='bbox 430 5094 621 5152; x_wconf 86' lang='lat' dir='ltr'><strong>stolus,</strong></span> <span class='ocrx_word' id='word_1_546' title='bbox 653 5092 740 5160; x_wconf 78' lang='lat' dir='ltr'><strong>qui</strong></span> <span class='ocrx_word' id='word_1_547' title='bbox 772 5090 823 5142; x_wconf 92' lang='lat' dir='ltr'><strong>in</strong></span> <span class='ocrx_word' id='word_1_548' title='bbox 848 5090 1067 5142; x_wconf 75' lang='lat' dir='ltr'><strong>l’ulmOtI</strong></span> <span class='ocrx_word' id='word_1_549' title='bbox 1093 5084 1317 5160; x_wconf 51' lang='lat' dir='ltr'><strong>ittsuﬁtm</strong></span> <span class='ocrx_word' id='word_1_550' title='bbox 1340 5100 1369 5138; x_wconf 91' lang='lat' dir='ltr'><strong>a</strong></span> <span class='ocrx_word' id='word_1_551' title='bbox 1403 5084 1702 5136; x_wconf 84' lang='lat' dir='ltr'><strong>Domitiano</strong></span> <span class='ocrx_word' id='word_1_552' title='bbox 1730 5082 1901 5136; x_wconf 83' lang='lat' dir='ltr'><strong>fuerat</strong></span> <span class='ocrx_word' id='word_1_553' title='bbox 1928 5099 2013 5137; x_wconf 90' lang='lat' dir='ltr'><strong>re-</strong></span> 
     </span>
    </p>
   </div>
   <div class='ocr_carea' id='block_1_79' title="bbox 429 5154 2013 5235">
    <p class='ocr_par' dir='ltr' id='par_1_79' title="bbox 429 5154 2013 5235">
     <span class='ocr_line' id='line_1_79' title="bbox 429 5154 2013 5235; baseline -0.007 -16"><span class='ocrx_word' id='word_1_554' title='bbox 429 5154 683 5235; x_wconf 53' lang='lat' dir='ltr'><strong>legatus,</strong></span> <span class='ocrx_word' id='word_1_555' title='bbox 733 5162 897 5214; x_wconf 84' lang='lat' dir='ltr'><strong>exilio</strong></span> <span class='ocrx_word' id='word_1_556' title='bbox 932 5159 1157 5235; x_wconf 76' lang='lat' dir='ltr'><strong>solutus,</strong></span> <span class='ocrx_word' id='word_1_557' title='bbox 1209 5154 1478 5235; x_wconf 77' lang='lat' dir='ltr'><strong>Ephesum</strong></span> <span class='ocrx_word' id='word_1_558' title='bbox 1498 5163 1924 5235; x_wconf 34' lang='lat' dir='ltr'><strong>“rever‘susnest,</strong></span> <span class='ocrx_word' id='word_1_559' title='bbox 1954 5164 2013 5208; x_wconf 90' lang='lat' dir='ltr'><strong>ut</strong></span> 
     </span>
    </p>
   </div>
   <div class='ocr_carea' id='block_1_80' title="bbox 425 5224 2008 5301">
    <p class='ocr_par' dir='ltr' id='par_1_80' title="bbox 425 5224 2008 5301">
     <span class='ocr_line' id='line_1_80' title="bbox 425 5224 2008 5301; baseline -0.009 -10"><span class='ocrx_word' id='word_1_560' title='bbox 425 5224 509 5291; x_wconf 44' lang='lat' dir='ltr'><strong>ex”</strong></span> <span class='ocrx_word' id='word_1_561' title='bbox 534 5224 806 5301; x_wconf 61' lang='lat' dir='ltr'><strong>metuente</strong></span> <span class='ocrx_word' id='word_1_562' title='bbox 840 5228 1201 5284; x_wconf 75' lang='lat' dir='ltr'><strong>Alexandrino</strong></span> <span class='ocrx_word' id='word_1_563' title='bbox 1260 5228 1442 5281; x_wconf 86' lang='lat' dir='ltr'><strong>recitat</strong></span> <span class='ocrx_word' id='word_1_564' title='bbox 1497 5224 1757 5279; x_wconf 75' lang='lat' dir='ltr'><strong>Eusebius</strong></span> <span class='ocrx_word' id='word_1_565' title='bbox 1800 5225 1889 5279; x_wconf 92' lang='lat' dir='ltr'><strong>lib.</strong></span> <span class='ocrx_word' id='word_1_566' title='bbox 1930 5240 2008 5288; x_wconf 91' lang='lat' dir='ltr'><strong>Ill,</strong></span> 
     </span>
    </p>
   </div>
   <div class='ocr_carea' id='block_1_81' title="bbox 420 5306 1409 5362">
    <p class='ocr_par' dir='ltr' id='par_1_81' title="bbox 420 5306 1409 5362">
     <span class='ocr_line' id='line_1_81' title="bbox 420 5306 1409 5362; baseline -0.006 0"><span class='ocrx_word' id='word_1_567' title='bbox 420 5322 539 5362; x_wconf 83' lang='lat' dir='ltr'><strong>can.</strong></span> <span class='ocrx_word' id='word_1_568' title='bbox 562 5306 652 5359; x_wconf 72' lang='lat'><strong>25.</strong></span> <span class='ocrx_word' id='word_1_569' title='bbox 1392 5330 1409 5344; x_wconf 87' lang='lat'><strong>-</strong></span> 
     </span>
    </p>
   </div>
   <div class='ocr_carea' id='block_1_82' title="bbox 488 5322 2007 5440">
    <p class='ocr_par' dir='ltr' id='par_1_82' title="bbox 488 5322 2007 5440">
     <span class='ocr_line' id='line_1_82' title="bbox 488 5322 2007 5440; baseline -0.007 -9"><span class='ocrx_word' id='word_1_570' title='bbox 488 5322 753 5430; x_wconf 49' lang='lat' dir='ltr'><strong>liiziianc</strong></span> <span class='ocrx_word' id='word_1_571' title='bbox 782 5369 1211 5440; x_wconf 91' lang='lat' dir='ltr'><strong>conjunctionem</strong></span> <span class='ocrx_word' id='word_1_572' title='bbox 1230 5367 1575 5422; x_wconf 81' lang='lat' dir='ltr'><strong>llenmannus</strong></span> <span class='ocrx_word' id='word_1_573' title='bbox 1595 5375 1745 5435; x_wconf 88' lang='lat' dir='ltr'><strong>putat</strong></span> <span class='ocrx_word' id='word_1_574' title='bbox 1765 5379 1887 5420; x_wconf 85' lang='lat' dir='ltr'><strong>esse</strong></span> <span class='ocrx_word' id='word_1_575' title='bbox 1907 5364 2007 5420; x_wconf 85' lang='lat' dir='ltr'><strong>de-</strong></span> 
     </span>
    </p>
   </div>
   <div class='ocr_carea' id='block_1_83' title="bbox 425 5440 1287 5504">
    <p class='ocr_par' dir='ltr' id='par_1_83' title="bbox 425 5440 1287 5504">
     <span class='ocr_line' id='line_1_83' title="bbox 425 5440 1287 5504; baseline -0.015 -1"><span class='ocrx_word' id='word_1_576' title='bbox 425 5450 633 5504; x_wconf 84' lang='lat' dir='ltr'><strong>lendam</strong></span> <span class='ocrx_word' id='word_1_577' title='bbox 660 5454 716 5497; x_wconf 91' lang='lat' dir='ltr'><strong>ut</strong></span> <span class='ocrx_word' id='word_1_578' title='bbox 738 5443 930 5495; x_wconf 89' lang='lat' dir='ltr'><strong>melius</strong></span> <span class='ocrx_word' id='word_1_579' title='bbox 953 5440 1079 5495; x_wconf 80' lang='lat' dir='ltr'><strong>[luat</strong></span> <span class='ocrx_word' id='word_1_580' title='bbox 1098 5440 1287 5494; x_wconf 89' lang='lat' dir='ltr'><strong>oratio.</strong></span> 
     </span>
    </p>
   </div>
   <div class='ocr_carea' id='block_1_84' title="bbox 496 5504 2002 5585">
    <p class='ocr_par' dir='ltr' id='par_1_84' title="bbox 496 5504 2002 5585">
     <span class='ocr_line' id='line_1_84' title="bbox 496 5504 2002 5585; baseline -0.011 -12"><span class='ocrx_word' id='word_1_581' title='bbox 496 5518 625 5573; x_wconf 82' lang='lat' dir='ltr'><strong>Boni</strong></span> <span class='ocrx_word' id='word_1_582' title='bbox 674 5509 1251 5585; x_wconf 74' lang='lat' dir='ltr'><strong>principes._Qnatnvis</strong></span> <span class='ocrx_word' id='word_1_583' title='bbox 1306 5507 1514 5585; x_wconf 70' lang='lat' dir='ltr'><strong>pagani,</strong></span> <span class='ocrx_word' id='word_1_584' title='bbox 1548 5504 2002 5585; x_wconf 77' lang='lat' dir='ltr'><strong>scilicet_N_erva,</strong></span> 
     </span>
    </p>
   </div>
   <div class='ocr_carea' id='block_1_85' title="bbox 425 5577 2004 5667">
    <p class='ocr_par' dir='ltr' id='par_1_85' title="bbox 425 5577 2004 5667">
     <span class='ocr_line' id='line_1_85' title="bbox 425 5577 2004 5667; baseline -0.009 -22"><span class='ocrx_word' id='word_1_585' title='bbox 425 5592 467 5645; x_wconf 88' lang='grc' dir='ltr'><strong>Τ</strong></span> <span class='ocrx_word' id='word_1_586' title='bbox 474 5592 578 5667; x_wconf 83' lang='lat' dir='ltr'><strong>raja</strong></span> <span class='ocrx_word' id='word_1_587' title='bbox 588 5577 706 5650; x_wconf 80' lang='lat' dir='ltr'><strong>nus,</strong></span> <span class='ocrx_word' id='word_1_588' title='bbox 722 5577 995 5667; x_wconf 79' lang='lat' dir='ltr'><strong>Antonini,</strong></span> <span class='ocrx_word' id='word_1_589' title='bbox 1011 5593 1140 5667; x_wconf 63' lang='lat' dir='ltr'><strong>etc,</strong></span> <span class='ocrx_word' id='word_1_590' title='bbox 1165 5577 1450 5660; x_wconf 71' lang='lat' dir='ltr'><strong>quietlicta</strong></span> <span class='ocrx_word' id='word_1_591' title='bbox 1469 5587 1667 5667; x_wconf 40' lang='lat' dir='ltr'><strong>contra.</strong></span> <span class='ocrx_word' id='word_1_592' title='bbox 1678 5577 2004 5667; x_wconf 54' lang='lat' dir='ltr'><strong>Icltristianos</strong></span> 
     </span>
    </p>
   </div>
   <div class='ocr_carea' id='block_1_86' title="bbox 423 5648 2001 5728">
    <p class='ocr_par' dir='ltr' id='par_1_86' title="bbox 423 5648 2001 5728">
     <span class='ocr_line' id='line_1_86' title="bbox 423 5648 2001 5728; baseline -0.009 -12"><span class='ocrx_word' id='word_1_593' title='bbox 423 5648 545 5716; x_wconf 59' lang='lat' dir='ltr'><strong>nonv</strong></span> <span class='ocrx_word' id='word_1_594' title='bbox 576 5648 998 5728; x_wconf 81' lang='lat' dir='ltr'><strong>pronudgarunt.</strong></span> <span class='ocrx_word' id='word_1_595' title='bbox 1040 5648 1430 5728; x_wconf 84' lang='lat' dir='ltr'><strong>Lactantius</strong></span> <span class='ocrx_word' id='word_1_596' title='bbox 1485 5650 1591 5728; x_wconf 79' lang='lat' dir='ltr'><strong>line</strong></span> <span class='ocrx_word' id='word_1_597' title='bbox 1636 5648 1757 5701; x_wconf 90' lang='lat' dir='ltr'><strong>libri</strong></span> <span class='ocrx_word' id='word_1_598' title='bbox 1785 5648 2001 5716; x_wconf 86' lang='lat' dir='ltr'><strong>septimi</strong></span> 
     </span>
    </p>
   </div>
   <div class='ocr_carea' id='block_1_87' title="bbox 424 5718 2000 5788">
    <p class='ocr_par' dir='ltr' id='par_1_87' title="bbox 424 5718 2000 5788">
     <span class='ocr_line' id='line_1_87' title="bbox 424 5718 2000 5788; baseline -0.011 0"><span class='ocrx_word' id='word_1_599' title='bbox 424 5732 540 5788; x_wconf 86' lang='lat' dir='ltr'><strong>Div.</strong></span> <span class='ocrx_word' id='word_1_600' title='bbox 569 5718 744 5785; x_wconf 73' lang='lat' dir='ltr'><strong>instit.</strong></span> <span class='ocrx_word' id='word_1_601' title='bbox 774 5718 839 5780; x_wconf 67' lang='lat' dir='ltr'><strong>ad</strong></span> <span class='ocrx_word' id='word_1_602' title='bbox 872 5724 1276 5779; x_wconf 72' lang='lat' dir='ltr'><strong>Constantinum</strong></span> <span class='ocrx_word' id='word_1_603' title='bbox 1312 5736 1324 5772; x_wconf 91' lang='lat'><strong>:</strong></span> <span class='ocrx_word' id='word_1_604' title='bbox 1354 5718 1608 5787; x_wconf 81' lang='lat' dir='ltr'><strong>Quoniam</strong></span> <span class='ocrx_word' id='word_1_605' title='bbox 1634 5735 1771 5772; x_wconf 86' lang='lat' dir='ltr'><strong>unus</strong></span> <span class='ocrx_word' id='word_1_606' title='bbox 1799 5733 1865 5772; x_wconf 77' lang='lat' dir='ltr'><strong>ex</strong></span> <span class='ocrx_word' id='word_1_607' title='bbox 1887 5734 2000 5771; x_wconf 84' lang='lat' dir='ltr'><strong>om-</strong></span> 
     </span>
    </p>
   </div>
   <div class='ocr_carea' id='block_1_88' title="bbox 412 5790 1995 5871">
    <p class='ocr_par' dir='ltr' id='par_1_88' title="bbox 412 5790 1995 5871">
     <span class='ocr_line' id='line_1_88' title="bbox 412 5790 1995 5871; baseline -0.008 -12"><span class='ocrx_word' id='word_1_608' title='bbox 412 5803 560 5860; x_wconf 79' lang='lat' dir='ltr'><strong>nibus</strong></span> <span class='ocrx_word' id='word_1_609' title='bbox 578 5797 807 5869; x_wconf 68' lang='lat' dir='ltr'><strong>extitisti,</strong></span> <span class='ocrx_word' id='word_1_610' title='bbox 824 5796 911 5871; x_wconf 86' lang='lat' dir='ltr'><strong>qui</strong></span> <span class='ocrx_word' id='word_1_611' title='bbox 934 5798 1194 5870; x_wconf 55' lang='lat' dir='ltr'><strong>praecipua</strong></span> <span class='ocrx_word' id='word_1_612' title='bbox 1222 5791 1419 5849; x_wconf 78' lang='lat' dir='ltr'><strong>uirtutis</strong></span> <span class='ocrx_word' id='word_1_613' title='bbox 1447 5799 1495 5847; x_wconf 88' lang='lat' dir='ltr'><strong>et</strong></span> <span class='ocrx_word' id='word_1_614' title='bbox 1517 5790 1802 5847; x_wconf 83' lang='lat' dir='ltr'><strong>sanctitatis</strong></span> <span class='ocrx_word' id='word_1_615' title='bbox 1824 5804 1995 5846; x_wconf 76' lang='lat' dir='ltr'><strong>exem-</strong></span> 
     </span>
    </p>
   </div>
   <div class='ocr_carea' id='block_1_89' title="bbox 2154 1974 3757 2042">
    <p class='ocr_par' dir='ltr' id='par_1_89' title="bbox 2154 1974 3757 2042">
     <span class='ocr_line' id='line_1_89' title="bbox 2154 1974 3757 2042; baseline 0.003 -14"><span class='ocrx_word' id='word_1_616' title='bbox 2154 1991 2255 2036; x_wconf 87' lang='lat' dir='ltr'><strong>res,</strong></span> <span class='ocrx_word' id='word_1_617' title='bbox 2286 1975 2374 2028; x_wconf 92' lang='lat' dir='ltr'><strong>sed</strong></span> <span class='ocrx_word' id='word_1_618' title='bbox 2414 1974 2588 2034; x_wconf 89' lang='lat' dir='ltr'><strong>etiam,</strong></span> <span class='ocrx_word' id='word_1_619' title='bbox 2619 1974 2756 2041; x_wconf 89' lang='lat' dir='ltr'><strong>quod</strong></span> <span class='ocrx_word' id='word_1_620' title='bbox 2781 1984 2853 2028; x_wconf 86' lang='lat' dir='ltr'><strong>est</strong></span> <span class='ocrx_word' id='word_1_621' title='bbox 2880 1975 3180 2038; x_wconf 60' lang='lat' dir='ltr'><strong>maximum,</strong></span> <span class='ocrx_word' id='word_1_622' title='bbox 3210 1978 3518 2042; x_wconf 79' lang='lat' dir='ltr'><strong>prwterires,</strong></span> <span class='ocrx_word' id='word_1_623' title='bbox 3542 1983 3647 2030; x_wconf 85' lang='lat' dir='ltr'><strong>etc.</strong></span> <span class='ocrx_word' id='word_1_624' title='bbox 3679 1978 3757 2033; x_wconf 90' lang='lat' dir='ltr'><strong>De</strong></span> 
     </span>
    </p>
   </div>
   <div class='ocr_carea' id='block_1_90' title="bbox 2158 2044 3755 2114">
    <p class='ocr_par' dir='ltr' id='par_1_90' title="bbox 2158 2044 3755 2114">
     <span class='ocr_line' id='line_1_90' title="bbox 2158 2044 3755 2114; baseline 0.003 -16"><span class='ocrx_word' id='word_1_625' title='bbox 2158 2045 2312 2099; x_wconf 87' lang='lat' dir='ltr'><strong>bonis</strong></span> <span class='ocrx_word' id='word_1_626' title='bbox 2338 2045 2700 2113; x_wconf 84' lang='lat' dir='ltr'><strong>Principibus,</strong></span> <span class='ocrx_word' id='word_1_627' title='bbox 2733 2047 2821 2114; x_wconf 88' lang='lat' dir='ltr'><strong>qui</strong></span> <span class='ocrx_word' id='word_1_628' title='bbox 2851 2054 2907 2099; x_wconf 90' lang='lat' dir='ltr'><strong>et</strong></span> <span class='ocrx_word' id='word_1_629' title='bbox 2935 2046 3238 2099; x_wconf 86' lang='lat' dir='ltr'><strong>libertatem</strong></span> <span class='ocrx_word' id='word_1_630' title='bbox 3266 2044 3521 2099; x_wconf 89' lang='lat' dir='ltr'><strong>credendi</strong></span> <span class='ocrx_word' id='word_1_631' title='bbox 3549 2047 3755 2103; x_wconf 80' lang='lat' dir='ltr'><strong>nostris</strong></span> 
     </span>
    </p>
   </div>
   <div class='ocr_carea' id='block_1_91' title="bbox 2156 2114 3753 2186">
    <p class='ocr_par' dir='ltr' id='par_1_91' title="bbox 2156 2114 3753 2186">
     <span class='ocr_line' id='line_1_91' title="bbox 2156 2114 3753 2186; baseline 0.001 -16"><span class='ocrx_word' id='word_1_632' title='bbox 2156 2115 2465 2170; x_wconf 89' lang='lat' dir='ltr'><strong>hominibus</strong></span> <span class='ocrx_word' id='word_1_633' title='bbox 2496 2116 2877 2184; x_wconf 88' lang='lat' dir='ltr'><strong>permiserunt,</strong></span> <span class='ocrx_word' id='word_1_634' title='bbox 2907 2124 2964 2169; x_wconf 90' lang='lat' dir='ltr'><strong>et</strong></span> <span class='ocrx_word' id='word_1_635' title='bbox 3015 2129 3200 2169; x_wconf 87' lang='lat' dir='ltr'><strong>eorum</strong></span> <span class='ocrx_word' id='word_1_636' title='bbox 3238 2114 3538 2169; x_wconf 87' lang='lat' dir='ltr'><strong>ministerio</strong></span> <span class='ocrx_word' id='word_1_637' title='bbox 3569 2117 3620 2170; x_wconf 92' lang='lat' dir='ltr'><strong>in</strong></span> <span class='ocrx_word' id='word_1_638' title='bbox 3653 2132 3753 2186; x_wconf 84' lang='lat' dir='ltr'><strong>pa-</strong></span> 
     </span>
    </p>
   </div>
   <div class='ocr_carea' id='block_1_92' title="bbox 2156 2185 3753 2255">
    <p class='ocr_par' dir='ltr' id='par_1_92' title="bbox 2156 2185 3753 2255">
     <span class='ocr_line' id='line_1_92' title="bbox 2156 2185 3753 2255; baseline 0.001 -15"><span class='ocrx_word' id='word_1_639' title='bbox 2156 2186 2285 2240; x_wconf 89' lang='lat' dir='ltr'><strong>latio</strong></span> <span class='ocrx_word' id='word_1_640' title='bbox 2312 2199 2364 2240; x_wconf 92' lang='lat' dir='ltr'><strong>et</strong></span> <span class='ocrx_word' id='word_1_641' title='bbox 2392 2186 2445 2240; x_wconf 91' lang='lat' dir='ltr'><strong>iu</strong></span> <span class='ocrx_word' id='word_1_642' title='bbox 2471 2187 2766 2255; x_wconf 89' lang='lat' dir='ltr'><strong>provinciis</strong></span> <span class='ocrx_word' id='word_1_643' title='bbox 2795 2185 2876 2241; x_wconf 90' lang='lat' dir='ltr'><strong>usi</strong></span> <span class='ocrx_word' id='word_1_644' title='bbox 2905 2197 3269 2254; x_wconf 86' lang='lat' dir='ltr'><strong>sunt,eusque</strong></span> <span class='ocrx_word' id='word_1_645' title='bbox 3294 2185 3361 2240; x_wconf 91' lang='lat' dir='ltr'><strong>ad</strong></span> <span class='ocrx_word' id='word_1_646' title='bbox 3382 2186 3645 2241; x_wconf 81' lang='lat' dir='ltr'><strong>maximas</strong></span> <span class='ocrx_word' id='word_1_647' title='bbox 3662 2189 3753 2242; x_wconf 86' lang='lat' dir='ltr'><strong>di-</strong></span> 
     </span>
    </p>
   </div>
   <div class='ocr_carea' id='block_1_93' title="bbox 2153 2257 3743 2326">
    <p class='ocr_par' dir='ltr' id='par_1_93' title="bbox 2153 2257 3743 2326">
     <span class='ocr_line' id='line_1_93' title="bbox 2153 2257 3743 2326; baseline 0.003 -16"><span class='ocrx_word' id='word_1_648' title='bbox 2153 2259 2385 2326; x_wconf 80' lang='lat' dir='ltr'><strong>gnitates</strong></span> <span class='ocrx_word' id='word_1_649' title='bbox 2433 2267 2756 2321; x_wconf 76' lang='lat' dir='ltr'><strong>evexeruut,</strong></span> <span class='ocrx_word' id='word_1_650' title='bbox 2789 2258 3051 2312; x_wconf 87' lang='lat' dir='ltr'><strong>videndus</strong></span> <span class='ocrx_word' id='word_1_651' title='bbox 3107 2257 3369 2311; x_wconf 79' lang='lat' dir='ltr'><strong>Eusebius</strong></span> <span class='ocrx_word' id='word_1_652' title='bbox 3406 2257 3576 2317; x_wconf 81' lang='lat' dir='ltr'><strong>initio</strong></span> <span class='ocrx_word' id='word_1_653' title='bbox 3618 2260 3743 2315; x_wconf 85' lang='lat' dir='ltr'><strong>libri</strong></span> 
     </span>
    </p>
   </div>
   <div class='ocr_carea' id='block_1_94' title="bbox 2153 2327 3742 2397">
    <p class='ocr_par' dir='ltr' id='par_1_94' title="bbox 2153 2327 3742 2397">
     <span class='ocr_line' id='line_1_94' title="bbox 2153 2327 3742 2397; baseline 0.004 -17"><span class='ocrx_word' id='word_1_654' title='bbox 2153 2344 2243 2383; x_wconf 87' lang='lat' dir='ltr'><strong>vut</strong></span> <span class='ocrx_word' id='word_1_655' title='bbox 2276 2329 2474 2383; x_wconf 84' lang='lat' dir='ltr'><strong>Histor.</strong></span> <span class='ocrx_word' id='word_1_656' title='bbox 2501 2328 2699 2383; x_wconf 87' lang='lat' dir='ltr'><strong>cccles.</strong></span> <span class='ocrx_word' id='word_1_657' title='bbox 2726 2327 3146 2383; x_wconf 54' lang='lat' dir='ltr'><strong>Dawn—Boni</strong></span> <span class='ocrx_word' id='word_1_658' title='bbox 3175 2329 3445 2396; x_wconf 85' lang='lat' dir='ltr'><strong>principes.</strong></span> <span class='ocrx_word' id='word_1_659' title='bbox 3469 2327 3742 2397; x_wconf 86' lang='lat' dir='ltr'><strong>Zozimus,</strong></span> 
     </span>
    </p>
   </div>
   <div class='ocr_carea' id='block_1_95' title="bbox 2150 2398 3751 2478">
    <p class='ocr_par' dir='ltr' id='par_1_95' title="bbox 2150 2398 3751 2478">
     <span class='ocr_line' id='line_1_95' title="bbox 2150 2398 3751 2478; baseline 0.004 -26"><span class='ocrx_word' id='word_1_660' title='bbox 2150 2399 2393 2478; x_wconf 42' lang='lat' dir='ltr'><strong>l_ib._l,_‘c.</strong></span> <span class='ocrx_word' id='word_1_661' title='bbox 2493 2418 2507 2452; x_wconf 87' lang='lat'>:</span> <span class='ocrx_word' id='word_1_662' title='bbox 2533 2398 2613 2478; x_wconf 81' lang='lat' dir='ltr'><strong>_Ab</strong></span> <span class='ocrx_word' id='word_1_663' title='bbox 2636 2400 2731 2452; x_wconf 80' lang='lat' dir='ltr'><strong>ltoc</strong></span> <span class='ocrx_word' id='word_1_664' title='bbox 2759 2401 3114 2478; x_wconf 52' lang='lat' dir='ltr'><strong>terimur-amri</strong></span> <span class='ocrx_word' id='word_1_665' title='bbox 3152 2401 3270 2478; x_wconf 65' lang='lat' dir='ltr'><strong>boni</strong></span> <span class='ocrx_word' id='word_1_666' title='bbox 3301 2398 3546 2478; x_wconf 67' lang='grc' dir='ltr'><strong>(ξντεῦθεν</strong></span> <span class='ocrx_word' id='word_1_667' title='bbox 3566 2398 3751 2478; x_wconf 76' lang='grc' dir='ltr'><strong>ἄνδρες</strong></span> 
     </span>
    </p>
   </div>
   <div class='ocr_carea' id='block_1_96' title="bbox 2148 2469 3747 2544">
    <p class='ocr_par' dir='ltr' id='par_1_96' title="bbox 2148 2469 3747 2544">
     <span class='ocr_line' id='line_1_96' title="bbox 2148 2469 3747 2544; baseline 0.001 -19"><span class='ocrx_word' id='word_1_668' title='bbox 2148 2469 2722 2544; x_wconf 59' lang='lat' dir='ltr'><strong>éyaboilprincipatum</strong></span> <span class='ocrx_word' id='word_1_669' title='bbox 2752 2472 2947 2537; x_wconf 85' lang='lat' dir='ltr'><strong>adepti,</strong></span> <span class='ocrx_word' id='word_1_670' title='bbox 2978 2469 3171 2544; x_wconf 48' lang='lat' dir='ltr'><strong>Ajcrva,</strong></span> <span class='ocrx_word' id='word_1_671' title='bbox 3218 2469 3504 2544; x_wconf 83' lang='lat' dir='ltr'><strong>Trajanus,</strong></span> <span class='ocrx_word' id='word_1_672' title='bbox 3538 2483 3585 2524; x_wconf 89' lang='lat' dir='ltr'><strong>et</strong></span> <span class='ocrx_word' id='word_1_673' title='bbox 3626 2469 3747 2539; x_wconf 73' lang='lat' dir='ltr'><strong>p&#39;ost</strong></span> 
     </span>
    </p>
   </div>
   <div class='ocr_carea' id='block_1_97' title="bbox 2146 2540 3746 2610">
    <p class='ocr_par' dir='ltr' id='par_1_97' title="bbox 2146 2540 3746 2610">
     <span class='ocr_line' id='line_1_97' title="bbox 2146 2540 3746 2610; baseline 0.003 -17"><span class='ocrx_word' id='word_1_674' title='bbox 2146 2540 2261 2593; x_wconf 78' lang='lat' dir='ltr'><strong>eain</strong></span> <span class='ocrx_word' id='word_1_675' title='bbox 2291 2541 2549 2594; x_wconf 84' lang='lat' dir='ltr'><strong>Adrianus</strong></span> <span class='ocrx_word' id='word_1_676' title='bbox 2580 2551 2625 2594; x_wconf 84' lang='lat' dir='ltr'><strong>et</strong></span> <span class='ocrx_word' id='word_1_677' title='bbox 2672 2543 2958 2595; x_wconf 81' lang='lat' dir='ltr'><strong>Antoninus</strong></span> <span class='ocrx_word' id='word_1_678' title='bbox 2994 2540 3121 2593; x_wconf 84' lang='lat' dir='ltr'><strong>Pius</strong></span> <span class='ocrx_word' id='word_1_679' title='bbox 3149 2550 3196 2595; x_wconf 86' lang='lat' dir='ltr'><strong>et</strong></span> <span class='ocrx_word' id='word_1_680' title='bbox 3232 2558 3326 2610; x_wconf 83' lang='lat' dir='ltr'><strong>par</strong></span> <span class='ocrx_word' id='word_1_681' title='bbox 3354 2542 3484 2595; x_wconf 88' lang='lat' dir='ltr'><strong>illud</strong></span> <span class='ocrx_word' id='word_1_682' title='bbox 3524 2544 3746 2610; x_wconf 80' lang='lat' dir='ltr'><strong>fratrum</strong></span> 
     </span>
    </p>
   </div>
   <div class='ocr_carea' id='block_1_98' title="bbox 2158 2609 3744 2683">
    <p class='ocr_par' dir='ltr' id='par_1_98' title="bbox 2158 2609 3744 2683">
     <span class='ocr_line' id='line_1_98' title="bbox 2158 2609 3744 2683; baseline 0.003 -19"><span class='ocrx_word' id='word_1_683' title='bbox 2158 2609 2316 2666; x_wconf 82' lang='lat' dir='ltr'><strong>Verus</strong></span> <span class='ocrx_word' id='word_1_684' title='bbox 2370 2624 2522 2683; x_wconf 88' lang='lat' dir='ltr'><strong>atque</strong></span> <span class='ocrx_word' id='word_1_685' title='bbox 2559 2610 2783 2683; x_wconf 80' lang='lat' dir='ltr'><strong>Lucius,</strong></span> <span class='ocrx_word' id='word_1_686' title='bbox 2815 2612 2979 2665; x_wconf 88' lang='lat' dir='ltr'><strong>multa</strong></span> <span class='ocrx_word' id='word_1_687' title='bbox 3034 2613 3208 2665; x_wconf 83' lang='lat' dir='ltr'><strong>uitiata</strong></span> <span class='ocrx_word' id='word_1_688' title='bbox 3234 2609 3602 2667; x_wconf 73' lang='lat' dir='ltr'><strong>correxerunt.</strong></span> <span class='ocrx_word' id='word_1_689' title='bbox 3634 2615 3744 2669; x_wconf 83' lang='lat' dir='ltr'><strong>La-</strong></span> 
     </span>
    </p>
   </div>
   <div class='ocr_carea' id='block_1_99' title="bbox 2145 2682 3744 2753">
    <p class='ocr_par' dir='ltr' id='par_1_99' title="bbox 2145 2682 3744 2753">
     <span class='ocr_line' id='line_1_99' title="bbox 2145 2682 3744 2753; baseline 0.004 -17"><span class='ocrx_word' id='word_1_690' title='bbox 2145 2684 2398 2746; x_wconf 89' lang='lat' dir='ltr'><strong>ctantius,</strong></span> <span class='ocrx_word' id='word_1_691' title='bbox 2430 2682 2465 2736; x_wconf 92' lang='lat' dir='ltr'><strong>l.</strong></span> <span class='ocrx_word' id='word_1_692' title='bbox 2520 2699 2612 2748; x_wconf 90' lang='lat' dir='ltr'><strong>vn,</strong></span> <span class='ocrx_word' id='word_1_693' title='bbox 2642 2698 2694 2737; x_wconf 89' lang='lat' dir='ltr'><strong>c.</strong></span> <span class='ocrx_word' id='word_1_694' title='bbox 2725 2682 2812 2749; x_wconf 77' lang='lat' dir='ltr'><strong>l6,</strong></span> <span class='ocrx_word' id='word_1_695' title='bbox 2847 2686 2898 2738; x_wconf 89' lang='lat' dir='ltr'><strong>in</strong></span> <span class='ocrx_word' id='word_1_696' title='bbox 2929 2685 3091 2745; x_wconf 87' lang='lat' dir='ltr'><strong>notis,</strong></span> <span class='ocrx_word' id='word_1_697' title='bbox 3126 2684 3286 2737; x_wconf 79' lang='lat' dir='ltr'><strong>liabet</strong></span> <span class='ocrx_word' id='word_1_698' title='bbox 3327 2686 3602 2753; x_wconf 81' lang='lat' dir='ltr'><strong>egregium</strong></span> <span class='ocrx_word' id='word_1_699' title='bbox 3661 2689 3744 2741; x_wconf 82' lang='lat' dir='ltr'><strong>lo-</strong></span> 
     </span>
    </p>
   </div>
   <div class='ocr_carea' id='block_1_100' title="bbox 2145 2753 3740 2824">
    <p class='ocr_par' dir='ltr' id='par_1_100' title="bbox 2145 2753 3740 2824">
     <span class='ocr_line' id='line_1_100' title="bbox 2145 2753 3740 2824; baseline 0.003 -17"><span class='ocrx_word' id='word_1_700' title='bbox 2145 2769 2267 2807; x_wconf 90' lang='lat' dir='ltr'><strong>cmn</strong></span> <span class='ocrx_word' id='word_1_701' title='bbox 2304 2772 2317 2807; x_wconf 86' lang='lat'><strong>:</strong></span> <span class='ocrx_word' id='word_1_702' title='bbox 2351 2753 2491 2821; x_wconf 81' lang='lat' dir='ltr'><strong>Quos</strong></span> <span class='ocrx_word' id='word_1_703' title='bbox 2509 2763 2674 2807; x_wconf 86' lang='lat' dir='ltr'><strong>tamen</strong></span> <span class='ocrx_word' id='word_1_704' title='bbox 2699 2757 2836 2824; x_wconf 74' lang='lat' dir='ltr'><strong>fama</strong></span> <span class='ocrx_word' id='word_1_705' title='bbox 2867 2755 2998 2807; x_wconf 81' lang='lat' dir='ltr'><strong>inter</strong></span> <span class='ocrx_word' id='word_1_706' title='bbox 3019 2756 3175 2807; x_wconf 87' lang='lat' dir='ltr'><strong>bonos</strong></span> <span class='ocrx_word' id='word_1_707' title='bbox 3190 2764 3439 2821; x_wconf 84' lang='lat' dir='ltr'><strong>numerat,</strong></span> <span class='ocrx_word' id='word_1_708' title='bbox 3469 2771 3604 2824; x_wconf 82' lang='lat' dir='ltr'><strong>quos</strong></span> <span class='ocrx_word' id='word_1_709' title='bbox 3631 2774 3740 2814; x_wconf 88' lang='lat' dir='ltr'><strong>non</strong></span> 
     </span>
    </p>
   </div>
   <div class='ocr_carea' id='block_1_101' title="bbox 2146 2824 3743 2897">
    <p class='ocr_par' dir='ltr' id='par_1_101' title="bbox 2146 2824 3743 2897">
     <span class='ocr_line' id='line_1_101' title="bbox 2146 2824 3743 2897; baseline 0.003 -19"><span class='ocrx_word' id='word_1_710' title='bbox 2146 2824 2309 2878; x_wconf 82' lang='lat' dir='ltr'><strong>modo</strong></span> <span class='ocrx_word' id='word_1_711' title='bbox 2352 2839 2617 2897; x_wconf 71' lang='lat' dir='ltr'><strong>arnuares,</strong></span> <span class='ocrx_word' id='word_1_712' title='bbox 2647 2827 2741 2879; x_wconf 89' lang='lat' dir='ltr'><strong>sed</strong></span> <span class='ocrx_word' id='word_1_713' title='bbox 2764 2828 2946 2889; x_wconf 88' lang='lat' dir='ltr'><strong>etiam,</strong></span> <span class='ocrx_word' id='word_1_714' title='bbox 2974 2825 3116 2895; x_wconf 88' lang='lat' dir='ltr'><strong>quod</strong></span> <span class='ocrx_word' id='word_1_715' title='bbox 3148 2836 3231 2880; x_wconf 88' lang='lat' dir='ltr'><strong>est</strong></span> <span class='ocrx_word' id='word_1_716' title='bbox 3257 2826 3571 2893; x_wconf 82' lang='lat' dir='ltr'><strong>maximum,</strong></span> <span class='ocrx_word' id='word_1_717' title='bbox 3602 2842 3743 2897; x_wconf 76' lang='lat' dir='ltr'><strong>pra:-</strong></span> 
     </span>
    </p>
   </div>
   <div class='ocr_carea' id='block_1_102' title="bbox 2149 2896 2521 2949">
    <p class='ocr_par' dir='ltr' id='par_1_102' title="bbox 2149 2896 2521 2949">
     <span class='ocr_line' id='line_1_102' title="bbox 2149 2896 2521 2949; baseline -0.005 0"><span class='ocrx_word' id='word_1_718' title='bbox 2149 2897 2359 2949; x_wconf 84' lang='lat' dir='ltr'><strong>terires.</strong></span> <span class='ocrx_word' id='word_1_719' title='bbox 2392 2896 2521 2948; x_wconf 65' lang='lat' dir='ltr'><strong>Ben.</strong></span> 
     </span>
    </p>
   </div>
   <div class='ocr_carea' id='block_1_103' title="bbox 2223 2964 3736 3037">
    <p class='ocr_par' dir='ltr' id='par_1_103' title="bbox 2223 2964 3736 3037">
     <span class='ocr_line' id='line_1_103' title="bbox 2223 2964 3736 3037; baseline 0.004 -19"><span class='ocrx_word' id='word_1_720' title='bbox 2223 2964 2411 3019; x_wconf 79' lang='lat' dir='ltr'><strong>Nullos</strong></span> <span class='ocrx_word' id='word_1_721' title='bbox 2428 2967 2747 3020; x_wconf 84' lang='lat' dir='ltr'><strong>inimicorum</strong></span> <span class='ocrx_word' id='word_1_722' title='bbox 2761 2968 2976 3036; x_wconf 82' lang='lat' dir='ltr'><strong>impetus</strong></span> <span class='ocrx_word' id='word_1_723' title='bbox 3000 2983 3170 3036; x_wconf 82' lang='lat' dir='ltr'><strong>passa.</strong></span> <span class='ocrx_word' id='word_1_724' title='bbox 3190 2965 3248 3021; x_wconf 85' lang='lat' dir='ltr'><strong>Id</strong></span> <span class='ocrx_word' id='word_1_725' title='bbox 3274 2977 3380 3034; x_wconf 81' lang='lat' dir='ltr'><strong>est,</strong></span> <span class='ocrx_word' id='word_1_726' title='bbox 3404 2968 3515 3023; x_wconf 86' lang='lat' dir='ltr'><strong>lere</strong></span> <span class='ocrx_word' id='word_1_727' title='bbox 3536 2969 3736 3037; x_wconf 89' lang='lat' dir='ltr'><strong>nullos,</strong></span> 
     </span>
    </p>
   </div>
   <div class='ocr_carea' id='block_1_104' title="bbox 2149 3038 2789 3091">
    <p class='ocr_par' dir='ltr' id='par_1_104' title="bbox 2149 3038 2789 3091">
     <span class='ocr_line' id='line_1_104' title="bbox 2149 3038 2789 3091; baseline -0.002 0"><span class='ocrx_word' id='word_1_728' title='bbox 2149 3045 2243 3091; x_wconf 88' lang='lat' dir='ltr'><strong>aut</strong></span> <span class='ocrx_word' id='word_1_729' title='bbox 2270 3038 2490 3091; x_wconf 85' lang='lat' dir='ltr'><strong>levioris</strong></span> <span class='ocrx_word' id='word_1_730' title='bbox 2509 3038 2789 3091; x_wconf 91' lang='lat' dir='ltr'><strong>momenti.</strong></span> 
     </span>
    </p>
   </div>
   <div class='ocr_carea' id='block_1_105' title="bbox 2223 3106 3736 3179">
    <p class='ocr_par' dir='ltr' id='par_1_105' title="bbox 2223 3106 3736 3179">
     <span class='ocr_line' id='line_1_105' title="bbox 2223 3106 3736 3179; baseline 0.005 -20"><span class='ocrx_word' id='word_1_731' title='bbox 2223 3106 2412 3162; x_wconf 76' lang='lat' dir='ltr'><strong>Manus</strong></span> <span class='ocrx_word' id='word_1_732' title='bbox 2425 3124 2543 3161; x_wconf 87' lang='lat' dir='ltr'><strong>suas</strong></span> <span class='ocrx_word' id='word_1_733' title='bbox 2560 3109 2611 3160; x_wconf 90' lang='lat' dir='ltr'><strong>in</strong></span> <span class='ocrx_word' id='word_1_734' title='bbox 2636 3107 2895 3163; x_wconf 83' lang='lat' dir='ltr'><strong>Orientem</strong></span> <span class='ocrx_word' id='word_1_735' title='bbox 2918 3107 3340 3179; x_wconf 83' lang='lat' dir='ltr'><strong>Occidentemque</strong></span> <span class='ocrx_word' id='word_1_736' title='bbox 3365 3112 3609 3178; x_wconf 70' lang='lat' dir='ltr'><strong>porrexit.</strong></span> <span class='ocrx_word' id='word_1_737' title='bbox 3636 3112 3736 3166; x_wconf 57' lang='lat' dir='ltr'><strong>La.</strong></span> 
     </span>
    </p>
   </div>
   <div class='ocr_carea' id='block_1_106' title="bbox 2146 3180 3738 3246">
    <p class='ocr_par' dir='ltr' id='par_1_106' title="bbox 2146 3180 3738 3246">
     <span class='ocr_line' id='line_1_106' title="bbox 2146 3180 3738 3246; baseline 0.003 -13"><span class='ocrx_word' id='word_1_738' title='bbox 2146 3180 2410 3245; x_wconf 87' lang='lat' dir='ltr'><strong>ctantius,</strong></span> <span class='ocrx_word' id='word_1_739' title='bbox 2442 3180 2477 3232; x_wconf 90' lang='grc' dir='ltr'><strong>Ι.</strong></span> <span class='ocrx_word' id='word_1_740' title='bbox 2508 3194 2583 3233; x_wconf 86' lang='lat' dir='ltr'><strong>vn</strong></span> <span class='ocrx_word' id='word_1_741' title='bbox 2627 3181 2739 3233; x_wconf 91' lang='lat' dir='ltr'><strong>Div.</strong></span> <span class='ocrx_word' id='word_1_742' title='bbox 2777 3181 2974 3246; x_wconf 92' lang='lat' dir='ltr'><strong>lnstit.,</strong></span> <span class='ocrx_word' id='word_1_743' title='bbox 3018 3196 3067 3234; x_wconf 93' lang='lat' dir='ltr'><strong>c.</strong></span> <span class='ocrx_word' id='word_1_744' title='bbox 3110 3180 3177 3233; x_wconf 72' lang='lat'><strong>15</strong></span> <span class='ocrx_word' id='word_1_745' title='bbox 3210 3197 3223 3232; x_wconf 90' lang='lat'><strong>:</strong></span> <span class='ocrx_word' id='word_1_746' title='bbox 3256 3181 3492 3235; x_wconf 77' lang='lat' dir='ltr'><strong>Roma...</strong></span> <span class='ocrx_word' id='word_1_747' title='bbox 3532 3182 3738 3239; x_wconf 86' lang='lat' dir='ltr'><strong>sublata</strong></span> 
     </span>
    </p>
   </div>
   <div class='ocr_carea' id='block_1_107' title="bbox 2145 3250 3739 3322">
    <p class='ocr_par' dir='ltr' id='par_1_107' title="bbox 2145 3250 3739 3322">
     <span class='ocr_line' id='line_1_107' title="bbox 2145 3250 3739 3322; baseline 0.004 -19"><span class='ocrx_word' id='word_1_748' title='bbox 2145 3250 2473 3319; x_wconf 83' lang='lat' dir='ltr'><strong>Carthagine,</strong></span> <span class='ocrx_word' id='word_1_749' title='bbox 2514 3267 2695 3305; x_wconf 87' lang='lat' dir='ltr'><strong>manus</strong></span> <span class='ocrx_word' id='word_1_750' title='bbox 2720 3268 2840 3305; x_wconf 88' lang='lat' dir='ltr'><strong>suas</strong></span> <span class='ocrx_word' id='word_1_751' title='bbox 2880 3254 2930 3305; x_wconf 89' lang='lat' dir='ltr'><strong>in</strong></span> <span class='ocrx_word' id='word_1_752' title='bbox 2964 3262 3123 3305; x_wconf 91' lang='lat' dir='ltr'><strong>totum</strong></span> <span class='ocrx_word' id='word_1_753' title='bbox 3142 3253 3313 3304; x_wconf 87' lang='lat' dir='ltr'><strong>orbem</strong></span> <span class='ocrx_word' id='word_1_754' title='bbox 3343 3262 3479 3306; x_wconf 88' lang='lat' dir='ltr'><strong>terra</strong></span> <span class='ocrx_word' id='word_1_755' title='bbox 3508 3256 3739 3322; x_wconf 85' lang='lat' dir='ltr'><strong>marique</strong></span> 
     </span>
    </p>
   </div>
   <div class='ocr_carea' id='block_1_108' title="bbox 2134 3322 3741 3390">
    <p class='ocr_par' dir='ltr' id='par_1_108' title="bbox 2134 3322 3741 3390">
     <span class='ocr_line' id='line_1_108' title="bbox 2134 3322 3741 3390; baseline 0.006 -18"><span class='ocrx_word' id='word_1_756' title='bbox 2134 3324 2376 3389; x_wconf 68' lang='lat' dir='ltr'><strong>porrexit.</strong></span> <span class='ocrx_word' id='word_1_757' title='bbox 2423 3322 2679 3390; x_wconf 78' lang='lat' dir='ltr'><strong>Epilom..</strong></span> <span class='ocrx_word' id='word_1_758' title='bbox 2708 3338 2757 3377; x_wconf 92' lang='lat' dir='ltr'><strong>c.</strong></span> <span class='ocrx_word' id='word_1_759' title='bbox 2787 3322 2877 3377; x_wconf 69' lang='lat'><strong>51:</strong></span> <span class='ocrx_word' id='word_1_760' title='bbox 2907 3323 3028 3377; x_wconf 79' lang='lat' dir='ltr'><strong>Alas</strong></span> <span class='ocrx_word' id='word_1_761' title='bbox 3078 3339 3198 3376; x_wconf 87' lang='lat' dir='ltr'><strong>suas</strong></span> <span class='ocrx_word' id='word_1_762' title='bbox 3221 3323 3274 3376; x_wconf 87' lang='lat' dir='ltr'><strong>in</strong></span> <span class='ocrx_word' id='word_1_763' title='bbox 3300 3322 3555 3379; x_wconf 82' lang='lat' dir='ltr'><strong>Orientem</strong></span> <span class='ocrx_word' id='word_1_764' title='bbox 3586 3323 3741 3381; x_wconf 85' lang='lat' dir='ltr'><strong>Occi-</strong></span> 
     </span>
    </p>
   </div>
   <div class='ocr_carea' id='block_1_109' title="bbox 2133 3393 2706 3464">
    <p class='ocr_par' dir='ltr' id='par_1_109' title="bbox 2133 3393 2706 3464">
     <span class='ocr_line' id='line_1_109' title="bbox 2133 3393 2706 3464; baseline 0.003 -20"><span class='ocrx_word' id='word_1_765' title='bbox 2133 3393 2433 3464; x_wconf 82' lang='lat' dir='ltr'><strong>dentemque</strong></span> <span class='ocrx_word' id='word_1_766' title='bbox 2459 3396 2706 3459; x_wconf 73' lang='lat' dir='ltr'><strong>porrexit.</strong></span> 
     </span>
    </p>
   </div>
   <div class='ocr_carea' id='block_1_110' title="bbox 2212 3463 3726 3534">
    <p class='ocr_par' dir='ltr' id='par_1_110' title="bbox 2212 3463 3726 3534">
     <span class='ocr_line' id='line_1_110' title="bbox 2212 3463 3726 3534; baseline 0.003 -18"><span class='ocrx_word' id='word_1_767' title='bbox 2212 3463 2259 3516; x_wconf 88' lang='grc' dir='ltr'><em>Ν</em></span> <span class='ocrx_word' id='word_1_768' title='bbox 2267 3463 2401 3517; x_wconf 87' lang='lat' dir='ltr'><strong>ullus</strong></span> <span class='ocrx_word' id='word_1_769' title='bbox 2424 3475 2673 3517; x_wconf 85' lang='lat' dir='ltr'><strong>terrarum</strong></span> <span class='ocrx_word' id='word_1_770' title='bbox 2695 3464 2918 3534; x_wconf 85' lang='lat' dir='ltr'><strong>angulus</strong></span> <span class='ocrx_word' id='word_1_771' title='bbox 2943 3474 3046 3518; x_wconf 90' lang='lat' dir='ltr'><strong>tam</strong></span> <span class='ocrx_word' id='word_1_772' title='bbox 3087 3474 3327 3524; x_wconf 84' lang='lat' dir='ltr'><strong>remotus.</strong></span> <span class='ocrx_word' id='word_1_773' title='bbox 3351 3482 3450 3533; x_wconf 87' lang='lat' dir='ltr'><strong>quo</strong></span> <span class='ocrx_word' id='word_1_774' title='bbox 3479 3483 3580 3521; x_wconf 82' lang='lat' dir='ltr'><strong>non</strong></span> <span class='ocrx_word' id='word_1_775' title='bbox 3605 3470 3726 3523; x_wconf 86' lang='lat' dir='ltr'><strong>reli-</strong></span> 
     </span>
    </p>
   </div>
   <div class='ocr_carea' id='block_1_111' title="bbox 2134 3534 3730 3603">
    <p class='ocr_par' dir='ltr' id='par_1_111' title="bbox 2134 3534 3730 3603">
     <span class='ocr_line' id='line_1_111' title="bbox 2134 3534 3730 3603; baseline 0.005 -18"><span class='ocrx_word' id='word_1_776' title='bbox 2134 3535 2220 3603; x_wconf 90' lang='lat' dir='ltr'><strong>gio</strong></span> <span class='ocrx_word' id='word_1_777' title='bbox 2264 3534 2355 3588; x_wconf 87' lang='lat' dir='ltr'><strong>Dei</strong></span> <span class='ocrx_word' id='word_1_778' title='bbox 2402 3546 2740 3603; x_wconf 84' lang='lat' dir='ltr'><strong>penatrasset.</strong></span> <span class='ocrx_word' id='word_1_779' title='bbox 2775 3537 2949 3597; x_wconf 83' lang='lat' dir='ltr'><strong>Laet.,</strong></span> <span class='ocrx_word' id='word_1_780' title='bbox 2984 3540 3016 3589; x_wconf 90' lang='lat' dir='ltr'><strong>l.</strong></span> <span class='ocrx_word' id='word_1_781' title='bbox 3054 3553 3122 3588; x_wconf 85' lang='lat' dir='ltr'><strong>.tv</strong></span> <span class='ocrx_word' id='word_1_782' title='bbox 3170 3536 3286 3590; x_wconf 86' lang='lat' dir='ltr'><strong>Div.</strong></span> <span class='ocrx_word' id='word_1_783' title='bbox 3329 3535 3494 3600; x_wconf 89' lang='lat' dir='ltr'><strong>lnst.,</strong></span> <span class='ocrx_word' id='word_1_784' title='bbox 3527 3554 3577 3592; x_wconf 92' lang='lat' dir='ltr'><strong>c.</strong></span> <span class='ocrx_word' id='word_1_785' title='bbox 3612 3538 3686 3593; x_wconf 68' lang='lat'><strong>26</strong></span> <span class='ocrx_word' id='word_1_786' title='bbox 3718 3560 3730 3593; x_wconf 85' lang='lat'><strong>:</strong></span> 
     </span>
    </p>
   </div>
   <div class='ocr_carea' id='block_1_112' title="bbox 2137 3604 3735 3679">
    <p class='ocr_par' dir='ltr' id='par_1_112' title="bbox 2137 3604 3735 3679">
     <span class='ocr_line' id='line_1_112' title="bbox 2137 3604 3735 3679; baseline 0.004 -22"><span class='ocrx_word' id='word_1_787' title='bbox 2137 3604 2276 3658; x_wconf 72' lang='lat' dir='ltr'><strong>Crux</strong></span> <span class='ocrx_word' id='word_1_788' title='bbox 2298 3606 2464 3675; x_wconf 87' lang='lat' dir='ltr'><strong>potius</strong></span> <span class='ocrx_word' id='word_1_789' title='bbox 2481 3608 2641 3679; x_wconf 76' lang='lat' dir='ltr'><strong>electa</strong></span> <span class='ocrx_word' id='word_1_790' title='bbox 2662 3618 2759 3679; x_wconf 83' lang='lat' dir='ltr'><strong>est,</strong></span> <span class='ocrx_word' id='word_1_791' title='bbox 2777 3622 2890 3675; x_wconf 72' lang='lat' dir='ltr'><strong>qua:</strong></span> <span class='ocrx_word' id='word_1_792' title='bbox 2908 3609 3216 3676; x_wconf 82' lang='lat' dir='ltr'><strong>signiﬁcaret</strong></span> <span class='ocrx_word' id='word_1_793' title='bbox 3245 3607 3391 3679; x_wconf 86' lang='lat' dir='ltr'><strong>illum</strong></span> <span class='ocrx_word' id='word_1_794' title='bbox 3410 3620 3513 3661; x_wconf 89' lang='lat' dir='ltr'><strong>tam</strong></span> <span class='ocrx_word' id='word_1_795' title='bbox 3528 3612 3735 3679; x_wconf 62' lang='lat' dir='ltr'><strong>conspio</strong></span> 
     </span>
    </p>
   </div>
   <div class='ocr_carea' id='block_1_113' title="bbox 2133 3678 3734 3749">
    <p class='ocr_par' dir='ltr' id='par_1_113' title="bbox 2133 3678 3734 3749">
     <span class='ocr_line' id='line_1_113' title="bbox 2133 3678 3734 3749; baseline 0.003 -20"><span class='ocrx_word' id='word_1_796' title='bbox 2133 3692 2309 3749; x_wconf 87' lang='lat' dir='ltr'><strong>cuum,</strong></span> <span class='ocrx_word' id='word_1_797' title='bbox 2342 3688 2544 3749; x_wconf 82' lang='lat' dir='ltr'><strong>tamque</strong></span> <span class='ocrx_word' id='word_1_798' title='bbox 2560 3678 2824 3749; x_wconf 88' lang='lat' dir='ltr'><strong>sublimem</strong></span> <span class='ocrx_word' id='word_1_799' title='bbox 2846 3679 3098 3748; x_wconf 86' lang='lat' dir='ltr'><strong>futurum,</strong></span> <span class='ocrx_word' id='word_1_800' title='bbox 3126 3688 3181 3730; x_wconf 88' lang='lat' dir='ltr'><strong>ut</strong></span> <span class='ocrx_word' id='word_1_801' title='bbox 3202 3678 3270 3731; x_wconf 90' lang='lat' dir='ltr'><strong>ad</strong></span> <span class='ocrx_word' id='word_1_802' title='bbox 3295 3694 3409 3731; x_wconf 89' lang='lat' dir='ltr'><strong>eum</strong></span> <span class='ocrx_word' id='word_1_803' title='bbox 3421 3678 3734 3749; x_wconf 79' lang='lat' dir='ltr'><strong>cognoscen-</strong></span> 
     </span>
    </p>
   </div>
   <div class='ocr_carea' id='block_1_114' title="bbox 2134 3747 3736 3831">
    <p class='ocr_par' dir='ltr' id='par_1_114' title="bbox 2134 3747 3736 3831">
     <span class='ocr_line' id='line_1_114' title="bbox 2134 3747 3736 3831; baseline 0.004 -31"><span class='ocrx_word' id='word_1_804' title='bbox 2134 3748 2257 3800; x_wconf 88' lang='lat' dir='ltr'><strong>dum</strong></span> <span class='ocrx_word' id='word_1_805' title='bbox 2294 3747 2484 3817; x_wconf 84' lang='lat' dir='ltr'><strong>pariter</strong></span> <span class='ocrx_word' id='word_1_806' title='bbox 2505 3758 2552 3802; x_wconf 93' lang='lat' dir='ltr'><strong>et</strong></span> <span class='ocrx_word' id='word_1_807' title='bbox 2573 3747 2867 3831; x_wconf 62' lang='lat' dir='ltr'><strong>colendum,</strong></span> <span class='ocrx_word' id='word_1_808' title='bbox 2892 3760 3084 3831; x_wconf 73' lang='lat' dir='ltr'><strong>cuncta:</strong></span> <span class='ocrx_word' id='word_1_809' title='bbox 3104 3750 3334 3831; x_wconf 62' lang='lat' dir='ltr'><strong>nationes</strong></span> <span class='ocrx_word' id='word_1_810' title='bbox 3353 3766 3418 3831; x_wconf 75' lang='lat' dir='ltr'><strong>ex</strong></span> <span class='ocrx_word' id='word_1_811' title='bbox 3455 3747 3593 3803; x_wconf 75' lang='lat' dir='ltr'><strong>omni</strong></span> <span class='ocrx_word' id='word_1_812' title='bbox 3612 3753 3736 3806; x_wconf 85' lang='lat' dir='ltr'><strong>orbe</strong></span> 
     </span>
    </p>
   </div>
   <div class='ocr_carea' id='block_1_115' title="bbox 2131 3818 3725 3887">
    <p class='ocr_par' dir='ltr' id='par_1_115' title="bbox 2131 3818 3725 3887">
     <span class='ocr_line' id='line_1_115' title="bbox 2131 3818 3725 3887; baseline 0.003 -16"><span class='ocrx_word' id='word_1_813' title='bbox 2131 3828 2511 3872; x_wconf 87' lang='lat' dir='ltr'><strong>concurrerent.</strong></span> <span class='ocrx_word' id='word_1_814' title='bbox 2563 3818 2790 3887; x_wconf 83' lang='lat' dir='ltr'><strong>Denique</strong></span> <span class='ocrx_word' id='word_1_815' title='bbox 2832 3818 2979 3871; x_wconf 90' lang='lat' dir='ltr'><strong>nulla</strong></span> <span class='ocrx_word' id='word_1_816' title='bbox 3011 3836 3132 3887; x_wconf 84' lang='lat' dir='ltr'><strong>gens</strong></span> <span class='ocrx_word' id='word_1_817' title='bbox 3159 3829 3264 3872; x_wconf 86' lang='lat' dir='ltr'><strong>tam</strong></span> <span class='ocrx_word' id='word_1_818' title='bbox 3301 3818 3583 3874; x_wconf 85' lang='lat' dir='ltr'><strong>inhumana</strong></span> <span class='ocrx_word' id='word_1_819' title='bbox 3630 3836 3725 3887; x_wconf 84' lang='lat' dir='ltr'><strong>est,</strong></span> 
     </span>
    </p>
   </div>
   <div class='ocr_carea' id='block_1_116' title="bbox 2131 3888 3730 3960">
    <p class='ocr_par' dir='ltr' id='par_1_116' title="bbox 2131 3888 3730 3960">
     <span class='ocr_line' id='line_1_116' title="bbox 2131 3888 3730 3960; baseline 0.003 -18"><span class='ocrx_word' id='word_1_820' title='bbox 2131 3888 2279 3942; x_wconf 86' lang='lat' dir='ltr'><strong>nulla</strong></span> <span class='ocrx_word' id='word_1_821' title='bbox 2307 3891 2445 3960; x_wconf 84' lang='lat' dir='ltr'><strong>regio</strong></span> <span class='ocrx_word' id='word_1_822' title='bbox 2475 3899 2579 3942; x_wconf 88' lang='lat' dir='ltr'><strong>tam</strong></span> <span class='ocrx_word' id='word_1_823' title='bbox 2613 3899 2825 3956; x_wconf 81' lang='lat' dir='ltr'><strong>remota,</strong></span> <span class='ocrx_word' id='word_1_824' title='bbox 2849 3892 2933 3943; x_wconf 88' lang='lat' dir='ltr'><strong>cui</strong></span> <span class='ocrx_word' id='word_1_825' title='bbox 2971 3900 3060 3942; x_wconf 91' lang='lat' dir='ltr'><strong>aut</strong></span> <span class='ocrx_word' id='word_1_826' title='bbox 3082 3893 3253 3959; x_wconf 86' lang='lat' dir='ltr'><strong>passio</strong></span> <span class='ocrx_word' id='word_1_827' title='bbox 3281 3894 3414 3960; x_wconf 85' lang='lat' dir='ltr'><strong>ejus,</strong></span> <span class='ocrx_word' id='word_1_828' title='bbox 3443 3901 3534 3946; x_wconf 87' lang='lat' dir='ltr'><strong>aut</strong></span> <span class='ocrx_word' id='word_1_829' title='bbox 3565 3894 3730 3947; x_wconf 85' lang='lat' dir='ltr'><strong>subli-</strong></span> 
     </span>
    </p>
   </div>
   <div class='ocr_carea' id='block_1_117' title="bbox 2130 3960 3114 4030">
    <p class='ocr_par' dir='ltr' id='par_1_117' title="bbox 2130 3960 3114 4030">
     <span class='ocr_line' id='line_1_117' title="bbox 2130 3960 3114 4030; baseline 0.001 -18"><span class='ocrx_word' id='word_1_830' title='bbox 2130 3961 2280 4030; x_wconf 85' lang='lat' dir='ltr'><strong>mitas</strong></span> <span class='ocrx_word' id='word_1_831' title='bbox 2307 3962 2583 4027; x_wconf 85' lang='lat' dir='ltr'><strong>majestatis</strong></span> <span class='ocrx_word' id='word_1_832' title='bbox 2606 3961 2779 4030; x_wconf 90' lang='lat' dir='ltr'><strong>ignota</strong></span> <span class='ocrx_word' id='word_1_833' title='bbox 2800 3962 2886 4014; x_wconf 79' lang='lat' dir='ltr'><strong>sit.</strong></span> <span class='ocrx_word' id='word_1_834' title='bbox 2915 3960 3114 4015; x_wconf 80' lang='lat' dir='ltr'><strong>BALUZ.</strong></span> 
     </span>
    </p>
   </div>
   <div class='ocr_carea' id='block_1_118' title="bbox 2208 4029 2854 4097">
    <p class='ocr_par' dir='ltr' id='par_1_118' title="bbox 2208 4029 2854 4097">
     <span class='ocr_line' id='line_1_118' title="bbox 2208 4029 2854 4097; baseline -0.002 -13"><span class='ocrx_word' id='word_1_835' title='bbox 2208 4029 2322 4096; x_wconf 84' lang='lat' dir='ltr'><strong>Quo</strong></span> <span class='ocrx_word' id='word_1_836' title='bbox 2342 4047 2464 4084; x_wconf 88' lang='lat' dir='ltr'><strong>non.</strong></span> <span class='ocrx_word' id='word_1_837' title='bbox 2490 4031 2545 4084; x_wconf 92' lang='lat' dir='ltr'><strong>lu</strong></span> <span class='ocrx_word' id='word_1_838' title='bbox 2579 4029 2780 4097; x_wconf 87' lang='lat' dir='ltr'><strong>ms.,co</strong></span> <span class='ocrx_word' id='word_1_839' title='bbox 2800 4047 2854 4083; x_wconf 88' lang='lat' dir='ltr'><strong>n.</strong></span> 
     </span>
    </p>
   </div>
   <div class='ocr_carea' id='block_1_119' title="bbox 2205 4100 3340 4172">
    <p class='ocr_par' dir='ltr' id='par_1_119' title="bbox 2205 4100 3340 4172">
     <span class='ocr_line' id='line_1_119' title="bbox 2205 4100 3340 4172; baseline 0.004 -20"><span class='ocrx_word' id='word_1_840' title='bbox 2205 4103 2434 4172; x_wconf 75' lang='lat' dir='ltr'><strong>Denique</strong></span> <span class='ocrx_word' id='word_1_841' title='bbox 2450 4103 2608 4155; x_wconf 88' lang='lat' dir='ltr'><strong>natio.</strong></span> <span class='ocrx_word' id='word_1_842' title='bbox 2633 4100 2691 4156; x_wconf 91' lang='lat' dir='ltr'><strong>ln</strong></span> <span class='ocrx_word' id='word_1_843' title='bbox 2720 4117 2848 4168; x_wconf 89' lang='lat' dir='ltr'><strong>ms.,</strong></span> <span class='ocrx_word' id='word_1_844' title='bbox 2867 4102 3082 4171; x_wconf 89' lang='lat' dir='ltr'><strong>denique</strong></span> <span class='ocrx_word' id='word_1_845' title='bbox 3108 4104 3161 4156; x_wconf 89' lang='lat' dir='ltr'><strong>di</strong></span> <span class='ocrx_word' id='word_1_846' title='bbox 3180 4103 3340 4157; x_wconf 91' lang='lat' dir='ltr'><strong>natio.</strong></span> 
     </span>
    </p>
   </div>
   <div class='ocr_carea' id='block_1_120' title="bbox 2206 4190 3725 4265">
    <p class='ocr_par' dir='ltr' id='par_1_120' title="bbox 2206 4190 3725 4265">
     <span class='ocr_line' id='line_1_120' title="bbox 2206 4190 3725 4265; baseline 0.006 -20"><span class='ocrx_word' id='word_1_847' title='bbox 2206 4190 2371 4246; x_wconf 87' lang='lat' dir='ltr'><strong>Nulla</strong></span> <span class='ocrx_word' id='word_1_848' title='bbox 2387 4192 2630 4265; x_wconf 85' lang='lat' dir='ltr'><strong>_denique</strong></span> <span class='ocrx_word' id='word_1_849' title='bbox 2677 4194 2837 4259; x_wconf 87' lang='lat' dir='ltr'><strong>natio,</strong></span> <span class='ocrx_word' id='word_1_850' title='bbox 2869 4204 2974 4248; x_wconf 89' lang='lat' dir='ltr'><strong>etc.</strong></span> <span class='ocrx_word' id='word_1_851' title='bbox 3009 4194 3065 4249; x_wconf 90' lang='lat' dir='ltr'><strong>ln</strong></span> <span class='ocrx_word' id='word_1_852' title='bbox 3091 4210 3192 4265; x_wconf 65' lang='lat' dir='ltr'><strong>ius.</strong></span> <span class='ocrx_word' id='word_1_853' title='bbox 3224 4204 3345 4265; x_wconf 89' lang='lat' dir='ltr'><strong>post</strong></span> <span class='ocrx_word' id='word_1_854' title='bbox 3370 4194 3606 4265; x_wconf 83' lang='lat' dir='ltr'><strong>denique,</strong></span> <span class='ocrx_word' id='word_1_855' title='bbox 3638 4207 3725 4254; x_wconf 89' lang='lat' dir='ltr'><strong>est</strong></span> 
     </span>
    </p>
   </div>
   <div class='ocr_carea' id='block_1_121' title="bbox 2131 4260 3721 4335">
    <p class='ocr_par' dir='ltr' id='par_1_121' title="bbox 2131 4260 3721 4335">
     <span class='ocr_line' id='line_1_121' title="bbox 2131 4260 3721 4335; baseline 0.006 -19"><span class='ocrx_word' id='word_1_856' title='bbox 2131 4262 2186 4316; x_wconf 87' lang='lat' dir='ltr'><strong>di</strong></span> <span class='ocrx_word' id='word_1_857' title='bbox 2202 4266 2362 4318; x_wconf 87' lang='lat' dir='ltr'><strong>natio.</strong></span> <span class='ocrx_word' id='word_1_858' title='bbox 2387 4262 2484 4318; x_wconf 79' lang='lat' dir='ltr'><strong>Vel</strong></span> <span class='ocrx_word' id='word_1_859' title='bbox 2511 4260 2594 4317; x_wconf 79' lang='lat' dir='ltr'><strong>est</strong></span> <span class='ocrx_word' id='word_1_860' title='bbox 2624 4266 2823 4329; x_wconf 83' lang='lat' dir='ltr'><strong>mundi,</strong></span> <span class='ocrx_word' id='word_1_861' title='bbox 2853 4265 2935 4319; x_wconf 88' lang='lat' dir='ltr'><strong>vel</strong></span> <span class='ocrx_word' id='word_1_862' title='bbox 2962 4276 3045 4320; x_wconf 88' lang='lat' dir='ltr'><strong>est</strong></span> <span class='ocrx_word' id='word_1_863' title='bbox 3079 4260 3205 4319; x_wconf 88' lang='lat' dir='ltr'><strong>Dei:</strong></span> <span class='ocrx_word' id='word_1_864' title='bbox 3227 4260 3387 4333; x_wconf 69' lang='lat' dir='ltr'><strong>quam</strong></span> <span class='ocrx_word' id='word_1_865' title='bbox 3421 4260 3629 4335; x_wconf 78' lang='lat' dir='ltr'><strong>vocent,</strong></span> <span class='ocrx_word' id='word_1_866' title='bbox 3659 4280 3721 4325; x_wconf 91' lang='lat' dir='ltr'><strong>ut</strong></span> 
     </span>
    </p>
   </div>
   <div class='ocr_carea' id='block_1_122' title="bbox 2129 4335 3452 4405">
    <p class='ocr_par' dir='ltr' id='par_1_122' title="bbox 2129 4335 3452 4405">
     <span class='ocr_line' id='line_1_122' title="bbox 2129 4335 3452 4405; baseline 0.001 -17"><span class='ocrx_word' id='word_1_867' title='bbox 2129 4335 2478 4402; x_wconf 84' lang='lat' dir='ltr'><strong>superﬂuam,</strong></span> <span class='ocrx_word' id='word_1_868' title='bbox 2510 4337 2923 4405; x_wconf 82' lang='lat' dir='ltr'><strong>expungendam</strong></span> <span class='ocrx_word' id='word_1_869' title='bbox 2944 4350 3067 4392; x_wconf 91' lang='lat' dir='ltr'><strong>esse</strong></span> <span class='ocrx_word' id='word_1_870' title='bbox 3093 4336 3225 4391; x_wconf 89' lang='lat' dir='ltr'><strong>dicit</strong></span> <span class='ocrx_word' id='word_1_871' title='bbox 3254 4336 3452 4391; x_wconf 78' lang='lat' dir='ltr'><strong>BALUZ.</strong></span> 
     </span>
    </p>
   </div>
   <div class='ocr_carea' id='block_1_123' title="bbox 2202 4405 3720 4474">
    <p class='ocr_par' dir='ltr' id='par_1_123' title="bbox 2202 4405 3720 4474">
     <span class='ocr_line' id='line_1_123' title="bbox 2202 4405 3720 4474; baseline 0.003 -15"><span class='ocrx_word' id='word_1_872' title='bbox 2202 4405 2387 4460; x_wconf 75' lang='lat' dir='ltr'><strong>Extitit</strong></span> <span class='ocrx_word' id='word_1_873' title='bbox 2418 4414 2526 4471; x_wconf 88' lang='lat' dir='ltr'><strong>post</strong></span> <span class='ocrx_word' id='word_1_874' title='bbox 2569 4423 2730 4460; x_wconf 88' lang='lat' dir='ltr'><strong>annos</strong></span> <span class='ocrx_word' id='word_1_875' title='bbox 2772 4408 3019 4474; x_wconf 85' lang='lat' dir='ltr'><strong>plurimos</strong></span> <span class='ocrx_word' id='word_1_876' title='bbox 3072 4409 3351 4463; x_wconf 74' lang='lat' dir='ltr'><strong>execrabile</strong></span> <span class='ocrx_word' id='word_1_877' title='bbox 3390 4410 3586 4462; x_wconf 84' lang='lat' dir='ltr'><strong>annual</strong></span> <span class='ocrx_word' id='word_1_878' title='bbox 3613 4408 3720 4464; x_wconf 84' lang='lat' dir='ltr'><strong>De-</strong></span> 
     </span>
    </p>
   </div>
   <div class='ocr_carea' id='block_1_124' title="bbox 2049 4474 3722 4549">
    <p class='ocr_par' dir='ltr' id='par_1_124' title="bbox 2049 4474 3722 4549">
     <span class='ocr_line' id='line_1_124' title="bbox 2049 4474 3722 4549; baseline 0.005 -21"><span class='ocrx_word' id='word_1_879' title='bbox 2049 4485 2105 4545; x_wconf 77' lang='lat' dir='ltr'><strong>l)</strong></span> <span class='ocrx_word' id='word_1_880' title='bbox 2129 4477 2257 4542; x_wconf 84' lang='lat' dir='ltr'><strong>cius,</strong></span> <span class='ocrx_word' id='word_1_881' title='bbox 2283 4474 2663 4549; x_wconf 32' lang='lat' dir='ltr'><strong>etc.ASa.-viisse</strong></span> <span class='ocrx_word' id='word_1_882' title='bbox 2691 4479 2909 4549; x_wconf 83' lang='lat' dir='ltr'><strong>Decium</strong></span> <span class='ocrx_word' id='word_1_883' title='bbox 2927 4478 3106 4533; x_wconf 87' lang='lat' dir='ltr'><strong>statim</strong></span> <span class='ocrx_word' id='word_1_884' title='bbox 3133 4493 3196 4533; x_wconf 87' lang='lat' dir='ltr'><strong>ac</strong></span> <span class='ocrx_word' id='word_1_885' title='bbox 3225 4479 3529 4549; x_wconf 80' lang='lat' dir='ltr'><strong>imperavit,</strong></span> <span class='ocrx_word' id='word_1_886' title='bbox 3561 4481 3722 4536; x_wconf 88' lang='lat' dir='ltr'><strong>docet</strong></span> 
     </span>
    </p>
   </div>
   <div class='ocr_carea' id='block_1_125' title="bbox 2131 4547 3719 4626">
    <p class='ocr_par' dir='ltr' id='par_1_125' title="bbox 2131 4547 3719 4626">
     <span class='ocr_line' id='line_1_125' title="bbox 2131 4547 3719 4626; baseline 0.004 -27"><span class='ocrx_word' id='word_1_887' title='bbox 2131 4547 2678 4626; x_wconf 82' lang='lat' dir='ltr'><strong>q_t_to_que_Cltr0nico_n</strong></span> <span class='ocrx_word' id='word_1_888' title='bbox 2705 4548 2963 4604; x_wconf 75' lang='lat' dir='ltr'><strong>Pa~cltale</strong></span> <span class='ocrx_word' id='word_1_889' title='bbox 2996 4550 3079 4626; x_wconf 82' lang='lat' dir='ltr'><strong>bis</strong></span> <span class='ocrx_word' id='word_1_890' title='bbox 3110 4547 3328 4626; x_wconf 59' lang='lat' dir='ltr'><strong>verbis}</strong></span> <span class='ocrx_word' id='word_1_891' title='bbox 3363 4549 3526 4626; x_wconf 79' lang='lat' dir='ltr'><strong>Initio</strong></span> <span class='ocrx_word' id='word_1_892' title='bbox 3556 4552 3719 4626; x_wconf 84' lang='lat' dir='ltr'><strong>impe-</strong></span> 
     </span>
    </p>
   </div>
   <div class='ocr_carea' id='block_1_126' title="bbox 2129 4619 3719 4689">
    <p class='ocr_par' dir='ltr' id='par_1_126' title="bbox 2129 4619 3719 4689">
     <span class='ocr_line' id='line_1_126' title="bbox 2129 4619 3719 4689; baseline 0.004 -19"><span class='ocrx_word' id='word_1_893' title='bbox 2129 4619 2193 4689; x_wconf 85' lang='lat' dir='ltr'><strong>rii</strong></span> <span class='ocrx_word' id='word_1_894' title='bbox 2223 4619 2366 4673; x_wconf 84' lang='lat' dir='ltr'><strong>Decii</strong></span> <span class='ocrx_word' id='word_1_895' title='bbox 2412 4621 2757 4689; x_wconf 86' lang='lat' dir='ltr'><strong>persecutione</strong></span> <span class='ocrx_word' id='word_1_896' title='bbox 2794 4631 2972 4673; x_wconf 88' lang='lat' dir='ltr'><strong>contra</strong></span> <span class='ocrx_word' id='word_1_897' title='bbox 3014 4620 3320 4674; x_wconf 82' lang='lat' dir='ltr'><strong>christianos</strong></span> <span class='ocrx_word' id='word_1_898' title='bbox 3346 4619 3719 4676; x_wconf 56' lang='lat' dir='ltr'><strong>concitam}...</strong></span> 
     </span>
    </p>
   </div>
   <div class='ocr_carea' id='block_1_127' title="bbox 2126 4688 3721 4757">
    <p class='ocr_par' dir='ltr' id='par_1_127' title="bbox 2126 4688 3721 4757">
     <span class='ocr_line' id='line_1_127' title="bbox 2126 4688 3721 4757; baseline 0.003 -14"><span class='ocrx_word' id='word_1_899' title='bbox 2126 4688 2351 4745; x_wconf 84' lang='lat' dir='ltr'><strong>Constat</strong></span> <span class='ocrx_word' id='word_1_900' title='bbox 2381 4688 2594 4744; x_wconf 85' lang='lat' dir='ltr'><strong>Decium</strong></span> <span class='ocrx_word' id='word_1_901' title='bbox 2623 4690 2724 4744; x_wconf 89' lang='lat' dir='ltr'><strong>sub</strong></span> <span class='ocrx_word' id='word_1_902' title='bbox 2740 4691 2897 4745; x_wconf 89' lang='lat' dir='ltr'><strong>linem</strong></span> <span class='ocrx_word' id='word_1_903' title='bbox 2925 4692 3049 4745; x_wconf 85' lang='lat' dir='ltr'><strong>anui</strong></span> <span class='ocrx_word' id='word_1_904' title='bbox 3075 4689 3177 4745; x_wconf 71' lang='lat'><strong>251</strong></span> <span class='ocrx_word' id='word_1_905' title='bbox 3209 4692 3273 4743; x_wconf 86' lang='lat' dir='ltr'><strong>ad</strong></span> <span class='ocrx_word' id='word_1_906' title='bbox 3299 4692 3721 4757; x_wconf 81' lang='lat' dir='ltr'><strong>Abrittum,sive</strong></span> 
     </span>
    </p>
   </div>
   <div class='ocr_carea' id='block_1_128' title="bbox 2125 4760 3721 4831">
    <p class='ocr_par' dir='ltr' id='par_1_128' title="bbox 2125 4760 3721 4831">
     <span class='ocr_line' id='line_1_128' title="bbox 2125 4760 3721 4831; baseline 0.001 -16"><span class='ocrx_word' id='word_1_907' title='bbox 2125 4761 2462 4815; x_wconf 86' lang='lat' dir='ltr'><strong>Abrittumin</strong></span> <span class='ocrx_word' id='word_1_908' title='bbox 2493 4763 2677 4831; x_wconf 67' lang='lat' dir='ltr'><strong>prmlio</strong></span> <span class='ocrx_word' id='word_1_909' title='bbox 2702 4762 2960 4817; x_wconf 88' lang='lat' dir='ltr'><strong>adversus</strong></span> <span class='ocrx_word' id='word_1_910' title='bbox 2985 4760 3190 4831; x_wconf 86' lang='lat' dir='ltr'><strong>Carpus</strong></span> <span class='ocrx_word' id='word_1_911' title='bbox 3221 4762 3491 4817; x_wconf 85' lang='lat' dir='ltr'><strong>interiisse</strong></span> <span class='ocrx_word' id='word_1_912' title='bbox 3534 4776 3587 4817; x_wconf 92' lang='lat' dir='ltr'><strong>et</strong></span> <span class='ocrx_word' id='word_1_913' title='bbox 3620 4765 3721 4817; x_wconf 91' lang='lat' dir='ltr'><strong>im-</strong></span> 
     </span>
    </p>
   </div>
   <div class='ocr_carea' id='block_1_129' title="bbox 2124 4832 3719 4904">
    <p class='ocr_par' dir='ltr' id='par_1_129' title="bbox 2124 4832 3719 4904">
     <span class='ocr_line' id='line_1_129' title="bbox 2124 4832 3719 4904; baseline 0.002 -19"><span class='ocrx_word' id='word_1_914' title='bbox 2124 4846 2344 4904; x_wconf 82' lang='lat' dir='ltr'><strong>perasse</strong></span> <span class='ocrx_word' id='word_1_915' title='bbox 2376 4834 2496 4902; x_wconf 92' lang='lat' dir='ltr'><strong>plus</strong></span> <span class='ocrx_word' id='word_1_916' title='bbox 2524 4848 2681 4901; x_wconf 85' lang='lat' dir='ltr'><strong>quam</strong></span> <span class='ocrx_word' id='word_1_917' title='bbox 2714 4832 2850 4887; x_wconf 88' lang='lat' dir='ltr'><strong>duos</strong></span> <span class='ocrx_word' id='word_1_918' title='bbox 2876 4848 3047 4887; x_wconf 92' lang='lat' dir='ltr'><strong>annos</strong></span> <span class='ocrx_word' id='word_1_919' title='bbox 3074 4850 3088 4898; x_wconf 90' lang='lat'><strong>;</strong></span> <span class='ocrx_word' id='word_1_920' title='bbox 3137 4849 3333 4904; x_wconf 88' lang='lat' dir='ltr'><strong>nempe</strong></span> <span class='ocrx_word' id='word_1_921' title='bbox 3359 4833 3427 4887; x_wconf 87' lang='lat' dir='ltr'><strong>ab</strong></span> <span class='ocrx_word' id='word_1_922' title='bbox 3455 4835 3545 4886; x_wconf 91' lang='lat' dir='ltr'><strong>illo</strong></span> <span class='ocrx_word' id='word_1_923' title='bbox 3576 4843 3719 4888; x_wconf 81' lang='lat' dir='ltr'><strong>tem-</strong></span> 
     </span>
    </p>
   </div>
   <div class='ocr_carea' id='block_1_130' title="bbox 2123 4902 3721 4973">
    <p class='ocr_par' dir='ltr' id='par_1_130' title="bbox 2123 4902 3721 4973">
     <span class='ocr_line' id='line_1_130' title="bbox 2123 4902 3721 4973; baseline 0.002 -17"><span class='ocrx_word' id='word_1_924' title='bbox 2123 4902 2271 4970; x_wconf 90' lang='lat' dir='ltr'><strong>poris</strong></span> <span class='ocrx_word' id='word_1_925' title='bbox 2310 4905 2484 4973; x_wconf 80' lang='lat' dir='ltr'><strong>spatio</strong></span> <span class='ocrx_word' id='word_1_926' title='bbox 2508 4904 2650 4972; x_wconf 88' lang='lat' dir='ltr'><strong>quod</strong></span> <span class='ocrx_word' id='word_1_927' title='bbox 2689 4915 2772 4958; x_wconf 91' lang='lat' dir='ltr'><strong>est</strong></span> <span class='ocrx_word' id='word_1_928' title='bbox 2802 4905 2942 4958; x_wconf 87' lang='lat' dir='ltr'><strong>intra</strong></span> <span class='ocrx_word' id='word_1_929' title='bbox 2970 4905 3110 4959; x_wconf 89' lang='lat' dir='ltr'><strong>diem</strong></span> <span class='ocrx_word' id='word_1_930' title='bbox 3134 4902 3355 4973; x_wconf 77' lang='lat' dir='ltr'><strong>lijunii</strong></span> <span class='ocrx_word' id='word_1_931' title='bbox 3387 4917 3438 4959; x_wconf 94' lang='lat' dir='ltr'><strong>et</strong></span> <span class='ocrx_word' id='word_1_932' title='bbox 3473 4904 3540 4957; x_wconf 84' lang='lat' dir='ltr'><strong>l9</strong></span> <span class='ocrx_word' id='word_1_933' title='bbox 3564 4916 3721 4959; x_wconf 85' lang='lat' dir='ltr'><strong>octo-</strong></span> 
     </span>
    </p>
   </div>
   <div class='ocr_carea' id='block_1_131' title="bbox 2122 4973 3715 5043">
    <p class='ocr_par' dir='ltr' id='par_1_131' title="bbox 2122 4973 3715 5043">
     <span class='ocr_line' id='line_1_131' title="bbox 2122 4973 3715 5043; baseline 0.003 -17"><span class='ocrx_word' id='word_1_934' title='bbox 2122 4974 2233 5028; x_wconf 87' lang='lat' dir='ltr'><strong>bris</strong></span> <span class='ocrx_word' id='word_1_935' title='bbox 2262 4976 2388 5028; x_wconf 82' lang='lat' dir='ltr'><strong>anui</strong></span> <span class='ocrx_word' id='word_1_936' title='bbox 2438 4973 2544 5029; x_wconf 72' lang='grc'><strong>249</strong></span> <span class='ocrx_word' id='word_1_937' title='bbox 2594 4988 2764 5043; x_wconf 90' lang='lat' dir='ltr'><strong>usque</strong></span> <span class='ocrx_word' id='word_1_938' title='bbox 2791 4975 2857 5028; x_wconf 90' lang='lat' dir='ltr'><strong>ad</strong></span> <span class='ocrx_word' id='word_1_939' title='bbox 2892 4977 3050 5030; x_wconf 90' lang='lat' dir='ltr'><strong>linem</strong></span> <span class='ocrx_word' id='word_1_940' title='bbox 3095 4977 3404 5030; x_wconf 81' lang='lat' dir='ltr'><strong>novembris</strong></span> <span class='ocrx_word' id='word_1_941' title='bbox 3424 4978 3549 5028; x_wconf 89' lang='lat' dir='ltr'><strong>anni</strong></span> <span class='ocrx_word' id='word_1_942' title='bbox 3581 4976 3715 5041; x_wconf 68' lang='lat'><strong>25!,</strong></span> 
     </span>
    </p>
   </div>
   <div class='ocr_carea' id='block_1_132' title="bbox 2119 5045 3719 5168">
    <p class='ocr_par' dir='ltr' id='par_1_132' title="bbox 2119 5045 3719 5168">
     <span class='ocr_line' id='line_1_132' title="bbox 2119 5045 3719 5168; baseline 0.004 -73"><span class='ocrx_word' id='word_1_943' title='bbox 2119 5045 2443 5168; x_wconf 77' lang='lat' dir='ltr'><strong>atqueTadeo</strong></span> <span class='ocrx_word' id='word_1_944' title='bbox 2463 5058 2632 5100; x_wconf 74' lang='lat' dir='ltr'><strong>annos</strong></span> <span class='ocrx_word' id='word_1_945' title='bbox 2670 5048 2806 5100; x_wconf 88' lang='lat' dir='ltr'><strong>duos</strong></span> <span class='ocrx_word' id='word_1_946' title='bbox 2833 5060 2955 5101; x_wconf 89' lang='lat' dir='ltr'><strong>cum</strong></span> <span class='ocrx_word' id='word_1_947' title='bbox 3005 5046 3284 5102; x_wconf 85' lang='lat' dir='ltr'><strong>mensibus</strong></span> <span class='ocrx_word' id='word_1_948' title='bbox 3310 5046 3526 5102; x_wconf 87' lang='lat' dir='ltr'><strong>circiter</strong></span> <span class='ocrx_word' id='word_1_949' title='bbox 3551 5046 3719 5117; x_wconf 82' lang='lat' dir='ltr'><strong>quin-</strong></span> 
     </span>
     <span class='ocr_line' id='line_1_133' title="bbox 2119 5129 2529 5168; baseline 0 0"><span class='ocrx_word' id='word_1_950' title='bbox 2119 5129 2241 5168; x_wconf 89' lang='lat' dir='ltr'><strong>aue.</strong></span> <span class='ocrx_word' id='word_1_951' title='bbox 2317 5130 2529 5168; x_wconf 72' lang='lat' dir='ltr'><strong>ouum).</strong></span> 
     </span>
    </p>
   </div>
   <div class='ocr_carea' id='block_1_133' title="bbox 2117 5129 2529 5184">
    <p class='ocr_par' dir='ltr' id='par_1_133' title="bbox 2117 5129 2529 5184">
     <span class='ocr_line' id='line_1_134' title="bbox 2117 5129 2529 5184; baseline 0 -16"><span class='ocrx_word' id='word_1_952' title='bbox 2117 5129 2241 5184; x_wconf 90' lang='lat' dir='ltr'><strong>que.</strong></span> <span class='ocrx_word' id='word_1_953' title='bbox 2273 5129 2529 5169; x_wconf 62' lang='lat' dir='ltr'><strong>&#39;t’omsuo.</strong></span> 
     </span>
    </p>
   </div>
   <div class='ocr_carea' id='block_1_134' title="bbox 2191 5203 3720 5279">
    <p class='ocr_par' dir='ltr' id='par_1_134' title="bbox 2191 5203 3720 5279">
     <span class='ocr_line' id='line_1_135' title="bbox 2191 5203 3720 5279; baseline 0.005 -24"><span class='ocrx_word' id='word_1_954' title='bbox 2191 5203 2320 5279; x_wconf 77' lang='lat' dir='ltr'><strong>Quis</strong></span> <span class='ocrx_word' id='word_1_955' title='bbox 2368 5205 2813 5279; x_wconf 77' lang='lat' dir='ltr'><strong>enimjustitiam,</strong></span> <span class='ocrx_word' id='word_1_956' title='bbox 2847 5206 2946 5260; x_wconf 86' lang='lat' dir='ltr'><strong>nisi</strong></span> <span class='ocrx_word' id='word_1_957' title='bbox 2988 5207 3157 5260; x_wconf 86' lang='lat' dir='ltr'><strong>malus</strong></span> <span class='ocrx_word' id='word_1_958' title='bbox 3206 5205 3720 5279; x_wconf 38' lang='lat' dir='ltr'><strong>persequaturiper</strong></span> 
     </span>
    </p>
   </div>
   <div class='ocr_carea' id='block_1_135' title="bbox 2107 5276 3713 5402">
    <p class='ocr_par' dir='ltr' id='par_1_135' title="bbox 2107 5276 3713 5402">
     <span class='ocr_line' id='line_1_136' title="bbox 2107 5276 3713 5399; baseline 0.006 -74"><span class='ocrx_word' id='word_1_959' title='bbox 2107 5276 2370 5399; x_wconf 61' lang='grc' dir='ltr'><strong>Ῑιιειὶιὶαιῧ</strong></span> <span class='ocrx_word' id='word_1_960' title='bbox 2396 5276 2480 5357; x_wconf 67' lang='lat' dir='ltr'><strong>liic</strong></span> <span class='ocrx_word' id='word_1_961' title='bbox 2506 5276 2746 5346; x_wconf 89' lang='lat' dir='ltr'><strong>intellige</strong></span> <span class='ocrx_word' id='word_1_962' title='bbox 2770 5281 2975 5347; x_wconf 87' lang='lat' dir='ltr'><strong>justum</strong></span> <span class='ocrx_word' id='word_1_963' title='bbox 2996 5276 3276 5349; x_wconf 81' lang='lat' dir='ltr'><strong>populoin,</strong></span> <span class='ocrx_word' id='word_1_964' title='bbox 3307 5279 3565 5350; x_wconf 84' lang='lat' dir='ltr'><strong>pupulum</strong></span> <span class='ocrx_word' id='word_1_965' title='bbox 3592 5277 3713 5346; x_wconf 90' lang='lat' dir='ltr'><strong>Dei,</strong></span> 
     </span>
     <span class='ocr_line' id='line_1_137' title="bbox 2115 5360 2447 5402; baseline -0.003 -2"><span class='ocrx_word' id='word_1_966' title='bbox 2115 5360 2302 5400; x_wconf 84' lang='lat' dir='ltr'><strong>servos</strong></span> <span class='ocrx_word' id='word_1_967' title='bbox 2375 5362 2447 5402; x_wconf 89' lang='lat' dir='ltr'><strong>et.</strong></span> 
     </span>
    </p>
   </div>
   <div class='ocr_carea' id='block_1_136' title="bbox 2186 5434 3717 5512">
    <p class='ocr_par' dir='ltr' id='par_1_136' title="bbox 2186 5434 3717 5512">
     <span class='ocr_line' id='line_1_138' title="bbox 2186 5434 3717 5512; baseline 0.005 -24"><span class='ocrx_word' id='word_1_968' title='bbox 2186 5434 2466 5512; x_wconf 64' lang='lat' dir='ltr'><strong>Provectus</strong></span> <span class='ocrx_word' id='word_1_969' title='bbox 2493 5445 2617 5512; x_wconf 79' lang='lat' dir='ltr'><strong>esset</strong></span> <span class='ocrx_word' id='word_1_970' title='bbox 2655 5437 2724 5491; x_wconf 88' lang='lat' dir='ltr'><strong>ad</strong></span> <span class='ocrx_word' id='word_1_971' title='bbox 2752 5438 2883 5512; x_wconf 85' lang='lat' dir='ltr'><strong>illud</strong></span> <span class='ocrx_word' id='word_1_972' title='bbox 2908 5440 3191 5510; x_wconf 87' lang='lat' dir='ltr'><strong>principale</strong></span> <span class='ocrx_word' id='word_1_973' title='bbox 3221 5440 3501 5512; x_wconf 73' lang='lat' dir='ltr'><strong>fastigium.</strong></span> <span class='ocrx_word' id='word_1_974' title='bbox 3533 5438 3717 5512; x_wconf 81' lang='lat' dir='ltr'><strong>Elin-</strong></span> 
     </span>
    </p>
   </div>
   <div class='ocr_carea' id='block_1_137' title="bbox 2109 5504 3717 5583">
    <p class='ocr_par' dir='ltr' id='par_1_137' title="bbox 2109 5504 3717 5583">
     <span class='ocr_line' id='line_1_139' title="bbox 2109 5504 3717 5583; baseline 0.006 -27"><span class='ocrx_word' id='word_1_975' title='bbox 2109 5504 2214 5583; x_wconf 68' lang='lat' dir='ltr'><strong>fra,</strong></span> <span class='ocrx_word' id='word_1_976' title='bbox 2241 5521 2309 5583; x_wconf 87' lang='lat' dir='ltr'><strong>_c.</strong></span> <span class='ocrx_word' id='word_1_977' title='bbox 2361 5506 2450 5572; x_wconf 69' lang='lat'><strong>18,</strong></span> <span class='ocrx_word' id='word_1_978' title='bbox 2480 5505 2697 5583; x_wconf 73' lang='lat' dir='ltr'><strong>sublime</strong></span> <span class='ocrx_word' id='word_1_979' title='bbox 2736 5504 3017 5583; x_wconf 77' lang='lat' dir='ltr'><strong>fastigium,</strong></span> <span class='ocrx_word' id='word_1_980' title='bbox 3052 5504 3453 5583; x_wconf 64' lang='lat' dir='ltr'><strong>imperatoriam</strong></span> <span class='ocrx_word' id='word_1_981' title='bbox 3505 5511 3717 5567; x_wconf 85' lang='lat' dir='ltr'><strong>scilicet</strong></span> 
     </span>
    </p>
   </div>
   <div class='ocr_carea' id='block_1_138' title="bbox 2108 5577 3729 5648">
    <p class='ocr_par' dir='ltr' id='par_1_138' title="bbox 2108 5577 3729 5648">
     <span class='ocr_line' id='line_1_140' title="bbox 2108 5577 3729 5648; baseline 0.002 -17"><span class='ocrx_word' id='word_1_982' title='bbox 2108 5578 2445 5647; x_wconf 83' lang='lat' dir='ltr'><strong>dignitatem.</strong></span> <span class='ocrx_word' id='word_1_983' title='bbox 2480 5577 2633 5633; x_wconf 84' lang='lat' dir='ltr'><strong>Haud</strong></span> <span class='ocrx_word' id='word_1_984' title='bbox 2683 5577 3146 5645; x_wconf 66' lang='lat' dir='ltr'><strong>secusLactattt.,</strong></span> <span class='ocrx_word' id='word_1_985' title='bbox 3177 5582 3292 5636; x_wconf 89' lang='lat' dir='ltr'><strong>Div.</strong></span> <span class='ocrx_word' id='word_1_986' title='bbox 3326 5580 3502 5636; x_wconf 85' lang='lat' dir='ltr'><strong>lnstit.</strong></span> <span class='ocrx_word' id='word_1_987' title='bbox 3538 5583 3574 5635; x_wconf 89' lang='grc' dir='ltr'><strong>Ι.</strong></span> <span class='ocrx_word' id='word_1_988' title='bbox 3610 5594 3729 5648; x_wconf 76' lang='lat' dir='ltr'><strong>vu,’</strong></span> 
     </span>
    </p>
   </div>
   <div class='ocr_carea' id='block_1_139' title="bbox 2106 5648 3711 5722">
    <p class='ocr_par' dir='ltr' id='par_1_139' title="bbox 2106 5648 3711 5722">
     <span class='ocr_line' id='line_1_141' title="bbox 2106 5648 3711 5722; baseline 0.004 -21"><span class='ocrx_word' id='word_1_989' title='bbox 2106 5660 2158 5701; x_wconf 92' lang='lat' dir='ltr'><strong>c.</strong></span> <span class='ocrx_word' id='word_1_990' title='bbox 2204 5648 2294 5708; x_wconf 69' lang='lat'><strong>26.</strong></span> <span class='ocrx_word' id='word_1_991' title='bbox 2324 5649 2388 5702; x_wconf 89' lang='lat' dir='ltr'><strong>ad</strong></span> <span class='ocrx_word' id='word_1_992' title='bbox 2422 5649 2605 5722; x_wconf 62' lang='lat' dir='ltr'><strong>linem,</strong></span> <span class='ocrx_word' id='word_1_993' title='bbox 2639 5651 2689 5704; x_wconf 92' lang='lat' dir='ltr'><strong>in</strong></span> <span class='ocrx_word' id='word_1_994' title='bbox 2731 5654 2944 5721; x_wconf 80' lang='lat' dir='ltr'><strong>epilogo</strong></span> <span class='ocrx_word' id='word_1_995' title='bbox 2972 5653 3036 5706; x_wconf 89' lang='lat' dir='ltr'><strong>ad</strong></span> <span class='ocrx_word' id='word_1_996' title='bbox 3069 5654 3488 5707; x_wconf 81' lang='lat' dir='ltr'><strong>Cutistantinum</strong></span> <span class='ocrx_word' id='word_1_997' title='bbox 3531 5654 3711 5722; x_wconf 85' lang='lat' dir='ltr'><strong>impe-</strong></span> 
     </span>
    </p>
   </div>
   <div class='ocr_carea' id='block_1_140' title="bbox 2106 5718 3703 5793">
    <p class='ocr_par' dir='ltr' id='par_1_140' title="bbox 2106 5718 3703 5793">
     <span class='ocr_line' id='line_1_142' title="bbox 2106 5718 3703 5793; baseline 0.003 -21"><span class='ocrx_word' id='word_1_998' title='bbox 2106 5731 2340 5793; x_wconf 82' lang='lat' dir='ltr'><strong>ratorem</strong></span> <span class='ocrx_word' id='word_1_999' title='bbox 2373 5738 2384 5773; x_wconf 92' lang='lat'><strong>:</strong></span> <span class='ocrx_word' id='word_1_1000' title='bbox 2423 5718 2493 5793; x_wconf 74' lang='lat' dir='ltr'><strong>Te</strong></span> <span class='ocrx_word' id='word_1_1001' title='bbox 2522 5718 2839 5788; x_wconf 84' lang='lat' dir='ltr'><strong>providentia</strong></span> <span class='ocrx_word' id='word_1_1002' title='bbox 2879 5718 3094 5776; x_wconf 65' lang='lat' dir='ltr'><strong>summa</strong></span> <span class='ocrx_word' id='word_1_1003' title='bbox 3128 5724 3413 5779; x_wconf 78' lang='lat' dir='ltr'><strong>divinitatis</strong></span> <span class='ocrx_word' id='word_1_1004' title='bbox 3454 5724 3525 5778; x_wconf 88' lang='lat' dir='ltr'><strong>ad</strong></span> <span class='ocrx_word' id='word_1_1005' title='bbox 3546 5718 3703 5793; x_wconf 69' lang='lat' dir='ltr'><strong>rain.</strong></span> 
     </span>
    </p>
   </div>
   <div class='ocr_carea' id='block_1_141' title="bbox 2102 5791 3703 5872">
    <p class='ocr_par' dir='ltr' id='par_1_141' title="bbox 2102 5791 3703 5872">
     <span class='ocr_line' id='line_1_143' title="bbox 2102 5791 3703 5872; baseline 0.006 -28"><span class='ocrx_word' id='word_1_1006' title='bbox 2102 5792 2242 5864; x_wconf 88' lang='lat' dir='ltr'><strong>gium</strong></span> <span class='ocrx_word' id='word_1_1007' title='bbox 2288 5791 2572 5866; x_wconf 84' lang='lat' dir='ltr'><strong>principale</strong></span> <span class='ocrx_word' id='word_1_1008' title='bbox 2597 5794 2847 5865; x_wconf 74' lang='lat' dir='ltr'><strong>provexit.</strong></span> <span class='ocrx_word' id='word_1_1009' title='bbox 2873 5792 3045 5852; x_wconf 81' lang='lat' dir='ltr'><strong>Viden</strong></span> <span class='ocrx_word' id='word_1_1010' title='bbox 3074 5794 3355 5871; x_wconf 84' lang='lat' dir='ltr'><strong>utriusque</strong></span> <span class='ocrx_word' id='word_1_1011' title='bbox 3385 5791 3567 5872; x_wconf 85' lang='lat' dir='ltr'><strong>operis</strong></span> <span class='ocrx_word' id='word_1_1012' title='bbox 3597 5809 3703 5853; x_wconf 72' lang='grc' dir='ltr'><strong>διι-</strong></span> 
     </span>
    </p>
   </div>
  </div>
