4058 6188
366 329 476 388 209

1517 327 1720 383 LIBER
1760 325 1848 382 DE
1891 324 2100 382 ΜΟΙΠ.
2143 323 2525 384 PERSECUT.

3567 327 3675 386 210

363 458 619 501 reversus
667 460 790 501 cum
841 440 1024 515 praeda
1071 451 1128 498 et
1168 441 1442 498 manubiis
1479 440 1817 512 ingentibus,
1864 439 1966 494 sibi
1992 440 2048 500 Α
2075 454 2170 507 pro
2199 439 2495 496 sceleribus
2521 443 2634 496 suis
2665 443 2798 497 nihil
2830 457 2936 496 non
2986 452 3309 509 mereretur,
3352 444 3554 499 tamdiu
3587 455 3672 498 ta-

361 539 542 592 attulit
583 539 926 608 superbiam,
981 536 1318 594 Diocletiano
1369 537 1640 592 timorem.
1694 536 1750 590 in
1793 543 1972 590 tantos

362 645 602 698 namque
629 631 794 686 fastus
822 639 946 701 post
987 629 1129 684 hanc
1175 629 1458 684 victoriam
1485 627 1726 682 elevatus
1763 635 1881 689 est,
1915 633 1974 680 ut

355 722 470 792 jam
495 721 837 778 detrectaret
859 720 1093 777 Caesaris
1121 736 1344 778 nomen.
1380 720 1534 790 Quod
1561 737 1685 777 cum
1732 722 1784 775 in
1831 720 1972 775 litte-

357 815 436 869 ris
473 815 541 868 ad
574 830 635 870 se
673 814 814 870 datis
861 814 1134 881 audisset,
1169 814 1310 870 truci
1341 814 1492 882 vultu
1534 829 1598 869 ac
1641 828 1775 868 voce
1811 814 1972 870 terri-

359 906 455 960 bili
484 907 828 962 exclamabat
857 923 871 960 :
903 907 1192 974 Quousque
1230 906 1461 963 Cassa?
1488 905 1696 962 Exinde
1731 905 1969 961 insolen-

360 997 576 1054 tissime
609 1013 774 1069 agere
803 999 970 1069 capit
989 1040 1007 1066 ,
1037 1007 1095 1054 ut
1121 1013 1188 1054 ex
1212 997 1382 1053 Marte
1409 1012 1469 1053 se
1494 1006 1867 1068 procreatum,
1911 1005 1970 1054 et

361 1091 535 1146 videri
559 1132 577 1159 ,
604 1099 664 1146 et
690 1091 796 1147 dici
826 1092 1026 1156 vellet,
1061 1100 1332 1160 tamquam
1360 1091 1591 1146 alterum
1639 1090 1964 1155 Romulum;

357 1181 660 1252 maluitque
711 1181 996 1236 Romulam
1056 1191 1283 1236 matrem
1329 1193 1516 1252 stupro
1575 1180 1878 1248 infamare,
1909 1190 1970 1238 ut

357 1273 478 1341 ipse
514 1272 624 1327 diis
657 1273 920 1328 oriundus
956 1272 1251 1328 videretur.
1301 1273 1408 1330 Sed
1453 1272 1645 1329 differo
1688 1273 1759 1330 de
1806 1273 1962 1330 factis

353 1364 477 1433 ejus
504 1363 720 1429 dicere,
771 1380 838 1421 ne
881 1364 1209 1420 confundam
1263 1373 1524 1435 tempora.
1575 1365 1766 1422 Postea
1811 1365 1958 1421 enim

348 1471 517 1526 quam
546 1471 745 1513 nomen
772 1457 1118 1527 Imperatoris
1138 1459 1377 1528 accepit,
1410 1470 1576 1514 exuto
1601 1473 1814 1524 socero,
1843 1470 1958 1517 tum

347 1545 580 1602 demum
620 1549 800 1605 furere
827 1549 993 1620 capit
1012 1590 1030 1617 ,
1059 1559 1116 1606 et
1136 1557 1488 1605 contemnere
1512 1551 1714 1606 omnia.
1749 1550 1962 1607 Diocles

347 1638 480 1710 (sic)
500 1640 648 1696 enim
678 1649 804 1697 ante
833 1641 1121 1712 imperium
1153 1641 1445 1696 vocabatur
1471 1659 1485 1697 :
1515 1655 1638 1696 cum
1667 1641 1959 1713 rempubli-

343 1745 471 1786 cam
503 1732 704 1789 talibus
727 1734 970 1791 consiliis
996 1741 1053 1789 et
1080 1732 1274 1790 talibus
1313 1732 1478 1789 sociis
1503 1742 1806 1801 everteret,
1834 1747 1957 1790 cum

2077 545 2199 586 men
2232 545 2440 586 summa
2469 532 2722 588 felicitate
2751 536 3014 604 regnavit,
3049 535 3304 604 quamdiu
3333 551 3521 589 manus
3546 550 3675 591 suas

2072 623 2340 691 justorum
2372 624 2631 695 sanguine
2661 641 2768 680 non
2799 627 3122 696 inquinaret.
3166 626 3338 692 Quam
3377 641 3507 682 vero
3536 641 3668 682 cau-

2072 728 2189 769 sam
2222 715 2583 786 persequendi
2608 716 2888 782 habuerit,
2917 731 3207 788 exponam.

2844 809 2912 864 Χ.

2144 902 2278 959 Cum
2307 913 2492 975 ageret
2517 905 2571 959 in
2608 904 2850 973 partibus
2878 904 3154 967 Orientis,
3207 913 3260 958 ut
3293 914 3409 958 erat
3455 917 3553 973 pro
3604 905 3672 958 ti-

2071 1011 2226 1054 more
2251 1007 2518 1054 scrutator
2555 1012 2733 1053 rerum
2770 996 3103 1061 futurarum,
3140 995 3454 1051 immolabat
3499 1009 3664 1064 pecu-

2071 1090 2200 1156 des,
2231 1099 2288 1145 et
2313 1089 2365 1144 in
2389 1088 2665 1158 jecoribus
2693 1103 2878 1143 earum
2927 1097 3154 1143 ventura
3201 1088 3496 1157 quaerebat.
3527 1089 3669 1144 Tum

2073 1181 2290 1252 quidam
2323 1181 2690 1237 ministrorum
2721 1181 2955 1236 scientes
2987 1181 3269 1236 Dominum
3289 1221 3304 1243 ,
3335 1195 3457 1236 cum
3497 1181 3672 1236 adsis-

2075 1283 2251 1329 terent
2294 1272 2634 1339 immolanti,
2674 1272 3046 1342 imposuerunt
3094 1272 3359 1327 frontibus
3407 1274 3518 1328 suis
3568 1275 3669 1328 im-

2069 1367 2298 1422 mortale
2329 1368 2564 1437 signum.
2591 1367 2709 1434 Quo
2730 1367 2870 1421 facto
2891 1407 2906 1430 ,
2949 1365 3145 1435 fugatis
3174 1365 3510 1421 daemonibus
3534 1407 3550 1432 ,
3580 1379 3668 1420 sa-

2067 1473 2158 1513 cra
2189 1459 2401 1514 turbata
2425 1468 2570 1512 sunt.
2603 1457 2966 1528 Trepidabant
2990 1459 3300 1527 aruspices,
3342 1474 3442 1513 nec
3478 1460 3670 1517 solitas

2067 1551 2120 1606 in
2147 1551 2288 1606 extis
2320 1560 2474 1606 notas
2501 1551 2783 1616 videbant;
2815 1561 2870 1607 et
2905 1551 3056 1622 quasi
3094 1565 3200 1606 non
3236 1552 3511 1617 litassent,
3555 1568 3667 1608 sie-

2068 1645 2188 1715 pius
2216 1644 2585 1699 immolabant.
2623 1643 2820 1700 Verum
2865 1644 3156 1700 identidem
3190 1654 3436 1700 mactatae
3467 1645 3662 1700 hostias

2066 1736 2203 1792 nihil
2250 1735 2636 1803 ostendebant,
2697 1736 2869 1793 donec
2916 1736 3170 1806 magister
3220 1737 3308 1793 ille
3351 1737 3668 1807 aruspicum

1639 1939 1646 1946 ,
1715 1872 2075 1932 VARIORUM
2113 1875 2340 1932 nom.

419 1983 666 2062 Eleuatus
703 1997 811 2062 est.
877 1987 1227 2043 Heumannus
1290 1987 1562 2044 existimat
1610 1961 1950 2045 Liactantium
1980 1997 2030 2058 Β
2057 2002 2167 2046 rent
2196 1991 2290 2046 Dei
2321 1993 2584 2062 templum.
2617 1992 2780 2048 Italus

340 2056 633 2124 scripsisse
664 2057 829 2112 elatus
855 2069 949 2113 est.

419 2125 758 2182 Detrectaret.
789 2129 862 2184 Ita
897 2130 981 2184 hic
1009 2143 1111 2183 ms.
1144 2129 1351 2192 codex;
1382 2129 1507 2185 alibi
1538 2133 1860 2186 detractaret.

416 2196 487 2250 In
516 2200 698 2253 litteris
725 2203 794 2252 ad
822 2217 876 2254 se
905 2202 1038 2255 datis
1066 2201 1307 2255 audisset.
1363 2201 1617 2255 Audisset
1664 2203 1954 2258 Diocletia-

340 2283 528 2324 nusex
547 2269 1244 2341 litterisGalerii.Cut.t..—
1273 2271 1386 2326 Imo
1415 2270 1660 2326 Galerius
1688 2273 1951 2341 audisset,

336 2341 462 2392 sive
491 2339 736 2395 vidisset.
773 2342 901 2396 Buu.

417 2410 699 2480 Quousque
741 2411 955 2468 Casar.’
987 2415 1271 2470 Ambiehat
1311 2416 1453 2466 enim
1485 2412 1730 2468 Galerius
1759 2414 1945 2469 νοεπί

334 2491 394 2555 et
446 2497 568 2555 esse
614 2481 911 2555 Imperator
956 2495 1013 2539 et
1041 2489 1347 2555 Augustus,
1383 2484 1432 2537 id
1464 2497 1546 2539 εει
1581 2487 1810 2555 primum
1844 2486 1943 2539 ha-

334 2553 474 2677 pere
533 2552 748 2618 locum;
797 2552 972 2610 Ctesar
1019 2552 1162 2611 enim
1208 2571 1314 2610 non
1363 2563 1510 2622 erat,
1560 2554 1663 2610 nisi
1704 2556 1947 2612 secundo

359 2637 489 2677 oco.

359 2637 489 2677 OCO.

423 2692 492 2768 (It
521 2711 586 2768 ea;
614 2695 780 2768 Marte
805 2713 858 2753 se
888 2708 1226 2768 procreatum.
1259 2696 1499 2751 Imitatus
1529 2695 1938 2765 Diocletianum,

338 2764 444 2836 qui
471 2781 530 2818 se
560 2765 798 2833 Iovium;
830 2764 898 2822 et'
913 2771 1144 2824 alterum
1178 2769 1584 2834 Maximianum,
1617 2769 1706 2836 qui
1741 2764 1946 2823 Hercu-

334 2835 518 2910 lium,
539 2838 690 2910 qu_asi
719 2853 747 2892 a
777 2839 880 2894 diis
911 2839 1342 2910 progenitoribus
1363 2881 1378 2903 ,
1411 2835 1847 2910 appellaverunt.
1867 2839 1942 2894 De

332 2904 564 2961 Galerio
591 2908 732 2976 Epit.
791 2904 1037 2972 ViCtoris',
1071 2925 1192 2981 cap.
1239 2911 1307 2981 5‘!
1353 2928 1365 2962 :
1405 2904 1461 2963 ιε
1484 2904 1762 2981 insolenter
1789 2909 1942 2978 afﬁr-

333 2992 486 3051 mare
517 2993 688 3051 ausus
717 2990 818 3044 est,
852 2992 1065 3035 matrem
1095 2978 1235 3035 more
1266 2978 1589 3051 Olympiadis
1608 3020 1624 3045 ,
1655 2979 1939 3034 Alexandri

335 3045 854 3122 lfagni_creatricis,
903 3068 1246 3122 compressam
1291 3045 1513 3106 diacone
1533 3091 1546 3114 ,
1577 3061 1730 3105 semet
1759 3067 1940 3106 conce-

1962 3096 2008 3160 Ο

416 3187 711 3244 Romulam.
748 3191 870 3264 Hzcc
898 3201 1014 3247 erat
1042 3192 1241 3248 Galerii
1271 3202 1460 3259 mater,
1486 3208 1516 3246 a
1537 3206 1640 3264 qua
1669 3191 1937 3248 Romulia-

331 3275 467 3333 imm
497 3263 748 3332 oppidum
786 3263 880 3316 fuit
909 3265 1259 3333 appellatum.

421 3327 606 3405 Postea
634 3336 765 3386 enim
794 3327 966 3403 quam:
984 3327 1092 3390 'Sic
1121 3351 1241 3405 cap.
1277 3336 1309 3389 5
1347 3352 1363 3389 :
1397 3333 1583 3388 Postea
1613 3349 1727 3388 vero
1755 3350 1932 3404 quam.

328 3399 458 3454 Lib.
492 3403 729 3527 thInst.,
768 3399 818 3459 ο.
863 3406 948 3461 15.
997 3399 1341 3461 Postea-uero
1385 3405 1741 3460 animaduersa
1768 3399 1931 3473 sunt,

328 3488 512 3527 quam.
594 3490 676 3527 US.

326 3488 490 3540 quam
501 3513 512 3523 .
551 3488 676 3528 bus.

413 3541 586 3597 Exuto
615 3561 807 3599 socero.
861 3546 916 3600 Id
946 3559 1026 3602 eSt
1047 3590 1060 3609 ,
1097 3559 1374 3617 postquam
1409 3547 1772 3602 Diocletianus
1805 3563 1934 3616 pur-

334 3628 474 3680 pura
505 3626 662 3688 exuta
701 3631 760 3670 se
791 3618 1020 3688 Imperio
1047 3619 1346 3684 abdicavit,
1376 3627 1432 3674 et
1470 3617 1714 3674 Galerius
1760 3617 1936 3688 Impe-

329 3693 485 3758 [ator
516 3683 683 3758 factus
708 3696 810 3742 est.
844 3683 1044 3742 Eadem
1088 3700 1171 3743 est
1218 3683 1468 3758 loquendi
1499 3691 1636 3742 ratio
1664 3689 1802 3756 apud
1836 3683 1935 3742 nos

329 3753 556 3830 Gallos;
601 3757 826 3813 dicimus
873 3761 1017 3830 enim
1067 3761 1226 3830 vulgo
1258 3753 1403 3814 {Cet
1433 3753 1794 3830 Itommeﬁs—‘est
1840 3759 1934 3812 de-

332 3827 536 3896 pouillé
562 3845 694 3897 pour
721 3847 812 3883 son
841 3829 946 3898 ﬁls.
969 3830 1073 3885 'Sic
1101 3827 1317 3885 et'infra
1349 3845 1468 3900 Cap.
1506 3830 1592 3884 10.
1630 3829 1722 3882 Vel
1753 3832 1934 3897 potius

329 3906 489 3949 exuto
517 3915 716 3962 socero,
753 3900 800 3952 id
824 3911 938 3966 est,
968 3913 1246 3969 postquam
1271 3901 1517 3956 Galerius
1543 3900 1932 3956 Diocletianum

329 3969 516 4034 coegit
548 3971 778 4038 imperio
821 3971 1048 4037 cedere,
1096 3981 1152 4025 ut
1197 3973 1332 4026 infra
1363 3988 1414 4026 c.
1449 3973 1535 4026 18.
1571 3972 1758 4034 initio,
1789 3971 1933 4041 quod

329 4047 418 4091 est
449 4041 668 4095 rectius.

415 4108 527 4162 Sic.
562 4111 708 4166 Hanc
739 4112 1054 4180 particulam
1099 4113 1464 4183 supplevimus
1509 4127 1628 4168 cum
1675 4110 1926 4181 CupcrO.

330 4178 456 4233 sine
485 4196 588 4250 qua
637 4178 823 4236 manca
853 4193 936 4236 est
964 4178 1266 4239 oratioflta
1297 4199 1415 4252 cap.
1452 4184 1518 4239 19
1550 4183 1683 4237 infra
1730 4178 1772 4236 ε’
1799 4183 1934 4236 Huic

333 4265 623 4325 gnrpuram
674 4252 1027 4308 Diocletianus
1072 4256 1245 4324 injecit
1284 4271 1466 4320 suam,
1513 4271 1616 4325 qua
1660 4270 1714 4307 se
1759 4256 1931 4318 exuit;

332 4319 548 4396 Dio_cles
576 4325 759 4396 iterum
787 4327 949 4396 factus
977 4335 1068 4380 est.

418 4389 797 4465 Persequendif
817 4395 967 4452 Adde
994 4413 1089 4452 eos
1107 4439 1121 4462 ,
1149 4397 1199 4452 id
1223 4407 1308 4452 est
1328 4397 1504 4467 justus
1521 4437 1537 4464 ,
1560 4394 1704 4467 quod
1728 4411 1927 4451 nomen

331 4477 461 4514 mox
499 4469 788 4530 pnucessit.
1955 4495 2010 4555 Ι)

415 4533 582 4555 ιὶ----.η
676 4554 720 4555 ,,
783 4547 797 4555 Α
871 4539 890 4555 Δ
929 4547 1012 4555 ν--.
1066 4541 1077 4555 ι
1183 4553 1194 4555 ,
1247 4539 1261 4555 I
1317 4554 1323 4555 ,
1373 4541 1406 4555 ,ι
1497 4553 1507 4555 _
1539 4554 1562 4555 η
1621 4538 1716 4555 ι--
1776 4553 1818 4555 _-
1875 4554 1924 4555 κη

413 4533 587 4596 Quum
630 4547 815 4603 ageret.
859 4539 1018 4592 Amat
1064 4541 1201 4593 hanc
1247 4539 1569 4594 locutionem
1621 4538 1722 4592 hoc
1768 4553 1930 4592 sensu

334 4601 614 4678 Ιιειίειηιὶιν.
649 4601 738 4672 iv,
765 4623 886 4678 cap.
929 4610 1018 4663 27.
1063 4611 1150 4664 tibi
1193 4611 1378 4665 eadem
1420 4625 1544 4674 res,
1592 4619 1648 4664 et
1696 4609 1786 4664 lib.
1839 4624 1928 4676 tv,

333 4688 460 4743 cap.
490 4677 580 4732 25.
615 4678 742 4733 Bon.

337 4745 522 4866 {Pro
549 4751 744 4803 timore.
777 4749 1016 4806 Emenda
1048 4766 1156 4822 ρηε
1182 4751 1395 4816 timore,
1429 4751 1480 4806 id
1510 4759 1627 4816 est,
1662 4766 1770 4822 prae
1798 4751 1933 4804 timi-

381 4827 523 4866 Itale.

381 4827 523 4872 uate.

420 4889 647 4953 Quidam
693 4891 1041 4962 ministrorum
1061 4935 1074 4954 ,
1107 4903 1283 4947 etc....
1332 4892 1397 4946 Et
1427 4891 1510 4946 hic
1540 4907 1752 4962 quoque
1784 4893 1935 4946 locus

333 4969 529 5030 aperte
576 4961 814 5017 ostendit
845 4963 1037 5017 librum
1070 4966 1230 5018 istum
1261 4978 1380 5018 esse
1411 4961 1695 5019 Lactantii.
1727 4963 1932 5016 Similia

331 5035 485 5087 enim
513 5034 733 5087 omnino
761 5035 876 5101 ipse
907 5034 1068 5088 habet
1115 5035 1166 5088 in
1217 5033 1352 5088 libro
1389 5049 1446 5088 tv
1485 5033 1716 5090 Institut.
1754 5034 1930 5088 Divitt.

331 5117 459 5173 cap.
491 5101 560 5156 27
589 5119 602 5154 :
630 5101 768 5156 Nam
796 5119 914 5158 cum
943 5105 1042 5158 diis
1069 5106 1175 5160 suis
1203 5106 1499 5170 immolant,
1531 5106 1575 5159 si
1602 5105 1814 5158 adsistat
1836 5103 1936 5156 ali-

333 5175 453 5242 quis
484 5174 736 5244 signatam
767 5177 983 5245 frontem
1012 5193 1189 5246 gerens
1211 5218 1224 5240 ,
1253 5192 1403 5230 sacra
1422 5177 1567 5230 nullo
1592 5175 1754 5246 modo,
1762 5177 1931 5246 litant,

335 5261 432 5298 nec
461 5260 707 5312 responsa
760 5244 920 5308 potest
966 5244 1229 5302 consultus
1271 5247 1482 5300 reddere
1531 5256 1686 5301 uates.
1733 5244 1798 5299 Et
1827 5246 1936 5299 hac

333 5331 477 5390 stupe
521 5317 968 5390 causa_pr¢ecipua
997 5320 1252 5390 justitiam
1280 5320 1610 5390 persequendi
1638 5317 1787 5371 malis
1834 5317 1937 5390 Re-

336 5389 490 5458 gibus
513 5388 636 5458 fuit.
671 5385 799 5458 Cum
828 5387 960 5441 enim
987 5385 1196 5457 quidam
1219 5385 1568 5444 ministrorum
1589 5389 1748 5442 nostri
1776 5387 1937 5442 sacri-

338 5455 616 5527 ﬁcantibus
647 5457 871 5512 dominis
899 5455 1239 5525 adsisterent,
1288 5459 1526 5528 imposito
1565 5459 1818 5529 frontibus
1859 5459 1934 5511 si-

339 5546 474 5599 gna,
505 5530 626 5581 deos
655 5529 866 5582 illorum
897 5531 1201 5600 fugauerunt
1221 5573 1235 5596 ,
1265 5548 1327 5585 ne
1357 5540 1557 5598 possent
1578 5530 1629 5584 in
1660 5529 1938 5584 uisceribus

339 5601 626 5654 hostiarum
678 5601 854 5671 futura
897 5603 1186 5671 depingere.
1239 5600 1390 5669 Quod
1439 5617 1556 5654 cum
1600 5602 1938 5670 intelligerent

335 5671 642 5738 aruspices,
677 5671 1037 5742 instigantibus
1062 5674 1242 5727 iisdem
1271 5673 1586 5727 dwmonibus
1610 5672 1790 5740 quibus
1819 5685 1938 5738 pro-

334 5751 550 5801 secant.
598 5753 957 5813 conquerentes
989 5744 1283 5813 prophanos
1327 5743 1554 5798 homines
1600 5742 1759 5796 sacris
1783 5742 1938 5794 inter-

335 5829 449 5868 esse
470 5853 484 5878 ,
515 5822 726 5885 egerunt
777 5811 1047 5884 Principes
1086 5831 1204 5872 suos
1232 5817 1283 5870 in
1312 5817 1570 5889 furorem,
1597 5824 1654 5868 ut
1677 5827 1938 5885 expugna-

2137 2063 2363 2118 Scientes
2397 2063 2690 2118 Dominum.
2717 2063 2790 2118 Ita
2813 2063 3142 2124 Lactantius,
3168 2063 3259 2117 lib.
3281 2078 3353 2118 vn
3383 2062 3499 2117 Div.
3524 2065 3669 2122 Inst.‘

2061 2149 2181 2206 cap.
2226 2133 2297 2206 go
2343 2150 2356 2186 :
2388 2133 2770 2206 Judicabuntur
2799 2151 2918 2206 ergo
2945 2136 3035 2206 qui
3063 2134 3227 2189 Deum
3255 2135 3514 2206 scierunt;
3545 2137 3656 2192 sci-

2063 2205 2188 2276 licet
2212 2203 2526 2276 Christiani.
2550 2235 2621 2246 —-
2662 2203 2890 2262 Scientes
2933 2205 3232 2276 Dominum.
3265 2205 3382 2260 Lib.
3413 2221 3503 2271 III,
3534 2222 3658 2276 cap.

2059 2274 2170 2330 ‘29:
2208 2274 2309 2340 Qui
2341 2276 2500 2329 Deum
2539 2277 2732 2341 sciunt;
2760 2289 2816 2330 ut
2847 2279 2938 2331 lih.
2986 2292 3055 2330 vn
3107 2275 3262 2335 Inst..
3296 2291 3346 2331 c.
3373 2276 3446 2333 20
3485 2293 3499 2330 :
3550 2274 3656 2344 Qui

2063 2344 2342 2399 Dominum
2367 2348 2632 2411 scierunt,
2665 2346 2717 2402 id
2747 2355 2861 2413 est,
2898 2346 3119 2401 Fideles.
3154 2348 3287 2402 BUN.

2119 2416 2421 2471 [inmortale
2443 2418 2666 2488 signum.
2700 2417 3010 2472 Lactantius
3042 2418 3154 2472 Div.
3202 2418 3435 2472 lnstitut.
3463 2417 3556 2471 lib.
3594 2433 3654 2473 tv

2047 2501 2168 2556 cap.
2223 2488 2328 2551 27,
2369 2502 2504 2556 quos
2544 2490 2745 2557 signum
2790 2489 3076 2542 immortale
3119 2490 3357 2542 munierit
3404 2498 3651 2558 tanquam

2047 2558 2458 2627 inexpugnabilis
2490 2575 2695 2622 murus,
2727 2569 2833 2613 etc.
2871 2558 2968 2614 Ubi
3000 2561 3313 2612 miraculum
3346 2560 3650 2628 fugatorum

2049 2629 2356 2699 dannonnm
2381 2631 2533 2699 signo
2558 2628 2744 2699 Crucis
2776 2630 2962 2683 iisdem
2996 2630 3108 2683 fere
3139 2631 3316 2699 verbis
3354 2628 3584 2699 refertur
3612 2645 3648 2686 a

2047 2697 2346 2753 Lactantio.
2382 2697 2454 2753 De
2485 2698 2641 2767 hujus
2667 2700 2802 2770 signi
2850 2700 3084 2766 potentia
3119 2697 3442 2770 S._Cyrillns
3489 2698 3646 2770 Jero-

2047 2771 2401 2840 solymitanus
2426 2769 2709 2838 episcopus
2729 2768 3014 2825 Caterhes.
3050 2770 3148 2824 l5:
3178 2768 3490 2838 Troplueum
3515 2768 3646 2824 Iesu

2046 2839 2306 2911 salutare,
2339 2839 2546 2894 Crux...
2580 2851 2727 2894 curat
2756 2840 2952 2894 morbos
2974 2882 2988 2903 ,
3017 2841 3270 2894 daemones
3311 2844 3484 2911 fugat.
3533 2851 3642 2911 ctc.

2045 2910 2248 2966 Eadem
2291 2911 2574 2966 Cateches.
2635 2913 2721 2966 15.
2756 2911 2885 2966 Cum
2913 2930 2943 2964 a
2977 2911 3082 2964 Deo
3128 2912 3192 2966 sit
3223 2910 3330 2966 [nec
3357 2913 3520 2982 gratia
3551 2910 3640 2982 Si-

2044 2997 2201 3050 gnum
2233 2981 2495 3050 ﬁdelium,
2543 2993 2588 3036 et
2636 2984 2787 3036 timor
2815 2984 3134 3048 dmmonum;
3161 2995 3215 3035 et
3259 2981 3539 3036 Cateches.
3577 2981 3634 3036 4.

2043 3049 2322 3107 Crucem...
2355 3063 2410 3106 tu
2432 3053 2600 3123 palam
2631 3055 2698 3108 ad
2725 3054 2940 3124 frontem
2981 3054 3267 3124 obsignato,
3289 3063 3351 3124 ut
3381 3054 3637 3107 daemones

2040 3125 2237 3192 regium
2271 3125 2487 3195 Signum
2536 3123 2820 3192 intuentes,
2867 3125 3068 3178 tremuli
3096 3123 3296 3190 procul
3337 3124 3631 3194 aufugiant.

2043 3195 2207 3266 Signo
2232 3206 2400 3250 autem
2426 3196 2522 3249 isto
2543 3205 2684 3249 utere
2703 3206 2807 3249 tum
2837 3195 2988 3249 edens
3016 3213 3076 3248 ac
3105 3195 3297 3259 bibens,
3329 3204 3433 3266 tum
3456 3195 3637 3247 sedens

2040 3264 2333 3320 accubans
2357 3307 2370 3330 ,
2403 3267 2467 3319 de
2495 3266 2624 3320 lecto
2666 3282 2878 3336 surgens
2903 3307 2917 3328 ,
2967 3266 3177 3334 loquens
3201 3307 3216 3330 ,
3249 3264 3554 3336 ambulans;
3585 3273 3635 3318 et

2039 3345 2095 3389 ut
2124 3337 2280 3390 semel
2308 3337 2512 3406 dicam,
2544 3338 2598 3390 in
2629 3335 2766 3390 omni
2791 3353 2845 3390 re
2873 3337 3112 3406 omnique
3139 3337 3356 3406 negotio.
3386 3336 3444 3390 S.
3479 3335 3633 3404 lgna-

2039 3408 2144 3478 tius
2170 3407 2368 3478 Martyr
2393 3425 2406 3460 :
2436 3404 2615 3461 Crucis
2645 3406 2864 3478 Signum
2890 3404 3175 3475 trophwum
3195 3404 3268 3460 est
3290 3415 3465 3460 contra
3489 3407 3632 3473 prin-

2037 3477 2167 3544 cipis
2211 3477 2391 3531 mundi
2427 3479 2692 3543 uirtutem,
2714 3477 2860 3547 quod
2889 3479 3062 3531 uidens
3104 3480 3389 3546 expavescit
3413 3518 3427 3540 ,
3458 3485 3506 3529 et
3532 3493 3631 3530 au-

2037 3547 2180 3603 diens
2203 3551 2363 3601 timet.
2401 3548 2531 3601 Vide
2559 3548 2614 3603 S.
2650 3553 2872 3618 August.
2911 3548 3154 3618 Euan-at.
3188 3548 3225 3618 4
3249 3548 3298 3618 in
3326 3547 3462 3618 Psal.
3490 3562 3630 3618 xxx,

2038 3627 2091 3672 et
2123 3619 2172 3670 in
2220 3619 2363 3673 Psal.
2397 3635 2446 3672 ι..
2481 3635 2532 3670 ιι.
2570 3621 2589 3671 1
2645 3636 2656 3669 :
2695 3616 2846 3684 Quod
2877 3619 2919 3670 si
2950 3619 3080 3684 forte
3109 3616 3384 3671 Christiani
3431 3617 3483 3668 in
3512 3617 3626 3684 ipso

2037 3689 2172 3742 circo
2191 3689 2359 3758 aliqua
2389 3705 2452 3742 ea:
2476 3705 2631 3741 causa
2653 3697 2984 3756 expauescant
3004 3729 3019 3752 ,
3053 3688 3294 3758 continuo
3320 3702 3372 3758 se
3395 3687 3620 3755 signant,

2037 3767 2085 3813 et
2125 3756 2406 3812 stant-illic
2436 3769 2691 3828 portantes
2721 3761 2773 3812 in
2801 3763 2992 3829 fronte,
3027 3759 3161 3829 unde
3179 3756 3499 3829 abscederent
3519 3795 3534 3820 ,
3585 3757 3631 3810 si

2037 3829 2132 3882 hoc
2161 3831 2212 3882 in
2257 3831 2409 3882 corde
2437 3826 2716 3896 portarent.
2767 3826 2832 3882 Et
2859 3828 2926 3882 de
2953 3827 3180 3883 Civitate
3210 3827 3323 3891 Dei,
3356 3826 3448 3880 lib.
3479 3842 3586 3880 xxu
3605 3868 3621 3890 ,

2037 3916 2090 3954 n.
2123 3901 2176 3956 5.
2228 3901 2366 3969 Quin
2413 3910 2469 3954 et
2490 3900 2863 3954 Theodoretus
2893 3901 2969 3953 ait
3018 3899 3110 3952 lili.
3155 3898 3190 3952 5
3220 3897 3354 3952 Hist.
3390 3896 3625 3963 Eccles.,

2036 3985 2156 4040 eap.
2184 3973 2218 4024 5
2251 3991 2262 4024 :
2289 3971 2418 4026 Cum
2446 3971 2528 4024 isti
2554 3988 2669 4024 vero
2700 3972 2955 4024 daemones
2983 3971 3133 4023 solita
3161 3969 3328 4040 specie
3351 3969 3628 4040 apparuis-

2035 4037 2163 4105 sent,
2188 4044 2345 4110 coegit
2369 4040 2643 4095 lulianum
2667 4044 2818 4096 timor
2847 4045 3101 4112 imponere
3140 4037 3298 4112 fronti
3328 4037 3506 4112 Crucis

2035 4129 2212 4182 gnum.
2250 4108 2322 4168 De
2348 4113 2513 4182 Signo
2538 4112 2759 4178 Crucis,
2793 4108 3013 4182 ejusque
3047 4113 3099 4164 vi
3141 4108 3198 4182 et
3236 4110 3478 4182 efficacia
3503 4108 3627 4182 vide

2039 4179 2297 4251 prmterea
2325 4179 2609 4254 Origenem
2631 4228 2644 4251 ,
2676 4179 3066 4254 Tertulliannm
3093 4224 3106 4246 ,
3139 4181 3388 4235 Basilium
3409 4222 3422 4244 ,
3458 4179 3626 4254 Atha-

2035 4257 2244 4308 nasium
2274 4255 2339 4308 de
2372 4252 2742 4309 Iiicarnatione
2774 4253 2931 4306 Verbi
2978 4253 3100 4315 Dei,
3134 4263 3262 4304 tom.
3289 4267 3338 4314 ι,
3370 4265 3490 4320 pag.
3520 4252 3622 4308 73.

2033 4325 2258 4393 Gregor.
2307 4325 2559 4380 Nazianz.
2610 4341 2775 4378 carm.
2821 4324 2917 4385 6f,
2955 4335 3104 4393 tom.
3131 4337 3200 4385 tt,
3236 4337 3354 4393 pag.
3390 4321 3520 4383 142,
3569 4329 3626 4374 et

2033 4391 2183 4449 Οιοτιῐ.
2217 4397 2250 4448 5
2288 4396 2547 4448 adverstis
2596 4394 2899 4450 lulianum.
2945 4411 2995 4458 ν.
3048 4392 3186 4457 ‘203;
3240 4391 3621 4454 Ambrosium,

2033 4464 2348 4532 Paulinum,
2381 4465 2620 4533 aliosque
2665 4465 2764 4520 SS.
2795 4465 3072 4518 I’atres.—
3096 4461 3458 4530 Imposuerunt
3479 4464 3625 4533 fronf

2036 4537 2170 4590 tibus
2218 4531 2341 4590 suis
2372 4531 2659 4590 immortale
2705 4537 2928 4605 signant.
2987 4533 3103 4587 \‘id.
3153 4547 3272 4603 quze
3321 4533 3502 4605 notavi
3548 4531 3626 4605 ad

2035 4607 2183 4660 Lact.
2219 4607 2311 4660 lih.
2362 4621 2453 4671 tv,
2483 4622 2532 4659 c.
2569 4605 2660 4662 9.6.
2694 4601 2918 4660 Nurrius
2962 4605 3027 4658 ad
3071 4601 3183 4656 hmo
3231 4602 3391 4657 verba
3421 4601 3627 4656 Caecilii

2035 4677 2240 4748 p.|183.
2271 4678 2442 4731 locum
2477 4677 2734 4732 Lactantii
2770 4677 2922 4742 plane
2955 4673 3502 4748 pervert_i_t.—Utait,
3532 4681 3631 4728 aut

2033 4745 2211 4802 verius
2262 4750 2401 4804 sicut
2442 4748 2670 4803 somniat
2719 4748 3117 4802 Bunemannus.
3157 4745 3319 4799 Miror
3368 4754 3629 4813 quantum

2036 4819 2136 4873 hoc
2185 4820 2304 4874 loco
2346 4823 2684 4890 exagitentur
2731 4817 3028 4890 Acatholici
3081 4816 3349 4890 :hi_en_im
3399 4815 3470 4890 nil
3517 4829 3630 4890 non

2037 4902 2254 4944 movent
2279 4899 2334 4944 ut
2350 4886 2632 4945 eliminent
2651 4890 2754 4944 vim
2772 4889 2930 4958 hujus
2961 4887 3287 4958 Lactantiani
3313 4886 3628 4952 testimonii,

2034 4960 2177 5030 quod
2208 4962 2429 5016 multum
2467 4960 2591 5015 facit
2620 4963 2669 5015 in
2699 4957 2924 5030 gratiam
2948 4957 3392 5030 Orthodoxoruni
3426 4959 3626 5030 rituum

2038 5027 2292 5086 Ecclesiae
2331 5030 2627 5086 catholicm.
2679 5027 2822 5085 Istud
2873 5029 3015 5084 enim
3065 5027 3366 5098 immortale
3413 5027 3628 5098 signum

2037 5101 2101 5154 ad
2138 5100 2409 5156 Christum
2455 5102 2627 5156 solum
2676 5102 2843 5155 refert
2885 5099 3286 5154 Bunemannus.
3337 5097 3442 5154 Sed
3470 5097 3632 5168 legat

2036 5171 2150 5242 ipse
2183 5174 2394 5237 locum;
2427 5173 2564 5242 legat
2608 5180 2812 5227 attente
2859 5170 3164 5242 etvidebit
3191 5184 3313 5242 non
3359 5178 3564 5223 tantum
3586 5185 3632 5242 7a

2036 5241 2251 5298 Christo
2295 5257 2391 5313 per
2421 5239 2727 5309 impositum
2766 5241 3030 5297 frontibus
3075 5239 3504 5313 Christianorum
3552 5241 3633 5294 si-

2036 5329 2200 5384 gnum
2245 5310 2454 5383 fugatos
2483 5329 2605 5369 esse
2629 5313 2938 5379 daemones;
2960 5327 3145 5384 verum
3172 5310 3333 5384 etiam
3359 5313 3634 5384 ministros

2041 5383 2390 5451 Diocletiani,
2423 5385 2512 5449 qui
2546 5385 2774 5439 fortasse
2798 5400 2919 5439 cum
2954 5383 3234 5437 sacrificiis
3278 5383 3595 5437 assisterent
3617 5423 3634 5446 ,

2039 5464 2165 5511 tunc
2192 5455 2260 5510 ab
2300 5455 2366 5511 iis
2393 5455 2716 5526 fugabantur
2757 5455 3032 5510 daemones
3057 5496 3071 5522 ,
3101 5454 3280 5526 statim
3326 5465 3488 5526 atque
3533 5453 3641 5526 im:-

2039 5527 2313 5597 ponebant
2358 5521 2479 5597 ipsi?
2503 5525 2768 5582 frontibus
2799 5527 2910 5580 suis
2962 5523 3267 5580 immortale
3299 5524 3546 5593 signum,
3580 5521 3636 5597 id
3660 5562 3683 5583 ,

2040 5592 2122 5652 est
2143 5640 2156 5659 ,
2186 5592 2396 5668 signum
2443 5595 2668 5661 Crucis,
2702 5599 2856 5653 sicuti
2905 5612 2970 5652 eo
2997 5607 3238 5667 tempore
3263 5592 3392 5668 usus
3420 5603 3536 5648 erat
3583 5592 3639 5644 in

2039 5669 2209 5741 veteri
2238 5664 2506 5741 Ecclesia.
2542 5668 2674 5724 Vide
2699 5685 2819 5741 quae
2849 5664 3228 5741 annotaviinus
3254 5665 3318 5717 ad
3343 5664 3454 5741 [hoc
3475 5669 3639 5741 οηρυι

2039 5739 2287 5819 deMort.
2319 5740 2598 5801 Persecut.
2635 5751 2689 5799 et
2716 5731 2784 5797 ad
2811 5749 2969 5815 caput
2989 5740 3080 5805 27,
3113 5736 3230 5799 libri
3258 5749 3312 5790 tv
3342 5731 3516 5789 Divin.
3546 5731 3644 5788 In-

2037 5818 2152 5867 sttt.
