  <div class='ocr_page' id='page_1' title='image "/cluster/home/n/w/nwhite01/storage/ocr_20150623/7/hvd.32044096580352/111.png"; bbox 0 0 4058 6188; ppageno 0'>
   <div class='ocr_carea' id='block_1_1' title="bbox 451 246 554 304">
    <p class='ocr_par' dir='ltr' id='par_1_1' title="bbox 451 246 554 304">
     <span class='ocr_line' id='line_1_1' title="bbox 451 246 554 304; baseline 0.039 -4"><span class='ocrx_word' id='word_1_1' title='bbox 451 246 554 304; x_wconf 76' lang='grc'><strong>211</strong></span> 
     </span>
    </p>
   </div>
   <div class='ocr_carea' id='block_1_2' title="bbox 1805 241 2401 334">
    <p class='ocr_par' dir='ltr' id='par_1_2' title="bbox 1805 241 2401 334">
     <span class='ocr_line' id='line_1_2' title="bbox 1805 241 2401 334; baseline -0.005 -35"><span class='ocrx_word' id='word_1_2' title='bbox 1805 243 2005 334; x_wconf 71' lang='lat' dir='ltr'><strong>Fiant</strong></span> <span class='ocrx_word' id='word_1_3' title='bbox 2038 241 2401 328; x_wconf 59' lang='lat' dir='ltr'><strong>Lacranrn</strong></span> 
     </span>
    </p>
   </div>
   <div class='ocr_carea' id='block_1_3' title="bbox 3654 245 3754 300">
    <p class='ocr_par' dir='ltr' id='par_1_3' title="bbox 3654 245 3754 300">
     <span class='ocr_line' id='line_1_3' title="bbox 3654 245 3754 300; baseline 0 0"><span class='ocrx_word' id='word_1_4' title='bbox 3654 245 3754 300; x_wconf 67' lang='grc' dir='ltr'><strong>ει)</strong></span> 
     </span>
    </p>
   </div>
   <div class='ocr_carea' id='block_1_4' title="bbox 452 355 3757 446">
    <p class='ocr_par' dir='ltr' id='par_1_4' title="bbox 452 355 3757 446">
     <span class='ocr_line' id='line_1_4' title="bbox 452 355 3757 446; baseline 0.001 -37"><span class='ocrx_word' id='word_1_5' title='bbox 452 363 614 434; x_wconf 73' lang='lat' dir='ltr'><strong>Tagis</strong></span> <span class='ocrx_word' id='word_1_6' title='bbox 633 405 648 430; x_wconf 73' lang='grc'><em>,</em></span> <span class='ocrx_word' id='word_1_7' title='bbox 678 380 774 420; x_wconf 74' lang='lat' dir='ltr'><strong>seu</strong></span> <span class='ocrx_word' id='word_1_8' title='bbox 801 364 1136 432; x_wconf 77' lang='lat' dir='ltr'><strong>suspicione,</strong></span> <span class='ocrx_word' id='word_1_9' title='bbox 1169 379 1264 420; x_wconf 75' lang='lat' dir='ltr'><strong>seu</strong></span> <span class='ocrx_word' id='word_1_10' title='bbox 1295 365 1408 419; x_wconf 79' lang='lat' dir='ltr'><strong>visu</strong></span> <span class='ocrx_word' id='word_1_11' title='bbox 1430 406 1444 429; x_wconf 77' lang='lat'><strong>,</strong></span> <span class='ocrx_word' id='word_1_12' title='bbox 1475 366 1548 418; x_wconf 64' lang='lat' dir='ltr'><strong>ait</strong></span> <span class='ocrx_word' id='word_1_13' title='bbox 1575 364 1774 446; x_wconf 62' lang='lat' dir='ltr'><strong>idcirco</strong></span> <span class='ocrx_word' id='word_1_14' title='bbox 1813 379 1917 418; x_wconf 80' lang='grc' dir='ltr'>ηοιι</span> <span class='ocrx_word' id='word_1_15' title='bbox 1969 378 2046 420; x_wconf 71' lang='grc' dir='ltr'><strong>τε.</strong></span> <span class='ocrx_word' id='word_1_16' title='bbox 2073 360 2126 422; x_wconf 81' lang='grc' dir='ltr'><strong>Α</strong></span> <span class='ocrx_word' id='word_1_17' title='bbox 2151 356 2328 410; x_wconf 91' lang='lat' dir='ltr'><strong>minus</strong></span> <span class='ocrx_word' id='word_1_18' title='bbox 2357 355 2795 424; x_wconf 88' lang='lat' dir='ltr'><strong>superstitiosum</strong></span> <span class='ocrx_word' id='word_1_19' title='bbox 2828 356 3067 426; x_wconf 85' lang='lat' dir='ltr'><strong>querelis</strong></span> <span class='ocrx_word' id='word_1_20' title='bbox 3089 355 3444 412; x_wconf 85' lang='lat' dir='ltr'><strong>muliebribus</strong></span> <span class='ocrx_word' id='word_1_21' title='bbox 3471 356 3540 412; x_wconf 91' lang='lat' dir='ltr'><strong>ad</strong></span> <span class='ocrx_word' id='word_1_22' title='bbox 3572 359 3757 414; x_wconf 84' lang='lat' dir='ltr'><strong>tollen-</strong></span> 
     </span>
    </p>
   </div>
   <div class='ocr_carea' id='block_1_5' title="bbox 452 446 2046 527">
    <p class='ocr_par' dir='ltr' id='par_1_5' title="bbox 452 446 2046 527">
     <span class='ocr_line' id='line_1_5' title="bbox 452 446 2046 527; baseline -0.001 -16"><span class='ocrx_word' id='word_1_23' title='bbox 452 455 723 527; x_wconf 87' lang='lat' dir='ltr'><strong>spondere</strong></span> <span class='ocrx_word' id='word_1_24' title='bbox 753 453 927 522; x_wconf 79' lang='lat' dir='ltr'><strong>sacra’,</strong></span> <span class='ocrx_word' id='word_1_25' title='bbox 976 456 1117 524; x_wconf 91' lang='lat' dir='ltr'><strong>quod</strong></span> <span class='ocrx_word' id='word_1_26' title='bbox 1152 456 1310 510; x_wconf 81' lang='lat' dir='ltr'><strong>rebus</strong></span> <span class='ocrx_word' id='word_1_27' title='bbox 1339 446 1533 511; x_wconf 85' lang='lat' dir='ltr'><strong>divinis</strong></span> <span class='ocrx_word' id='word_1_28' title='bbox 1564 456 1768 525; x_wconf 78' lang='lat' dir='ltr'><strong>profani</strong></span> <span class='ocrx_word' id='word_1_29' title='bbox 1802 455 2046 510; x_wconf 82' lang='lat' dir='ltr'><strong>homines</strong></span> 
     </span>
    </p>
   </div>
   <div class='ocr_carea' id='block_1_6' title="bbox 451 545 2050 606">
    <p class='ocr_par' dir='ltr' id='par_1_6' title="bbox 451 545 2050 606">
     <span class='ocr_line' id='line_1_6' title="bbox 451 545 2050 606; baseline -0.001 -3"><span class='ocrx_word' id='word_1_30' title='bbox 451 549 799 606; x_wconf 89' lang='lat' dir='ltr'><strong>interessent.</strong></span> <span class='ocrx_word' id='word_1_31' title='bbox 831 545 981 603; x_wconf 82' lang='lat' dir='ltr'><strong>Tunc</strong></span> <span class='ocrx_word' id='word_1_32' title='bbox 1013 549 1089 603; x_wconf 88' lang='lat' dir='ltr'><strong>ira</strong></span> <span class='ocrx_word' id='word_1_33' title='bbox 1125 549 1322 604; x_wconf 80' lang='lat' dir='ltr'><strong>furoris</strong></span> <span class='ocrx_word' id='word_1_34' title='bbox 1351 549 1652 605; x_wconf 82' lang='lat' dir='ltr'><strong>sacriﬁcare</strong></span> <span class='ocrx_word' id='word_1_35' title='bbox 1684 566 1788 604; x_wconf 89' lang='lat' dir='ltr'><strong>non</strong></span> <span class='ocrx_word' id='word_1_36' title='bbox 1812 566 1907 605; x_wconf 90' lang='lat' dir='ltr'><strong>eos</strong></span> <span class='ocrx_word' id='word_1_37' title='bbox 1933 561 2050 603; x_wconf 89' lang='lat' dir='ltr'><strong>tan-</strong></span> 
     </span>
    </p>
   </div>
   <div class='ocr_carea' id='block_1_7' title="bbox 454 631 2051 711">
    <p class='ocr_par' dir='ltr' id='par_1_7' title="bbox 454 631 2051 711">
     <span class='ocr_line' id='line_1_7' title="bbox 454 631 2051 711; baseline -0.001 -15"><span class='ocrx_word' id='word_1_38' title='bbox 454 650 568 696; x_wconf 86' lang='lat' dir='ltr'><strong>tum</strong></span> <span class='ocrx_word' id='word_1_39' title='bbox 587 683 601 708; x_wconf 95' lang='lat'><strong>,</strong></span> <span class='ocrx_word' id='word_1_40' title='bbox 631 642 722 711; x_wconf 92' lang='lat' dir='ltr'><strong>qui</strong></span> <span class='ocrx_word' id='word_1_41' title='bbox 748 642 916 696; x_wconf 88' lang='lat' dir='ltr'><strong>sacris</strong></span> <span class='ocrx_word' id='word_1_42' title='bbox 941 639 1339 707; x_wconf 74' lang='lat' dir='ltr'><strong>ministrabant,</strong></span> <span class='ocrx_word' id='word_1_43' title='bbox 1360 641 1456 695; x_wconf 90' lang='lat' dir='ltr'><strong>sed</strong></span> <span class='ocrx_word' id='word_1_44' title='bbox 1482 639 1759 695; x_wconf 71' lang='lat' dir='ltr'><strong>Universos</strong></span> <span class='ocrx_word' id='word_1_45' title='bbox 1782 631 1872 711; x_wconf 80' lang='lat' dir='ltr'><strong>qui</strong></span> <span class='ocrx_word' id='word_1_46' title='bbox 1897 650 2051 696; x_wconf 88' lang='lat' dir='ltr'><strong>erant</strong></span> 
     </span>
    </p>
   </div>
   <div class='ocr_carea' id='block_1_8' title="bbox 453 733 2047 804">
    <p class='ocr_par' dir='ltr' id='par_1_8' title="bbox 453 733 2047 804">
     <span class='ocr_line' id='line_1_8' title="bbox 453 733 2047 804; baseline 0.003 -17"><span class='ocrx_word' id='word_1_47' title='bbox 453 735 509 787; x_wconf 93' lang='lat' dir='ltr'><strong>in</strong></span> <span class='ocrx_word' id='word_1_48' title='bbox 555 734 750 802; x_wconf 84' lang='lat' dir='ltr'><strong>palatio</strong></span> <span class='ocrx_word' id='word_1_49' title='bbox 788 735 978 804; x_wconf 91' lang='lat' dir='ltr'><strong>jussit,</strong></span> <span class='ocrx_word' id='word_1_50' title='bbox 1008 744 1062 790; x_wconf 89' lang='lat' dir='ltr'><strong>ct</strong></span> <span class='ocrx_word' id='word_1_51' title='bbox 1089 736 1140 790; x_wconf 91' lang='lat' dir='ltr'><strong>in</strong></span> <span class='ocrx_word' id='word_1_52' title='bbox 1171 750 1296 802; x_wconf 90' lang='lat' dir='ltr'><strong>eos,</strong></span> <span class='ocrx_word' id='word_1_53' title='bbox 1329 735 1372 788; x_wconf 89' lang='lat' dir='ltr'><strong>si</strong></span> <span class='ocrx_word' id='word_1_54' title='bbox 1400 733 1823 801; x_wconf 83' lang='lat' dir='ltr'><strong>detrectassent,</strong></span> <span class='ocrx_word' id='word_1_55' title='bbox 1857 735 2047 791; x_wconf 85' lang='lat' dir='ltr'><strong>verbe-</strong></span> 
     </span>
    </p>
   </div>
   <div class='ocr_carea' id='block_1_9' title="bbox 454 824 2044 902">
    <p class='ocr_par' dir='ltr' id='par_1_9' title="bbox 454 824 2044 902">
     <span class='ocr_line' id='line_1_9' title="bbox 454 824 2044 902; baseline 0.003 -26"><span class='ocrx_word' id='word_1_56' title='bbox 454 824 606 879; x_wconf 90' lang='lat' dir='ltr'><strong>ribus</strong></span> <span class='ocrx_word' id='word_1_57' title='bbox 631 825 1015 891; x_wconf 84' lang='lat' dir='ltr'><strong>animadverti;</strong></span> <span class='ocrx_word' id='word_1_58' title='bbox 1048 826 1294 902; x_wconf 83' lang='lat' dir='ltr'><strong>datisque</strong></span> <span class='ocrx_word' id='word_1_59' title='bbox 1336 827 1401 902; x_wconf 89' lang='lat' dir='ltr'><strong>ad</strong></span> <span class='ocrx_word' id='word_1_60' title='bbox 1446 827 1763 897; x_wconf 82' lang='lat' dir='ltr'><strong>praepositos</strong></span> <span class='ocrx_word' id='word_1_61' title='bbox 1813 827 2008 881; x_wconf 86' lang='lat' dir='ltr'><strong>litteris</strong></span> <span class='ocrx_word' id='word_1_62' title='bbox 2031 871 2044 894; x_wconf 94' lang='lat'><strong>,</strong></span> 
     </span>
    </p>
   </div>
   <div class='ocr_carea' id='block_1_10' title="bbox 454 917 2054 996">
    <p class='ocr_par' dir='ltr' id='par_1_10' title="bbox 454 917 2054 996">
     <span class='ocr_line' id='line_1_10' title="bbox 454 917 2054 996; baseline 0 -23"><span class='ocrx_word' id='word_1_63' title='bbox 454 917 620 973; x_wconf 88' lang='lat' dir='ltr'><strong>etiam</strong></span> <span class='ocrx_word' id='word_1_64' title='bbox 652 919 851 996; x_wconf 83' lang='lat' dir='ltr'><strong>milites</strong></span> <span class='ocrx_word' id='word_1_65' title='bbox 879 921 996 988; x_wconf 83' lang='lat' dir='ltr'><strong>cogi</strong></span> <span class='ocrx_word' id='word_1_66' title='bbox 1028 918 1094 973; x_wconf 91' lang='lat' dir='ltr'><strong>ad</strong></span> <span class='ocrx_word' id='word_1_67' title='bbox 1123 917 1349 973; x_wconf 78' lang='lat' dir='ltr'><strong>nefanda</strong></span> <span class='ocrx_word' id='word_1_68' title='bbox 1380 919 1641 974; x_wconf 76' lang='lat' dir='ltr'><strong>sacriﬁcia</strong></span> <span class='ocrx_word' id='word_1_69' title='bbox 1674 919 1965 989; x_wconf 65' lang='lat' dir='ltr'><strong>praecepit,</strong></span> <span class='ocrx_word' id='word_1_70' title='bbox 1995 927 2054 973; x_wconf 91' lang='lat' dir='ltr'><strong>ut</strong></span> 
     </span>
    </p>
   </div>
   <div class='ocr_carea' id='block_1_11' title="bbox 456 1010 2054 1080">
    <p class='ocr_par' dir='ltr' id='par_1_11' title="bbox 456 1010 2054 1080">
     <span class='ocr_line' id='line_1_11' title="bbox 456 1010 2054 1080; baseline 0.003 -19"><span class='ocrx_word' id='word_1_71' title='bbox 456 1010 548 1078; x_wconf 90' lang='lat' dir='ltr'><strong>qni</strong></span> <span class='ocrx_word' id='word_1_72' title='bbox 597 1026 701 1065; x_wconf 91' lang='lat' dir='ltr'><strong>non</strong></span> <span class='ocrx_word' id='word_1_73' title='bbox 754 1011 1088 1080; x_wconf 76' lang='lat' dir='ltr'><strong>paruissent,</strong></span> <span class='ocrx_word' id='word_1_74' title='bbox 1139 1011 1325 1064; x_wconf 87' lang='lat' dir='ltr'><strong>militia</strong></span> <span class='ocrx_word' id='word_1_75' title='bbox 1375 1011 1732 1066; x_wconf 87' lang='lat' dir='ltr'><strong>solverentur.</strong></span> <span class='ocrx_word' id='word_1_76' title='bbox 1785 1011 2054 1067; x_wconf 80' lang='lat' dir='ltr'><strong>Hactenus</strong></span> 
     </span>
    </p>
   </div>
   <div class='ocr_carea' id='block_1_12' title="bbox 456 1085 2055 1185">
    <p class='ocr_par' dir='ltr' id='par_1_12' title="bbox 456 1085 2055 1185">
     <span class='ocr_line' id='line_1_12' title="bbox 456 1085 2055 1185; baseline 0.001 -31"><span class='ocrx_word' id='word_1_77' title='bbox 456 1101 610 1155; x_wconf 79' lang='lat' dir='ltr'><strong>furor</strong></span> <span class='ocrx_word' id='word_1_78' title='bbox 639 1085 762 1170; x_wconf 82' lang='lat' dir='ltr'><strong>ejus</strong></span> <span class='ocrx_word' id='word_1_79' title='bbox 796 1111 850 1156; x_wconf 89' lang='lat' dir='ltr'><strong>et</strong></span> <span class='ocrx_word' id='word_1_80' title='bbox 890 1097 966 1155; x_wconf 80' lang='lat' dir='ltr'><strong>ira</strong></span> <span class='ocrx_word' id='word_1_81' title='bbox 1007 1103 1309 1185; x_wconf 74' lang='lat' dir='ltr'><strong>processit,</strong></span> <span class='ocrx_word' id='word_1_82' title='bbox 1360 1117 1458 1157; x_wconf 89' lang='lat' dir='ltr'><strong>nee</strong></span> <span class='ocrx_word' id='word_1_83' title='bbox 1487 1103 1715 1171; x_wconf 82' lang='lat' dir='ltr'><strong>amplius</strong></span> <span class='ocrx_word' id='word_1_84' title='bbox 1761 1093 2055 1173; x_wconf 68' lang='lat' dir='ltr'><strong>quidquam</strong></span> 
     </span>
    </p>
   </div>
   <div class='ocr_carea' id='block_1_13' title="bbox 457 1189 2058 1270">
    <p class='ocr_par' dir='ltr' id='par_1_13' title="bbox 457 1189 2058 1270">
     <span class='ocr_line' id='line_1_13' title="bbox 457 1189 2058 1270; baseline 0.001 -23"><span class='ocrx_word' id='word_1_85' title='bbox 457 1203 644 1247; x_wconf 87' lang='lat' dir='ltr'><strong>contra</strong></span> <span class='ocrx_word' id='word_1_86' title='bbox 677 1195 846 1263; x_wconf 82' lang='lat' dir='ltr'><strong>legem</strong></span> <span class='ocrx_word' id='word_1_87' title='bbox 874 1189 967 1248; x_wconf 77' lang='lat' dir='ltr'><strong>au&#39;t&#39;</strong></span> <span class='ocrx_word' id='word_1_88' title='bbox 994 1191 1307 1264; x_wconf 69' lang='lat' dir='ltr'><strong>riéligionem</strong></span> <span class='ocrx_word' id='word_1_89' title='bbox 1343 1196 1432 1248; x_wconf 85' lang='lat' dir='ltr'><strong>Dei</strong></span> <span class='ocrx_word' id='word_1_90' title='bbox 1477 1193 1618 1270; x_wconf 79' lang='lat' dir='ltr'><strong>fecit.</strong></span> <span class='ocrx_word' id='word_1_91' title='bbox 1665 1195 1862 1250; x_wconf 79' lang='lat' dir='ltr'><strong>Deinde</strong></span> <span class='ocrx_word' id='word_1_92' title='bbox 1891 1196 2058 1248; x_wconf 87' lang='lat' dir='ltr'><strong>inter-</strong></span> 
     </span>
    </p>
   </div>
   <div class='ocr_carea' id='block_1_14' title="bbox 454 1271 2057 1357">
    <p class='ocr_par' dir='ltr' id='par_1_14' title="bbox 454 1271 2057 1357">
     <span class='ocr_line' id='line_1_14' title="bbox 454 1271 2057 1357; baseline 0.001 -19"><span class='ocrx_word' id='word_1_93' title='bbox 454 1284 600 1354; x_wconf 85' lang='lat' dir='ltr'><strong>jecto</strong></span> <span class='ocrx_word' id='word_1_94' title='bbox 621 1271 897 1353; x_wconf 80' lang='lat' dir='ltr'><strong>aliquanto</strong></span> <span class='ocrx_word' id='word_1_95' title='bbox 930 1274 1200 1354; x_wconf 75' lang='lat' dir='ltr'><strong>tempore,</strong></span> <span class='ocrx_word' id='word_1_96' title='bbox 1234 1285 1286 1339; x_wconf 91' lang='lat' dir='ltr'><strong>in</strong></span> <span class='ocrx_word' id='word_1_97' title='bbox 1318 1286 1619 1357; x_wconf 80' lang='lat' dir='ltr'><strong>Bithyniam</strong></span> <span class='ocrx_word' id='word_1_98' title='bbox 1671 1288 1816 1340; x_wconf 86' lang='lat' dir='ltr'><strong>venit</strong></span> <span class='ocrx_word' id='word_1_99' title='bbox 1854 1287 2057 1340; x_wconf 87' lang='lat' dir='ltr'><strong>hiema-</strong></span> 
     </span>
    </p>
   </div>
   <div class='ocr_carea' id='block_1_15' title="bbox 460 1371 2057 1447">
    <p class='ocr_par' dir='ltr' id='par_1_15' title="bbox 460 1371 2057 1447">
     <span class='ocr_line' id='line_1_15' title="bbox 460 1371 2057 1447; baseline 0.001 -18"><span class='ocrx_word' id='word_1_100' title='bbox 460 1385 608 1440; x_wconf 85' lang='lat' dir='ltr'><strong>tum;</strong></span> <span class='ocrx_word' id='word_1_101' title='bbox 638 1377 935 1444; x_wconf 84' lang='lat' dir='ltr'><strong>eodemque</strong></span> <span class='ocrx_word' id='word_1_102' title='bbox 969 1387 1079 1430; x_wconf 92' lang='lat' dir='ltr'><strong>tum</strong></span> <span class='ocrx_word' id='word_1_103' title='bbox 1120 1371 1471 1430; x_wconf 77' lang='lat' dir='ltr'><strong>Maximianus</strong></span> <span class='ocrx_word' id='word_1_104' title='bbox 1511 1393 1720 1447; x_wconf 90' lang='lat' dir='ltr'><strong>quoque</strong></span> <span class='ocrx_word' id='word_1_105' title='bbox 1763 1375 1946 1432; x_wconf 65' lang='lat' dir='ltr'><strong>Caisar</strong></span> <span class='ocrx_word' id='word_1_106' title='bbox 1977 1379 2057 1430; x_wconf 91' lang='lat' dir='ltr'><strong>in-</strong></span> 
     </span>
    </p>
   </div>
   <div class='ocr_carea' id='block_1_16' title="bbox 461 1468 2057 1538">
    <p class='ocr_par' dir='ltr' id='par_1_16' title="bbox 461 1468 2057 1538">
     <span class='ocr_line' id='line_1_16' title="bbox 461 1468 2057 1538; baseline 0.001 -16"><span class='ocrx_word' id='word_1_107' title='bbox 461 1468 768 1522; x_wconf 86' lang='lat' dir='ltr'><strong>ﬂammatus</strong></span> <span class='ocrx_word' id='word_1_108' title='bbox 795 1468 1000 1524; x_wconf 89' lang='lat' dir='ltr'><strong>scelere</strong></span> <span class='ocrx_word' id='word_1_109' title='bbox 1027 1470 1266 1532; x_wconf 85' lang='lat' dir='ltr'><strong>advenit,</strong></span> <span class='ocrx_word' id='word_1_110' title='bbox 1287 1478 1345 1523; x_wconf 91' lang='lat' dir='ltr'><strong>ut</strong></span> <span class='ocrx_word' id='word_1_111' title='bbox 1371 1471 1436 1523; x_wconf 89' lang='lat' dir='ltr'><strong>ad</strong></span> <span class='ocrx_word' id='word_1_112' title='bbox 1461 1470 1862 1538; x_wconf 86' lang='lat' dir='ltr'><strong>persequendos</strong></span> <span class='ocrx_word' id='word_1_113' title='bbox 1885 1470 2057 1524; x_wconf 81' lang='lat' dir='ltr'><strong>chris-</strong></span> 
     </span>
    </p>
   </div>
   <div class='ocr_carea' id='block_1_17' title="bbox 464 1559 2057 1632">
    <p class='ocr_par' dir='ltr' id='par_1_17' title="bbox 464 1559 2057 1632">
     <span class='ocr_line' id='line_1_17' title="bbox 464 1559 2057 1632; baseline 0.001 -18"><span class='ocrx_word' id='word_1_114' title='bbox 464 1560 641 1615; x_wconf 87' lang='lat' dir='ltr'><strong>tianos</strong></span> <span class='ocrx_word' id='word_1_115' title='bbox 667 1559 942 1630; x_wconf 85' lang='lat' dir='ltr'><strong>instigaret</strong></span> <span class='ocrx_word' id='word_1_116' title='bbox 976 1569 1159 1615; x_wconf 85' lang='lat' dir='ltr'><strong>senem</strong></span> <span class='ocrx_word' id='word_1_117' title='bbox 1196 1577 1423 1627; x_wconf 91' lang='lat' dir='ltr'><strong>vanum,</strong></span> <span class='ocrx_word' id='word_1_118' title='bbox 1455 1563 1545 1632; x_wconf 88' lang='lat' dir='ltr'><strong>qui</strong></span> <span class='ocrx_word' id='word_1_119' title='bbox 1593 1563 1702 1631; x_wconf 86' lang='lat' dir='ltr'><strong>jam</strong></span> <span class='ocrx_word' id='word_1_120' title='bbox 1737 1563 2057 1632; x_wconf 88' lang='lat' dir='ltr'><strong>principium</strong></span> 
     </span>
    </p>
   </div>
   <div class='ocr_carea' id='block_1_18' title="bbox 465 1653 1984 1727">
    <p class='ocr_par' dir='ltr' id='par_1_18' title="bbox 465 1653 1984 1727">
     <span class='ocr_line' id='line_1_18' title="bbox 465 1653 1984 1727; baseline 0 -19"><span class='ocrx_word' id='word_1_121' title='bbox 465 1653 689 1710; x_wconf 79' lang='lat' dir='ltr'><strong>fecerat.</strong></span> <span class='ocrx_word' id='word_1_122' title='bbox 719 1653 882 1725; x_wconf 85' lang='lat' dir='ltr'><strong>Cujus</strong></span> <span class='ocrx_word' id='word_1_123' title='bbox 913 1656 1108 1710; x_wconf 83' lang='lat' dir='ltr'><strong>furoris</strong></span> <span class='ocrx_word' id='word_1_124' title='bbox 1142 1658 1278 1711; x_wconf 88' lang='lat' dir='ltr'><strong>hanc</strong></span> <span class='ocrx_word' id='word_1_125' title='bbox 1305 1671 1521 1712; x_wconf 80' lang='lat' dir='ltr'><strong>causam</strong></span> <span class='ocrx_word' id='word_1_126' title='bbox 1550 1655 1713 1712; x_wconf 81' lang='lat' dir='ltr'><strong>fuisse</strong></span> <span class='ocrx_word' id='word_1_127' title='bbox 1741 1659 1984 1727; x_wconf 81' lang='lat' dir='ltr'><strong>cognovi.</strong></span> 
     </span>
    </p>
   </div>
   <div class='ocr_carea' id='block_1_19' title="bbox 1294 1749 1960 1804">
    <p class='ocr_par' dir='ltr' id='par_1_19' title="bbox 1294 1749 1960 1804">
     <span class='ocr_line' id='line_1_19' title="bbox 1294 1749 1960 1804; baseline -0.002 0"><span class='ocrx_word' id='word_1_128' title='bbox 1294 1749 1389 1804; x_wconf 81' lang='lat' dir='ltr'><strong>XI.</strong></span> <span class='ocrx_word' id='word_1_129' title='bbox 1958 1757 1960 1760; x_wconf 86' lang='grc'><em>’</em></span> 
     </span>
    </p>
   </div>
   <div class='ocr_carea' id='block_1_20' title="bbox 543 1842 2060 1912">
    <p class='ocr_par' dir='ltr' id='par_1_20' title="bbox 543 1842 2060 1912">
     <span class='ocr_line' id='line_1_20' title="bbox 543 1842 2060 1912; baseline 0.001 -16"><span class='ocrx_word' id='word_1_130' title='bbox 543 1842 670 1896; x_wconf 85' lang='lat' dir='ltr'><strong>Erat</strong></span> <span class='ocrx_word' id='word_1_131' title='bbox 713 1851 882 1898; x_wconf 88' lang='lat' dir='ltr'><strong>mater</strong></span> <span class='ocrx_word' id='word_1_132' title='bbox 909 1842 1024 1912; x_wconf 91' lang='lat' dir='ltr'><strong>ejus</strong></span> <span class='ocrx_word' id='word_1_133' title='bbox 1053 1843 1270 1898; x_wconf 91' lang='lat' dir='ltr'><strong>deorum</strong></span> <span class='ocrx_word' id='word_1_134' title='bbox 1316 1845 1574 1898; x_wconf 91' lang='lat' dir='ltr'><strong>montium</strong></span> <span class='ocrx_word' id='word_1_135' title='bbox 1606 1844 1800 1898; x_wconf 80' lang='lat' dir='ltr'><strong>cultrix</strong></span> <span class='ocrx_word' id='word_1_136' title='bbox 1824 1886 1838 1908; x_wconf 94' lang='lat'><strong>,</strong></span> <span class='ocrx_word' id='word_1_137' title='bbox 1868 1843 2060 1908; x_wconf 82' lang='lat' dir='ltr'><strong>mulier</strong></span> 
     </span>
    </p>
   </div>
   <div class='ocr_carea' id='block_1_21' title="bbox 471 1934 2061 2015">
    <p class='ocr_par' dir='ltr' id='par_1_21' title="bbox 471 1934 2061 2015">
     <span class='ocr_line' id='line_1_21' title="bbox 471 1934 2061 2015; baseline -0.001 -25"><span class='ocrx_word' id='word_1_138' title='bbox 471 1934 760 1991; x_wconf 85' lang='lat' dir='ltr'><strong>admodum</strong></span> <span class='ocrx_word' id='word_1_139' title='bbox 791 1936 1182 2004; x_wconf 88' lang='lat' dir='ltr'><strong>superstitiosa.</strong></span> <span class='ocrx_word' id='word_1_140' title='bbox 1215 1937 1343 2004; x_wconf 69' lang='lat' dir='ltr'><strong>Quae</strong></span> <span class='ocrx_word' id='word_1_141' title='bbox 1373 1952 1491 2012; x_wconf 82' lang='lat' dir='ltr'><strong>cum</strong></span> <span class='ocrx_word' id='word_1_142' title='bbox 1519 1947 1685 2010; x_wconf 81' lang='lat' dir='ltr'><strong>esset,</strong></span> <span class='ocrx_word' id='word_1_143' title='bbox 1715 1937 1941 2015; x_wconf 62' lang='lat' dir='ltr'><strong>dapibus</strong></span> <span class='ocrx_word' id='word_1_144' title='bbox 1972 1953 2061 2006; x_wconf 86' lang='lat' dir='ltr'><strong>sa—</strong></span> 
     </span>
    </p>
   </div>
   <div class='ocr_carea' id='block_1_22' title="bbox 473 2017 2064 2106">
    <p class='ocr_par' dir='ltr' id='par_1_22' title="bbox 473 2017 2064 2106">
     <span class='ocr_line' id='line_1_22' title="bbox 473 2017 2064 2106; baseline 0.001 -24"><span class='ocrx_word' id='word_1_145' title='bbox 473 2027 746 2106; x_wconf 56' lang='lat' dir='ltr'><strong>criﬁcium;</strong></span> <span class='ocrx_word' id='word_1_146' title='bbox 774 2043 912 2104; x_wconf 71' lang='lat' dir='ltr'><strong>nene</strong></span> <span class='ocrx_word' id='word_1_147' title='bbox 939 2028 1204 2102; x_wconf 67' lang='lat' dir='ltr'><strong>quotidie,</strong></span> <span class='ocrx_word' id='word_1_148' title='bbox 1234 2043 1296 2096; x_wconf 80' lang='lat' dir='ltr'><strong>ac</strong></span> <span class='ocrx_word' id='word_1_149' title='bbox 1323 2023 1536 2101; x_wconf 72' lang='lat' dir='ltr'><strong>vinariis</strong></span> <span class='ocrx_word' id='word_1_150' title='bbox 1565 2017 1676 2101; x_wconf 62' lang='lat' dir='ltr'><strong>suis</strong></span> <span class='ocrx_word' id='word_1_151' title='bbox 1707 2019 1880 2104; x_wconf 78' lang='lat' dir='ltr'><strong>epulis</strong></span> <span class='ocrx_word' id='word_1_152' title='bbox 1909 2030 2064 2100; x_wconf 55' lang='lat' dir='ltr'><strong>eahi-</strong></span> 
     </span>
    </p>
   </div>
   <div class='ocr_carea' id='block_1_23' title="bbox 475 2119 2068 2188">
    <p class='ocr_par' dir='ltr' id='par_1_23' title="bbox 475 2119 2068 2188">
     <span class='ocr_line' id='line_1_23' title="bbox 475 2119 2068 2188; baseline 0.003 -14"><span class='ocrx_word' id='word_1_153' title='bbox 475 2120 654 2188; x_wconf 82' lang='lat' dir='ltr'><strong>bebat.</strong></span> <span class='ocrx_word' id='word_1_154' title='bbox 706 2119 1004 2175; x_wconf 84' lang='lat' dir='ltr'><strong>Christiani.</strong></span> <span class='ocrx_word' id='word_1_155' title='bbox 1033 2122 1370 2186; x_wconf 76' lang='lat' dir='ltr'><strong>abstinebant</strong></span> <span class='ocrx_word' id='word_1_156' title='bbox 1396 2138 1409 2185; x_wconf 93' lang='lat'><strong>;</strong></span> <span class='ocrx_word' id='word_1_157' title='bbox 1460 2130 1515 2176; x_wconf 76' lang='lat' dir='ltr'><strong>et</strong></span> <span class='ocrx_word' id='word_1_158' title='bbox 1537 2121 1628 2177; x_wconf 81' lang='lat' dir='ltr'><strong>illa</strong></span> <span class='ocrx_word' id='word_1_159' title='bbox 1655 2136 1775 2176; x_wconf 85' lang='lat' dir='ltr'><strong>cum</strong></span> <span class='ocrx_word' id='word_1_160' title='bbox 1807 2122 2068 2180; x_wconf 89' lang='lat' dir='ltr'><strong>Gentibus</strong></span> 
     </span>
    </p>
   </div>
   <div class='ocr_carea' id='block_1_24' title="bbox 477 2196 2070 2296">
    <p class='ocr_par' dir='ltr' id='par_1_24' title="bbox 477 2196 2070 2296">
     <span class='ocr_line' id='line_1_24' title="bbox 477 2196 2070 2296; baseline 0.003 -30"><span class='ocrx_word' id='word_1_161' title='bbox 477 2214 747 2282; x_wconf 84' lang='lat' dir='ltr'><strong>epulante,</strong></span> <span class='ocrx_word' id='word_1_162' title='bbox 776 2198 995 2294; x_wconf 77' lang='lat' dir='ltr'><strong>jejtiniis</strong></span> <span class='ocrx_word' id='word_1_163' title='bbox 1025 2214 1078 2296; x_wconf 69' lang='lat' dir='ltr'><strong>lii</strong></span> <span class='ocrx_word' id='word_1_164' title='bbox 1110 2225 1164 2296; x_wconf 75' lang='lat' dir='ltr'><strong>et</strong></span> <span class='ocrx_word' id='word_1_165' title='bbox 1197 2196 1529 2294; x_wconf 71' lang='lat' dir='ltr'><strong>Orationibus</strong></span> <span class='ocrx_word' id='word_1_166' title='bbox 1562 2211 1898 2270; x_wconf 84' lang='lat' dir='ltr'><strong>insistebant.</strong></span> <span class='ocrx_word' id='word_1_167' title='bbox 1936 2217 2070 2270; x_wconf 85' lang='lat' dir='ltr'><strong>llinc</strong></span> 
     </span>
    </p>
   </div>
   <div class='ocr_carea' id='block_1_25' title="bbox 475 2305 2074 2387">
    <p class='ocr_par' dir='ltr' id='par_1_25' title="bbox 475 2305 2074 2387">
     <span class='ocr_line' id='line_1_25' title="bbox 475 2305 2074 2387; baseline 0.004 -29"><span class='ocrx_word' id='word_1_168' title='bbox 475 2306 723 2374; x_wconf 90' lang='lat' dir='ltr'><strong>concepit</strong></span> <span class='ocrx_word' id='word_1_169' title='bbox 752 2307 931 2387; x_wconf 73' lang='lat' dir='ltr'><strong>odium</strong></span> <span class='ocrx_word' id='word_1_170' title='bbox 962 2306 1218 2384; x_wconf 80' lang='lat' dir='ltr'><strong>adversus</strong></span> <span class='ocrx_word' id='word_1_171' title='bbox 1261 2323 1353 2380; x_wconf 84' lang='lat' dir='ltr'><strong>eos</strong></span> <span class='ocrx_word' id='word_1_172' title='bbox 1379 2349 1398 2374; x_wconf 22' lang='lat' dir='ltr'><strong>,l</strong></span> <span class='ocrx_word' id='word_1_173' title='bbox 1427 2322 1490 2364; x_wconf 84' lang='lat' dir='ltr'><strong>ac</strong></span> <span class='ocrx_word' id='word_1_174' title='bbox 1545 2305 1709 2380; x_wconf 74' lang='lat' dir='ltr'><strong>illium</strong></span> <span class='ocrx_word' id='word_1_175' title='bbox 1760 2323 1920 2384; x_wconf 59' lang='lat' dir='ltr'><strong>suum.</strong></span> <span class='ocrx_word' id='word_1_176' title='bbox 1967 2323 2074 2376; x_wconf 83' lang='lat' dir='ltr'><strong>non</strong></span> 
     </span>
    </p>
   </div>
   <div class='ocr_carea' id='block_1_26' title="bbox 2157 439 3759 522">
    <p class='ocr_par' dir='ltr' id='par_1_26' title="bbox 2157 439 3759 522">
     <span class='ocr_line' id='line_1_26' title="bbox 2157 439 3759 522; baseline 0.001 -18"><span class='ocrx_word' id='word_1_177' title='bbox 2157 451 2258 504; x_wconf 92' lang='lat' dir='ltr'><strong>dos</strong></span> <span class='ocrx_word' id='word_1_178' title='bbox 2308 450 2552 504; x_wconf 82' lang='lat' dir='ltr'><strong>homines</strong></span> <span class='ocrx_word' id='word_1_179' title='bbox 2582 439 2843 504; x_wconf 82' lang='lat' dir='ltr'><strong>incitavit.</strong></span> <span class='ocrx_word' id='word_1_180' title='bbox 2877 451 3022 522; x_wconf 81' lang='lat' dir='ltr'><strong>Ergo</strong></span> <span class='ocrx_word' id='word_1_181' title='bbox 3072 451 3256 505; x_wconf 87' lang='lat' dir='ltr'><strong>habito</strong></span> <span class='ocrx_word' id='word_1_182' title='bbox 3287 451 3424 505; x_wconf 88' lang='lat' dir='ltr'><strong>inter</strong></span> <span class='ocrx_word' id='word_1_183' title='bbox 3456 466 3513 505; x_wconf 89' lang='lat' dir='ltr'><strong>se</strong></span> <span class='ocrx_word' id='word_1_184' title='bbox 3542 467 3640 522; x_wconf 89' lang='lat' dir='ltr'><strong>per</strong></span> <span class='ocrx_word' id='word_1_185' title='bbox 3679 460 3759 506; x_wconf 83' lang='lat' dir='ltr'><strong>to-</strong></span> 
     </span>
    </p>
   </div>
   <div class='ocr_carea' id='block_1_27' title="bbox 2149 542 3756 614">
    <p class='ocr_par' dir='ltr' id='par_1_27' title="bbox 2149 542 3756 614">
     <span class='ocr_line' id='line_1_27' title="bbox 2149 542 3756 614; baseline 0.001 -17"><span class='ocrx_word' id='word_1_186' title='bbox 2149 552 2256 597; x_wconf 87' lang='lat' dir='ltr'><strong>tam</strong></span> <span class='ocrx_word' id='word_1_187' title='bbox 2291 544 2538 614; x_wconf 84' lang='lat' dir='ltr'><strong>byemem</strong></span> <span class='ocrx_word' id='word_1_188' title='bbox 2589 543 2848 608; x_wconf 89' lang='lat' dir='ltr'><strong>consilio,</strong></span> <span class='ocrx_word' id='word_1_189' title='bbox 2901 557 3023 597; x_wconf 90' lang='lat' dir='ltr'><strong>cum</strong></span> <span class='ocrx_word' id='word_1_190' title='bbox 3077 558 3238 597; x_wconf 89' lang='lat' dir='ltr'><strong>nemo</strong></span> <span class='ocrx_word' id='word_1_191' title='bbox 3275 542 3672 602; x_wconf 84' lang='lat' dir='ltr'><strong>admitteretur.</strong></span> <span class='ocrx_word' id='word_1_192' title='bbox 3704 555 3756 600; x_wconf 87' lang='lat' dir='ltr'><strong>et</strong></span> 
     </span>
    </p>
   </div>
   <div class='ocr_carea' id='block_1_28' title="bbox 2151 636 3756 704">
    <p class='ocr_par' dir='ltr' id='par_1_28' title="bbox 2151 636 3756 704">
     <span class='ocr_line' id='line_1_28' title="bbox 2151 636 3756 704; baseline -0.001 -13"><span class='ocrx_word' id='word_1_193' title='bbox 2151 651 2343 691; x_wconf 90' lang='lat' dir='ltr'><strong>omnes</strong></span> <span class='ocrx_word' id='word_1_194' title='bbox 2372 637 2440 691; x_wconf 90' lang='lat' dir='ltr'><strong>de</strong></span> <span class='ocrx_word' id='word_1_195' title='bbox 2461 650 2674 690; x_wconf 89' lang='lat' dir='ltr'><strong>summo</strong></span> <span class='ocrx_word' id='word_1_196' title='bbox 2688 646 2830 690; x_wconf 90' lang='lat' dir='ltr'><strong>statu</strong></span> <span class='ocrx_word' id='word_1_197' title='bbox 2861 636 3170 704; x_wconf 67' lang='lat' dir='ltr'><strong>reipublicae</strong></span> <span class='ocrx_word' id='word_1_198' title='bbox 3194 637 3409 690; x_wconf 86' lang='lat' dir='ltr'><strong>tractari</strong></span> <span class='ocrx_word' id='word_1_199' title='bbox 3429 636 3756 692; x_wconf 83' lang='lat' dir='ltr'><strong>arbitraren-</strong></span> 
     </span>
    </p>
   </div>
   <div class='ocr_carea' id='block_1_29' title="bbox 2153 723 3756 799">
    <p class='ocr_par' dir='ltr' id='par_1_29' title="bbox 2153 723 3756 799">
     <span class='ocr_line' id='line_1_29' title="bbox 2153 723 3756 799; baseline -0.001 -15"><span class='ocrx_word' id='word_1_200' title='bbox 2153 738 2259 795; x_wconf 82' lang='lat' dir='ltr'><strong>tur,</strong></span> <span class='ocrx_word' id='word_1_201' title='bbox 2286 729 2378 783; x_wconf 90' lang='lat' dir='ltr'><strong>diu</strong></span> <span class='ocrx_word' id='word_1_202' title='bbox 2400 743 2563 783; x_wconf 84' lang='lat' dir='ltr'><strong>senex</strong></span> <span class='ocrx_word' id='word_1_203' title='bbox 2590 723 2891 797; x_wconf 57' lang='lat' dir='ltr'><strong>furor&#39;i‘ejus</strong></span> <span class='ocrx_word' id='word_1_204' title='bbox 2917 730 3253 799; x_wconf 82' lang='lat' dir='ltr'><strong>repugnavit,</strong></span> <span class='ocrx_word' id='word_1_205' title='bbox 3281 729 3576 784; x_wconf 85' lang='lat' dir='ltr'><strong>ostendens</strong></span> <span class='ocrx_word' id='word_1_206' title='bbox 3597 745 3756 798; x_wconf 63' lang='lat' dir='ltr'><strong>(piam</strong></span> 
     </span>
    </p>
   </div>
   <div class='ocr_carea' id='block_1_30' title="bbox 2155 823 3759 893">
    <p class='ocr_par' dir='ltr' id='par_1_30' title="bbox 2155 823 3759 893">
     <span class='ocr_line' id='line_1_30' title="bbox 2155 823 3759 893; baseline 0.002 -16"><span class='ocrx_word' id='word_1_207' title='bbox 2155 823 2517 892; x_wconf 86' lang='lat' dir='ltr'><strong>perniciosum</strong></span> <span class='ocrx_word' id='word_1_208' title='bbox 2575 831 2721 878; x_wconf 81' lang='lat' dir='ltr'><strong>esset</strong></span> <span class='ocrx_word' id='word_1_209' title='bbox 2768 823 3065 893; x_wconf 78' lang='lat' dir='ltr'><strong>inquietari</strong></span> <span class='ocrx_word' id='word_1_210' title='bbox 3119 824 3309 878; x_wconf 92' lang='lat' dir='ltr'><strong>orbem</strong></span> <span class='ocrx_word' id='word_1_211' title='bbox 3357 835 3556 888; x_wconf 80' lang='lat' dir='ltr'><strong>teme,</strong></span> <span class='ocrx_word' id='word_1_212' title='bbox 3611 824 3759 880; x_wconf 73' lang='lat' dir='ltr'><strong>fundi</strong></span> 
     </span>
    </p>
   </div>
   <div class='ocr_carea' id='block_1_31' title="bbox 2155 915 3762 985">
    <p class='ocr_par' dir='ltr' id='par_1_31' title="bbox 2155 915 3762 985">
     <span class='ocr_line' id='line_1_31' title="bbox 2155 915 3762 985; baseline 0 -14"><span class='ocrx_word' id='word_1_213' title='bbox 2155 916 2474 985; x_wconf 87' lang='lat' dir='ltr'><strong>sanguinem</strong></span> <span class='ocrx_word' id='word_1_214' title='bbox 2508 915 2819 980; x_wconf 90' lang='lat' dir='ltr'><strong>multorum;</strong></span> <span class='ocrx_word' id='word_1_215' title='bbox 2852 916 2975 970; x_wconf 76' lang='lat' dir='ltr'><strong>itlos</strong></span> <span class='ocrx_word' id='word_1_216' title='bbox 2997 915 3226 971; x_wconf 77' lang='lat' dir='ltr'><strong>libenter</strong></span> <span class='ocrx_word' id='word_1_217' title='bbox 3248 918 3382 971; x_wconf 91' lang='lat' dir='ltr'><strong>mori</strong></span> <span class='ocrx_word' id='word_1_218' title='bbox 3407 918 3604 982; x_wconf 88' lang='lat' dir='ltr'><strong>solere,</strong></span> <span class='ocrx_word' id='word_1_219' title='bbox 3630 921 3762 971; x_wconf 82' lang='lat' dir='ltr'><strong>satis</strong></span> 
     </span>
    </p>
   </div>
   <div class='ocr_carea' id='block_1_32' title="bbox 2155 992 3762 1079">
    <p class='ocr_par' dir='ltr' id='par_1_32' title="bbox 2155 992 3762 1079">
     <span class='ocr_line' id='line_1_32' title="bbox 2155 992 3762 1079; baseline 0.001 -16"><span class='ocrx_word' id='word_1_220' title='bbox 2155 1024 2277 1063; x_wconf 89' lang='lat' dir='ltr'><strong>esse</strong></span> <span class='ocrx_word' id='word_1_221' title='bbox 2306 1013 2350 1062; x_wconf 89' lang='lat' dir='ltr'><strong>si</strong></span> <span class='ocrx_word' id='word_1_222' title='bbox 2386 1009 2652 1076; x_wconf 88' lang='lat' dir='ltr'><strong>palatinos</strong></span> <span class='ocrx_word' id='word_1_223' title='bbox 2700 992 2908 1063; x_wconf 80' lang='lat' dir='ltr'><strong>tantum</strong></span> <span class='ocrx_word' id='word_1_224' title='bbox 2955 1024 3018 1063; x_wconf 90' lang='lat' dir='ltr'><strong>ac</strong></span> <span class='ocrx_word' id='word_1_225' title='bbox 3067 1011 3264 1063; x_wconf 87' lang='lat' dir='ltr'><strong>milites</strong></span> <span class='ocrx_word' id='word_1_226' title='bbox 3308 1009 3376 1062; x_wconf 88' lang='lat' dir='ltr'><strong>ab</strong></span> <span class='ocrx_word' id='word_1_227' title='bbox 3403 1025 3464 1064; x_wconf 89' lang='lat' dir='ltr'><strong>ea</strong></span> <span class='ocrx_word' id='word_1_228' title='bbox 3498 1010 3762 1079; x_wconf 84' lang='lat' dir='ltr'><strong>religione</strong></span> 
     </span>
    </p>
   </div>
   <div class='ocr_carea' id='block_1_33' title="bbox 2156 1099 3754 1171">
    <p class='ocr_par' dir='ltr' id='par_1_33' title="bbox 2156 1099 3754 1171">
     <span class='ocr_line' id='line_1_33' title="bbox 2156 1099 3754 1171; baseline 0.002 -19"><span class='ocrx_word' id='word_1_229' title='bbox 2156 1099 2485 1168; x_wconf 81' lang='lat' dir='ltr'><strong>prohiberet.</strong></span> <span class='ocrx_word' id='word_1_230' title='bbox 2530 1099 2641 1155; x_wconf 85' lang='lat' dir='ltr'><strong>Nec</strong></span> <span class='ocrx_word' id='word_1_231' title='bbox 2691 1109 2867 1154; x_wconf 87' lang='lat' dir='ltr'><strong>tamen</strong></span> <span class='ocrx_word' id='word_1_232' title='bbox 2917 1100 3208 1155; x_wconf 84' lang='lat' dir='ltr'><strong>deﬂectere</strong></span> <span class='ocrx_word' id='word_1_233' title='bbox 3258 1100 3430 1168; x_wconf 88' lang='lat' dir='ltr'><strong>potu-it</strong></span> <span class='ocrx_word' id='word_1_234' title='bbox 3461 1103 3754 1171; x_wconf 64' lang='lat' dir='ltr'><strong>principitis</strong></span> 
     </span>
    </p>
   </div>
   <div class='ocr_carea' id='block_1_34' title="bbox 2158 1190 3760 1264">
    <p class='ocr_par' dir='ltr' id='par_1_34' title="bbox 2158 1190 3760 1264">
     <span class='ocr_line' id='line_1_34' title="bbox 2158 1190 3760 1264; baseline 0.004 -19"><span class='ocrx_word' id='word_1_235' title='bbox 2158 1190 2388 1246; x_wconf 82' lang='lat' dir='ltr'><strong>buininis</strong></span> <span class='ocrx_word' id='word_1_236' title='bbox 2413 1193 2692 1246; x_wconf 85' lang='lat' dir='ltr'><strong>insaniam.</strong></span> <span class='ocrx_word' id='word_1_237' title='bbox 2720 1193 2931 1248; x_wconf 86' lang='lat' dir='ltr'><strong>Placuit</strong></span> <span class='ocrx_word' id='word_1_238' title='bbox 2951 1209 3081 1264; x_wconf 86' lang='lat' dir='ltr'><strong>ergo</strong></span> <span class='ocrx_word' id='word_1_239' title='bbox 3106 1194 3401 1248; x_wconf 89' lang='lat' dir='ltr'><strong>amicorum</strong></span> <span class='ocrx_word' id='word_1_240' title='bbox 3434 1197 3760 1250; x_wconf 87' lang='lat' dir='ltr'><strong>sententiam</strong></span> 
     </span>
    </p>
   </div>
   <div class='ocr_carea' id='block_1_35' title="bbox 2157 1285 3766 1358">
    <p class='ocr_par' dir='ltr' id='par_1_35' title="bbox 2157 1285 3766 1358">
     <span class='ocr_line' id='line_1_35' title="bbox 2157 1285 3766 1358; baseline 0.001 -17"><span class='ocrx_word' id='word_1_241' title='bbox 2157 1285 2412 1355; x_wconf 82' lang='lat' dir='ltr'><strong>experiri.</strong></span> <span class='ocrx_word' id='word_1_242' title='bbox 2445 1287 2576 1340; x_wconf 81' lang='lat' dir='ltr'><strong>Nam</strong></span> <span class='ocrx_word' id='word_1_243' title='bbox 2628 1296 2745 1341; x_wconf 82' lang='lat' dir='ltr'><strong>crat</strong></span> <span class='ocrx_word' id='word_1_244' title='bbox 2795 1287 2951 1354; x_wconf 86' lang='lat' dir='ltr'><strong>hujus</strong></span> <span class='ocrx_word' id='word_1_245' title='bbox 2981 1287 3223 1353; x_wconf 65' lang='lat' dir='ltr'><strong>malitiae,</strong></span> <span class='ocrx_word' id='word_1_246' title='bbox 3256 1301 3376 1341; x_wconf 91' lang='lat' dir='ltr'><strong>cum</strong></span> <span class='ocrx_word' id='word_1_247' title='bbox 3407 1289 3605 1342; x_wconf 88' lang='lat' dir='ltr'><strong>bonum</strong></span> <span class='ocrx_word' id='word_1_248' title='bbox 3636 1290 3766 1358; x_wconf 89' lang='lat' dir='ltr'><strong>quid</strong></span> 
     </span>
    </p>
   </div>
   <div class='ocr_carea' id='block_1_36' title="bbox 2161 1380 3767 1451">
    <p class='ocr_par' dir='ltr' id='par_1_36' title="bbox 2161 1380 3767 1451">
     <span class='ocr_line' id='line_1_36' title="bbox 2161 1380 3767 1451; baseline 0.001 -16"><span class='ocrx_word' id='word_1_249' title='bbox 2161 1381 2337 1435; x_wconf 79' lang='lat' dir='ltr'><strong>facere</strong></span> <span class='ocrx_word' id='word_1_250' title='bbox 2383 1380 2750 1444; x_wconf 84' lang='lat' dir='ltr'><strong>decrevisset,</strong></span> <span class='ocrx_word' id='word_1_251' title='bbox 2805 1381 2922 1436; x_wconf 91' lang='lat' dir='ltr'><strong>sine</strong></span> <span class='ocrx_word' id='word_1_252' title='bbox 2968 1381 3194 1435; x_wconf 85' lang='lat' dir='ltr'><strong>consilio</strong></span> <span class='ocrx_word' id='word_1_253' title='bbox 3245 1381 3490 1443; x_wconf 80' lang='lat' dir='ltr'><strong>iaciebat,</strong></span> <span class='ocrx_word' id='word_1_254' title='bbox 3546 1393 3602 1435; x_wconf 90' lang='lat' dir='ltr'><strong>ut</strong></span> <span class='ocrx_word' id='word_1_255' title='bbox 3651 1384 3767 1451; x_wconf 87' lang='lat' dir='ltr'><strong>ipse</strong></span> 
     </span>
    </p>
   </div>
   <div class='ocr_carea' id='block_1_37' title="bbox 2160 1471 3762 1544">
    <p class='ocr_par' dir='ltr' id='par_1_37' title="bbox 2160 1471 3762 1544">
     <span class='ocr_line' id='line_1_37' title="bbox 2160 1471 3762 1544; baseline 0.002 -18"><span class='ocrx_word' id='word_1_256' title='bbox 2160 1473 2485 1527; x_wconf 80' lang='lat' dir='ltr'><strong>laudaretur.</strong></span> <span class='ocrx_word' id='word_1_257' title='bbox 2529 1471 2661 1527; x_wconf 83' lang='lat' dir='ltr'><strong>Cum</strong></span> <span class='ocrx_word' id='word_1_258' title='bbox 2709 1483 2886 1528; x_wconf 88' lang='lat' dir='ltr'><strong>autem</strong></span> <span class='ocrx_word' id='word_1_259' title='bbox 2932 1476 3153 1540; x_wconf 90' lang='lat' dir='ltr'><strong>malum,</strong></span> <span class='ocrx_word' id='word_1_260' title='bbox 3184 1475 3436 1544; x_wconf 88' lang='lat' dir='ltr'><strong>quoniam</strong></span> <span class='ocrx_word' id='word_1_261' title='bbox 3486 1475 3540 1528; x_wconf 93' lang='lat' dir='ltr'><strong>id</strong></span> <span class='ocrx_word' id='word_1_262' title='bbox 3573 1491 3762 1544; x_wconf 90' lang='lat' dir='ltr'><strong>repre-</strong></span> 
     </span>
    </p>
   </div>
   <div class='ocr_carea' id='block_1_38' title="bbox 2162 1565 3764 1634">
    <p class='ocr_par' dir='ltr' id='par_1_38' title="bbox 2162 1565 3764 1634">
     <span class='ocr_line' id='line_1_38' title="bbox 2162 1565 3764 1634; baseline -0.001 -13"><span class='ocrx_word' id='word_1_263' title='bbox 2162 1565 2504 1621; x_wconf 87' lang='lat' dir='ltr'><strong>hendendum</strong></span> <span class='ocrx_word' id='word_1_264' title='bbox 2535 1567 2772 1633; x_wconf 88' lang='lat' dir='ltr'><strong>sciebat,</strong></span> <span class='ocrx_word' id='word_1_265' title='bbox 2807 1567 2859 1619; x_wconf 91' lang='lat' dir='ltr'><strong>in</strong></span> <span class='ocrx_word' id='word_1_266' title='bbox 2904 1565 3185 1620; x_wconf 88' lang='lat' dir='ltr'><strong>consilium</strong></span> <span class='ocrx_word' id='word_1_267' title='bbox 3219 1566 3414 1620; x_wconf 88' lang='lat' dir='ltr'><strong>mullos</strong></span> <span class='ocrx_word' id='word_1_268' title='bbox 3445 1567 3764 1634; x_wconf 79' lang='lat' dir='ltr'><strong>advocabal,</strong></span> 
     </span>
    </p>
   </div>
   <div class='ocr_carea' id='block_1_39' title="bbox 2165 1659 3768 1733">
    <p class='ocr_par' dir='ltr' id='par_1_39' title="bbox 2165 1659 3768 1733">
     <span class='ocr_line' id='line_1_39' title="bbox 2165 1659 3768 1733; baseline 0.001 -20"><span class='ocrx_word' id='word_1_269' title='bbox 2165 1659 2469 1715; x_wconf 87' lang='lat' dir='ltr'><strong>utaliormn</strong></span> <span class='ocrx_word' id='word_1_270' title='bbox 2518 1659 2691 1728; x_wconf 62' lang='lat' dir='ltr'><strong>culpae.</strong></span> <span class='ocrx_word' id='word_1_271' title='bbox 2738 1659 3139 1733; x_wconf 84' lang='lat' dir='ltr'><strong>adscriberetur</strong></span> <span class='ocrx_word' id='word_1_272' title='bbox 3183 1659 3438 1730; x_wconf 87' lang='lat' dir='ltr'><strong>quidquid</strong></span> <span class='ocrx_word' id='word_1_273' title='bbox 3477 1661 3593 1730; x_wconf 91' lang='lat' dir='ltr'><strong>ipse</strong></span> <span class='ocrx_word' id='word_1_274' title='bbox 3624 1661 3768 1714; x_wconf 85' lang='lat' dir='ltr'><strong>deli-</strong></span> 
     </span>
    </p>
   </div>
   <div class='ocr_carea' id='block_1_40' title="bbox 2089 1745 3772 1826">
    <p class='ocr_par' dir='ltr' id='par_1_40' title="bbox 2089 1745 3772 1826">
     <span class='ocr_line' id='line_1_40' title="bbox 2089 1745 3772 1826; baseline -0.001 -18"><span class='ocrx_word' id='word_1_275' title='bbox 2089 1763 2371 1826; x_wconf 84' lang='lat' dir='ltr'><strong>Bquerat.</strong></span> <span class='ocrx_word' id='word_1_276' title='bbox 2405 1751 2638 1806; x_wconf 82' lang='lat' dir='ltr'><strong>Admissi</strong></span> <span class='ocrx_word' id='word_1_277' title='bbox 2685 1767 2810 1821; x_wconf 83' lang='lat' dir='ltr'><strong>ergo</strong></span> <span class='ocrx_word' id='word_1_278' title='bbox 2836 1752 3046 1821; x_wconf 85' lang='lat' dir='ltr'><strong>judices</strong></span> <span class='ocrx_word' id='word_1_279' title='bbox 3097 1753 3281 1821; x_wconf 87' lang='lat' dir='ltr'><strong>pauci.</strong></span> <span class='ocrx_word' id='word_1_280' title='bbox 3332 1745 3382 1806; x_wconf 79' lang='lat' dir='ltr'><strong>et</strong></span> <span class='ocrx_word' id='word_1_281' title='bbox 3425 1752 3578 1821; x_wconf 83' lang='lat' dir='ltr'><strong>pauci</strong></span> <span class='ocrx_word' id='word_1_282' title='bbox 3626 1753 3772 1806; x_wconf 89' lang='lat' dir='ltr'><strong>mili-</strong></span> 
     </span>
    </p>
   </div>
   <div class='ocr_carea' id='block_1_41' title="bbox 2168 1843 3767 1916">
    <p class='ocr_par' dir='ltr' id='par_1_41' title="bbox 2168 1843 3767 1916">
     <span class='ocr_line' id='line_1_41' title="bbox 2168 1843 3767 1916; baseline 0 -16"><span class='ocrx_word' id='word_1_283' title='bbox 2168 1856 2344 1916; x_wconf 65' lang='lat' dir='ltr'><strong>tares,</strong></span> <span class='ocrx_word' id='word_1_284' title='bbox 2399 1855 2455 1904; x_wconf 89' lang='lat' dir='ltr'><strong>ut</strong></span> <span class='ocrx_word' id='word_1_285' title='bbox 2501 1843 2759 1912; x_wconf 78' lang='lat' dir='ltr'><strong>dignitate</strong></span> <span class='ocrx_word' id='word_1_286' title='bbox 2807 1845 3218 1910; x_wconf 87' lang='lat' dir='ltr'><strong>antecedebant,</strong></span> <span class='ocrx_word' id='word_1_287' title='bbox 3271 1846 3767 1914; x_wconf 86' lang='lat' dir='ltr'><strong>interrogabantur.</strong></span> 
     </span>
    </p>
   </div>
   <div class='ocr_carea' id='block_1_42' title="bbox 2170 1935 3774 2024">
    <p class='ocr_par' dir='ltr' id='par_1_42' title="bbox 2170 1935 3774 2024">
     <span class='ocr_line' id='line_1_42' title="bbox 2170 1935 3774 2024; baseline 0.001 -32"><span class='ocrx_word' id='word_1_288' title='bbox 2170 1940 2396 2024; x_wconf 76' lang='lat' dir='ltr'><strong>Quidam</strong></span> <span class='ocrx_word' id='word_1_289' title='bbox 2428 1941 2645 2008; x_wconf 84' lang='lat' dir='ltr'><strong>proprio</strong></span> <span class='ocrx_word' id='word_1_290' title='bbox 2676 1938 2937 2000; x_wconf 87' lang='lat' dir='ltr'><strong>adversus</strong></span> <span class='ocrx_word' id='word_1_291' title='bbox 2967 1935 3302 2022; x_wconf 71' lang='lat' dir='ltr'><strong>Christianos</strong></span> <span class='ocrx_word' id='word_1_292' title='bbox 3332 1939 3486 2016; x_wconf 64' lang='lat' dir='ltr'><strong>odio,</strong></span> <span class='ocrx_word' id='word_1_293' title='bbox 3518 1939 3774 2000; x_wconf 82' lang='lat' dir='ltr'><strong>inimicos</strong></span> 
     </span>
    </p>
   </div>
   <div class='ocr_carea' id='block_1_43' title="bbox 2174 2031 3776 2101">
    <p class='ocr_par' dir='ltr' id='par_1_43' title="bbox 2174 2031 3776 2101">
     <span class='ocr_line' id='line_1_43' title="bbox 2174 2031 3776 2101; baseline 0.003 -18"><span class='ocrx_word' id='word_1_294' title='bbox 2174 2033 2396 2088; x_wconf 85' lang='lat' dir='ltr'><strong>deorum</strong></span> <span class='ocrx_word' id='word_1_295' title='bbox 2444 2043 2497 2086; x_wconf 89' lang='lat' dir='ltr'><strong>et</strong></span> <span class='ocrx_word' id='word_1_296' title='bbox 2527 2032 2710 2086; x_wconf 84' lang='lat' dir='ltr'><strong>hostes</strong></span> <span class='ocrx_word' id='word_1_297' title='bbox 2750 2033 3066 2100; x_wconf 83' lang='lat' dir='ltr'><strong>religionum</strong></span> <span class='ocrx_word' id='word_1_298' title='bbox 3113 2031 3454 2101; x_wconf 62' lang='lat' dir='ltr'><strong>publicat-uin</strong></span> <span class='ocrx_word' id='word_1_299' title='bbox 3499 2032 3776 2096; x_wconf 80' lang='lat' dir='ltr'><strong>tollendos</strong></span> 
     </span>
    </p>
   </div>
   <div class='ocr_carea' id='block_1_44' title="bbox 2178 2123 3775 2191">
    <p class='ocr_par' dir='ltr' id='par_1_44' title="bbox 2178 2123 3775 2191">
     <span class='ocr_line' id='line_1_44' title="bbox 2178 2123 3775 2191; baseline -0.001 -12"><span class='ocrx_word' id='word_1_300' title='bbox 2178 2139 2300 2179; x_wconf 85' lang='lat' dir='ltr'><strong>esse</strong></span> <span class='ocrx_word' id='word_1_301' title='bbox 2325 2132 2684 2185; x_wconf 72' lang='lat' dir='ltr'><strong>censuerunt;</strong></span> <span class='ocrx_word' id='word_1_302' title='bbox 2729 2133 2783 2176; x_wconf 84' lang='lat' dir='ltr'><strong>et</strong></span> <span class='ocrx_word' id='word_1_303' title='bbox 2805 2123 2898 2191; x_wconf 81' lang='lat' dir='ltr'><strong>qui</strong></span> <span class='ocrx_word' id='word_1_304' title='bbox 2926 2123 3084 2176; x_wconf 81' lang='lat' dir='ltr'><strong>aliter</strong></span> <span class='ocrx_word' id='word_1_305' title='bbox 3125 2123 3460 2184; x_wconf 81' lang='lat' dir='ltr'><strong>sentiebant,</strong></span> <span class='ocrx_word' id='word_1_306' title='bbox 3495 2123 3775 2177; x_wconf 84' lang='lat' dir='ltr'><strong>intellecta</strong></span> 
     </span>
    </p>
   </div>
   <div class='ocr_carea' id='block_1_45' title="bbox 2181 2203 3779 2294">
    <p class='ocr_par' dir='ltr' id='par_1_45' title="bbox 2181 2203 3779 2294">
     <span class='ocr_line' id='line_1_45' title="bbox 2181 2203 3779 2294; baseline 0 -25"><span class='ocrx_word' id='word_1_307' title='bbox 2181 2216 2411 2282; x_wconf 85' lang='lat' dir='ltr'><strong>hominis</strong></span> <span class='ocrx_word' id='word_1_308' title='bbox 2440 2216 2729 2280; x_wconf 82' lang='lat' dir='ltr'><strong>voluntate,</strong></span> <span class='ocrx_word' id='word_1_309' title='bbox 2755 2217 2836 2269; x_wconf 88' lang='lat' dir='ltr'><strong>vel</strong></span> <span class='ocrx_word' id='word_1_310' title='bbox 2867 2203 3136 2278; x_wconf 83' lang='lat' dir='ltr'><strong>timentes,</strong></span> <span class='ocrx_word' id='word_1_311' title='bbox 3167 2214 3249 2268; x_wconf 89' lang='lat' dir='ltr'><strong>vel</strong></span> <span class='ocrx_word' id='word_1_312' title='bbox 3273 2214 3562 2294; x_wconf 82' lang='lat' dir='ltr'><strong>gratiﬁcari</strong></span> <span class='ocrx_word' id='word_1_313' title='bbox 3590 2215 3779 2269; x_wconf 82' lang='lat' dir='ltr'><strong>volen-</strong></span> 
     </span>
    </p>
   </div>
   <div class='ocr_carea' id='block_1_46' title="bbox 2177 2296 3780 2381">
    <p class='ocr_par' dir='ltr' id='par_1_46' title="bbox 2177 2296 3780 2381">
     <span class='ocr_line' id='line_1_46' title="bbox 2177 2296 3780 2381; baseline -0.001 -18"><span class='ocrx_word' id='word_1_314' title='bbox 2177 2319 2279 2375; x_wconf 86' lang='lat' dir='ltr'><strong>tes,</strong></span> <span class='ocrx_word' id='word_1_315' title='bbox 2311 2309 2362 2363; x_wconf 92' lang='lat' dir='ltr'><strong>in</strong></span> <span class='ocrx_word' id='word_1_316' title='bbox 2390 2309 2632 2363; x_wconf 85' lang='lat' dir='ltr'><strong>eamdem</strong></span> <span class='ocrx_word' id='word_1_317' title='bbox 2665 2310 2989 2363; x_wconf 88' lang='lat' dir='ltr'><strong>sententiam</strong></span> <span class='ocrx_word' id='word_1_318' title='bbox 3006 2296 3393 2381; x_wconf 74' lang='lat' dir='ltr'><strong>congruerunt.</strong></span> <span class='ocrx_word' id='word_1_319' title='bbox 3419 2308 3530 2365; x_wconf 83' lang='lat' dir='ltr'><strong>Nec</strong></span> <span class='ocrx_word' id='word_1_320' title='bbox 3554 2311 3636 2376; x_wconf 81' lang='lat' dir='ltr'><strong>sic</strong></span> <span class='ocrx_word' id='word_1_321' title='bbox 3651 2313 3780 2379; x_wconf 84' lang='lat' dir='ltr'><strong>qni-</strong></span> 
     </span>
    </p>
   </div>
   <div class='ocr_carea' id='block_1_47' title="bbox 1867 2444 2498 2520">
    <p class='ocr_par' dir='ltr' id='par_1_47' title="bbox 1867 2444 2498 2520">
     <span class='ocr_line' id='line_1_47' title="bbox 1867 2444 2498 2520; baseline -0.022 1"><span class='ocrx_word' id='word_1_322' title='bbox 1867 2445 2231 2519; x_wconf 68' lang='lat' dir='ltr'><strong>VARIOBUM</strong></span> <span class='ocrx_word' id='word_1_323' title='bbox 2266 2444 2498 2520; x_wconf 69' lang='lat' dir='ltr'><strong>uera.</strong></span> 
     </span>
    </p>
   </div>
   <div class='ocr_carea' id='block_1_48' title="bbox 557 2579 2078 2656">
    <p class='ocr_par' dir='ltr' id='par_1_48' title="bbox 557 2579 2078 2656">
     <span class='ocr_line' id='line_1_48' title="bbox 557 2579 2078 2656; baseline 0.002 -23"><span class='ocrx_word' id='word_1_324' title='bbox 557 2579 730 2656; x_wconf 80' lang='lat' dir='ltr'><strong>Tagis.</strong></span> <span class='ocrx_word' id='word_1_325' title='bbox 762 2581 893 2656; x_wconf 43' lang='lat' dir='ltr'><strong>{illis</strong></span> <span class='ocrx_word' id='word_1_326' title='bbox 925 2590 1007 2656; x_wconf 82' lang='lat' dir='ltr'><strong>est</strong></span> <span class='ocrx_word' id='word_1_327' title='bbox 1035 2581 1236 2656; x_wconf 80' lang='lat' dir='ltr'><strong>Tages,</strong></span> <span class='ocrx_word' id='word_1_328' title='bbox 1268 2581 1520 2656; x_wconf 41' lang='grc' dir='ltr'><strong>αέα-εἶξε</strong></span> <span class='ocrx_word' id='word_1_329' title='bbox 1563 2581 1805 2656; x_wconf 70' lang='lat' dir='ltr'><strong>Tltuscus</strong></span> <span class='ocrx_word' id='word_1_330' title='bbox 1835 2590 1989 2656; x_wconf 59' lang='lat' dir='ltr'><strong>erat,</strong></span> <span class='ocrx_word' id='word_1_331' title='bbox 2022 2591 2078 2644; x_wconf 89' lang='lat' dir='ltr'><strong>et.</strong></span> 
     </span>
    </p>
   </div>
   <div class='ocr_carea' id='block_1_49' title="bbox 481 2647 2080 2720">
    <p class='ocr_par' dir='ltr' id='par_1_49' title="bbox 481 2647 2080 2720">
     <span class='ocr_line' id='line_1_49' title="bbox 481 2647 2080 2720; baseline 0.001 -15"><span class='ocrx_word' id='word_1_332' title='bbox 481 2647 721 2705; x_wconf 79' lang='lat' dir='ltr'><strong>omnium</strong></span> <span class='ocrx_word' id='word_1_333' title='bbox 756 2647 1069 2719; x_wconf 61' lang='lat' dir='ltr'><strong>A&#39;rnSpicum</strong></span> <span class='ocrx_word' id='word_1_334' title='bbox 1115 2647 1355 2720; x_wconf 76' lang='lat' dir='ltr'><strong>primus;</strong></span> <span class='ocrx_word' id='word_1_335' title='bbox 1391 2647 1521 2716; x_wconf 84' lang='lat' dir='ltr'><strong>Vide</strong></span> <span class='ocrx_word' id='word_1_336' title='bbox 1553 2647 1869 2717; x_wconf 57' lang='lat' dir='ltr'><strong>Arnobium,</strong></span> <span class='ocrx_word' id='word_1_337' title='bbox 1916 2653 2006 2716; x_wconf 85' lang='lat' dir='ltr'><strong>lib.</strong></span> <span class='ocrx_word' id='word_1_338' title='bbox 2043 2669 2080 2706; x_wconf 92' lang='grc' dir='ltr'><strong>ιι</strong></span> 
     </span>
    </p>
   </div>
   <div class='ocr_carea' id='block_1_50' title="bbox 487 2721 2079 2794">
    <p class='ocr_par' dir='ltr' id='par_1_50' title="bbox 487 2721 2079 2794">
     <span class='ocr_line' id='line_1_50' title="bbox 487 2721 2079 2794; baseline 0.001 -18"><span class='ocrx_word' id='word_1_339' title='bbox 487 2721 748 2794; x_wconf 83' lang='lat' dir='ltr'><strong>adversus</strong></span> <span class='ocrx_word' id='word_1_340' title='bbox 791 2728 1012 2794; x_wconf 83' lang='lat' dir='ltr'><strong>gentes,</strong></span> <span class='ocrx_word' id='word_1_341' title='bbox 1052 2721 1204 2793; x_wconf 74' lang='lat' dir='ltr'><strong>&#39;I&#39;agis</strong></span> <span class='ocrx_word' id='word_1_342' title='bbox 1239 2741 1394 2794; x_wconf 89' lang='lat' dir='ltr'><strong>porro</strong></span> <span class='ocrx_word' id='word_1_343' title='bbox 1423 2734 1513 2778; x_wconf 87' lang='lat' dir='ltr'><strong>aut</strong></span> <span class='ocrx_word' id='word_1_344' title='bbox 1547 2724 1593 2786; x_wconf 83' lang='lat' dir='ltr'><strong>id</strong></span> <span class='ocrx_word' id='word_1_345' title='bbox 1629 2740 1822 2777; x_wconf 91' lang='lat' dir='ltr'><strong>nomen</strong></span> <span class='ocrx_word' id='word_1_346' title='bbox 1854 2734 1966 2778; x_wconf 90' lang='lat' dir='ltr'><strong>erat</strong></span> <span class='ocrx_word' id='word_1_347' title='bbox 2000 2724 2079 2778; x_wconf 91' lang='lat' dir='ltr'><strong>di-</strong></span> 
     </span>
    </p>
   </div>
   <div class='ocr_carea' id='block_1_51' title="bbox 487 2741 2073 2864">
    <p class='ocr_par' dir='ltr' id='par_1_51' title="bbox 487 2741 2073 2864">
     <span class='ocr_line' id='line_1_51' title="bbox 487 2741 2073 2794; baseline 0.001 -18"><span class='ocrx_word' id='word_1_348' title='bbox 487 2741 748 2785; x_wconf 85' lang='lat' dir='ltr'><strong>auversus</strong></span> <span class='ocrx_word' id='word_1_349' title='bbox 791 2741 1012 2794; x_wconf 82' lang='lat' dir='ltr'><strong>gentes,</strong></span> <span class='ocrx_word' id='word_1_350' title='bbox 1057 2741 1204 2793; x_wconf 76' lang='lat' dir='ltr'><strong>rugis</strong></span> <span class='ocrx_word' id='word_1_351' title='bbox 1273 2741 1394 2776; x_wconf 88' lang='lat' dir='ltr'><strong>orro</strong></span> <span class='ocrx_word' id='word_1_352' title='bbox 1423 2741 1513 2778; x_wconf 88' lang='lat' dir='ltr'><strong>aut</strong></span> <span class='ocrx_word' id='word_1_353' title='bbox 1547 2741 1593 2786; x_wconf 82' lang='lat' dir='ltr'><strong>tu</strong></span> <span class='ocrx_word' id='word_1_354' title='bbox 1629 2741 1822 2777; x_wconf 90' lang='lat' dir='ltr'><strong>nomen</strong></span> <span class='ocrx_word' id='word_1_355' title='bbox 1854 2741 1966 2778; x_wconf 90' lang='lat' dir='ltr'><strong>erat</strong></span> <span class='ocrx_word' id='word_1_356' title='bbox 2000 2741 2073 2778; x_wconf 86' lang='lat' dir='ltr'><strong>ut-</strong></span> 
     </span>
     <span class='ocr_line' id='line_1_52' title="bbox 487 2741 2073 2864; baseline 0.001 -18"><span class='ocrx_word' id='word_1_357' title='bbox 487 2793 703 2859; x_wconf 70' lang='lat' dir='ltr'><strong>gnitatis</strong></span> <span class='ocrx_word' id='word_1_358' title='bbox 731 2795 847 2860; x_wconf 86' lang='lat' dir='ltr'><strong>ejus</strong></span> <span class='ocrx_word' id='word_1_359' title='bbox 867 2834 880 2856; x_wconf 88' lang='lat'><strong>,</strong></span> <span class='ocrx_word' id='word_1_360' title='bbox 906 2795 992 2864; x_wconf 84' lang='lat' dir='ltr'><strong>qui</strong></span> <span class='ocrx_word' id='word_1_361' title='bbox 1030 2741 1594 2860; x_wconf 59' lang='lat' dir='ltr'><strong>praet-rarArnspicnm</strong></span> <span class='ocrx_word' id='word_1_362' title='bbox 1622 2796 1939 2864; x_wconf 63' lang='lat' dir='ltr'><strong>disciplinae,</strong></span> <span class='ocrx_word' id='word_1_363' title='bbox 1965 2806 2073 2854; x_wconf 79' lang='lat' dir='ltr'><strong>aut.</strong></span> 
     </span>
    </p>
   </div>
   <div class='ocr_carea' id='block_1_52' title="bbox 489 2864 2075 2934">
    <p class='ocr_par' dir='ltr' id='par_1_52' title="bbox 489 2864 2075 2934">
     <span class='ocr_line' id='line_1_53' title="bbox 489 2864 2075 2934; baseline 0.002 -18"><span class='ocrx_word' id='word_1_364' title='bbox 489 2873 549 2916; x_wconf 87' lang='lat' dir='ltr'><strong>ut</strong></span> <span class='ocrx_word' id='word_1_365' title='bbox 587 2866 660 2918; x_wconf 85' lang='lat' dir='ltr'><strong>ait</strong></span> <span class='ocrx_word' id='word_1_366' title='bbox 694 2864 943 2918; x_wconf 84' lang='lat' dir='ltr'><strong>Baluzius</strong></span> <span class='ocrx_word' id='word_1_367' title='bbox 964 2875 1167 2930; x_wconf 86' lang='lat' dir='ltr'><strong>noster,</strong></span> <span class='ocrx_word' id='word_1_368' title='bbox 1189 2879 1372 2918; x_wconf 82' lang='lat' dir='ltr'><strong>auctor</strong></span> <span class='ocrx_word' id='word_1_369' title='bbox 1395 2866 1634 2920; x_wconf 87' lang='lat' dir='ltr'><strong>oratorio</strong></span> <span class='ocrx_word' id='word_1_370' title='bbox 1653 2882 1799 2918; x_wconf 85' lang='lat' dir='ltr'><strong>inore</strong></span> <span class='ocrx_word' id='word_1_371' title='bbox 1824 2865 2075 2934; x_wconf 88' lang='lat' dir='ltr'><strong>loquitur,</strong></span> 
     </span>
    </p>
   </div>
   <div class='ocr_carea' id='block_1_53' title="bbox 488 2935 2079 3010">
    <p class='ocr_par' dir='ltr' id='par_1_53' title="bbox 488 2935 2079 3010">
     <span class='ocr_line' id='line_1_54' title="bbox 488 2935 2079 3010; baseline 0.002 -25"><span class='ocrx_word' id='word_1_372' title='bbox 488 2935 815 3010; x_wconf 80' lang='lat' dir='ltr'><strong>quia_Tages</strong></span> <span class='ocrx_word' id='word_1_373' title='bbox 866 2935 1110 3010; x_wconf 72' lang='lat' dir='ltr'><strong>Thusens</strong></span> <span class='ocrx_word' id='word_1_374' title='bbox 1160 2936 1256 3010; x_wconf 85' lang='lat' dir='ltr'><strong>luit</strong></span> <span class='ocrx_word' id='word_1_375' title='bbox 1306 2936 1430 2997; x_wconf 84' lang='lat' dir='ltr'><strong>olim</strong></span> <span class='ocrx_word' id='word_1_376' title='bbox 1466 2952 1687 3010; x_wconf 84' lang='lat' dir='ltr'><strong>magnus</strong></span> <span class='ocrx_word' id='word_1_377' title='bbox 1733 2935 2079 3010; x_wconf 9' lang='lat' dir='ltr'><strong>Aru5pcxget</strong></span> 
     </span>
    </p>
   </div>
   <div class='ocr_carea' id='block_1_54' title="bbox 2184 2581 2838 2650">
    <p class='ocr_par' dir='ltr' id='par_1_54' title="bbox 2184 2581 2838 2650">
     <span class='ocr_line' id='line_1_55' title="bbox 2184 2581 2838 2650; baseline -0.009 -13"><span class='ocrx_word' id='word_1_378' title='bbox 2184 2582 2382 2637; x_wconf 90' lang='lat' dir='ltr'><strong>mulam</strong></span> <span class='ocrx_word' id='word_1_379' title='bbox 2414 2595 2573 2650; x_wconf 84' lang='lat' dir='ltr'><strong>supra</strong></span> <span class='ocrx_word' id='word_1_380' title='bbox 2607 2581 2838 2633; x_wconf 87' lang='lat' dir='ltr'><strong>vocavit.</strong></span> 
     </span>
    </p>
   </div>
   <div class='ocr_carea' id='block_1_55' title="bbox 2260 2649 3783 2722">
    <p class='ocr_par' dir='ltr' id='par_1_55' title="bbox 2260 2649 3783 2722">
     <span class='ocr_line' id='line_1_56' title="bbox 2260 2649 3783 2722; baseline 0.002 -17"><span class='ocrx_word' id='word_1_381' title='bbox 2260 2653 2446 2722; x_wconf 71' lang='lat' dir='ltr'><strong>.llulier</strong></span> <span class='ocrx_word' id='word_1_382' title='bbox 2482 2649 2758 2705; x_wconf 77' lang='lat' dir='ltr'><strong>admodum</strong></span> <span class='ocrx_word' id='word_1_383' title='bbox 2785 2651 3157 2722; x_wconf 85' lang='lat' dir='ltr'><strong>superstitiosa.</strong></span> <span class='ocrx_word' id='word_1_384' title='bbox 3194 2649 3321 2720; x_wconf 63' lang='lat' dir='ltr'><strong>Quae</strong></span> <span class='ocrx_word' id='word_1_385' title='bbox 3349 2668 3462 2704; x_wconf 89' lang='lat' dir='ltr'><strong>cum</strong></span> <span class='ocrx_word' id='word_1_386' title='bbox 3495 2663 3643 2718; x_wconf 75' lang='lat' dir='ltr'><strong>esset,</strong></span> <span class='ocrx_word' id='word_1_387' title='bbox 3673 2665 3783 2708; x_wconf 88' lang='lat' dir='ltr'><strong>etc.</strong></span> 
     </span>
    </p>
   </div>
   <div class='ocr_carea' id='block_1_56' title="bbox 2185 2721 3788 2791">
    <p class='ocr_par' dir='ltr' id='par_1_56' title="bbox 2185 2721 3788 2791">
     <span class='ocr_line' id='line_1_57' title="bbox 2185 2721 3788 2791; baseline 0.004 -18"><span class='ocrx_word' id='word_1_388' title='bbox 2185 2721 2359 2779; x_wconf 79' lang='lat' dir='ltr'><strong>Loctis</strong></span> <span class='ocrx_word' id='word_1_389' title='bbox 2398 2723 2811 2785; x_wconf 83' lang='lat' dir='ltr'><strong>contaminatus,</strong></span> <span class='ocrx_word' id='word_1_390' title='bbox 2857 2731 2943 2774; x_wconf 91' lang='lat' dir='ltr'><strong>aut</strong></span> <span class='ocrx_word' id='word_1_391' title='bbox 2973 2721 3356 2775; x_wconf 70' lang='lat' dir='ltr'><strong>confusus.&#39;An</strong></span> <span class='ocrx_word' id='word_1_392' title='bbox 3392 2723 3671 2791; x_wconf 82' lang='lat' dir='ltr'><strong>legendum</strong></span> <span class='ocrx_word' id='word_1_393' title='bbox 3700 2727 3788 2780; x_wconf 85' lang='lat' dir='ltr'><strong>in-</strong></span> 
     </span>
    </p>
   </div>
   <div class='ocr_carea' id='block_1_57' title="bbox 2185 2791 3783 2864">
    <p class='ocr_par' dir='ltr' id='par_1_57' title="bbox 2185 2791 3783 2864">
     <span class='ocr_line' id='line_1_58' title="bbox 2185 2791 3783 2864; baseline 0.001 -16"><span class='ocrx_word' id='word_1_394' title='bbox 2185 2796 2432 2849; x_wconf 83' lang='lat' dir='ltr'><strong>versione</strong></span> <span class='ocrx_word' id='word_1_395' title='bbox 2447 2796 2727 2846; x_wconf 75' lang='lat' dir='ltr'><strong>verbnrntn</strong></span> <span class='ocrx_word' id='word_1_396' title='bbox 2749 2811 2760 2845; x_wconf 89' lang='lat'>:</span> <span class='ocrx_word' id='word_1_397' title='bbox 2787 2791 2915 2864; x_wconf 78' lang='lat' dir='ltr'><strong>Qua:</strong></span> <span class='ocrx_word' id='word_1_398' title='bbox 2931 2809 3045 2846; x_wconf 88' lang='lat' dir='ltr'><strong>cum</strong></span> <span class='ocrx_word' id='word_1_399' title='bbox 3065 2803 3198 2864; x_wconf 83' lang='lat' dir='ltr'><strong>esset</strong></span> <span class='ocrx_word' id='word_1_400' title='bbox 3210 2793 3394 2864; x_wconf 79' lang='lat' dir='ltr'><strong>mulier</strong></span> <span class='ocrx_word' id='word_1_401' title='bbox 3407 2797 3783 2863; x_wconf 80' lang='lat' dir='ltr'><strong>superstitiosa.</strong></span> 
     </span>
    </p>
   </div>
   <div class='ocr_carea' id='block_1_58' title="bbox 2185 2863 3788 2934">
    <p class='ocr_par' dir='ltr' id='par_1_58' title="bbox 2185 2863 3788 2934">
     <span class='ocr_line' id='line_1_59' title="bbox 2185 2863 3788 2934; baseline 0.001 -17"><span class='ocrx_word' id='word_1_402' title='bbox 2185 2877 2276 2934; x_wconf 80' lang='lat' dir='ltr'><strong>aut</strong></span> <span class='ocrx_word' id='word_1_403' title='bbox 2305 2882 2424 2924; x_wconf 87' lang='lat' dir='ltr'><strong>cmn</strong></span> <span class='ocrx_word' id='word_1_404' title='bbox 2469 2865 2663 2925; x_wconf 84' lang='lat' dir='ltr'><strong>&#39;l‘ollio,</strong></span> <span class='ocrx_word' id='word_1_405' title='bbox 2692 2863 2947 2934; x_wconf 72' lang='lat' dir='ltr'><strong>quce&#39;cum</strong></span> <span class='ocrx_word' id='word_1_406' title='bbox 3003 2873 3128 2920; x_wconf 85' lang='lat' dir='ltr'><strong>esset</strong></span> <span class='ocrx_word' id='word_1_407' title='bbox 3173 2863 3488 2918; x_wconf 74' lang='lat' dir='ltr'><strong>Nicomedia:</strong></span> <span class='ocrx_word' id='word_1_408' title='bbox 3509 2908 3520 2926; x_wconf 85' lang='lat'><strong>.</strong></span> <span class='ocrx_word' id='word_1_409' title='bbox 3553 2867 3634 2920; x_wconf 89' lang='lat' dir='ltr'><strong>vel</strong></span> <span class='ocrx_word' id='word_1_410' title='bbox 3661 2883 3788 2919; x_wconf 79' lang='lat' dir='ltr'><strong>eum</strong></span> 
     </span>
    </p>
   </div>
   <div class='ocr_carea' id='block_1_59' title="bbox 2185 2933 3788 3005">
    <p class='ocr_par' dir='ltr' id='par_1_59' title="bbox 2185 2933 3788 3005">
     <span class='ocr_line' id='line_1_60' title="bbox 2185 2933 3788 3005; baseline 0.002 -18"><span class='ocrx_word' id='word_1_411' title='bbox 2185 2933 2447 2996; x_wconf 81' lang='lat' dir='ltr'><strong>Columbo</strong></span> <span class='ocrx_word' id='word_1_412' title='bbox 2489 2938 2566 2988; x_wconf 89' lang='lat' dir='ltr'><strong>sic</strong></span> <span class='ocrx_word' id='word_1_413' title='bbox 2597 2933 3001 3004; x_wconf 79' lang='lat' dir='ltr'><strong>intelligendum</strong></span> <span class='ocrx_word' id='word_1_414' title='bbox 3042 2953 3054 2987; x_wconf 91' lang='lat'>:</span> <span class='ocrx_word' id='word_1_415' title='bbox 3090 2935 3220 3002; x_wconf 62' lang='lat' dir='ltr'><strong>Quae</strong></span> <span class='ocrx_word' id='word_1_416' title='bbox 3248 2952 3364 2988; x_wconf 89' lang='lat' dir='ltr'><strong>cum</strong></span> <span class='ocrx_word' id='word_1_417' title='bbox 3392 2945 3560 3003; x_wconf 87' lang='lat' dir='ltr'><strong>esset,</strong></span> <span class='ocrx_word' id='word_1_418' title='bbox 3599 2938 3646 2989; x_wconf 88' lang='lat' dir='ltr'><strong>id</strong></span> <span class='ocrx_word' id='word_1_419' title='bbox 3678 2951 3788 3005; x_wconf 86' lang='lat' dir='ltr'><strong>est,</strong></span> 
     </span>
    </p>
   </div>
   <div class='ocr_carea' id='block_1_60' title="bbox 489 2997 2930 3080">
    <p class='ocr_par' dir='ltr' id='par_1_60' title="bbox 489 2997 2930 3080">
     <span class='ocr_line' id='line_1_61' title="bbox 489 2997 2930 3080; baseline 0.002 -27"><span class='ocrx_word' id='word_1_420' title='bbox 489 2997 751 3080; x_wconf 60' lang='lat' dir='ltr'><strong>magister&quot;</strong></span> <span class='ocrx_word' id='word_1_421' title='bbox 781 3006 1130 3080; x_wconf 77' lang='lat' dir='ltr'><strong>Arttspicnm,</strong></span> <span class='ocrx_word' id='word_1_422' title='bbox 1163 3006 1356 3080; x_wconf 75' lang='lat' dir='ltr'><strong>dequo</strong></span> <span class='ocrx_word' id='word_1_423' title='bbox 1392 2997 1584 3080; x_wconf 70' lang='lat' dir='ltr'><strong>prteth</strong></span> <span class='ocrx_word' id='word_1_424' title='bbox 1614 2997 1910 3080; x_wconf 77' lang='lat' dir='ltr'><strong>Arnobinm</strong></span> <span class='ocrx_word' id='word_1_425' title='bbox 1962 3007 2080 3069; x_wconf 72' lang='lat' dir='ltr'><strong>vide</strong></span> <span class='ocrx_word' id='word_1_426' title='bbox 2109 3002 2153 3062; x_wconf 86' lang='lat' dir='ltr'><strong>C</strong></span> <span class='ocrx_word' id='word_1_427' title='bbox 2188 3008 2518 3080; x_wconf 52' lang='lat' dir='ltr'><strong>currictico-et,</strong></span> <span class='ocrx_word' id='word_1_428' title='bbox 2553 3015 2642 3057; x_wconf 89' lang='lat' dir='ltr'><strong>aut</strong></span> <span class='ocrx_word' id='word_1_429' title='bbox 2669 2997 2930 3080; x_wconf 57' lang='lat' dir='ltr'><strong>condiret?</strong></span> 
     </span>
    </p>
   </div>
   <div class='ocr_carea' id='block_1_61' title="bbox 490 3076 2082 3146">
    <p class='ocr_par' dir='ltr' id='par_1_61' title="bbox 490 3076 2082 3146">
     <span class='ocr_line' id='line_1_62' title="bbox 490 3076 2082 3146; baseline 0.002 -20"><span class='ocrx_word' id='word_1_430' title='bbox 490 3076 828 3146; x_wconf 64' lang='lat' dir='ltr'><strong>Qiceronetn,</strong></span> <span class='ocrx_word' id='word_1_431' title='bbox 864 3076 956 3129; x_wconf 87' lang='lat' dir='ltr'><strong>lib.</strong></span> <span class='ocrx_word' id='word_1_432' title='bbox 1005 3091 1042 3129; x_wconf 93' lang='grc' dir='ltr'><strong>ιι</strong></span> <span class='ocrx_word' id='word_1_433' title='bbox 1090 3077 1157 3131; x_wconf 90' lang='lat' dir='ltr'><strong>de</strong></span> <span class='ocrx_word' id='word_1_434' title='bbox 1209 3077 1433 3131; x_wconf 88' lang='lat' dir='ltr'><strong>Divinat.</strong></span> <span class='ocrx_word' id='word_1_435' title='bbox 1489 3078 1570 3130; x_wconf 81' lang='lat' dir='ltr'><strong>vel</strong></span> <span class='ocrx_word' id='word_1_436' title='bbox 1612 3077 1803 3142; x_wconf 85' lang='lat' dir='ltr'><strong>etiam,</strong></span> <span class='ocrx_word' id='word_1_437' title='bbox 1834 3087 1892 3130; x_wconf 84' lang='lat' dir='ltr'><strong>ut</strong></span> <span class='ocrx_word' id='word_1_438' title='bbox 1933 3088 2082 3146; x_wconf 89' lang='lat' dir='ltr'><strong>putat</strong></span> 
     </span>
    </p>
   </div>
   <div class='ocr_carea' id='block_1_62' title="bbox 496 3145 2080 3224">
    <p class='ocr_par' dir='ltr' id='par_1_62' title="bbox 496 3145 2080 3224">
     <span class='ocr_line' id='line_1_63' title="bbox 496 3145 2080 3224; baseline 0.003 -28"><span class='ocrx_word' id='word_1_439' title='bbox 496 3145 875 3210; x_wconf 85' lang='lat' dir='ltr'><strong>lleutnannns,</strong></span> <span class='ocrx_word' id='word_1_440' title='bbox 912 3162 1008 3198; x_wconf 83' lang='lat' dir='ltr'><strong>vox</strong></span> <span class='ocrx_word' id='word_1_441' title='bbox 1041 3146 1193 3217; x_wconf 84' lang='lat' dir='ltr'><strong>Tagis</strong></span> <span class='ocrx_word' id='word_1_442' title='bbox 1239 3165 1304 3203; x_wconf 75' lang='lat' dir='ltr'><strong>ex</strong></span> <span class='ocrx_word' id='word_1_443' title='bbox 1353 3149 1586 3224; x_wconf 79' lang='lat' dir='ltr'><strong>Margine</strong></span> <span class='ocrx_word' id='word_1_444' title='bbox 1619 3148 1870 3218; x_wconf 81' lang='lat' dir='ltr'><strong>translata</strong></span> <span class='ocrx_word' id='word_1_445' title='bbox 1905 3145 1999 3201; x_wconf 83' lang='lat' dir='ltr'><strong>fuit</strong></span> <span class='ocrx_word' id='word_1_446' title='bbox 2031 3151 2080 3201; x_wconf 92' lang='lat' dir='ltr'><strong>in</strong></span> 
     </span>
    </p>
   </div>
   <div class='ocr_carea' id='block_1_63' title="bbox 491 3225 717 3272">
    <p class='ocr_par' dir='ltr' id='par_1_63' title="bbox 491 3225 717 3272">
     <span class='ocr_line' id='line_1_64' title="bbox 491 3225 717 3272; baseline 0 -4"><span class='ocrx_word' id='word_1_447' title='bbox 491 3225 717 3272; x_wconf 82' lang='lat' dir='ltr'><strong>textum.</strong></span> 
     </span>
    </p>
   </div>
   <div class='ocr_carea' id='block_1_64' title="bbox 567 3287 2083 3362">
    <p class='ocr_par' dir='ltr' id='par_1_64' title="bbox 567 3287 2083 3362">
     <span class='ocr_line' id='line_1_65' title="bbox 567 3287 2083 3362; baseline 0.001 -22"><span class='ocrx_word' id='word_1_448' title='bbox 567 3287 785 3362; x_wconf 78' lang='lat' dir='ltr'><strong>Profam&#39;</strong></span> <span class='ocrx_word' id='word_1_449' title='bbox 813 3290 1059 3362; x_wconf 69' lang='lat' dir='ltr'><strong>lioniines.</strong></span> <span class='ocrx_word' id='word_1_450' title='bbox 1085 3290 1374 3345; x_wconf 84' lang='lat' dir='ltr'><strong>Christiani</strong></span> <span class='ocrx_word' id='word_1_451' title='bbox 1395 3332 1409 3354; x_wconf 88' lang='lat'><strong>,</strong></span> <span class='ocrx_word' id='word_1_452' title='bbox 1441 3290 1527 3360; x_wconf 90' lang='lat' dir='ltr'><strong>qui</strong></span> <span class='ocrx_word' id='word_1_453' title='bbox 1556 3305 1581 3354; x_wconf 82' lang='lat' dir='ltr'><strong>a</strong></span> <span class='ocrx_word' id='word_1_454' title='bbox 1625 3287 1924 3362; x_wconf 81' lang='lat' dir='ltr'><strong>Gentilibus</strong></span> <span class='ocrx_word' id='word_1_455' title='bbox 1957 3305 2083 3360; x_wconf 79' lang='lat' dir='ltr'><strong>pro-</strong></span> 
     </span>
    </p>
   </div>
   <div class='ocr_carea' id='block_1_65' title="bbox 496 3356 1840 3431">
    <p class='ocr_par' dir='ltr' id='par_1_65' title="bbox 496 3356 1840 3431">
     <span class='ocr_line' id='line_1_66' title="bbox 496 3356 1840 3431; baseline 0.004 -23"><span class='ocrx_word' id='word_1_456' title='bbox 496 3356 654 3431; x_wconf 77' lang='lat' dir='ltr'><strong>pltani</strong></span> <span class='ocrx_word' id='word_1_457' title='bbox 677 3360 900 3431; x_wconf 24' lang='lat' dir='ltr'><strong>,Allllpll,</strong></span> <span class='ocrx_word' id='word_1_458' title='bbox 940 3371 993 3414; x_wconf 89' lang='lat' dir='ltr'><strong>et</strong></span> <span class='ocrx_word' id='word_1_459' title='bbox 1027 3363 1308 3431; x_wconf 85' lang='lat' dir='ltr'><strong>irreligiosi</strong></span> <span class='ocrx_word' id='word_1_460' title='bbox 1339 3356 1681 3426; x_wconf 81' lang='lat' dir='ltr'><strong>vocabantur.</strong></span> <span class='ocrx_word' id='word_1_461' title='bbox 1796 3356 1800 3362; x_wconf 82' lang='grc'><em>’</em></span> <span class='ocrx_word' id='word_1_462' title='bbox 1837 3359 1840 3362; x_wconf 79' lang='grc'><em>’</em></span> 
     </span>
    </p>
   </div>
   <div class='ocr_carea' id='block_1_66' title="bbox 569 3426 2082 3502">
    <p class='ocr_par' dir='ltr' id='par_1_66' title="bbox 569 3426 2082 3502">
     <span class='ocr_line' id='line_1_67' title="bbox 569 3426 2082 3502; baseline 0.003 -22"><span class='ocrx_word' id='word_1_463' title='bbox 569 3426 661 3502; x_wconf 74' lang='lat' dir='ltr'><strong>Ira</strong></span> <span class='ocrx_word' id='word_1_464' title='bbox 689 3426 880 3498; x_wconf 79' lang='lat' dir='ltr'><strong>furoris</strong></span> <span class='ocrx_word' id='word_1_465' title='bbox 908 3426 1200 3496; x_wconf 73' lang='lat' dir='ltr'><strong>atteri/icore</strong></span> <span class='ocrx_word' id='word_1_466' title='bbox 1229 3450 1327 3486; x_wconf 86' lang='lat' dir='ltr'><strong>non</strong></span> <span class='ocrx_word' id='word_1_467' title='bbox 1357 3449 1440 3486; x_wconf 84' lang='lat' dir='ltr'><strong>eos</strong></span> <span class='ocrx_word' id='word_1_468' title='bbox 1471 3442 1880 3486; x_wconf 85' lang='lat' dir='ltr'><strong>tantum.........</strong></span> <span class='ocrx_word' id='word_1_469' title='bbox 1905 3432 2082 3502; x_wconf 80' lang='lat' dir='ltr'><strong>jussit.</strong></span> 
     </span>
    </p>
   </div>
   <div class='ocr_carea' id='block_1_67' title="bbox 494 3497 2081 3571">
    <p class='ocr_par' dir='ltr' id='par_1_67' title="bbox 494 3497 2081 3571">
     <span class='ocr_line' id='line_1_68' title="bbox 494 3497 2081 3571; baseline 0.002 -22"><span class='ocrx_word' id='word_1_470' title='bbox 494 3497 705 3571; x_wconf 82' lang='lat' dir='ltr'><strong>Optima</strong></span> <span class='ocrx_word' id='word_1_471' title='bbox 740 3519 837 3552; x_wconf 75' lang='lat' dir='ltr'><strong>nis.</strong></span> <span class='ocrx_word' id='word_1_472' title='bbox 890 3503 1090 3556; x_wconf 82' lang='lat' dir='ltr'><strong>codicis</strong></span> <span class='ocrx_word' id='word_1_473' title='bbox 1120 3504 1276 3557; x_wconf 85' lang='lat' dir='ltr'><strong>lectio</strong></span> <span class='ocrx_word' id='word_1_474' title='bbox 1310 3522 1322 3556; x_wconf 89' lang='lat'>:</span> <span class='ocrx_word' id='word_1_475' title='bbox 1355 3518 1513 3571; x_wconf 89' lang='lat' dir='ltr'><strong>quam</strong></span> <span class='ocrx_word' id='word_1_476' title='bbox 1544 3506 1613 3556; x_wconf 92' lang='lat' dir='ltr'><strong>ob</strong></span> <span class='ocrx_word' id='word_1_477' title='bbox 1644 3517 1858 3555; x_wconf 81' lang='lat' dir='ltr'><strong>causam</strong></span> <span class='ocrx_word' id='word_1_478' title='bbox 1893 3497 2081 3556; x_wconf 74' lang='lat' dir='ltr'><strong>iinmn-</strong></span> 
     </span>
    </p>
   </div>
   <div class='ocr_carea' id='block_1_68' title="bbox 493 3567 2085 3646">
    <p class='ocr_par' dir='ltr' id='par_1_68' title="bbox 493 3567 2085 3646">
     <span class='ocr_line' id='line_1_69' title="bbox 493 3567 2085 3646; baseline 0.002 -23"><span class='ocrx_word' id='word_1_479' title='bbox 493 3567 599 3646; x_wconf 72' lang='lat' dir='ltr'><strong>tata</strong></span> <span class='ocrx_word' id='word_1_480' title='bbox 637 3567 798 3646; x_wconf 67' lang='lat' dir='ltr'><strong>fuerit</strong></span> <span class='ocrx_word' id='word_1_481' title='bbox 823 3572 872 3625; x_wconf 93' lang='lat' dir='ltr'><strong>in</strong></span> <span class='ocrx_word' id='word_1_482' title='bbox 903 3573 1060 3646; x_wconf 81' lang='lat' dir='ltr'><strong>editis</strong></span> <span class='ocrx_word' id='word_1_483' title='bbox 1085 3615 1098 3639; x_wconf 94' lang='lat'><strong>,</strong></span> <span class='ocrx_word' id='word_1_484' title='bbox 1129 3567 1393 3646; x_wconf 72' lang='lat' dir='ltr'><strong>etiamque</strong></span> <span class='ocrx_word' id='word_1_485' title='bbox 1426 3573 1611 3641; x_wconf 87' lang='lat' dir='ltr'><strong>priscis</strong></span> <span class='ocrx_word' id='word_1_486' title='bbox 1643 3571 1915 3626; x_wconf 79' lang='lat' dir='ltr'><strong>eodicibns</strong></span> <span class='ocrx_word' id='word_1_487' title='bbox 1936 3589 2085 3646; x_wconf 89' lang='lat' dir='ltr'><strong>,__ne-</strong></span> 
     </span>
    </p>
   </div>
   <div class='ocr_carea' id='block_1_69' title="bbox 497 3640 2087 3709">
    <p class='ocr_par' dir='ltr' id='par_1_69' title="bbox 497 3640 2087 3709">
     <span class='ocr_line' id='line_1_70' title="bbox 497 3640 2087 3709; baseline -0.001 -14"><span class='ocrx_word' id='word_1_488' title='bbox 497 3641 631 3695; x_wconf 90' lang='lat' dir='ltr'><strong>scio.</strong></span> <span class='ocrx_word' id='word_1_489' title='bbox 665 3640 799 3706; x_wconf 83' lang='lat' dir='ltr'><strong>Quid</strong></span> <span class='ocrx_word' id='word_1_490' title='bbox 831 3645 972 3708; x_wconf 80' lang='lat' dir='ltr'><strong>enim</strong></span> <span class='ocrx_word' id='word_1_491' title='bbox 1005 3647 1198 3698; x_wconf 89' lang='lat' dir='ltr'><strong>clarius</strong></span> <span class='ocrx_word' id='word_1_492' title='bbox 1230 3640 1327 3700; x_wconf 83' lang='lat' dir='ltr'><strong>hac</strong></span> <span class='ocrx_word' id='word_1_493' title='bbox 1345 3640 1669 3709; x_wconf 85' lang='lat' dir='ltr'><strong>elocutione,</strong></span> <span class='ocrx_word' id='word_1_494' title='bbox 1695 3646 1924 3698; x_wconf 60' lang='lat' dir='ltr'><strong>Cllllt‘lX?</strong></span> <span class='ocrx_word' id='word_1_495' title='bbox 1954 3643 2087 3696; x_wconf 84' lang='lat' dir='ltr'><strong>Hac-</strong></span> 
     </span>
    </p>
   </div>
   <div class='ocr_carea' id='block_1_70' title="bbox 497 3713 2090 3783">
    <p class='ocr_par' dir='ltr' id='par_1_70' title="bbox 497 3713 2090 3783">
     <span class='ocr_line' id='line_1_71' title="bbox 497 3713 2090 3783; baseline 0.001 -19"><span class='ocrx_word' id='word_1_496' title='bbox 497 3720 644 3783; x_wconf 80' lang='lat' dir='ltr'><strong>tenus</strong></span> <span class='ocrx_word' id='word_1_497' title='bbox 693 3716 836 3782; x_wconf 77' lang='lat' dir='ltr'><strong>{uror</strong></span> <span class='ocrx_word' id='word_1_498' title='bbox 865 3717 974 3780; x_wconf 85' lang='lat' dir='ltr'><strong>eius</strong></span> <span class='ocrx_word' id='word_1_499' title='bbox 1005 3726 1050 3769; x_wconf 91' lang='lat' dir='ltr'><strong>et</strong></span> <span class='ocrx_word' id='word_1_500' title='bbox 1077 3717 1155 3768; x_wconf 86' lang='lat' dir='ltr'><strong>ira</strong></span> <span class='ocrx_word' id='word_1_501' title='bbox 1185 3717 1445 3783; x_wconf 81' lang='lat' dir='ltr'><strong>processit.</strong></span> <span class='ocrx_word' id='word_1_502' title='bbox 1482 3713 1535 3769; x_wconf 87' lang='lat' dir='ltr'><strong>In</strong></span> <span class='ocrx_word' id='word_1_503' title='bbox 1581 3716 1698 3769; x_wconf 87' lang='lat' dir='ltr'><strong>aliis</strong></span> <span class='ocrx_word' id='word_1_504' title='bbox 1743 3715 1901 3768; x_wconf 83' lang='lat' dir='ltr'><strong>editis</strong></span> <span class='ocrx_word' id='word_1_505' title='bbox 1945 3726 2090 3774; x_wconf 77' lang='lat' dir='ltr'><strong>extat</strong></span> 
     </span>
    </p>
   </div>
   <div class='ocr_carea' id='block_1_71' title="bbox 496 3782 2090 3855">
    <p class='ocr_par' dir='ltr' id='par_1_71' title="bbox 496 3782 2090 3855">
     <span class='ocr_line' id='line_1_72' title="bbox 496 3782 2090 3855; baseline 0.004 -21"><span class='ocrx_word' id='word_1_506' title='bbox 496 3782 578 3855; x_wconf 76' lang='lat' dir='ltr'><strong>ira</strong></span> <span class='ocrx_word' id='word_1_507' title='bbox 607 3784 819 3855; x_wconf 80' lang='lat' dir='ltr'><strong>furens;</strong></span> <span class='ocrx_word' id='word_1_508' title='bbox 851 3787 942 3838; x_wconf 86' lang='lat' dir='ltr'><strong>sed</strong></span> <span class='ocrx_word' id='word_1_509' title='bbox 977 3805 1072 3839; x_wconf 79' lang='lat' dir='ltr'><strong>nis.</strong></span> <span class='ocrx_word' id='word_1_510' title='bbox 1111 3782 1340 3854; x_wconf 17' lang='lat' dir='ltr'><strong>xsequor.</strong></span> <span class='ocrx_word' id='word_1_511' title='bbox 1396 3786 1700 3840; x_wconf 81' lang='lat' dir='ltr'><strong>Nourrisins</strong></span> <span class='ocrx_word' id='word_1_512' title='bbox 1750 3787 1800 3855; x_wconf 84' lang='lat' dir='ltr'><strong>in</strong></span> <span class='ocrx_word' id='word_1_513' title='bbox 1853 3784 2090 3855; x_wconf 84' lang='lat' dir='ltr'><strong>margine</strong></span> 
     </span>
    </p>
   </div>
   <div class='ocr_carea' id='block_1_72' title="bbox 499 3852 2091 3926">
    <p class='ocr_par' dir='ltr' id='par_1_72' title="bbox 499 3852 2091 3926">
     <span class='ocr_line' id='line_1_73' title="bbox 499 3852 2091 3926; baseline 0.001 -21"><span class='ocrx_word' id='word_1_514' title='bbox 499 3852 883 3926; x_wconf 55' lang='grc' dir='ltr'>ἰηιιξιτίιιιιδιιίυ</span> <span class='ocrx_word' id='word_1_515' title='bbox 926 3857 1179 3910; x_wconf 87' lang='lat' dir='ltr'><strong>editionis</strong></span> <span class='ocrx_word' id='word_1_516' title='bbox 1205 3852 1404 3921; x_wconf 82' lang='lat' dir='ltr'><strong>habet,</strong></span> <span class='ocrx_word' id='word_1_517' title='bbox 1435 3859 1509 3909; x_wconf 87' lang='lat' dir='ltr'><strong>ira</strong></span> <span class='ocrx_word' id='word_1_518' title='bbox 1544 3858 1727 3926; x_wconf 77' lang='lat' dir='ltr'><strong>furori.</strong></span> <span class='ocrx_word' id='word_1_519' title='bbox 1763 3854 1866 3920; x_wconf 86' lang='lat' dir='ltr'><strong>Sed</strong></span> <span class='ocrx_word' id='word_1_520' title='bbox 1902 3852 2091 3926; x_wconf 73' lang='lat' dir='ltr'><strong>irdfa-</strong></span> 
     </span>
    </p>
   </div>
   <div class='ocr_carea' id='block_1_73' title="bbox 499 3923 2092 3997">
    <p class='ocr_par' dir='ltr' id='par_1_73' title="bbox 499 3923 2092 3997">
     <span class='ocr_line' id='line_1_74' title="bbox 499 3923 2092 3997; baseline 0.001 -20"><span class='ocrx_word' id='word_1_521' title='bbox 499 3923 637 3997; x_wconf 74' lang='lat' dir='ltr'><strong>roris</strong></span> <span class='ocrx_word' id='word_1_522' title='bbox 684 3925 841 3997; x_wconf 49' lang='lat' dir='ltr'><strong>liabet</strong></span> <span class='ocrx_word' id='word_1_523' title='bbox 893 3943 992 3980; x_wconf 91' lang='lat' dir='ltr'><strong>ms.</strong></span> <span class='ocrx_word' id='word_1_524' title='bbox 1046 3928 1197 3996; x_wconf 85' lang='lat' dir='ltr'><strong>quasi</strong></span> <span class='ocrx_word' id='word_1_525' title='bbox 1240 3929 1388 3984; x_wconf 76' lang='lat' dir='ltr'><strong>dit-as</strong></span> <span class='ocrx_word' id='word_1_526' title='bbox 1437 3929 1514 3978; x_wconf 86' lang='lat' dir='ltr'><strong>ira</strong></span> <span class='ocrx_word' id='word_1_527' title='bbox 1545 3923 1751 3997; x_wconf 65' lang='lat' dir='ltr'><strong>furoris</strong></span> <span class='ocrx_word' id='word_1_528' title='bbox 1785 3927 1932 3993; x_wconf 84' lang='lat' dir='ltr'><strong>plena</strong></span> <span class='ocrx_word' id='word_1_529' title='bbox 1966 3923 2092 3979; x_wconf 66' lang='lat' dir='ltr'><strong>:sic</strong></span> 
     </span>
    </p>
   </div>
   <div class='ocr_carea' id='block_1_74' title="bbox 501 3993 2092 4064">
    <p class='ocr_par' dir='ltr' id='par_1_74' title="bbox 501 3993 2092 4064">
     <span class='ocr_line' id='line_1_75' title="bbox 501 3993 2092 4064; baseline 0.002 -18"><span class='ocrx_word' id='word_1_530' title='bbox 501 3993 639 4064; x_wconf 85' lang='lat' dir='ltr'><strong>apud</strong></span> <span class='ocrx_word' id='word_1_531' title='bbox 693 3993 938 4064; x_wconf 83' lang='lat' dir='ltr'><strong>Plautum</strong></span> <span class='ocrx_word' id='word_1_532' title='bbox 984 3993 1148 4052; x_wconf 77' lang='lat' dir='ltr'><strong>a’tatis</strong></span> <span class='ocrx_word' id='word_1_533' title='bbox 1179 4002 1360 4064; x_wconf 83' lang='lat' dir='ltr'><strong>plenas</strong></span> <span class='ocrx_word' id='word_1_534' title='bbox 1383 4041 1396 4064; x_wconf 88' lang='lat'><strong>,</strong></span> <span class='ocrx_word' id='word_1_535' title='bbox 1430 4006 1484 4051; x_wconf 90' lang='lat' dir='ltr'><strong>et</strong></span> <span class='ocrx_word' id='word_1_536' title='bbox 1527 3993 1663 4064; x_wconf 72' lang='lat' dir='ltr'><strong>apud</strong></span> <span class='ocrx_word' id='word_1_537' title='bbox 1700 3998 1904 4049; x_wconf 80' lang='lat' dir='ltr'><strong>Livium</strong></span> <span class='ocrx_word' id='word_1_538' title='bbox 1935 3998 2092 4049; x_wconf 86' lang='lat' dir='ltr'><strong>animi</strong></span> 
     </span>
    </p>
   </div>
   <div class='ocr_carea' id='block_1_75' title="bbox 501 4061 2088 4141">
    <p class='ocr_par' dir='ltr' id='par_1_75' title="bbox 501 4061 2088 4141">
     <span class='ocr_line' id='line_1_76' title="bbox 501 4061 2088 4141; baseline 0.004 -25"><span class='ocrx_word' id='word_1_539' title='bbox 501 4062 704 4141; x_wconf 55' lang='lat' dir='ltr'><strong>plenus:</strong></span> <span class='ocrx_word' id='word_1_540' title='bbox 731 4061 787 4126; x_wconf 84' lang='lat' dir='ltr'><strong>Id</strong></span> <span class='ocrx_word' id='word_1_541' title='bbox 819 4082 979 4141; x_wconf 77' lang='lat' dir='ltr'><strong>porro</strong></span> <span class='ocrx_word' id='word_1_542' title='bbox 1004 4061 1231 4141; x_wconf 82' lang='lat' dir='ltr'><strong>dicimus</strong></span> <span class='ocrx_word' id='word_1_543' title='bbox 1252 4111 1266 4134; x_wconf 97' lang='lat'><strong>,</strong></span> <span class='ocrx_word' id='word_1_544' title='bbox 1312 4061 1501 4122; x_wconf 70' lang='lat' dir='ltr'><strong>utnon</strong></span> <span class='ocrx_word' id='word_1_545' title='bbox 1554 4061 1864 4141; x_wconf 86' lang='lat' dir='ltr'><strong>immntctur</strong></span> <span class='ocrx_word' id='word_1_546' title='bbox 1892 4077 2088 4141; x_wconf 73' lang='lat' dir='ltr'><strong>textus.</strong></span> 
     </span>
    </p>
   </div>
   <div class='ocr_carea' id='block_1_76' title="bbox 576 4133 2094 4209">
    <p class='ocr_par' dir='ltr' id='par_1_76' title="bbox 576 4133 2094 4209">
     <span class='ocr_line' id='line_1_77' title="bbox 576 4133 2094 4209; baseline 0.001 -19"><span class='ocrx_word' id='word_1_547' title='bbox 576 4133 634 4194; x_wconf 72' lang='lat' dir='ltr'><strong>Si</strong></span> <span class='ocrx_word' id='word_1_548' title='bbox 665 4133 1038 4208; x_wconf 63' lang='lat' dir='ltr'><strong>detrectassent.</strong></span> <span class='ocrx_word' id='word_1_549' title='bbox 1075 4133 1373 4198; x_wconf 86' lang='lat' dir='ltr'><strong>lleumann.</strong></span> <span class='ocrx_word' id='word_1_550' title='bbox 1409 4147 1554 4194; x_wconf 84' lang='lat' dir='ltr'><strong>recte</strong></span> <span class='ocrx_word' id='word_1_551' title='bbox 1601 4146 1789 4200; x_wconf 85' lang='lat' dir='ltr'><strong>monet</strong></span> <span class='ocrx_word' id='word_1_552' title='bbox 1811 4139 2094 4209; x_wconf 84' lang='lat' dir='ltr'><strong>legendum</strong></span> 
     </span>
    </p>
   </div>
   <div class='ocr_carea' id='block_1_77' title="bbox 500 4209 1114 4271">
    <p class='ocr_par' dir='ltr' id='par_1_77' title="bbox 500 4209 1114 4271">
     <span class='ocr_line' id='line_1_78' title="bbox 500 4209 1114 4271; baseline 0.005 -12"><span class='ocrx_word' id='word_1_553' title='bbox 500 4218 619 4259; x_wconf 88' lang='lat' dir='ltr'><strong>esse</strong></span> <span class='ocrx_word' id='word_1_554' title='bbox 633 4209 718 4271; x_wconf 77' lang='lat' dir='ltr'><strong>qui</strong></span> <span class='ocrx_word' id='word_1_555' title='bbox 741 4210 1114 4264; x_wconf 76' lang='lat' dir='ltr'><strong>detrectassent.</strong></span> 
     </span>
    </p>
   </div>
   <div class='ocr_carea' id='block_1_78' title="bbox 573 4275 2095 4348">
    <p class='ocr_par' dir='ltr' id='par_1_78' title="bbox 573 4275 2095 4348">
     <span class='ocr_line' id='line_1_79' title="bbox 573 4275 2095 4348; baseline 0.002 -20"><span class='ocrx_word' id='word_1_556' title='bbox 573 4275 904 4348; x_wconf 73' lang='lat' dir='ltr'><strong>Prwpositos.</strong></span> <span class='ocrx_word' id='word_1_557' title='bbox 925 4281 988 4336; x_wconf 80' lang='lat' dir='ltr'><strong>Ili</strong></span> <span class='ocrx_word' id='word_1_558' title='bbox 1013 4281 1226 4335; x_wconf 82' lang='lat' dir='ltr'><strong>fuerunt</strong></span> <span class='ocrx_word' id='word_1_559' title='bbox 1254 4280 1510 4336; x_wconf 89' lang='lat' dir='ltr'><strong>militares</strong></span> <span class='ocrx_word' id='word_1_560' title='bbox 1534 4278 1798 4346; x_wconf 66' lang='lat' dir='ltr'><strong>Prmfecti,</strong></span> <span class='ocrx_word' id='word_1_561' title='bbox 1827 4280 1913 4348; x_wconf 90' lang='lat' dir='ltr'><strong>qtti</strong></span> <span class='ocrx_word' id='word_1_562' title='bbox 1942 4289 2095 4333; x_wconf 89' lang='lat' dir='ltr'><strong>erant</strong></span> 
     </span>
    </p>
   </div>
   <div class='ocr_carea' id='block_1_79' title="bbox 499 4350 2096 4420">
    <p class='ocr_par' dir='ltr' id='par_1_79' title="bbox 499 4350 2096 4420">
     <span class='ocr_line' id='line_1_80' title="bbox 499 4350 2096 4420; baseline 0.003 -20"><span class='ocrx_word' id='word_1_563' title='bbox 499 4358 622 4420; x_wconf 79' lang='lat' dir='ltr'><strong>post</strong></span> <span class='ocrx_word' id='word_1_564' title='bbox 655 4351 924 4416; x_wconf 84' lang='lat' dir='ltr'><strong>tribunos,</strong></span> <span class='ocrx_word' id='word_1_565' title='bbox 956 4363 1009 4408; x_wconf 84' lang='lat' dir='ltr'><strong>ct</strong></span> <span class='ocrx_word' id='word_1_566' title='bbox 1043 4366 1215 4406; x_wconf 89' lang='lat' dir='ltr'><strong>tamen</strong></span> <span class='ocrx_word' id='word_1_567' title='bbox 1257 4359 1520 4420; x_wconf 56' lang='lat' dir='ltr'><strong>praseraut</strong></span> <span class='ocrx_word' id='word_1_568' title='bbox 1549 4351 1752 4403; x_wconf 73' lang='lat' dir='ltr'><strong>cohorti</strong></span> <span class='ocrx_word' id='word_1_569' title='bbox 1785 4350 2004 4419; x_wconf 83' lang='lat' dir='ltr'><strong>perinde</strong></span> <span class='ocrx_word' id='word_1_570' title='bbox 2034 4366 2096 4405; x_wconf 90' lang='lat' dir='ltr'><strong>ac</strong></span> 
     </span>
    </p>
   </div>
   <div class='ocr_carea' id='block_1_80' title="bbox 498 4418 2090 4489">
    <p class='ocr_par' dir='ltr' id='par_1_80' title="bbox 498 4418 2090 4489">
     <span class='ocr_line' id='line_1_81' title="bbox 498 4418 2090 4489; baseline 0.004 -18"><span class='ocrx_word' id='word_1_571' title='bbox 498 4418 718 4482; x_wconf 83' lang='lat' dir='ltr'><strong>tribuni,</strong></span> <span class='ocrx_word' id='word_1_572' title='bbox 751 4433 806 4489; x_wconf 82' lang='lat' dir='ltr'><strong>ut</strong></span> <span class='ocrx_word' id='word_1_573' title='bbox 849 4424 1092 4480; x_wconf 85' lang='lat' dir='ltr'><strong>observat</strong></span> <span class='ocrx_word' id='word_1_574' title='bbox 1125 4418 1382 4476; x_wconf 80' lang='lat' dir='ltr'><strong>llenricns</strong></span> <span class='ocrx_word' id='word_1_575' title='bbox 1408 4423 1643 4476; x_wconf 76' lang='lat' dir='ltr'><strong>Valesius</strong></span> <span class='ocrx_word' id='word_1_576' title='bbox 1663 4423 1726 4474; x_wconf 88' lang='lat' dir='ltr'><strong>ad</strong></span> <span class='ocrx_word' id='word_1_577' title='bbox 1755 4418 2090 4478; x_wconf 62' lang='lat' dir='ltr'><strong>Manlianum</strong></span> 
     </span>
    </p>
   </div>
   <div class='ocr_carea' id='block_1_81' title="bbox 501 4490 2093 4562">
    <p class='ocr_par' dir='ltr' id='par_1_81' title="bbox 501 4490 2093 4562">
     <span class='ocr_line' id='line_1_82' title="bbox 501 4490 2093 4562; baseline 0 -18"><span class='ocrx_word' id='word_1_578' title='bbox 501 4490 891 4556; x_wconf 83' lang='lat' dir='ltr'><strong>Marcellinum.</strong></span> <span class='ocrx_word' id='word_1_579' title='bbox 946 4491 1254 4550; x_wconf 86' lang='lat' dir='ltr'><strong>Lactantius</strong></span> <span class='ocrx_word' id='word_1_580' title='bbox 1294 4511 1411 4562; x_wconf 89' lang='lat' dir='ltr'><strong>cap.</strong></span> <span class='ocrx_word' id='word_1_581' title='bbox 1447 4494 1538 4553; x_wconf 75' lang='lat'><strong>46.</strong></span> <span class='ocrx_word' id='word_1_582' title='bbox 1586 4494 1896 4560; x_wconf 66' lang='grc' dir='ltr'><strong>ρι’ίυμοδίιυδ</strong></span> <span class='ocrx_word' id='word_1_583' title='bbox 1929 4493 2093 4546; x_wconf 77' lang='lat' dir='ltr'><strong>ttibn-</strong></span> 
     </span>
    </p>
   </div>
   <div class='ocr_carea' id='block_1_82' title="bbox 500 4563 2094 4628">
    <p class='ocr_par' dir='ltr' id='par_1_82' title="bbox 500 4563 2094 4628">
     <span class='ocr_line' id='line_1_83' title="bbox 500 4563 2094 4628; baseline 0.003 -16"><span class='ocrx_word' id='word_1_584' title='bbox 500 4575 707 4628; x_wconf 88' lang='lat' dir='ltr'><strong>nosque</strong></span> <span class='ocrx_word' id='word_1_585' title='bbox 730 4563 888 4618; x_wconf 87' lang='lat' dir='ltr'><strong>etiam</strong></span> <span class='ocrx_word' id='word_1_586' title='bbox 915 4565 1072 4622; x_wconf 87' lang='lat' dir='ltr'><strong>simul</strong></span> <span class='ocrx_word' id='word_1_587' title='bbox 1103 4577 1512 4618; x_wconf 85' lang='lat' dir='ltr'><strong>commemorat.</strong></span> <span class='ocrx_word' id='word_1_588' title='bbox 1549 4565 1623 4618; x_wconf 82' lang='lat' dir='ltr'><strong>Ex</strong></span> <span class='ocrx_word' id='word_1_589' title='bbox 1654 4579 1841 4620; x_wconf 88' lang='lat' dir='ltr'><strong>eorum</strong></span> <span class='ocrx_word' id='word_1_590' title='bbox 1872 4580 2094 4617; x_wconf 89' lang='lat' dir='ltr'><strong>numero</strong></span> 
     </span>
    </p>
   </div>
   <div class='ocr_carea' id='block_1_83' title="bbox 499 4629 2087 4701">
    <p class='ocr_par' dir='ltr' id='par_1_83' title="bbox 499 4629 2087 4701">
     <span class='ocr_line' id='line_1_84' title="bbox 499 4629 2087 4701; baseline 0.002 -18"><span class='ocrx_word' id='word_1_591' title='bbox 499 4629 593 4686; x_wconf 83' lang='lat' dir='ltr'><strong>fuit</strong></span> <span class='ocrx_word' id='word_1_592' title='bbox 620 4631 678 4686; x_wconf 89' lang='lat' dir='ltr'><strong>S.</strong></span> <span class='ocrx_word' id='word_1_593' title='bbox 707 4633 1005 4698; x_wconf 83' lang='lat' dir='ltr'><strong>Dorotheus</strong></span> <span class='ocrx_word' id='word_1_594' title='bbox 1027 4635 1138 4701; x_wconf 84' lang='lat' dir='ltr'><strong>ille,</strong></span> <span class='ocrx_word' id='word_1_595' title='bbox 1156 4635 1307 4700; x_wconf 89' lang='lat' dir='ltr'><strong>cnjns</strong></span> <span class='ocrx_word' id='word_1_596' title='bbox 1330 4636 1632 4689; x_wconf 81' lang='lat' dir='ltr'><strong>encmnium</strong></span> <span class='ocrx_word' id='word_1_597' title='bbox 1655 4639 1871 4688; x_wconf 85' lang='lat' dir='ltr'><strong>enarrat</strong></span> <span class='ocrx_word' id='word_1_598' title='bbox 1891 4635 2087 4689; x_wconf 86' lang='lat' dir='ltr'><strong>Euseb.</strong></span> 
     </span>
    </p>
   </div>
   <div class='ocr_carea' id='block_1_84' title="bbox 499 4702 1231 4772">
    <p class='ocr_par' dir='ltr' id='par_1_84' title="bbox 499 4702 1231 4772">
     <span class='ocr_line' id='line_1_85' title="bbox 499 4702 1231 4772; baseline 0.005 -18"><span class='ocrx_word' id='word_1_599' title='bbox 499 4702 592 4755; x_wconf 91' lang='lat' dir='ltr'><strong>lib.</strong></span> <span class='ocrx_word' id='word_1_600' title='bbox 622 4719 710 4756; x_wconf 85' lang='lat' dir='ltr'><strong>vni</strong></span> <span class='ocrx_word' id='word_1_601' title='bbox 743 4703 886 4758; x_wconf 83' lang='lat' dir='ltr'><strong>Eccl.</strong></span> <span class='ocrx_word' id='word_1_602' title='bbox 912 4704 1073 4772; x_wconf 75' lang='lat' dir='ltr'><strong>ﬂisL,</strong></span> <span class='ocrx_word' id='word_1_603' title='bbox 1099 4722 1146 4760; x_wconf 90' lang='lat' dir='ltr'><strong>c.</strong></span> <span class='ocrx_word' id='word_1_604' title='bbox 1183 4707 1231 4758; x_wconf 79' lang='grc'><strong>1.</strong></span> 
     </span>
    </p>
   </div>
   <div class='ocr_carea' id='block_1_85' title="bbox 579 4772 2095 4843">
    <p class='ocr_par' dir='ltr' id='par_1_85' title="bbox 579 4772 2095 4843">
     <span class='ocr_line' id='line_1_86' title="bbox 579 4772 2095 4843; baseline 0.003 -18"><span class='ocrx_word' id='word_1_605' title='bbox 579 4772 767 4828; x_wconf 80' lang='lat' dir='ltr'><strong>Milites</strong></span> <span class='ocrx_word' id='word_1_606' title='bbox 798 4777 930 4843; x_wconf 70' lang='lat' dir='ltr'><strong>cogi,</strong></span> <span class='ocrx_word' id='word_1_607' title='bbox 971 4788 1072 4830; x_wconf 89' lang='lat' dir='ltr'><strong>etc.</strong></span> <span class='ocrx_word' id='word_1_608' title='bbox 1112 4777 1190 4834; x_wconf 66' lang='lat' dir='ltr'><strong>Ab</strong></span> <span class='ocrx_word' id='word_1_609' title='bbox 1220 4775 1285 4830; x_wconf 89' lang='lat' dir='ltr'><strong>iis</strong></span> <span class='ocrx_word' id='word_1_610' title='bbox 1313 4774 1449 4828; x_wconf 80' lang='lat' dir='ltr'><strong>hanc.</strong></span> <span class='ocrx_word' id='word_1_611' title='bbox 1475 4777 1901 4843; x_wconf 84' lang='lat' dir='ltr'><strong>persecutionem</strong></span> <span class='ocrx_word' id='word_1_612' title='bbox 1932 4791 2095 4829; x_wconf 74' lang='lat' dir='ltr'><strong>exor-</strong></span> 
     </span>
    </p>
   </div>
   <div class='ocr_carea' id='block_1_86' title="bbox 499 4845 2088 4913">
    <p class='ocr_par' dir='ltr' id='par_1_86' title="bbox 499 4845 2088 4913">
     <span class='ocr_line' id='line_1_87' title="bbox 499 4845 2088 4913; baseline 0.004 -19"><span class='ocrx_word' id='word_1_613' title='bbox 499 4851 609 4895; x_wconf 87' lang='lat' dir='ltr'><strong>tam</strong></span> <span class='ocrx_word' id='word_1_614' title='bbox 636 4857 825 4913; x_wconf 71' lang='lat' dir='ltr'><strong>prteter</strong></span> <span class='ocrx_word' id='word_1_615' title='bbox 847 4845 1174 4912; x_wconf 85' lang='lat' dir='ltr'><strong>Lactantinm</strong></span> <span class='ocrx_word' id='word_1_616' title='bbox 1192 4846 1410 4900; x_wconf 85' lang='lat' dir='ltr'><strong>adnotat</strong></span> <span class='ocrx_word' id='word_1_617' title='bbox 1430 4845 1690 4908; x_wconf 74' lang='lat' dir='ltr'><strong>Emebins</strong></span> <span class='ocrx_word' id='word_1_618' title='bbox 1710 4845 1799 4898; x_wconf 87' lang='lat' dir='ltr'><strong>lib.</strong></span> <span class='ocrx_word' id='word_1_619' title='bbox 1817 4861 1926 4911; x_wconf 77' lang='lat' dir='ltr'><strong>Vlll,</strong></span> <span class='ocrx_word' id='word_1_620' title='bbox 1955 4862 2002 4898; x_wconf 91' lang='lat' dir='ltr'><strong>c.</strong></span> <span class='ocrx_word' id='word_1_621' title='bbox 2037 4847 2088 4909; x_wconf 81' lang='grc'><strong>1,</strong></span> 
     </span>
    </p>
   </div>
   <div class='ocr_carea' id='block_1_87' title="bbox 501 4917 1436 4985">
    <p class='ocr_par' dir='ltr' id='par_1_87' title="bbox 501 4917 1436 4985">
     <span class='ocr_line' id='line_1_88' title="bbox 501 4917 1436 4985; baseline 0.006 -20"><span class='ocrx_word' id='word_1_622' title='bbox 501 4923 673 4982; x_wconf 85' lang='lat' dir='ltr'><strong>neque</strong></span> <span class='ocrx_word' id='word_1_623' title='bbox 707 4927 815 4970; x_wconf 91' lang='lat' dir='ltr'><strong>tum</strong></span> <span class='ocrx_word' id='word_1_624' title='bbox 847 4918 1070 4982; x_wconf 88' lang='lat' dir='ltr'><strong>ulterius</strong></span> <span class='ocrx_word' id='word_1_625' title='bbox 1094 4917 1436 4985; x_wconf 83' lang='lat' dir='ltr'><strong>processisse.</strong></span> 
     </span>
    </p>
   </div>
   <div class='ocr_carea' id='block_1_88' title="bbox 572 4985 1910 5048">
    <p class='ocr_par' dir='ltr' id='par_1_88' title="bbox 572 4985 1910 5048">
     <span class='ocr_line' id='line_1_89' title="bbox 572 4985 1910 5048; baseline 0.002 -11"><span class='ocrx_word' id='word_1_626' title='bbox 572 4985 852 5046; x_wconf 79' lang='lat' dir='ltr'><strong>Hactenus.</strong></span> <span class='ocrx_word' id='word_1_627' title='bbox 882 4988 980 5043; x_wconf 81' lang='lat' dir='ltr'><strong>ills.</strong></span> <span class='ocrx_word' id='word_1_628' title='bbox 1014 4991 1170 5043; x_wconf 88' lang='lat' dir='ltr'><strong>habet</strong></span> <span class='ocrx_word' id='word_1_629' title='bbox 1196 5006 1254 5042; x_wconf 83' lang='lat' dir='ltr'><strong>ac</strong></span> <span class='ocrx_word' id='word_1_630' title='bbox 1284 4997 1428 5043; x_wconf 80' lang='lat' dir='ltr'><strong>tenus</strong></span> <span class='ocrx_word' id='word_1_631' title='bbox 1455 5006 1472 5043; x_wconf 88' lang='lat'><strong><em>:</em></strong></span> <span class='ocrx_word' id='word_1_632' title='bbox 1511 4988 1605 5048; x_wconf 89' lang='lat' dir='ltr'><strong>sed</strong></span> <span class='ocrx_word' id='word_1_633' title='bbox 1633 4986 1910 5046; x_wconf 84' lang='lat' dir='ltr'><strong>mendose.</strong></span> 
     </span>
    </p>
   </div>
   <div class='ocr_carea' id='block_1_89' title="bbox 571 5055 1911 5128">
    <p class='ocr_par' dir='ltr' id='par_1_89' title="bbox 571 5055 1911 5128">
     <span class='ocr_line' id='line_1_90' title="bbox 571 5055 1911 5128; baseline 0.002 -20"><span class='ocrx_word' id='word_1_634' title='bbox 571 5055 843 5128; x_wconf 69' lang='lat' dir='ltr'><strong>Interfecto</strong></span> <span class='ocrx_word' id='word_1_635' title='bbox 870 5071 1108 5128; x_wconf 86' lang='lat' dir='ltr'><strong>tempore.</strong></span> <span class='ocrx_word' id='word_1_636' title='bbox 1140 5059 1264 5125; x_wconf 81' lang='lat' dir='ltr'><strong>Ms.,</strong></span> <span class='ocrx_word' id='word_1_637' title='bbox 1295 5059 1604 5122; x_wconf 80' lang='lat' dir='ltr'><strong>Interdiclo;</strong></span> <span class='ocrx_word' id='word_1_638' title='bbox 1635 5059 1911 5114; x_wconf 84' lang='lat' dir='ltr'><strong>mendose.</strong></span> 
     </span>
    </p>
   </div>
   <div class='ocr_carea' id='block_1_90' title="bbox 570 5128 1678 5200">
    <p class='ocr_par' dir='ltr' id='par_1_90' title="bbox 570 5128 1678 5200">
     <span class='ocr_line' id='line_1_91' title="bbox 570 5128 1678 5200; baseline 0.005 -21"><span class='ocrx_word' id='word_1_639' title='bbox 570 5128 877 5200; x_wconf 66' lang='lat' dir='ltr'><strong>Bithyniam.</strong></span> <span class='ocrx_word' id='word_1_640' title='bbox 913 5130 1009 5197; x_wconf 66' lang='lat' dir='ltr'><strong>bis.</strong></span> <span class='ocrx_word' id='word_1_641' title='bbox 1039 5129 1366 5200; x_wconf 71' lang='lat' dir='ltr'><strong>Bethaniam;</strong></span> <span class='ocrx_word' id='word_1_642' title='bbox 1406 5141 1678 5198; x_wconf 84' lang='lat' dir='ltr'><strong>corrupte.</strong></span> 
     </span>
    </p>
   </div>
   <div class='ocr_carea' id='block_1_91' title="bbox 566 5198 1658 5270">
    <p class='ocr_par' dir='ltr' id='par_1_91' title="bbox 566 5198 1658 5270">
     <span class='ocr_line' id='line_1_92' title="bbox 566 5198 1658 5270; baseline 0.004 -20"><span class='ocrx_word' id='word_1_643' title='bbox 566 5198 916 5255; x_wconf 72' lang='lat' dir='ltr'><strong>Maximianus</strong></span> <span class='ocrx_word' id='word_1_644' title='bbox 942 5198 1132 5256; x_wconf 78' lang='lat' dir='ltr'><strong>Ctesar.</strong></span> <span class='ocrx_word' id='word_1_645' title='bbox 1157 5203 1371 5264; x_wconf 77' lang='lat' dir='ltr'><strong>Scilicet</strong></span> <span class='ocrx_word' id='word_1_646' title='bbox 1391 5201 1658 5270; x_wconf 84' lang='lat' dir='ltr'><strong>Galerius.</strong></span> 
     </span>
    </p>
   </div>
   <div class='ocr_carea' id='block_1_92' title="bbox 569 5270 2088 5340">
    <p class='ocr_par' dir='ltr' id='par_1_92' title="bbox 569 5270 2088 5340">
     <span class='ocr_line' id='line_1_93' title="bbox 569 5270 2088 5340; baseline 0.004 -18"><span class='ocrx_word' id='word_1_647' title='bbox 569 5271 925 5340; x_wconf 82' lang='lat' dir='ltr'><strong>Inﬂammatus</strong></span> <span class='ocrx_word' id='word_1_648' title='bbox 955 5273 1143 5334; x_wconf 75' lang='lat' dir='ltr'><strong>scelere</strong></span> <span class='ocrx_word' id='word_1_649' title='bbox 1185 5273 1406 5327; x_wconf 82' lang='lat' dir='ltr'><strong>advenit.</strong></span> <span class='ocrx_word' id='word_1_650' title='bbox 1442 5272 1513 5326; x_wconf 84' lang='lat' dir='ltr'><strong>ita</strong></span> <span class='ocrx_word' id='word_1_651' title='bbox 1541 5273 1731 5340; x_wconf 78' lang='lat' dir='ltr'><strong>Cicero</strong></span> <span class='ocrx_word' id='word_1_652' title='bbox 1756 5270 1790 5326; x_wconf 77' lang='grc'>5</span> <span class='ocrx_word' id='word_1_653' title='bbox 1818 5274 2011 5328; x_wconf 74' lang='lat' dir='ltr'><strong>Aecus.</strong></span> <span class='ocrx_word' id='word_1_654' title='bbox 2037 5276 2088 5329; x_wconf 93' lang='lat' dir='ltr'><strong>in</strong></span> 
     </span>
    </p>
   </div>
   <div class='ocr_carea' id='block_1_93' title="bbox 502 5342 2089 5414">
    <p class='ocr_par' dir='ltr' id='par_1_93' title="bbox 502 5342 2089 5414">
     <span class='ocr_line' id='line_1_94' title="bbox 502 5342 2089 5414; baseline 0.001 -18"><span class='ocrx_word' id='word_1_655' title='bbox 502 5343 720 5414; x_wconf 76' lang='lat' dir='ltr'><strong>Verrunt</strong></span> <span class='ocrx_word' id='word_1_656' title='bbox 769 5342 886 5410; x_wconf 85' lang='lat' dir='ltr'><strong>Ipse</strong></span> <span class='ocrx_word' id='word_1_657' title='bbox 926 5344 1280 5414; x_wconf 75' lang='lat' dir='ltr'><strong>inﬂammatus</strong></span> <span class='ocrx_word' id='word_1_658' title='bbox 1306 5344 1491 5398; x_wconf 81' lang='lat' dir='ltr'><strong>scelere</strong></span> <span class='ocrx_word' id='word_1_659' title='bbox 1529 5360 1588 5398; x_wconf 84' lang='lat' dir='ltr'><strong>ac</strong></span> <span class='ocrx_word' id='word_1_660' title='bbox 1619 5344 1794 5414; x_wconf 77' lang='lat' dir='ltr'><strong>furare</strong></span> <span class='ocrx_word' id='word_1_661' title='bbox 1829 5344 1880 5398; x_wconf 78' lang='lat' dir='ltr'><strong>in</strong></span> <span class='ocrx_word' id='word_1_662' title='bbox 1921 5349 2089 5414; x_wconf 80' lang='lat' dir='ltr'><strong>forum</strong></span> 
     </span>
    </p>
   </div>
   <div class='ocr_carea' id='block_1_94' title="bbox 494 5412 2089 5486">
    <p class='ocr_par' dir='ltr' id='par_1_94' title="bbox 494 5412 2089 5486">
     <span class='ocr_line' id='line_1_95' title="bbox 494 5412 2089 5486; baseline -0.001 -17"><span class='ocrx_word' id='word_1_663' title='bbox 494 5415 646 5469; x_wconf 82' lang='lat' dir='ltr'><strong>venit.</strong></span> <span class='ocrx_word' id='word_1_664' title='bbox 682 5413 771 5470; x_wconf 91' lang='lat' dir='ltr'><strong>Sic</strong></span> <span class='ocrx_word' id='word_1_665' title='bbox 793 5415 1030 5484; x_wconf 82' lang='lat' dir='ltr'><strong>Lactant.</strong></span> <span class='ocrx_word' id='word_1_666' title='bbox 1056 5415 1147 5471; x_wconf 86' lang='lat' dir='ltr'><strong>lib.</strong></span> <span class='ocrx_word' id='word_1_667' title='bbox 1183 5431 1249 5472; x_wconf 84' lang='lat' dir='ltr'><strong>vn</strong></span> <span class='ocrx_word' id='word_1_668' title='bbox 1272 5413 1501 5486; x_wconf 66' lang='lat' dir='ltr'><strong>lnstitut.</strong></span> <span class='ocrx_word' id='word_1_669' title='bbox 1526 5429 1646 5484; x_wconf 89' lang='lat' dir='ltr'><strong>cap.</strong></span> <span class='ocrx_word' id='word_1_670' title='bbox 1675 5415 1699 5480; x_wconf 67' lang='grc' dir='ltr'><strong>ι</strong></span> <span class='ocrx_word' id='word_1_671' title='bbox 1729 5412 2089 5486; x_wconf 40' lang='lat' dir='ltr'><strong>{inﬂammati</strong></span> 
     </span>
    </p>
   </div>
   <div class='ocr_carea' id='block_1_95' title="bbox 491 5483 2089 5556">
    <p class='ocr_par' dir='ltr' id='par_1_95' title="bbox 491 5483 2089 5556">
     <span class='ocr_line' id='line_1_96' title="bbox 491 5483 2089 5556; baseline 0 -18"><span class='ocrx_word' id='word_1_672' title='bbox 491 5501 666 5540; x_wconf 88' lang='lat' dir='ltr'><strong>amore</strong></span> <span class='ocrx_word' id='word_1_673' title='bbox 720 5483 989 5554; x_wconf 69' lang='lat' dir='ltr'><strong>potentiae;</strong></span> <span class='ocrx_word' id='word_1_674' title='bbox 1047 5493 1101 5539; x_wconf 87' lang='lat' dir='ltr'><strong>et</strong></span> <span class='ocrx_word' id='word_1_675' title='bbox 1148 5501 1263 5553; x_wconf 82' lang='lat' dir='ltr'><strong>cap.</strong></span> <span class='ocrx_word' id='word_1_676' title='bbox 1321 5486 1405 5540; x_wconf 79' lang='lat' dir='ltr'><strong>l7.</strong></span> <span class='ocrx_word' id='word_1_677' title='bbox 1475 5483 1679 5556; x_wconf 83' lang='lat' dir='ltr'><strong>Impius</strong></span> <span class='ocrx_word' id='word_1_678' title='bbox 1730 5483 1845 5552; x_wconf 55' lang='lat' dir='ltr'><strong>Rex&#39;</strong></span> <span class='ocrx_word' id='word_1_679' title='bbox 1885 5485 2089 5555; x_wconf 82' lang='lat' dir='ltr'><strong>inﬂam—</strong></span> 
     </span>
    </p>
   </div>
   <div class='ocr_carea' id='block_1_96' title="bbox 492 5567 1634 5612">
    <p class='ocr_par' dir='ltr' id='par_1_96' title="bbox 492 5567 1634 5612">
     <span class='ocr_line' id='line_1_97' title="bbox 492 5567 1634 5612; baseline -0.002 -1"><span class='ocrx_word' id='word_1_680' title='bbox 492 5568 680 5612; x_wconf 86' lang='lat' dir='ltr'><strong>matus.</strong></span> <span class='ocrx_word' id='word_1_681' title='bbox 1623 5567 1634 5576; x_wconf 77' lang='grc'><em>“</em></span> 
     </span>
    </p>
   </div>
   <div class='ocr_carea' id='block_1_97' title="bbox 563 5626 1701 5694">
    <p class='ocr_par' dir='ltr' id='par_1_97' title="bbox 563 5626 1701 5694">
     <span class='ocr_line' id='line_1_98' title="bbox 563 5626 1701 5694; baseline -0.004 -10"><span class='ocrx_word' id='word_1_682' title='bbox 563 5629 750 5684; x_wconf 84' lang='lat' dir='ltr'><strong>Senem</strong></span> <span class='ocrx_word' id='word_1_683' title='bbox 775 5644 982 5681; x_wconf 84' lang='lat' dir='ltr'><strong>vanum.</strong></span> <span class='ocrx_word' id='word_1_684' title='bbox 1017 5627 1403 5682; x_wconf 87' lang='lat' dir='ltr'><strong>Diocletianum</strong></span> <span class='ocrx_word' id='word_1_685' title='bbox 1435 5626 1701 5694; x_wconf 78' lang='lat' dir='ltr'><strong>intelligit.</strong></span> 
     </span>
    </p>
   </div>
   <div class='ocr_carea' id='block_1_98' title="bbox 563 5685 2087 5770">
    <p class='ocr_par' dir='ltr' id='par_1_98' title="bbox 563 5685 2087 5770">
     <span class='ocr_line' id='line_1_99' title="bbox 563 5685 2087 5770; baseline 0.003 -18"><span class='ocrx_word' id='word_1_686' title='bbox 563 5697 728 5753; x_wconf 82' lang='lat' dir='ltr'><strong>Mater</strong></span> <span class='ocrx_word' id='word_1_687' title='bbox 760 5700 889 5770; x_wconf 80' lang='lat' dir='ltr'><strong>ejus.</strong></span> <span class='ocrx_word' id='word_1_688' title='bbox 924 5697 1140 5754; x_wconf 88' lang='lat' dir='ltr'><strong>Scilicet</strong></span> <span class='ocrx_word' id='word_1_689' title='bbox 1179 5697 1379 5753; x_wconf 86' lang='lat' dir='ltr'><strong>Galerii</strong></span> <span class='ocrx_word' id='word_1_690' title='bbox 1409 5685 1735 5767; x_wconf 70' lang='lat' dir='ltr'><strong>Maximiani,</strong></span> <span class='ocrx_word' id='word_1_691' title='bbox 1771 5712 1930 5768; x_wconf 88' lang='lat' dir='ltr'><strong>quam</strong></span> <span class='ocrx_word' id='word_1_692' title='bbox 1978 5697 2087 5756; x_wconf 82' lang='lat' dir='ltr'><strong>R0-</strong></span> 
     </span>
    </p>
   </div>
   <div class='ocr_carea' id='block_1_99' title="bbox 2271 3076 3793 3145">
    <p class='ocr_par' dir='ltr' id='par_1_99' title="bbox 2271 3076 3793 3145">
     <span class='ocr_line' id='line_1_100' title="bbox 2271 3076 3793 3145; baseline 0.001 -17"><span class='ocrx_word' id='word_1_693' title='bbox 2271 3077 2482 3129; x_wconf 78' lang='lat' dir='ltr'><strong>l’icariis</strong></span> <span class='ocrx_word' id='word_1_694' title='bbox 2497 3081 2603 3130; x_wconf 84' lang='lat' dir='ltr'><strong>suis</strong></span> <span class='ocrx_word' id='word_1_695' title='bbox 2622 3077 2783 3145; x_wconf 84' lang='lat' dir='ltr'><strong>epulis</strong></span> <span class='ocrx_word' id='word_1_696' title='bbox 2801 3076 3079 3130; x_wconf 70' lang='lat' dir='ltr'><strong>exhibebat.</strong></span> <span class='ocrx_word' id='word_1_697' title='bbox 3110 3077 3372 3131; x_wconf 82' lang='lat' dir='ltr'><strong>Almelov.</strong></span> <span class='ocrx_word' id='word_1_698' title='bbox 3394 3086 3448 3131; x_wconf 87' lang='lat' dir='ltr'><strong>et</strong></span> <span class='ocrx_word' id='word_1_699' title='bbox 3475 3077 3617 3132; x_wconf 84' lang='lat' dir='ltr'><strong>Gall.</strong></span> <span class='ocrx_word' id='word_1_700' title='bbox 3647 3078 3793 3134; x_wconf 76' lang='lat' dir='ltr'><strong>rorte</strong></span> 
     </span>
    </p>
   </div>
   <div class='ocr_carea' id='block_1_100' title="bbox 2187 3148 3789 3220">
    <p class='ocr_par' dir='ltr' id='par_1_100' title="bbox 2187 3148 3789 3220">
     <span class='ocr_line' id='line_1_101' title="bbox 2187 3148 3789 3220; baseline 0.001 -20"><span class='ocrx_word' id='word_1_701' title='bbox 2187 3149 2382 3220; x_wconf 82' lang='lat' dir='ltr'><strong>epulas.</strong></span> <span class='ocrx_word' id='word_1_702' title='bbox 2421 3148 2514 3203; x_wconf 84' lang='lat' dir='ltr'><strong>Hic</strong></span> <span class='ocrx_word' id='word_1_703' title='bbox 2546 3148 2756 3220; x_wconf 86' lang='lat' dir='ltr'><strong>aliquod</strong></span> <span class='ocrx_word' id='word_1_704' title='bbox 2802 3148 3068 3220; x_wconf 85' lang='lat' dir='ltr'><strong>mendum</strong></span> <span class='ocrx_word' id='word_1_705' title='bbox 3093 3151 3314 3220; x_wconf 85' lang='lat' dir='ltr'><strong>subesse</strong></span> <span class='ocrx_word' id='word_1_706' title='bbox 3343 3150 3605 3213; x_wconf 68' lang='lat' dir='ltr'><strong>sustiicor.</strong></span> <span class='ocrx_word' id='word_1_707' title='bbox 3641 3151 3789 3202; x_wconf 65' lang='lat' dir='ltr'><strong>Nm-</strong></span> 
     </span>
    </p>
   </div>
   <div class='ocr_carea' id='block_1_101' title="bbox 2189 3219 3792 3286">
    <p class='ocr_par' dir='ltr' id='par_1_101' title="bbox 2189 3219 3792 3286">
     <span class='ocr_line' id='line_1_102' title="bbox 2189 3219 3792 3286; baseline 0.001 -15"><span class='ocrx_word' id='word_1_708' title='bbox 2189 3219 2314 3272; x_wconf 81' lang='lat' dir='ltr'><strong>nulli</strong></span> <span class='ocrx_word' id='word_1_709' title='bbox 2351 3221 2533 3271; x_wconf 77' lang='lat' dir='ltr'><strong>Volunt</strong></span> <span class='ocrx_word' id='word_1_710' title='bbox 2563 3219 2767 3270; x_wconf 84' lang='lat' dir='ltr'><strong>vicanos</strong></span> <span class='ocrx_word' id='word_1_711' title='bbox 2796 3221 2958 3286; x_wconf 78' lang='lat' dir='ltr'><strong>epulis</strong></span> <span class='ocrx_word' id='word_1_712' title='bbox 2985 3219 3284 3281; x_wconf 68' lang='lat' dir='ltr'><strong>exhibebat;</strong></span> <span class='ocrx_word' id='word_1_713' title='bbox 3327 3221 3550 3284; x_wconf 86' lang='lat' dir='ltr'><strong>vicanos,</strong></span> <span class='ocrx_word' id='word_1_714' title='bbox 3592 3220 3640 3273; x_wconf 90' lang='lat' dir='ltr'><strong>id</strong></span> <span class='ocrx_word' id='word_1_715' title='bbox 3668 3233 3754 3273; x_wconf 49' lang='lat' dir='ltr'><strong>est</strong></span> <span class='ocrx_word' id='word_1_716' title='bbox 3776 3262 3792 3285; x_wconf 93' lang='lat'><strong>,</strong></span> 
     </span>
    </p>
   </div>
   <div class='ocr_carea' id='block_1_102' title="bbox 2187 3280 3794 3359">
    <p class='ocr_par' dir='ltr' id='par_1_102' title="bbox 2187 3280 3794 3359">
     <span class='ocr_line' id='line_1_103' title="bbox 2187 3280 3794 3359; baseline 0.001 -16"><span class='ocrx_word' id='word_1_717' title='bbox 2187 3291 2456 3359; x_wconf 90' lang='lat' dir='ltr'><strong>inquiunt,</strong></span> <span class='ocrx_word' id='word_1_718' title='bbox 2494 3289 2734 3358; x_wconf 85' lang='lat' dir='ltr'><strong>ejusdem</strong></span> <span class='ocrx_word' id='word_1_719' title='bbox 2764 3280 2861 3341; x_wconf 77' lang='lat' dir='ltr'><strong>loci</strong></span> <span class='ocrx_word' id='word_1_720' title='bbox 2885 3280 3239 3343; x_wconf 76' lang='lat' dir='ltr'><strong>habitatores.</strong></span> <span class='ocrx_word' id='word_1_721' title='bbox 3269 3280 3374 3342; x_wconf 66' lang='lat' dir='ltr'><strong>Alii</strong></span> <span class='ocrx_word' id='word_1_722' title='bbox 3395 3331 3409 3350; x_wconf 91' lang='lat'><strong>,</strong></span> <span class='ocrx_word' id='word_1_723' title='bbox 3442 3280 3655 3344; x_wconf 82' lang='lat' dir='ltr'><strong>uicarios</strong></span> <span class='ocrx_word' id='word_1_724' title='bbox 3681 3280 3794 3345; x_wconf 77' lang='lat' dir='ltr'><strong>suis</strong></span> 
     </span>
    </p>
   </div>
   <div class='ocr_carea' id='block_1_103' title="bbox 2189 3360 3796 3430">
    <p class='ocr_par' dir='ltr' id='par_1_103' title="bbox 2189 3360 3796 3430">
     <span class='ocr_line' id='line_1_104' title="bbox 2189 3360 3796 3430; baseline 0.002 -17"><span class='ocrx_word' id='word_1_725' title='bbox 2189 3362 2354 3429; x_wconf 84' lang='lat' dir='ltr'><strong>epulis</strong></span> <span class='ocrx_word' id='word_1_726' title='bbox 2382 3360 2663 3415; x_wconf 72' lang='lat' dir='ltr'><strong>exhitwbat.</strong></span> <span class='ocrx_word' id='word_1_727' title='bbox 2705 3361 2759 3411; x_wconf 76' lang='lat' dir='ltr'><strong>Et</strong></span> <span class='ocrx_word' id='word_1_728' title='bbox 2795 3361 3005 3430; x_wconf 85' lang='lat' dir='ltr'><strong>quidem</strong></span> <span class='ocrx_word' id='word_1_729' title='bbox 3028 3361 3190 3426; x_wconf 87' lang='lat' dir='ltr'><strong>proba</strong></span> <span class='ocrx_word' id='word_1_730' title='bbox 3220 3369 3364 3414; x_wconf 85' lang='lat' dir='ltr'><strong>esset</strong></span> <span class='ocrx_word' id='word_1_731' title='bbox 3387 3361 3564 3423; x_wconf 78' lang='lat' dir='ltr'><strong>lectio;</strong></span> <span class='ocrx_word' id='word_1_732' title='bbox 3599 3363 3796 3430; x_wconf 77' lang='lat' dir='ltr'><strong>legitur</strong></span> 
     </span>
    </p>
   </div>
   <div class='ocr_carea' id='block_1_104' title="bbox 2189 3431 3794 3499">
    <p class='ocr_par' dir='ltr' id='par_1_104' title="bbox 2189 3431 3794 3499">
     <span class='ocr_line' id='line_1_105' title="bbox 2189 3431 3794 3499; baseline 0.001 -16"><span class='ocrx_word' id='word_1_733' title='bbox 2189 3435 2331 3485; x_wconf 89' lang='lat' dir='ltr'><strong>enim</strong></span> <span class='ocrx_word' id='word_1_734' title='bbox 2380 3431 2518 3499; x_wconf 90' lang='lat' dir='ltr'><strong>apud</strong></span> <span class='ocrx_word' id='word_1_735' title='bbox 2570 3431 2835 3484; x_wconf 87' lang='lat' dir='ltr'><strong>Jnstinmn</strong></span> <span class='ocrx_word' id='word_1_736' title='bbox 2891 3447 2960 3484; x_wconf 74' lang='grc' dir='ltr'><strong>ιχ.</strong></span> <span class='ocrx_word' id='word_1_737' title='bbox 3022 3431 3076 3484; x_wconf 76' lang='grc'><strong>2.</strong></span> <span class='ocrx_word' id='word_1_738' title='bbox 3127 3431 3246 3485; x_wconf 83' lang='grc' dir='ltr'><strong>Νοη</strong></span> <span class='ocrx_word' id='word_1_739' title='bbox 3303 3434 3619 3499; x_wconf 82' lang='lat' dir='ltr'><strong>patrimoniis</strong></span> <span class='ocrx_word' id='word_1_740' title='bbox 3665 3434 3794 3486; x_wconf 80' lang='lat' dir='ltr'><strong>duet</strong></span> 
     </span>
    </p>
   </div>
   <div class='ocr_carea' id='block_1_105' title="bbox 2191 3502 3789 3572">
    <p class='ocr_par' dir='ltr' id='par_1_105' title="bbox 2191 3502 3789 3572">
     <span class='ocr_line' id='line_1_106' title="bbox 2191 3502 3789 3572; baseline 0.003 -19"><span class='ocrx_word' id='word_1_741' title='bbox 2191 3502 2436 3572; x_wconf 75' lang='lat' dir='ltr'><strong>Scythas,</strong></span> <span class='ocrx_word' id='word_1_742' title='bbox 2460 3503 2546 3554; x_wconf 63' lang='lat' dir='ltr'><strong>sed</strong></span> <span class='ocrx_word' id='word_1_743' title='bbox 2573 3508 2650 3554; x_wconf 76' lang='lat' dir='ltr'><strong>ria:</strong></span> <span class='ocrx_word' id='word_1_744' title='bbox 2680 3503 2933 3554; x_wconf 85' lang='lat' dir='ltr'><strong>alimentis</strong></span> <span class='ocrx_word' id='word_1_745' title='bbox 2957 3503 3205 3555; x_wconf 74' lang='lat' dir='ltr'><strong>exhibeat.</strong></span> <span class='ocrx_word' id='word_1_746' title='bbox 3239 3502 3508 3569; x_wconf 74' lang='lat' dir='ltr'><strong>Exhibere,</strong></span> <span class='ocrx_word' id='word_1_747' title='bbox 3533 3506 3789 3558; x_wconf 82' lang='lat' dir='ltr'><strong>estalere.</strong></span> 
     </span>
    </p>
   </div>
   <div class='ocr_carea' id='block_1_106' title="bbox 2191 3569 3653 3644">
    <p class='ocr_par' dir='ltr' id='par_1_106' title="bbox 2191 3569 3653 3644">
     <span class='ocr_line' id='line_1_107' title="bbox 2191 3569 3653 3644; baseline 0.001 -19"><span class='ocrx_word' id='word_1_748' title='bbox 2191 3569 2440 3644; x_wconf 65' lang='lat' dir='ltr'><strong>Yicariis,</strong></span> <span class='ocrx_word' id='word_1_749' title='bbox 2472 3574 2519 3624; x_wconf 89' lang='lat' dir='ltr'><strong>id</strong></span> <span class='ocrx_word' id='word_1_750' title='bbox 2548 3583 2651 3637; x_wconf 74' lang='lat' dir='ltr'><strong>est,</strong></span> <span class='ocrx_word' id='word_1_751' title='bbox 2685 3574 2944 3644; x_wconf 82' lang='lat' dir='ltr'><strong>ministris</strong></span> <span class='ocrx_word' id='word_1_752' title='bbox 2974 3572 3182 3636; x_wconf 80' lang='lat' dir='ltr'><strong>aulicis,</strong></span> <span class='ocrx_word' id='word_1_753' title='bbox 3215 3574 3294 3627; x_wconf 91' lang='lat' dir='ltr'><strong>vel</strong></span> <span class='ocrx_word' id='word_1_754' title='bbox 3323 3575 3653 3629; x_wconf 77' lang='lat' dir='ltr'><strong>domesticis.</strong></span> 
     </span>
    </p>
   </div>
   <div class='ocr_carea' id='block_1_107' title="bbox 2265 3643 3794 3705">
    <p class='ocr_par' dir='ltr' id='par_1_107' title="bbox 2265 3643 3794 3705">
     <span class='ocr_line' id='line_1_108' title="bbox 2265 3643 3794 3705; baseline 0.001 -10"><span class='ocrx_word' id='word_1_755' title='bbox 2265 3644 2343 3695; x_wconf 70' lang='lat' dir='ltr'><strong>At!</strong></span> <span class='ocrx_word' id='word_1_756' title='bbox 2371 3644 2636 3696; x_wconf 81' lang='lat' dir='ltr'><strong>tollendos.</strong></span> <span class='ocrx_word' id='word_1_757' title='bbox 2673 3643 2889 3698; x_wconf 77' lang='lat' dir='ltr'><strong>Scilicet</strong></span> <span class='ocrx_word' id='word_1_758' title='bbox 2919 3660 2948 3697; x_wconf 90' lang='lat' dir='ltr'><strong>e</strong></span> <span class='ocrx_word' id='word_1_759' title='bbox 2977 3645 3171 3705; x_wconf 83' lang='lat' dir='ltr'><strong>medio,</strong></span> <span class='ocrx_word' id='word_1_760' title='bbox 3205 3658 3300 3698; x_wconf 80' lang='lat' dir='ltr'><strong>seu</strong></span> <span class='ocrx_word' id='word_1_761' title='bbox 3334 3644 3675 3698; x_wconf 83' lang='lat' dir='ltr'><strong>occidendos.</strong></span> <span class='ocrx_word' id='word_1_762' title='bbox 3717 3644 3794 3699; x_wconf 85' lang='lat' dir='ltr'><strong>lla</strong></span> 
     </span>
    </p>
   </div>
   <div class='ocr_carea' id='block_1_108' title="bbox 2193 3713 3788 3785">
    <p class='ocr_par' dir='ltr' id='par_1_108' title="bbox 2193 3713 3788 3785">
     <span class='ocr_line' id='line_1_109' title="bbox 2193 3713 3788 3785; baseline 0.001 -19"><span class='ocrx_word' id='word_1_763' title='bbox 2193 3716 2404 3785; x_wconf 87' lang='lat' dir='ltr'><strong>vulgata</strong></span> <span class='ocrx_word' id='word_1_764' title='bbox 2461 3727 2638 3768; x_wconf 88' lang='lat' dir='ltr'><strong>nostra</strong></span> <span class='ocrx_word' id='word_1_765' title='bbox 2685 3713 2837 3768; x_wconf 76' lang='lat' dir='ltr'><strong>Joatt.</strong></span> <span class='ocrx_word' id='word_1_766' title='bbox 2873 3729 2990 3785; x_wconf 75' lang='lat' dir='ltr'><strong>cap.</strong></span> <span class='ocrx_word' id='word_1_767' title='bbox 3029 3731 3112 3768; x_wconf 73' lang='lat' dir='ltr'><strong>xxx</strong></span> <span class='ocrx_word' id='word_1_768' title='bbox 3143 3757 3156 3778; x_wconf 84' lang='lat'><strong>,</strong></span> <span class='ocrx_word' id='word_1_769' title='bbox 3191 3731 3239 3766; x_wconf 92' lang='lat' dir='ltr'><strong>v.</strong></span> <span class='ocrx_word' id='word_1_770' title='bbox 3299 3716 3365 3770; x_wconf 73' lang='grc'><strong>15</strong></span> <span class='ocrx_word' id='word_1_771' title='bbox 3400 3734 3412 3769; x_wconf 90' lang='lat'><strong>:</strong></span> <span class='ocrx_word' id='word_1_772' title='bbox 3450 3715 3610 3778; x_wconf 80' lang='lat' dir='ltr'><strong>Tolle,</strong></span> <span class='ocrx_word' id='word_1_773' title='bbox 3642 3719 3788 3778; x_wconf 82' lang='lat' dir='ltr'><strong>tolle,</strong></span> 
     </span>
    </p>
   </div>
   <div class='ocr_carea' id='block_1_109' title="bbox 2192 3784 3792 3852">
    <p class='ocr_par' dir='ltr' id='par_1_109' title="bbox 2192 3784 3792 3852">
     <span class='ocr_line' id='line_1_110' title="bbox 2192 3784 3792 3852; baseline 0.001 -14"><span class='ocrx_word' id='word_1_774' title='bbox 2192 3784 2433 3852; x_wconf 75' lang='lat' dir='ltr'><strong>cruel/iga</strong></span> <span class='ocrx_word' id='word_1_775' title='bbox 2459 3803 2590 3838; x_wconf 88' lang='lat' dir='ltr'><strong>eum.</strong></span> <span class='ocrx_word' id='word_1_776' title='bbox 2621 3785 2708 3840; x_wconf 88' lang='lat' dir='ltr'><strong>Sic</strong></span> <span class='ocrx_word' id='word_1_777' title='bbox 2737 3785 2872 3852; x_wconf 87' lang='lat' dir='ltr'><strong>apud</strong></span> <span class='ocrx_word' id='word_1_778' title='bbox 2916 3784 3182 3838; x_wconf 83' lang='lat' dir='ltr'><strong>Justitiam</strong></span> <span class='ocrx_word' id='word_1_779' title='bbox 3216 3786 3406 3840; x_wconf 86' lang='lat' dir='ltr'><strong>histor.</strong></span> <span class='ocrx_word' id='word_1_780' title='bbox 3432 3787 3520 3850; x_wconf 85' lang='lat' dir='ltr'><strong>lib.</strong></span> <span class='ocrx_word' id='word_1_781' title='bbox 3563 3803 3792 3852; x_wconf 70' lang='lat' dir='ltr'><strong>xxxutt,</strong></span> 
     </span>
    </p>
   </div>
   <div class='ocr_carea' id='block_1_110' title="bbox 2195 3855 2942 3924">
    <p class='ocr_par' dir='ltr' id='par_1_110' title="bbox 2195 3855 2942 3924">
     <span class='ocr_line' id='line_1_111' title="bbox 2195 3855 2942 3924; baseline -0.005 -13"><span class='ocrx_word' id='word_1_782' title='bbox 2195 3855 2467 3916; x_wconf 75' lang='lat' dir='ltr'><strong>tollendos,</strong></span> <span class='ocrx_word' id='word_1_783' title='bbox 2505 3874 2598 3924; x_wconf 89' lang='lat' dir='ltr'><strong>pro</strong></span> <span class='ocrx_word' id='word_1_784' title='bbox 2625 3858 2942 3910; x_wconf 81' lang='lat' dir='ltr'><strong>occidendos.</strong></span> 
     </span>
    </p>
   </div>
   <div class='ocr_carea' id='block_1_111' title="bbox 2273 3926 3565 3990">
    <p class='ocr_par' dir='ltr' id='par_1_111' title="bbox 2273 3926 3565 3990">
     <span class='ocr_line' id='line_1_112' title="bbox 2273 3926 3565 3990; baseline 0.001 -12"><span class='ocrx_word' id='word_1_785' title='bbox 2273 3926 2536 3980; x_wconf 82' lang='lat' dir='ltr'><strong>&quot;omines.</strong></span> <span class='ocrx_word' id='word_1_786' title='bbox 2571 3927 2667 3982; x_wconf 53' lang='lat' dir='ltr'><strong>Ms.</strong></span> <span class='ocrx_word' id='word_1_787' title='bbox 2703 3927 2859 3980; x_wconf 79' lang='grc' dir='ltr'>Ιι;ιι).·ι</span> <span class='ocrx_word' id='word_1_788' title='bbox 2900 3927 3090 3980; x_wconf 74' lang='lat' dir='ltr'><strong>omines</strong></span> <span class='ocrx_word' id='word_1_789' title='bbox 3119 3943 3138 3980; x_wconf 85' lang='lat'><strong><em>:</em></strong></span> <span class='ocrx_word' id='word_1_790' title='bbox 3167 3927 3260 3990; x_wconf 82' lang='lat' dir='ltr'><strong>sed</strong></span> <span class='ocrx_word' id='word_1_791' title='bbox 3292 3929 3565 3990; x_wconf 84' lang='lat' dir='ltr'><strong>mendose.</strong></span> 
     </span>
    </p>
   </div>
   <div class='ocr_carea' id='block_1_112' title="bbox 2270 3999 2871 4052">
    <p class='ocr_par' dir='ltr' id='par_1_112' title="bbox 2270 3999 2871 4052">
     <span class='ocr_line' id='line_1_113' title="bbox 2270 3999 2871 4052; baseline -0.002 -1"><span class='ocrx_word' id='word_1_792' title='bbox 2270 3999 2458 4052; x_wconf 70' lang='lat' dir='ltr'><strong>Senem.</strong></span> <span class='ocrx_word' id='word_1_793' title='bbox 2497 3999 2871 4051; x_wconf 72' lang='lat' dir='ltr'><strong>Diocletianus.</strong></span> 
     </span>
    </p>
   </div>
   <div class='ocr_carea' id='block_1_113' title="bbox 2269 4068 3244 4138">
    <p class='ocr_par' dir='ltr' id='par_1_113' title="bbox 2269 4068 3244 4138">
     <span class='ocr_line' id='line_1_114' title="bbox 2269 4068 3244 4138; baseline 0 -17"><span class='ocrx_word' id='word_1_794' title='bbox 2269 4068 2421 4138; x_wconf 78' lang='lat' dir='ltr'><strong>Ejus.</strong></span> <span class='ocrx_word' id='word_1_795' title='bbox 2459 4070 2673 4124; x_wconf 78' lang='lat' dir='ltr'><strong>Scilicet</strong></span> <span class='ocrx_word' id='word_1_796' title='bbox 2699 4069 2894 4124; x_wconf 83' lang='lat' dir='ltr'><strong>Galerii</strong></span> <span class='ocrx_word' id='word_1_797' title='bbox 2921 4069 3244 4136; x_wconf 78' lang='lat' dir='ltr'><strong>Maximiani.</strong></span> 
     </span>
    </p>
   </div>
   <div class='ocr_carea' id='block_1_114' title="bbox 2274 4137 3793 4210">
    <p class='ocr_par' dir='ltr' id='par_1_114' title="bbox 2274 4137 3793 4210">
     <span class='ocr_line' id='line_1_115' title="bbox 2274 4137 3793 4210; baseline 0.001 -18"><span class='ocrx_word' id='word_1_798' title='bbox 2274 4137 2457 4200; x_wconf 78' lang='lat' dir='ltr'><strong>Orbem</strong></span> <span class='ocrx_word' id='word_1_799' title='bbox 2479 4154 2641 4193; x_wconf 66' lang='grc' dir='ltr'><strong>[ει-ηιξ.</strong></span> <span class='ocrx_word' id='word_1_800' title='bbox 2673 4140 2724 4204; x_wconf 60' lang='grc' dir='ltr'><strong>ιιι</strong></span> <span class='ocrx_word' id='word_1_801' title='bbox 2757 4153 2839 4194; x_wconf 62' lang='lat' dir='ltr'><strong>est</strong></span> <span class='ocrx_word' id='word_1_802' title='bbox 2872 4139 3149 4210; x_wconf 75' lang='lat' dir='ltr'><strong>imperium</strong></span> <span class='ocrx_word' id='word_1_803' title='bbox 3179 4140 3512 4206; x_wconf 77' lang='lat' dir='ltr'><strong>Romanum;</strong></span> <span class='ocrx_word' id='word_1_804' title='bbox 3546 4150 3600 4194; x_wconf 85' lang='lat' dir='ltr'><strong>nt</strong></span> <span class='ocrx_word' id='word_1_805' title='bbox 3630 4157 3793 4209; x_wconf 82' lang='lat' dir='ltr'><strong>supra</strong></span> 
     </span>
    </p>
   </div>
   <div class='ocr_carea' id='block_1_115' title="bbox 2200 4226 2402 4270">
    <p class='ocr_par' dir='ltr' id='par_1_115' title="bbox 2200 4226 2402 4270">
     <span class='ocr_line' id='line_1_116' title="bbox 2200 4226 2402 4270; baseline -0.005 -6"><span class='ocrx_word' id='word_1_806' title='bbox 2200 4226 2402 4270; x_wconf 75' lang='grc'><strong>111011111-</strong></span> 
     </span>
    </p>
   </div>
   <div class='ocr_carea' id='block_1_116' title="bbox 2275 4279 3288 4348">
    <p class='ocr_par' dir='ltr' id='par_1_116' title="bbox 2275 4279 3288 4348">
     <span class='ocr_line' id='line_1_117' title="bbox 2275 4279 3288 4348; baseline -0.001 -14"><span class='ocrx_word' id='word_1_807' title='bbox 2275 4281 2558 4334; x_wconf 87' lang='lat' dir='ltr'><strong>Palatinos.</strong></span> <span class='ocrx_word' id='word_1_808' title='bbox 2590 4280 2645 4334; x_wconf 89' lang='lat' dir='ltr'><strong>Id</strong></span> <span class='ocrx_word' id='word_1_809' title='bbox 2675 4291 2778 4344; x_wconf 81' lang='lat' dir='ltr'><strong>cst,</strong></span> <span class='ocrx_word' id='word_1_810' title='bbox 2818 4279 3006 4333; x_wconf 83' lang='lat' dir='ltr'><strong>Palatii</strong></span> <span class='ocrx_word' id='word_1_811' title='bbox 3039 4298 3288 4348; x_wconf 82' lang='lat' dir='ltr'><strong>proceres.</strong></span> 
     </span>
    </p>
   </div>
   <div class='ocr_carea' id='block_1_117' title="bbox 2123 4352 3795 4445">
    <p class='ocr_par' dir='ltr' id='par_1_117' title="bbox 2123 4352 3795 4445">
     <span class='ocr_line' id='line_1_118' title="bbox 2123 4352 3795 4445; baseline 0.014 -45"><span class='ocrx_word' id='word_1_812' title='bbox 2123 4387 2173 4445; x_wconf 82' lang='lat' dir='ltr'><strong>D</strong></span> <span class='ocrx_word' id='word_1_813' title='bbox 2226 4425 2236 4436; x_wconf 41' lang='lat'><strong>.</strong></span> <span class='ocrx_word' id='word_1_814' title='bbox 2276 4354 2560 4445; x_wconf 48' lang='lat' dir='ltr'><strong>[irrccipitis</strong></span> <span class='ocrx_word' id='word_1_815' title='bbox 2583 4353 2816 4445; x_wconf 67' lang='lat' dir='ltr'><strong>hominis.</strong></span> <span class='ocrx_word' id='word_1_816' title='bbox 2852 4353 3070 4445; x_wconf 63' lang='lat' dir='ltr'><strong>Galerii.</strong></span> <span class='ocrx_word' id='word_1_817' title='bbox 3108 4353 3179 4406; x_wconf 86' lang='lat' dir='ltr'><strong>De</strong></span> <span class='ocrx_word' id='word_1_818' title='bbox 3205 4352 3630 4445; x_wconf 42' lang='lat' dir='ltr'><strong>quoiallltjnilio,</strong></span> <span class='ocrx_word' id='word_1_819' title='bbox 3650 4355 3795 4422; x_wconf 74' lang='grc' dir='ltr'>εειιιῑ-</span> 
     </span>
    </p>
   </div>
   <div class='ocr_carea' id='block_1_118' title="bbox 2203 4424 3790 4493">
    <p class='ocr_par' dir='ltr' id='par_1_118' title="bbox 2203 4424 3790 4493">
     <span class='ocr_line' id='line_1_119' title="bbox 2203 4424 3790 4493; baseline 0 -15"><span class='ocrx_word' id='word_1_820' title='bbox 2203 4425 2268 4478; x_wconf 87' lang='lat' dir='ltr'><strong>lis</strong></span> <span class='ocrx_word' id='word_1_821' title='bbox 2301 4427 2331 4478; x_wconf 89' lang='grc'>6</span> <span class='ocrx_word' id='word_1_822' title='bbox 2361 4441 2539 4491; x_wconf 79' lang='lat' dir='ltr'><strong>supra,</strong></span> <span class='ocrx_word' id='word_1_823' title='bbox 2588 4424 2781 4476; x_wconf 82' lang='lat' dir='ltr'><strong>dicitur</strong></span> <span class='ocrx_word' id='word_1_824' title='bbox 2809 4424 2950 4491; x_wconf 88' lang='lat' dir='ltr'><strong>quod</strong></span> <span class='ocrx_word' id='word_1_825' title='bbox 2996 4439 3218 4493; x_wconf 70' lang='lat' dir='ltr'><strong>praeceps</strong></span> <span class='ocrx_word' id='word_1_826' title='bbox 3247 4433 3386 4488; x_wconf 74' lang='lat' dir='ltr'><strong>erat,</strong></span> <span class='ocrx_word' id='word_1_827' title='bbox 3422 4426 3473 4477; x_wconf 89' lang='lat' dir='ltr'><strong>id</strong></span> <span class='ocrx_word' id='word_1_828' title='bbox 3505 4435 3587 4479; x_wconf 83' lang='lat' dir='ltr'><strong>est</strong></span> <span class='ocrx_word' id='word_1_829' title='bbox 3615 4425 3790 4478; x_wconf 83' lang='lat' dir='ltr'><strong>incon-</strong></span> 
     </span>
    </p>
   </div>
   <div class='ocr_carea' id='block_1_119' title="bbox 2196 4497 2903 4563">
    <p class='ocr_par' dir='ltr' id='par_1_119' title="bbox 2196 4497 2903 4563">
     <span class='ocr_line' id='line_1_120' title="bbox 2196 4497 2903 4563; baseline 0 -15"><span class='ocrx_word' id='word_1_830' title='bbox 2196 4497 2413 4548; x_wconf 87' lang='lat' dir='ltr'><strong>siderate</strong></span> <span class='ocrx_word' id='word_1_831' title='bbox 2441 4512 2592 4563; x_wconf 82' lang='lat' dir='ltr'><strong>agens</strong></span> <span class='ocrx_word' id='word_1_832' title='bbox 2616 4511 2674 4547; x_wconf 83' lang='lat' dir='ltr'><strong>ac</strong></span> <span class='ocrx_word' id='word_1_833' title='bbox 2705 4503 2903 4548; x_wconf 82' lang='lat' dir='ltr'><strong>temere.</strong></span> 
     </span>
    </p>
   </div>
   <div class='ocr_carea' id='block_1_120' title="bbox 2274 4565 3143 4632">
    <p class='ocr_par' dir='ltr' id='par_1_120' title="bbox 2274 4565 3143 4632">
     <span class='ocr_line' id='line_1_121' title="bbox 2274 4565 3143 4632; baseline -0.006 -12"><span class='ocrx_word' id='word_1_834' title='bbox 2274 4566 2428 4622; x_wconf 63' lang='lat' dir='ltr'><strong>Nam.</strong></span> <span class='ocrx_word' id='word_1_835' title='bbox 2457 4567 2511 4619; x_wconf 90' lang='lat' dir='ltr'><strong>ln</strong></span> <span class='ocrx_word' id='word_1_836' title='bbox 2544 4583 2642 4618; x_wconf 87' lang='lat' dir='ltr'><strong>ms.</strong></span> <span class='ocrx_word' id='word_1_837' title='bbox 2674 4565 2791 4618; x_wconf 70' lang='lat' dir='ltr'><strong>Non</strong></span> <span class='ocrx_word' id='word_1_838' title='bbox 2818 4583 2835 4632; x_wconf 88' lang='lat'><em>;</em></span> <span class='ocrx_word' id='word_1_839' title='bbox 2864 4566 2954 4617; x_wconf 83' lang='lat' dir='ltr'><strong>sed</strong></span> <span class='ocrx_word' id='word_1_840' title='bbox 2988 4565 3143 4620; x_wconf 90' lang='lat' dir='ltr'><strong>male.</strong></span> 
     </span>
    </p>
   </div>
   <div class='ocr_carea' id='block_1_121' title="bbox 2271 4635 3792 4701">
    <p class='ocr_par' dir='ltr' id='par_1_121' title="bbox 2271 4635 3792 4701">
     <span class='ocr_line' id='line_1_122' title="bbox 2271 4635 3792 4701; baseline -0.001 -11"><span class='ocrx_word' id='word_1_841' title='bbox 2271 4640 2500 4691; x_wconf 84' lang='lat' dir='ltr'><strong>Aliorum</strong></span> <span class='ocrx_word' id='word_1_842' title='bbox 2547 4639 2711 4701; x_wconf 76' lang='lat' dir='ltr'><strong>culpa:</strong></span> <span class='ocrx_word' id='word_1_843' title='bbox 2774 4637 3163 4690; x_wconf 84' lang='lat' dir='ltr'><strong>adscriberetur.</strong></span> <span class='ocrx_word' id='word_1_844' title='bbox 3207 4635 3294 4690; x_wconf 89' lang='lat' dir='ltr'><strong>Sic</strong></span> <span class='ocrx_word' id='word_1_845' title='bbox 3344 4636 3412 4690; x_wconf 90' lang='lat' dir='ltr'><strong>de</strong></span> <span class='ocrx_word' id='word_1_846' title='bbox 3463 4635 3792 4690; x_wconf 82' lang='lat' dir='ltr'><strong>Diocletiano</strong></span> 
     </span>
    </p>
   </div>
   <div class='ocr_carea' id='block_1_122' title="bbox 2197 4706 3790 4776">
    <p class='ocr_par' dir='ltr' id='par_1_122' title="bbox 2197 4706 3790 4776">
     <span class='ocr_line' id='line_1_123' title="bbox 2197 4706 3790 4776; baseline -0.001 -15"><span class='ocrx_word' id='word_1_847' title='bbox 2197 4709 2483 4776; x_wconf 79' lang='lat' dir='ltr'><strong>EutrOpius</strong></span> <span class='ocrx_word' id='word_1_848' title='bbox 2515 4709 2676 4764; x_wconf 78' lang='lat' dir='ltr'><strong>habet</strong></span> <span class='ocrx_word' id='word_1_849' title='bbox 2706 4709 2796 4761; x_wconf 89' lang='lat' dir='ltr'><strong>lib.</strong></span> <span class='ocrx_word' id='word_1_850' title='bbox 2846 4724 2896 4761; x_wconf 84' lang='lat' dir='ltr'><strong>Ix</strong></span> <span class='ocrx_word' id='word_1_851' title='bbox 2931 4709 3094 4773; x_wconf 84' lang='lat' dir='ltr'><strong>Hist.,</strong></span> <span class='ocrx_word' id='word_1_852' title='bbox 3125 4724 3243 4774; x_wconf 87' lang='lat' dir='ltr'><strong>cap.</strong></span> <span class='ocrx_word' id='word_1_853' title='bbox 3280 4709 3346 4762; x_wconf 75' lang='lat' dir='ltr'><strong>ib’</strong></span> <span class='ocrx_word' id='word_1_854' title='bbox 3379 4725 3390 4758; x_wconf 92' lang='lat'><strong>:</strong></span> <span class='ocrx_word' id='word_1_855' title='bbox 3426 4706 3659 4760; x_wconf 81' lang='lat' dir='ltr'><strong>Moratus</strong></span> <span class='ocrx_word' id='word_1_856' title='bbox 3683 4711 3790 4760; x_wconf 73' lang='lat' dir='ltr'><strong>cid-</strong></span> 
     </span>
    </p>
   </div>
   <div class='ocr_carea' id='block_1_123' title="bbox 2196 4779 3793 4849">
    <p class='ocr_par' dir='ltr' id='par_1_123' title="bbox 2196 4779 3793 4849">
     <span class='ocr_line' id='line_1_124' title="bbox 2196 4779 3793 4849; baseline 0.001 -18"><span class='ocrx_word' id='word_1_857' title='bbox 2196 4779 2296 4832; x_wconf 77' lang='lat' dir='ltr'><strong>lide</strong></span> <span class='ocrx_word' id='word_1_858' title='bbox 2341 4783 2458 4849; x_wconf 77' lang='lat' dir='ltr'><strong>fuit,</strong></span> <span class='ocrx_word' id='word_1_859' title='bbox 2516 4780 2602 4847; x_wconf 86' lang='lat' dir='ltr'><strong>qui</strong></span> <span class='ocrx_word' id='word_1_860' title='bbox 2649 4781 2956 4834; x_wconf 77' lang='lat' dir='ltr'><strong>seueritatem</strong></span> <span class='ocrx_word' id='word_1_861' title='bbox 3005 4796 3149 4832; x_wconf 83' lang='lat' dir='ltr'><strong>suam</strong></span> <span class='ocrx_word' id='word_1_862' title='bbox 3195 4779 3365 4831; x_wconf 76' lang='lat' dir='ltr'><strong>aliena</strong></span> <span class='ocrx_word' id='word_1_863' title='bbox 3419 4779 3607 4831; x_wconf 81' lang='lat' dir='ltr'><strong>invidia</strong></span> <span class='ocrx_word' id='word_1_864' title='bbox 3649 4779 3793 4832; x_wconf 83' lang='lat' dir='ltr'><strong>vellet</strong></span> 
     </span>
    </p>
   </div>
   <div class='ocr_carea' id='block_1_124' title="bbox 2195 4852 2417 4922">
    <p class='ocr_par' dir='ltr' id='par_1_124' title="bbox 2195 4852 2417 4922">
     <span class='ocr_line' id='line_1_125' title="bbox 2195 4852 2417 4922; baseline 0.005 -19"><span class='ocrx_word' id='word_1_865' title='bbox 2195 4852 2417 4922; x_wconf 60' lang='lat' dir='ltr'><strong>explere.</strong></span> 
     </span>
    </p>
   </div>
   <div class='ocr_carea' id='block_1_125' title="bbox 2273 4939 3793 5011">
    <p class='ocr_par' dir='ltr' id='par_1_125' title="bbox 2273 4939 3793 5011">
     <span class='ocr_line' id='line_1_126' title="bbox 2273 4939 3793 5011; baseline 0 -17"><span class='ocrx_word' id='word_1_866' title='bbox 2273 4942 2490 5011; x_wconf 82' lang='lat' dir='ltr'><strong>Pmprip</strong></span> <span class='ocrx_word' id='word_1_867' title='bbox 2535 4943 2778 5007; x_wconf 65' lang='lat' dir='ltr'><strong>adversus</strong></span> <span class='ocrx_word' id='word_1_868' title='bbox 2805 4939 3122 4995; x_wconf 75' lang='lat' dir='ltr'><strong>Christianos</strong></span> <span class='ocrx_word' id='word_1_869' title='bbox 3155 4940 3290 4992; x_wconf 86' lang='lat' dir='ltr'><strong>odio.</strong></span> <span class='ocrx_word' id='word_1_870' title='bbox 3316 4939 3376 5011; x_wconf 82' lang='lat' dir='ltr'><strong>ln</strong></span> <span class='ocrx_word' id='word_1_871' title='bbox 3417 4954 3515 5002; x_wconf 80' lang='lat' dir='ltr'><strong>ms.</strong></span> <span class='ocrx_word' id='word_1_872' title='bbox 3547 4949 3631 4994; x_wconf 91' lang='lat' dir='ltr'><strong>est</strong></span> <span class='ocrx_word' id='word_1_873' title='bbox 3673 4957 3793 5011; x_wconf 84' lang='lat' dir='ltr'><strong>pro-</strong></span> 
     </span>
    </p>
   </div>
   <div class='ocr_carea' id='block_1_126' title="bbox 2195 5010 3791 5079">
    <p class='ocr_par' dir='ltr' id='par_1_126' title="bbox 2195 5010 3791 5079">
     <span class='ocr_line' id='line_1_127' title="bbox 2195 5010 3791 5079; baseline -0.001 -12"><span class='ocrx_word' id='word_1_874' title='bbox 2195 5010 2602 5079; x_wconf 28' lang='lat' dir='ltr'><strong>prium’odiu-m,</strong></span> <span class='ocrx_word' id='word_1_875' title='bbox 2644 5015 2919 5076; x_wconf 71' lang='lat' dir='ltr'><strong>iiieqtbise.</strong></span> <span class='ocrx_word' id='word_1_876' title='bbox 2966 5012 3277 5068; x_wconf 78' lang='lat' dir='ltr'><strong>Lactantius</strong></span> <span class='ocrx_word' id='word_1_877' title='bbox 3312 5010 3404 5066; x_wconf 87' lang='lat' dir='ltr'><strong>lib.</strong></span> <span class='ocrx_word' id='word_1_878' title='bbox 3435 5025 3468 5064; x_wconf 76' lang='grc' dir='ltr'>ν</span> <span class='ocrx_word' id='word_1_879' title='bbox 3501 5011 3671 5064; x_wconf 84' lang='lat' dir='ltr'><strong>Divin.</strong></span> <span class='ocrx_word' id='word_1_880' title='bbox 3706 5010 3791 5066; x_wconf 89' lang='lat' dir='ltr'><strong>ln-</strong></span> 
     </span>
    </p>
   </div>
   <div class='ocr_carea' id='block_1_127' title="bbox 2193 5082 3789 5150">
    <p class='ocr_par' dir='ltr' id='par_1_127' title="bbox 2193 5082 3789 5150">
     <span class='ocr_line' id='line_1_128' title="bbox 2193 5082 3789 5150; baseline -0.003 -12"><span class='ocrx_word' id='word_1_881' title='bbox 2193 5087 2367 5140; x_wconf 73' lang='lat' dir='ltr'><strong>sutut.</strong></span> <span class='ocrx_word' id='word_1_882' title='bbox 2387 5100 2506 5149; x_wconf 84' lang='lat' dir='ltr'><strong>cap.</strong></span> <span class='ocrx_word' id='word_1_883' title='bbox 2534 5086 2620 5147; x_wconf 75' lang='lat' dir='ltr'><strong>ll,</strong></span> <span class='ocrx_word' id='word_1_884' title='bbox 2646 5085 2713 5137; x_wconf 90' lang='lat' dir='ltr'><strong>de</strong></span> <span class='ocrx_word' id='word_1_885' title='bbox 2737 5087 2834 5137; x_wconf 83' lang='lat' dir='ltr'><strong>bac</strong></span> <span class='ocrx_word' id='word_1_886' title='bbox 2857 5085 2967 5150; x_wconf 83' lang='lat' dir='ltr'><strong>ipsa</strong></span> <span class='ocrx_word' id='word_1_887' title='bbox 2989 5085 3360 5150; x_wconf 84' lang='lat' dir='ltr'><strong>persecutione</strong></span> <span class='ocrx_word' id='word_1_888' title='bbox 3385 5083 3610 5148; x_wconf 81' lang='lat' dir='ltr'><strong>loquens</strong></span> <span class='ocrx_word' id='word_1_889' title='bbox 3644 5101 3654 5133; x_wconf 92' lang='lat'><strong>:</strong></span> <span class='ocrx_word' id='word_1_890' title='bbox 3683 5082 3789 5136; x_wconf 80' lang='lat' dir='ltr'><strong>Alii</strong></span> 
     </span>
    </p>
   </div>
   <div class='ocr_carea' id='block_1_128' title="bbox 2192 5153 3790 5224">
    <p class='ocr_par' dir='ltr' id='par_1_128' title="bbox 2192 5153 3790 5224">
     <span class='ocr_line' id='line_1_129' title="bbox 2192 5153 3790 5224; baseline -0.001 -17"><span class='ocrx_word' id='word_1_891' title='bbox 2192 5156 2272 5212; x_wconf 74' lang='lat' dir='ltr'><strong>sui</strong></span> <span class='ocrx_word' id='word_1_892' title='bbox 2296 5156 2502 5224; x_wconf 81' lang='lat' dir='ltr'><strong>proprio</strong></span> <span class='ocrx_word' id='word_1_893' title='bbox 2523 5156 2762 5209; x_wconf 67' lang='lat' dir='ltr'><strong>advertens</strong></span> <span class='ocrx_word' id='word_1_894' title='bbox 2782 5155 2951 5224; x_wconf 76' lang='lat' dir='ltr'><strong>justas</strong></span> <span class='ocrx_word' id='word_1_895' title='bbox 2978 5154 3114 5207; x_wconf 87' lang='lat' dir='ltr'><strong>odio.</strong></span> <span class='ocrx_word' id='word_1_896' title='bbox 3140 5153 3418 5215; x_wconf 82' lang='lat' dir='ltr'><strong>Lactantio</strong></span> <span class='ocrx_word' id='word_1_897' title='bbox 3429 5153 3619 5222; x_wconf 76' lang='lat' dir='ltr'><strong>justas,</strong></span> <span class='ocrx_word' id='word_1_898' title='bbox 3647 5153 3790 5213; x_wconf 85' lang='lat' dir='ltr'><strong>idem</strong></span> 
     </span>
    </p>
   </div>
   <div class='ocr_carea' id='block_1_129' title="bbox 2193 5225 2731 5286">
    <p class='ocr_par' dir='ltr' id='par_1_129' title="bbox 2193 5225 2731 5286">
     <span class='ocr_line' id='line_1_130' title="bbox 2193 5225 2731 5286; baseline -0.006 -6"><span class='ocrx_word' id='word_1_899' title='bbox 2193 5235 2277 5282; x_wconf 82' lang='lat' dir='ltr'><strong>est</strong></span> <span class='ocrx_word' id='word_1_900' title='bbox 2303 5241 2368 5280; x_wconf 83' lang='lat' dir='ltr'><strong>ac</strong></span> <span class='ocrx_word' id='word_1_901' title='bbox 2396 5225 2731 5286; x_wconf 75' lang='lat' dir='ltr'><strong>Christianos.</strong></span> 
     </span>
    </p>
   </div>
   <div class='ocr_carea' id='block_1_130' title="bbox 2269 5315 3347 5384">
    <p class='ocr_par' dir='ltr' id='par_1_130' title="bbox 2269 5315 3347 5384">
     <span class='ocr_line' id='line_1_131' title="bbox 2269 5315 3347 5384; baseline -0.002 -15"><span class='ocrx_word' id='word_1_902' title='bbox 2269 5316 2370 5381; x_wconf 83' lang='lat' dir='ltr'><strong>Qui</strong></span> <span class='ocrx_word' id='word_1_903' title='bbox 2396 5317 2562 5370; x_wconf 73' lang='lat' dir='ltr'><strong>aliter.</strong></span> <span class='ocrx_word' id='word_1_904' title='bbox 2597 5317 2694 5369; x_wconf 73' lang='lat' dir='ltr'><strong>Ms.</strong></span> <span class='ocrx_word' id='word_1_905' title='bbox 2731 5317 2892 5369; x_wconf 78' lang='lat' dir='ltr'><strong>habet</strong></span> <span class='ocrx_word' id='word_1_906' title='bbox 2916 5316 3168 5384; x_wconf 82' lang='lat' dir='ltr'><strong>qualiter;</strong></span> <span class='ocrx_word' id='word_1_907' title='bbox 3191 5315 3347 5370; x_wconf 87' lang='lat' dir='ltr'><strong>male.</strong></span> 
     </span>
    </p>
   </div>
   <div class='ocr_carea' id='block_1_131' title="bbox 2263 5387 3793 5454">
    <p class='ocr_par' dir='ltr' id='par_1_131' title="bbox 2263 5387 3793 5454">
     <span class='ocr_line' id='line_1_132' title="bbox 2263 5387 3793 5454; baseline 0 -14"><span class='ocrx_word' id='word_1_908' title='bbox 2263 5387 2532 5440; x_wconf 75' lang='lat' dir='ltr'><strong>Timentes.</strong></span> <span class='ocrx_word' id='word_1_909' title='bbox 2586 5387 2892 5442; x_wconf 57' lang='lat' dir='ltr'><strong>[Lactantius</strong></span> <span class='ocrx_word' id='word_1_910' title='bbox 2931 5388 3125 5441; x_wconf 88' lang='lat' dir='ltr'><strong>ibidem</strong></span> <span class='ocrx_word' id='word_1_911' title='bbox 3174 5388 3264 5441; x_wconf 82' lang='lat' dir='ltr'><strong>lib.</strong></span> <span class='ocrx_word' id='word_1_912' title='bbox 3302 5401 3356 5451; x_wconf 84' lang='lat' dir='ltr'><strong>v,</strong></span> <span class='ocrx_word' id='word_1_913' title='bbox 3389 5401 3505 5454; x_wconf 82' lang='lat' dir='ltr'><strong>cap.</strong></span> <span class='ocrx_word' id='word_1_914' title='bbox 3545 5387 3601 5440; x_wconf 80' lang='grc' dir='ltr'>Η</span> <span class='ocrx_word' id='word_1_915' title='bbox 3643 5403 3654 5439; x_wconf 90' lang='lat'><strong>:</strong></span> <span class='ocrx_word' id='word_1_916' title='bbox 3689 5387 3793 5440; x_wconf 77' lang='lat' dir='ltr'><strong>Alii</strong></span> 
     </span>
    </p>
   </div>
   <div class='ocr_carea' id='block_1_132' title="bbox 2193 5458 3789 5529">
    <p class='ocr_par' dir='ltr' id='par_1_132' title="bbox 2193 5458 3789 5529">
     <span class='ocr_line' id='line_1_133' title="bbox 2193 5458 3789 5529; baseline -0.001 -18"><span class='ocrx_word' id='word_1_917' title='bbox 2193 5476 2299 5526; x_wconf 76' lang='lat' dir='ltr'><strong>pra:</strong></span> <span class='ocrx_word' id='word_1_918' title='bbox 2323 5464 2480 5511; x_wconf 78' lang='lat' dir='ltr'><strong>nimia</strong></span> <span class='ocrx_word' id='word_1_919' title='bbox 2530 5461 2795 5513; x_wconf 84' lang='lat' dir='ltr'><strong>timiditate</strong></span> <span class='ocrx_word' id='word_1_920' title='bbox 2840 5461 2958 5529; x_wconf 87' lang='lat' dir='ltr'><strong>plus</strong></span> <span class='ocrx_word' id='word_1_921' title='bbox 2997 5459 3110 5512; x_wconf 70' lang='lat' dir='ltr'><strong>arisi</strong></span> <span class='ocrx_word' id='word_1_922' title='bbox 3156 5468 3291 5520; x_wconf 81' lang='lat' dir='ltr'><strong>sunt,</strong></span> <span class='ocrx_word' id='word_1_923' title='bbox 3347 5459 3496 5524; x_wconf 83' lang='lat' dir='ltr'><strong>quam</strong></span> <span class='ocrx_word' id='word_1_924' title='bbox 3539 5458 3789 5528; x_wconf 75' lang='lat' dir='ltr'><strong>jubeban-</strong></span> 
     </span>
    </p>
   </div>
   <div class='ocr_carea' id='block_1_133' title="bbox 2191 5540 2292 5583">
    <p class='ocr_par' dir='ltr' id='par_1_133' title="bbox 2191 5540 2292 5583">
     <span class='ocr_line' id='line_1_134' title="bbox 2191 5540 2292 5583; baseline -0.01 0"><span class='ocrx_word' id='word_1_925' title='bbox 2191 5540 2292 5583; x_wconf 83' lang='lat' dir='ltr'><strong>tur.</strong></span> 
     </span>
    </p>
   </div>
   <div class='ocr_carea' id='block_1_134' title="bbox 2264 5619 3785 5690">
    <p class='ocr_par' dir='ltr' id='par_1_134' title="bbox 2264 5619 3785 5690">
     <span class='ocr_line' id='line_1_135' title="bbox 2264 5619 3785 5690; baseline -0.001 -14"><span class='ocrx_word' id='word_1_926' title='bbox 2264 5621 2557 5690; x_wconf 79' lang='lat' dir='ltr'><strong>Gratiﬁcari</strong></span> <span class='ocrx_word' id='word_1_927' title='bbox 2570 5624 2803 5676; x_wconf 79' lang='lat' dir='ltr'><strong>volentes.</strong></span> <span class='ocrx_word' id='word_1_928' title='bbox 2821 5622 2963 5676; x_wconf 81' lang='lat' dir='ltr'><strong>idem</strong></span> <span class='ocrx_word' id='word_1_929' title='bbox 2979 5621 3106 5677; x_wconf 89' lang='lat' dir='ltr'><strong>ibid.</strong></span> <span class='ocrx_word' id='word_1_930' title='bbox 3133 5639 3145 5674; x_wconf 74' lang='grc' dir='ltr'>ε</span> <span class='ocrx_word' id='word_1_931' title='bbox 3167 5619 3420 5674; x_wconf 83' lang='lat' dir='ltr'><strong>Nonnulli</strong></span> <span class='ocrx_word' id='word_1_932' title='bbox 3437 5631 3488 5675; x_wconf 87' lang='lat' dir='ltr'><strong>ut</strong></span> <span class='ocrx_word' id='word_1_933' title='bbox 3507 5622 3785 5688; x_wconf 84' lang='lat' dir='ltr'><strong>placerent,</strong></span> 
     </span>
    </p>
   </div>
   <div class='ocr_carea' id='block_1_135' title="bbox 2191 5693 3418 5764">
    <p class='ocr_par' dir='ltr' id='par_1_135' title="bbox 2191 5693 3418 5764">
     <span class='ocr_line' id='line_1_136' title="bbox 2191 5693 3418 5764; baseline -0.002 -15"><span class='ocrx_word' id='word_1_934' title='bbox 2191 5701 2237 5749; x_wconf 88' lang='lat' dir='ltr'><strong>et</strong></span> <span class='ocrx_word' id='word_1_935' title='bbox 2264 5694 2357 5750; x_wconf 87' lang='lat' dir='ltr'><strong>hoc</strong></span> <span class='ocrx_word' id='word_1_936' title='bbox 2380 5694 2542 5764; x_wconf 76' lang='lat' dir='ltr'><strong>ofﬁcio</strong></span> <span class='ocrx_word' id='word_1_937' title='bbox 2572 5696 2702 5748; x_wconf 78' lang='lat' dir='ltr'><strong>riam</strong></span> <span class='ocrx_word' id='word_1_938' title='bbox 2726 5693 2820 5748; x_wconf 87' lang='lat' dir='ltr'><strong>sibi</strong></span> <span class='ocrx_word' id='word_1_939' title='bbox 2842 5694 2907 5747; x_wconf 89' lang='lat' dir='ltr'><strong>ad</strong></span> <span class='ocrx_word' id='word_1_940' title='bbox 2919 5694 3119 5748; x_wconf 67' lang='lat' dir='ltr'><strong>&#39;altiora</strong></span> <span class='ocrx_word' id='word_1_941' title='bbox 3147 5693 3418 5746; x_wconf 82' lang='lat' dir='ltr'><strong>munirent.</strong></span> 
     </span>
    </p>
   </div>
  </div>
