4058 6188
451 233 560 291 215

1186 343 1327 399 XIV.

530 440 638 498 Sed
661 440 846 495 Caesar
872 451 982 494 non
1010 444 1295 494 contentus
1323 444 1407 491 est
1432 434 1593 492 edicti
1622 435 1852 506 legibus.
1879 433 2052 490 Aliter

458 533 852 589 Diocletianum
881 531 1097 603 aggredi
1129 539 1300 600 parat.
1333 528 1466 584 Nam
1497 537 1554 582 ut
1576 528 1724 582 illum
1756 527 1822 581 ad
1855 539 2054 596 propo-

457 625 619 680 situm
665 623 1056 679 crudelissimre
1088 621 1480 693 persecutionis
1511 620 1841 688 impelleret,
1875 619 2058 673 occul-

458 715 528 770 tis
559 715 817 770 ministris
849 715 1048 785 palatio
1069 714 1299 781 subjecit
1329 711 1656 768 incendium.
1686 710 1754 765 Et
1782 726 1903 766 cum
1932 725 2056 780 pars

457 809 705 879 quaedam
734 807 1142 879 conﬁagrasset,
1171 806 1461 861 Christiani
1498 803 1880 875 arguebantur,
1913 803 2059 858 velut

457 902 642 956 hostes
689 902 886 970 publici
914 941 929 966 ,
989 909 1043 955 ct
1087 915 1209 954 cum
1258 899 1455 969 ingenti
1507 898 1703 952 invidia
1748 896 1906 951 simul
1937 913 2057 950 cum

457 993 660 1062 palatio
687 991 1118 1047 Christianorum
1149 1006 1344 1046 nomen
1371 989 1632 1045 ardebat:
1662 990 1800 1050 illos,
1834 989 2062 1043 consilio

461 1097 583 1138 cum
614 1081 879 1136 eunuchis
926 1081 1142 1146 habito,
1197 1080 1265 1136 de
1313 1079 1693 1149 extinguendis
1721 1077 2062 1148 Principibus

460 1174 751 1244 cogitasse,
775 1173 909 1228 duos
930 1172 1288 1242 Imperatores
1309 1171 1453 1226 domi
1476 1185 1591 1226 sum.
1611 1185 1750 1240 pene
1773 1170 1924 1224 vivos
1942 1185 2063 1226 esse

462 1265 797 1320 combustos.
833 1263 1199 1319 Diocletianus
1232 1279 1384 1328 vero,
1403 1263 1494 1334 qui
1523 1277 1738 1334 semper
1767 1277 1826 1317 se
1852 1261 2066 1318 volebat

463 1357 635 1413 videri
681 1367 921 1413 astutum
968 1367 1022 1412 et
1070 1357 1494 1428 intelligentem,
1530 1356 1662 1410 nihil
1692 1357 1863 1426 potuit
1891 1356 2066 1425 suspi-

452 1434 579 1507 cari
614 1468 626 1503 :
657 1451 750 1506 sed
782 1450 860 1505 ira
893 1449 1278 1515 inﬂammatus,
1311 1447 1698 1504 excarniﬁcare
1726 1461 1916 1501 omnes
1941 1461 2068 1502 suos

469 1544 714 1614 protinus
741 1545 922 1614 C(Bpit.
955 1543 1192 1600 Sedebat
1219 1543 1363 1612 ipse,
1406 1552 1565 1612 atque
1604 1544 1920 1597 innocentes
1949 1542 2069 1612 igne

465 1639 728 1692 torrebat.
765 1637 895 1692 ltcm
922 1637 1132 1707 judices
1161 1636 1432 1702 universi,
1464 1649 1654 1691 omnes
1682 1634 1946 1705 denique,
1978 1636 2068 1705 qui

1812 223 2002 282 FIRMI
2043 219 2405 281 LACTANTII

2084 347 2346 410 Atamen
2377 343 2564 392 auctor
2593 335 2861 406 apparuit.
2902 333 3052 391 Tunc
3099 333 3282 389 Caesar
3324 329 3504 389 medio
3544 329 3754 404 byemis

3644 213 3750 270 Ἃϐ

2155 431 2488 500 profectione
2533 441 2714 501 parata
2746 430 3026 502 prorupit,
3076 429 3268 487 eodem
3309 428 3400 485 die
3444 436 3753 486 contestans

2157 521 2342 594 lugere
2368 538 2430 578 se
2449 563 2465 589 ,
2497 538 2564 578 ne
2593 524 2746 578 vivus
2773 523 3014 579 arderet.

2700 618 2710 623 ’
2888 615 3008 672 XV.

2235 709 2468 766 Fnrebat
2513 724 2641 779 ergo
2685 709 2983 780 Imperator
3019 709 3130 777 jam
3179 719 3286 761 non
3335 705 3388 760 in
3419 704 3749 761 domesticos

2161 810 2387 865 tantum,
2416 801 2507 855 sed
2539 801 2588 854 in
2617 816 2826 866 omnes,
2853 809 2908 855 et
2937 799 3161 868 primam
3189 796 3425 851 omnium
3456 795 3621 850 ﬁliam
3646 794 3755 850 Va.

2161 893 2369 960 leriam,
2400 885 3050 962 conjugemque‘Priscam
3079 889 3344 946 sacriﬁcio
3367 889 3532 958 pollui
3557 891 3757 960 coegit.

2163 986 2524 1042 Potentissimi
2555 987 2822 1056 quondam
2846 985 3077 1071 eunuchi
3105 985 3300 1049 necati,
3333 998 3428 1052 per
3449 999 3587 1052 quos
3613 983 3765 1051 pala-

2165 1082 2296 1136 tium
2329 1090 2383 1134 et
2410 1082 2525 1150 ipse
2551 1092 2676 1136 ante
2703 1080 3010 1137 constabat.
3037 1077 3428 1146 Comprehensi
3451 1077 3764 1148 Presbyteri

2163 1187 2228 1227 ac
2278 1173 2536 1240 ministri,
2565 1181 2620 1226 et
2670 1172 2786 1228 sine
2814 1172 2922 1227 ulla
2956 1170 3275 1242 probatione
3326 1186 3389 1224 ac
3418 1167 3767 1225 confessione

2165 1263 2426 1330 damnati,
2470 1279 2591 1318 cum
2633 1264 2885 1320 omnibus
2929 1265 3042 1318 suis
3097 1261 3520 1317 deducebantur.
3572 1259 3767 1317 Omnis

2165 1371 2328 1413 sexus
2377 1366 2433 1411 et
2473 1357 2645 1412 aetatis
2691 1357 2940 1412 homines
2984 1355 3050 1410 ad
3082 1356 3427 1410 exustionem
3453 1355 3630 1422 rapti:
3661 1369 3768 1410 nec

2167 1448 2382 1518 singuli,
2413 1449 2664 1518 quoniam
2696 1457 2838 1502 tanta
2865 1457 2982 1503 erat
3026 1445 3332 1512 multitudo,
3366 1445 3462 1501 sed
3491 1445 3762 1516 gregatim

2168 1541 2500 1596 circumdato
2530 1541 2637 1611 igni
2685 1541 3134 1604 amburebantur;
3172 1539 3474 1600 domestici.
3533 1539 3771 1609 alligatis

2170 1636 2237 1690 ad
2262 1636 2460 1690 collum
2498 1635 2813 1702 molaribus,
2846 1635 2981 1688 mari
3009 1634 3412 1704 mergebantur.
3445 1630 3554 1686 Nec
3593 1632 3776 1688 minus

469 1740 624 1784 erant
653 1729 705 1783 in
737 1730 937 1799 palatio
967 1729 1242 1799 magistri,
1275 1728 1396 1782 data
1424 1736 1718 1796 potestate,
1751 1727 2072 1796 torqueban-
2098 1729 2149 1790 B
2179 1730 2229 1783 in
2260 1739 2514 1784 caeterum
2546 1728 2798 1799 populum
2839 1727 3147 1797 persecutio
3195 1725 3458 1780 violenter
3504 1723 3774 1778 incubuit.

453 1809 574 1875 tur.
611 1821 777 1874 Erant
822 1827 1137 1883 certantes,
1178 1820 1299 1888 quis
1349 1819 1496 1888 prior
1545 1817 1744 1888 aliquid
1779 1817 2069 1872 inveniret.

470 1911 615 1966 Nihil
665 1927 887 1982 usquam
939 1911 1346 1982 reperiebatur;
1395 1911 1594 1980 quippe
1642 1925 1762 1964 cum
1816 1909 2073 1966 familiam

470 2006 704 2061 Caesaris
731 2021 889 2061 nemo
918 2015 1214 2076 torqueret.
1263 2005 1468 2060 Aderat
1516 2004 1632 2072 ipse
1655 2045 1669 2069 ,
1716 2015 1770 2057 et
1803 2003 2074 2069 instabat,

477 2114 576 2153 nec
623 2099 922 2168 patiebatur
955 2099 1090 2152 iram
1139 2095 1521 2151 inconsiderati
1571 2097 1717 2148 senis
1758 2096 2075 2165 deﬂagrare.

471 2189 579 2243 Sed
607 2189 915 2259 quindecim
956 2189 1147 2244 diebus
1179 2189 1475 2257 interiectis
1503 2227 1522 2254 ,
1567 2186 1710 2240 aliud
1743 2201 1958 2240 rursum
1989 2186 2071 2239 iu-

472 2282 724 2338 cendium
751 2282 970 2336 molitus
995 2289 1098 2337 est.
1135 2281 1190 2336 Id
1216 2279 1446 2336 celerius
1473 2279 1910 2334 animadversum
1929 2319 1944 2343 ,
1974 2292 2074 2334 nec

2176 1821 2309 1876 Nam
2333 1821 2545 1890 judices
2571 1837 2665 1890 per
2685 1822 2862 1876 omnia
2895 1820 3092 1888 templa
3121 1818 3372 1890 dispersi,
3397 1816 3678 1871 universos
3705 1815 3780 1871 ad

2177 1913 2438 1968 sacriﬁcia
2463 1913 2745 1983 cogebant.
2776 1913 2927 1967 Pleni
2956 1925 3206 1966 carceres
3235 1920 3408 1966 erant.
3441 1910 3774 1964 Tormento-

2181 2021 2300 2060 rum
2328 2020 2526 2074 genera
2549 2004 2787 2058 inaudita
2811 2003 3287 2074 excogitabantur;
3323 2012 3377 2057 et
3405 2017 3471 2057 ne
3492 2003 3576 2056 cui
3602 2011 3784 2058 teme-

2180 2113 2240 2152 re
2273 2097 2360 2164 jus
2405 2097 2698 2162 diceretur,
2729 2111 2842 2151 arte
2883 2097 2936 2150 in
2968 2096 3276 2152 secretariis
3304 2110 3368 2150 ac
3397 2112 3493 2164 pro
3522 2095 3786 2151 tribunali

2180 2194 2392 2258 positae,
2427 2197 2485 2243 ut
2529 2189 2824 2259 litigatores
2869 2190 3017 2256 prius
3049 2189 3438 2254 sacriﬁcarent,
3497 2197 3655 2255 atque
3709 2188 3786 2242 ita

2178 2294 2369 2336 causas
2393 2295 2518 2336 suas
2541 2280 2814 2347 dicerent;
2845 2283 2923 2338 sic
2943 2297 3075 2354 ergo
3101 2282 3167 2336 ad
3175 2281 3410 2351 judices,
3435 2291 3692 2350 tanquam
3713 2280 3786 2336 ad

1761 2413 1845 2471 VA
1857 2412 2124 2472 RIORUM
2153 2413 2386 2472 NOTAE.

471 2565 484 2577 '
549 2555 742 2611 Cmar.
775 2555 1026 2613 Galerius
1060 2571 1076 2610 :
1107 2553 1343 2609 nondmn
1371 2552 1645 2621 Augustus
1672 2559 1806 2604 erat.

546 2626 664 2682 Est.
697 2627 962 2683 Heuman.
994 2625 1243 2681 voculam
1274 2623 1430 2678 istam
1462 2621 1744 2678 delendam
1777 2629 1947 2692 putat.

551 2697 879 2754 Incendium.
901 2698 1067 2764 Cujus
1087 2697 1248 2752 etiam
1273 2695 1515 2751 meminit
1536 2692 1818 2758 Eusebius,
1839 2692 1932 2748 lib.
1961 2705 2076 2760 vni,

478 2769 616 2825 Hist.
653 2771 884 2834 Eccles.,
915 2784 1034 2838 cap.
1067 2768 1120 2822 6.

553 2861 830 2915 Christiani
875 2860 1239 2926 arguebantur,
1292 2856 1424 2911 velut
1472 2853 1911 2926 hostespublici,
1951 2862 2076 2926 _etc.

479 2930 724 2988 Gentiles
744 2931 799 2984 in
820 2924 1002 2984 odium
1023 2928 1450 2984 Christianorum
1475 2926 1583 2979 illis
1606 2924 1734 2978 falsa
1755 2924 2084 2992 attingebant

2177 2566 2294 2626 tum
2320 2553 2587 2626 generibus
2614 2554 2744 2608 nihil
2788 2552 2936 2608 aliud
2955 2593 2972 2618 ,
3001 2568 3173 2626 _quam
3218 2554 3479 2607 victoriam
3514 2554 3787 2626 cogitant.

2183 2619 2366 2695 §ciunt
2393 2623 2528 2695 enim
2555 2634 2815 2695 certamen
2841 2639 2952 2678 esse
2992 2619 3125 2678 illud
3147 2632 3194 2678 et
3223 2641 3471 2695 pugnam.
3510 2619 3786 2694 Lactant.,

2183 2691 2294 2766 lib._
2312 2709 2366 2758 v,
2399 2694 2515 2766 Div.
2544 2694 2742 2766 lnstit.,
2771 2710 2892 2766 cap.
2927 2695 3014 2750 11.

2254 2762 2493 2818 Ca’saris.
2527 2765 2747 2820 Galerii.

2253 2833 2446 2905 Aderat
2469 2837 2594 2905 ipse.
2627 2835 2872 2890 Galerius
2900 2835 3270 2890 Maximianus.

2257 2903 2790 2977 Iratninconsiderati
2811 2907 2947 2960 senis
2976 2907 3285 2977 deflagrare.
3317 2905 3373 2962 Id
3404 2917 3507 2974 est,
3536 2906 3787 2964 deferve-

480 2975 726 3068 crimina:
745 2975 1143 3056 'e-tvomnesveis
1173 2998 1526 3068 imputabant,
1549 2995 1811 3068 quaeorbi
1828 2975 2078 3068 universo

2192 2975 2651 3068 scareﬂinminui
2669 3019 2691 3068 ,_
2701 2977 3046 3068 decrescere.
3080 2975 3234 3049 Apud
3266 2978 3478 3034 Livium
3498 3018 3515 3045 ,
3545 2978 3640 3033 lib.
3679 2995 3787 3048 an,

482 3063 805 3128 eveniebant
829 3071 1196 3135 calamitates,
1229 3063 1372 3138 quod
1409 3063 2019 3138 diiisuijiuquiebant)
2049 3081 2080 3120 a

484 3143 684 3197 nostris
733 3156 838 3196 non
889 3141 1220 3197 colerentur.
1248 3135 1457 3192 Arnob.
1490 3137 1548 3191 S.
1581 3135 1884 3207 Cyprianus
1911 3135 2080 3190 Trac-

484 3224 596 3267 tatn
623 3215 647 3267 1
677 3255 692 3277 ,
719 3222 905 3268 contra
939 3211 1339 3265 Demetrianum
1360 3249 1374 3273 ,
1409 3218 1463 3263 et
1491 3207 1549 3263 S.
1590 3207 1920 3276 Augustinus
1940 3247 1953 3266 .
1985 3207 2081 3261 lib.

484 3300 525 3345 I.
550 3285 618 3339 de
646 3285 805 3338 Civil.
832 3284 924 3338 Dei
953 3282 1151 3336 acriter
1180 3282 1278 3336 bac
1307 3280 1377 3335 de
1405 3294 1464 3335 re
1490 3277 1750 3333 Ethnicos
1780 3278 2083 3349 reprehen-

485 3355 622 3408 dunt
650 3373 661 3405 :
696 3354 816 3408 illos
845 3353 1068 3408 consule
1088 3394 1102 3413 ,
1136 3352 1180 3405 si
1212 3351 1378 3407 lubet.
1543 3404 1547 3408 ,

558 3423 786 3479 Invidia.
817 3425 873 3479 ln
907 3438 1006 3477 ms.
1052 3422 1203 3476 Vidia
1221 3439 1240 3488 ;
1270 3422 1410 3476 male
1431 3463 1446 3488 ,
1477 3435 1571 3489 per
1601 3433 1862 3474 errorem.

557 3496 981 3550 Christianorum.
1004 3493 1272 3549 ﬁeuman.
1290 3509 1354 3548 ex
1373 3491 1596 3547 Tertull.
1613 3491 1869 3562 Apolog.,
1888 3502 2008 3560 cap.
2028 3505 2083 3559 v,

485 3567 611 3636 legit
638 3565 986 3620 Christianum
1014 3580 1221 3636 nomen,
1255 3579 1361 3619 non
1388 3563 1549 3636 male.

558 3638 692 3691 Illos
713 3640 947 3692 consitio.
979 3636 1102 3702 Ms.,
1135 3633 1238 3690 Illo
1262 3634 1508 3700 consilio;
1543 3633 1822 3689 mendose.

560 3727 877 3782 Combustos.
931 3727 1150 3781 Videtur
1178 3726 1371 3782 deesse
1415 3727 1636 3780 verbum
1682 3724 1959 3795 ferebatur,
2008 3721 2092 3779 vel

452 3814 455 3815 '
490 3798 773 3852 dicebatur.
804 3799 1086 3852 Αιιιειον.

562 3867 655 3920 Ira
677 3869 1045 3938 inﬂammatus.
1079 3865 1234 3935 Apud
1269 3865 1624 3930 Lactantium,
1659 3865 1749 3938 lib.
1780 3881 1876 3929 vn,
1912 3864 2088 3919 Divin.

491 3935 766 4000 InstitutJ,
800 3954 919 4006 cap.
952 3939 1017 3991 17
1052 3954 1066 3990 :
1103 3940 1484 3992 INFLAIIIA’I‘US
1509 3951 1597 3990 lBA
1628 3935 1791 3990 veniet
1809 3952 1926 3990 cum
1949 3952 2092 3990 exer-

489 4010 593 4064 citu
620 4025 823 4080 magno.

567 4075 952 4146 Excarniﬁcare
978 4093 1148 4132 omnes
1170 4094 1308 4132 suos.
1344 4075 1581 4140 Aulicos,
1613 4090 1708 4130 seu
1729 4076 2088 4131 domesticos.

489 4149 615 4217 Ms.,
653 4150 1060 4219 Excarniﬁcari,
1104 4150 1249 4220 quod
1288 4163 1524 4218 sequens
1558 4147 1783 4204 verbum
1807 4149 1958 4219 coepit
1985 4161 2094 4203 non

531 4225 711 4275 alitur.

493 4235 742 4355 pallgliiit.
806 4293 877 4348 Ita
910 4291 1123 4364 restitui
1143 4305 1209 4347 ex
1237 4305 1338 4364 ms.
1371 4289 1546 4358 Editi,
1579 4289 1843 4361 precepit.

566 4364 785 4418 Sedebat
812 4365 944 4426 ipse.
975 4362 1364 4418 Diocletianus.

561 4433 774 4489 Iudices
803 4433 1059 4495 universi,
1118 4441 1222 4486 etc.
1277 4432 1432 4501 Apud
1497 4431 1888 4486 Diocletianum
1937 4439 2094 4486 erant

489 4506 773 4559 domestici
809 4505 1044 4558 maximo
1079 4517 1304 4556 numero
1330 4502 1629 4556 christiani.
1664 4503 1744 4557 Ex
1773 4503 1838 4557 iis
1869 4517 1974 4557 non
2004 4517 2092 4556 so-

489 4574 600 4627 lum
632 4575 859 4645 magistri
908 4575 1087 4645 palatii
1103 4588 1121 4635 ,°
1149 4571 1239 4645 sed
1260 4581 1307 4645 _et
1325 4572 1530 4645 judices
1549 4574 1771 4626 universi
1791 4574 2094 4645 torquebanf

488 4654 572 4697 tur
595 4642 735 4714 ipsi,
767 4646 890 4698 data
912 4642 1036 4697 aliis
1064 4658 1159 4698 eos
1184 4642 1459 4714 iudicandi
1490 4652 1769 4714 potestate;
1817 4645 2017 4713 quippe
2043 4644 2092 4698 si

489 4712 914 4770 eatn'habebant
939 4714 1157 4770 Indices
1184 4754 1200 4778 ,
1233 4713 1378 4767 nulla
1405 4725 1501 4783 eos
1521 4712 1635 4767 dari
1662 4712 1982 4782 potestatem
2004 4715 2094 4783 ju-

489 4785 702 4841 dicandi
724 4787 1022 4840 necessitas
1051 4793 1188 4840 erat.
1215 4783 1330 4838 Non
1354 4782 1530 4846 video,
1559 4797 1663 4853 qua
1695 4784 1763 4838 de
1790 4799 1949 4838 causa
1975 4782 2091 4839 tnu-

490 4864 658 4909 tatum
689 4857 760 4912 sit
806 4858 955 4924 erepit
998 4856 1050 4910 in
1082 4855 1353 4926 precepit,
1385 4853 1768 4926 torquebantur,
1803 4853 1855 4907 in
1887 4863 2091 4926 torque-

489 4926 610 4980 bant
631 4967 644 4985 .
670 4932 812 4996 quod
839 4931 1000 4982 alium
1028 4924 1254 4981 omnino
1279 4941 1496 4980 sensum
1520 4924 1768 4996 exhibet;
1791 4939 1908 4979 cum
1934 4925 2091 4996 fanti-

487 4997 612 5051 liam
641 4995 860 5052 Ctesaris
890 4998 1087 5053 Galerii
1111 5013 1258 5051 nemo
1287 5003 1558 5066 torqueret.
1593 4995 1708 5050 lluc
1732 4995 1979 5065 spectare
2005 4998 2088 5052 vi-

486 5068 685 5123 dentur
711 5084 830 5139 quae
858 5069 1040 5123 scribit
1071 5068 1379 5139 Lactantius
1400 5107 1440 5139 ,ί
1464 5067 1579 5120 Div.
1607 5067 1864 5139 InStitut.,
1907 5068 1998 5121 lib.
2032 5083 2086 5135 v,

487 5153 609 5207 cap.
637 5141 706 5194 Ἡ
730 5136 755 5194 ἐ
790 5141 1051 5193 Ministros
1073 5138 1263 5209 furoris
1284 5136 1475 5209 alieni,
1507 5137 1750 5209 satellites
1777 5139 1948 5204 impia:
1967 5141 2088 5207 jus-

486 5210 646 5263 sionis
675 5214 945 5264 necessitas
966 5207 1106 5279 fecit.
1145 5207 1428 5279 Nonianim
1457 5207 1620 5261 honor
1646 5207 1734 5261 ille
1758 5217 1846 5261 aut
1873 5225 2086 5279 provec-

485 5280 838 5355 tio‘dignitatis
859 5277 1025 5355 fuit...
1053 5280 1181 5346 Quis
1200 5278 1514 5355 voluminum
1533 5295 1774 5355 numerus
1793 5277 1956 5349 capiet
1983 5289 2088 5355 tam

485 5351 691 5418 inﬁnita
711 5392 727 5416 ,
757 5360 862 5405 tam
890 5351 1032 5403 varia
1059 5365 1246 5420 genera
1285 5351 1644 5404 crudelitatis?
1673 5363 1912 5403 accsrn
1951 5351 2086 5404 enim

486 5435 802 5492 roresn'rs
823 5463 835 5486 ,
859 5437 952 5492 pro
980 5423 1088 5474 suis
1108 5420 1331 5492 moribus
1351 5422 1563 5490 quisque
1591 5421 1748 5474 saeviit
1765 5429 1918 5492 ,Aetc.

564 5491 726 5545 Erant
752 5489 1034 5556 certantes,
1076 5501 1179 5545 etc.
1227 5489 1335 5545 Pro
1364 5489 1672 5548 certabant,
1725 5489 1809 5544 vel
1854 5490 2086 5546 certaba-

485 5571 589 5625 tur,
617 5576 721 5617 etc.
747 5562 950 5618 Gallice
974 5579 986 5615 :
1023 5561 1104 5615 0n
1131 5562 1386 5614 cherchait
1408 5562 1439 5613 ὰ
1462 5561 1629 5614 l‘envi.
1654 5559 1770 5614 Dici
1791 5577 1890 5614 non
1922 5572 2085 5629 potest

484 5646 674 5702 quanta
693 5675 707 5698 ,
740 5645 786 5688 et
811 5650 965 5702 quam
991 5635 1166 5706 gravia
1204 5643 1569 5706 tormentorum
1604 5647 1788 5706 genera
1815 5634 2082 5706 excogita-

475 5713 644 5760 terunt
673 5706 967 5774 huiusmodi
992 5702 1219 5778 'judices.
1244 5702 1429 5775 Itaque
1447 5704 1504 5758 in
1521 5703 1872 5775 excogitandis
1895 5720 2071 5776 paena-

2189 3045 2474 3114 de/lagrare
2501 3048 2607 3102 iras
2635 3057 2846 3102 vestras.

2257 3113 2582 3172 Id’ceterius.
2610 3118 2686 3174 Ita
2713 3118 2879 3175 editio
2904 3118 3172 3176 Aboensis
3200 3127 3257 3176 et
3284 3118 3613 3188 Heumann.;
3646 3120 3787 3177 relic

2187 3201 2307 3257 qua).
2341 3188 2535 3242 habent
2564 3191 2674 3243 sed.

2258 3256 2566 3325 Imperator.
2600 3260 2984 3316 Diocletianus.

2260 3327 2454 3400 Filiam
2518 3330 2792 3395 Valeriam,
2842 3333 3206 3400 conjugcmque
3255 3329 3489 3386 Priscum
3533 3333 3792 3398 sacri/icio

2197 3399 2367 3472 pollui
2413 3403 2594 3472 coegit.
2628 3402 2799 3457 Erant
2839 3403 2974 3456 forte
3002 3399 3344 3457 Christianze.
3382 3402 3589 3456 Valeria
3621 3413 3793 3472 nupta

2190 3479 2308 3542 erat
2329 3470 2544 3526 Galerio
2564 3473 2886 3527 Maximiano
2911 3473 3112 3528 Caesari
3135 3474 3246 3542 jam
3275 3474 3362 3528 ab.
3381 3488 3470 3528 an.
3502 3473 3628 3530 292.
3654 3470 3793 3532 Vide

2193 3539 2385 3596 Euseb.
2421 3542 2559 3597 llist.
2592 3544 2797 3598 Eccles.
2830 3543 2922 3598 lib.
2953 3558 3070 3609 vui,
3094 3539 3212 3613 cap.
3249 3546 3301 3598 1.
3803 3565 3806 3568 ’

2265 3613 2558 3684 Quondam,
2588 3614 2689 3669 Ms.
2716 3613 2844 3668 Cda.
2880 3615 3151 3684 Scriptura
3181 3615 3459 3669 mendosa.

2267 3683 2529 3739 Eunuchi.
2557 3686 2701 3740 Inter
2729 3699 2866 3755 quos
2892 3683 3009 3739 erat
3027 3685 3239 3741 Petrus.
3275 3685 3407 3740 Vide
3429 3684 3625 3740 Euseb.
3646 3684 3788 3742 Hist.

2193 3751 2431 3821 Eccles.,
2461 3755 2552 3811 lib.
2588 3772 2700 3822 vttt,
2729 3751 2847 3826 cap.
2879 3756 2932 3810 6.

2272 3845 2533 3900 Palatium
2557 3857 2604 3901 et
2628 3848 2736 3915 ipse
2765 3857 2882 3901 ante
2909 3848 3184 3901 constabat.
3215 3848 3441 3914 Quidam
3471 3849 3654 3917 legunt
3687 3847 3794 3903 Per

2229 3933 2320 3971 uos
2348 3917 2607 3971 Palatium
2636 3928 2680 3971 et
2705 3918 2815 3985 ipse
2836 3928 2952 3971 ante
2976 3919 3230 3988 con/labat
3261 3936 3279 3972 :
3307 3920 3394 3972 alii
3424 3935 3512 3988 per
3533 3935 3658 3987 quos
3693 3937 3792 3988 pa-

2217 3989 2377 4112 atitam
2403 3989 2591 4042 rexisse
2617 4000 2734 4043 ante
2783 3988 3061 4043 constabat.
3114 3989 3220 4046 Sed
3251 3991 3411 4047 lectio
3468 4005 3572 4044 ms.
3619 3994 3792 4062 magis

2217 4074 2300 4112 irrt
2345 4067 2416 4111 et.

2195 4072 2416 4112 arridet.

2274 4127 2524 4183 Ministri.
2558 4129 2797 4185 Diacoui.

2271 4222 2397 4276 Sine
2425 4222 2534 4275 ulla
2579 4221 2872 4291 probatione
2910 4238 2970 4275 ac
3001 4224 3335 4292 confessione.
3373 4223 3426 4278 ln
3473 4239 3573 4276 ms.
3607 4233 3693 4278 est
3730 4241 3790 4279 ac

2199 4293 2534 4365 confessione,
2561 4293 2817 4348 mendose
2843 4311 2855 4346 :
2879 4294 2996 4365 lego
3015 4311 3077 4348 ac
3092 4297 3440 4365 confessione;
3469 4294 3519 4349 id
3541 4303 3643 4359 est,
3667 4294 3794 4351 Gal-

2120 4380 2175 4441 D
2202 4363 2322 4441 lice,
2352 4379 2697 4441 srtns_aucune
2723 4379 2907 4441 preuve
2931 4363 3254 4441 de_témoins,
3287 4375 3334 4420 et
3374 4382 3492 4419 sans
3521 4365 3628 4420 etre
3668 4384 3796 4422 con-

2197 4436 2406 4507 vaincus
2441 4435 2661 4488 d‘aucun
2693 4435 2846 4488 crime
2875 4453 2969 4502 par
2998 4435 3108 4488 leur
3134 4452 3319 4507 propre
3346 4452 3492 4490 aveu.

2268 4505 2376 4560 Sed
2404 4508 2652 4576 gregatim
2673 4507 2985 4560 circumdato
3006 4507 3112 4576 igni
3136 4505 3561 4561 'amburebantur.
3596 4508 3685 4563 Sic
3715 4508 3793 4564 lc-

2230 4591 2263 4630 ο
2287 4576 2376 4630 sed
2393 4573 2420 4640 ,⁷
2441 4573 2538 4646 ριῖὸ
2564 4586 2645 4644 et,
2693 4577 2834 4646 quod
2862 4573 3042 4632 ortum
3078 4577 3289 4632 videtur
3316 4578 3367 4632 in
3413 4593 3516 4632 ms.
3567 4593 3664 4647 pro
3692 4589 3786 4634 set.

2235 4647 2527 4718 ircumdare
2569 4659 2622 4702 et
2652 4648 2842 4701 ambire
2890 4648 3030 4702 idem
3079 4660 3161 4702 est
3191 4666 3204 4702 :
3234 4650 3363 4718 quid
3393 4649 3493 4704 sibi
3528 4650 3641 4703 vult
3665 4664 3789 4703 cum

2193 4717 2508 4790 circumdato
2537 4717 2910 4790 ambiebantur,
2934 4717 3076 4790 quod
3107 4728 3190 4774 est
3210 4717 3267 4773 in
3294 4719 3487 4775 editis?
3515 4719 3657 4790 Lege
3681 4737 3792 4773 am-

2191 4787 2544 4842 burebantur:
2575 4789 2719 4858 quod
2760 4789 2925 4844 verbo
2952 4787 3286 4844 Lactantius
3315 4805 3421 4844 non
3453 4805 3560 4845 uno
3588 4787 3641 4845 in
3673 4795 3791 4845 loco

2193 4861 2380 4930 utitur,
2408 4869 2464 4914 et
2481 4861 2746 4930 praecipue
2763 4858 2858 4914 lib.
2879 4875 2969 4927 vn,
3007 4861 3122 4914 Div.
3145 4860 3342 4924 lnstit.,
3368 4876 3490 4930 cap.
3523 4862 3588 4916 17
3613 4878 3628 4916 :
3656 4859 3792 4915 Pro-

2190 4929 2332 5002 cedet
2375 4931 2510 5002 ignis
2554 4931 2616 4983 de
2645 4946 2733 4984 ore
2761 4932 2892 5002 ejus,
2916 4941 3068 4997 atque
3103 4946 3354 4986 uanas?
3381 4929 3560 4998 illum;
3588 4941 3645 4988 et
3665 4947 3786 5002 cap.

2189 5001 2717 5125 Ziverstringentur
2755 5000 2883 5072 igni,
2916 5012 3068 5072 atque
3092 5017 3475 5058 AIBURBNTUR.

2320 5087 2347 5125 e
2385 5072 2470 5124 cui
2494 5080 2694 5125 temere.
2739 5080 2846 5124 etc.
2875 5071 3125 5125 Temere.
3151 5073 3475 5125 incoaitanti:

2320 5087 2347 5125 e
2385 5072 2470 5144 cui
2494 5080 2694 5144 temere,
2739 5071 2846 5124 etc.
2875 5071 3125 5144 Temere,
3151 5073 3520 5144 incogitantia,
3553 5072 3786 5144 Gallice,

2188 5159 2284 5214 par
2308 5141 2576 5214 rmégarde,
2605 5158 2726 5214 sana
2748 5159 2781 5212 y
2813 5158 3010 5214 penser.
3036 5143 3120 5214 iNe
3164 5141 3303 5200 forte
3337 5145 3566 5214 alicujus
3596 5143 3754 5199 Chris

2188 5211 2318 5286 tiani
2344 5227 2562 5286 causam
2595 5212 2808 5286 judices
2837 5213 3208 5286 imprudenter
3241 5211 3510 5280 audirent,
3533 5231 3598 5271 ac
3635 5215 3750 5286 diju

2186 5283 2448 5338 dicarent.
2477 5283 2592 5350 Qua
2617 5285 2686 5338 de
2725 5299 2784 5339 re
2809 5283 2930 5339 vide
2959 5284 3095 5341 Acta
3125 5285 3308 5358 Crisp.
3332 5286 3474 5362 apud
3501 5283 3784 5344 Mabillon.

2185 5354 2430 5408 Analect.
2465 5363 2594 5408 tom.
2623 5355 2679 5410 5.

2237 5363 2430 5408 nalect.
2465 5363 2594 5408 tom.
2623 5363 2679 5408 5.

2256 5421 2326 5497 In
2366 5425 2669 5497 secretariis.
2716 5424 2773 5480 In
2826 5423 3004 5482 Curiis
3054 5427 3419 5497 judicialibus.
3494 5428 3784 5484 Secretarta

2183 5495 2330 5569 enim
2359 5495 2574 5569 fuerunt
2602 5497 2818 5569 proprie
2845 5497 2963 5553 loca
2986 5495 3277 5569 inquibus
3316 5501 3526 5568 judices
3563 5500 3631 5555 de
3655 5514 3783 5553 cau-

2183 5566 2258 5640 sis
2287 5566 2534 5640 civilibus
2556 5610 2568 5628 ,
2601 5567 2684 5621 vel
2725 5566 3114 5640 criminalihus‘
3141 5566 3533 5640 cognoscebant
3554 5612 3568 5636 ,
3619 5570 3781 5626 sedeo

2473 5639 2729 5764 Daunum.
2753 5668 2823 5679 -—
2850 5640 2923 5695 De
2941 5635 3259 5696 Secretariis
3280 5642 3402 5698 vide
3420 5635 3561 5699 Cod.
3579 5642 3674 5699 lib.
3700 5657 3780 5709 tu,

2207 5725 2222 5764 ι
2253 5725 2282 5764 ιι
2312 5747 2326 5762 .
2433 5751 2448 5764 .
2505 5753 2513 5762 .
2550 5728 2584 5764 o

2185 5713 2326 5764 titul.
2357 5713 2448 5776 at,
2481 5713 2513 5764 1.
2550 5713 2584 5764 5
