4058 6188
305 314 414 374 317

1448 317 1649 377 LIBER
1691 317 1778 375 DE
1819 318 2027 378 MOR'I‘.
2067 321 2448 382 PERSECU'I‘.

3495 327 3603 390 218

306 432 439 489 deos
465 429 730 488 adiretur.
760 430 937 488 Etiam
986 430 1185 490 littera:
1211 433 1280 491 ad
1321 434 1702 492 Maximianum
1743 446 1902 505 atque
1928 446 1983 502 Α
2007 454 2128 496 cum
2161 441 2442 497 incidisses
2471 441 2526 499 in
2557 441 2865 502 Flaccinum
2895 441 3206 516 praelectum
3228 487 3244 514 ,
3294 462 3400 503 non
3433 447 3600 517 pusil-

306 528 681 584 Constantium
712 523 1168 593 commeaverant,
1203 538 1262 584 ut
1282 529 1469 585 eadem
1501 529 1758 586 facerent.
1790 529 1901 584 Eo-

306 635 426 675 rum
457 621 727 676 sententia
758 622 814 676 in
845 621 1008 677 tantis
1037 623 1201 677 rebus
1230 631 1512 694 expectata
1539 639 1647 679 non
1672 632 1808 678 erat.
1840 624 1909 679 Et

305 714 524 785 quidem
558 730 726 770 senex
749 698 1106 770 Maximianus
1146 715 1318 770 libens
1348 717 1522 785 paruit
1547 731 1642 786 per
1673 715 1902 783 Italiam,

303 808 472 863 homo
499 822 610 862 non
635 808 774 862 adeo
801 808 1061 863 clemens.
1101 807 1236 862 Nam
1280 805 1648 875 Constantius,
1682 823 1750 864 ne
1797 808 1909 863 dis-

305 903 512 957 sentire
545 917 573 957 a
597 901 862 971 majorum
885 902 1170 971 praeceptis
1192 901 1484 968 videretur,
1509 901 1907 968 conventicula,

305 996 357 1051 id
390 1005 496 1060 est,
529 995 780 1063 parietes,
834 995 923 1066 qui
963 995 1175 1051 restitui
1205 1003 1473 1064 poterant,
1521 994 1662 1049 dirui
1717 1008 1908 1064 passus

307 1097 392 1143 est
418 1107 432 1142 ;
463 1104 653 1142 verum
677 1098 855 1143 autem
881 1088 975 1143 Dei
1007 1088 1288 1159 templum,
1319 1087 1460 1158 quod
1485 1096 1568 1143 est
1594 1089 1649 1142 in
1676 1086 1908 1142 homini-

305 1179 430 1246 bus,
455 1179 729 1235 incolume
753 1181 1007 1235 servavit.

1034 1272 1174 1328 XVI.

378 1363 694 1418 Vexabatur
724 1379 854 1435 ergo
884 1364 1130 1420 universa
1177 1375 1339 1430 terra,
1370 1375 1424 1420 et
1454 1374 1650 1435 praeter
1679 1365 1904 1431 Gallias,

300 1455 374 1510 ab
404 1455 631 1510 Oriente
682 1471 850 1526 usque
877 1456 946 1511 ad
975 1471 1225 1512 occasum
1257 1467 1367 1513 tros
1393 1457 1759 1514 acerbissima:
1787 1458 1911 1514 bes-

304 1549 396 1604 tia:
429 1549 747 1603 saeviebant.

400 1663 509 1726 ἔοι]
536 1662 653 1710 mihi
686 1661 726 1711 si
750 1661 931 1726 linguis
953 1670 1151 1726 centum
1171 1663 1269 1713 sint
1288 1676 1473 1726 oraque
1491 1671 1711 1726 centum,

401 1725 592 1790 ferrea
617 1738 731 1781 vox,
755 1725 926 1773 omnes
947 1725 1189 1774 scelerum
1209 1725 1568 1790 comprendere
1592 1725 1790 1790 formas,

403 1787 574 1837 Omnia
597 1799 847 1849 pceuarum
873 1801 1168 1850 percurrere
1185 1787 1379 1838 nomina
1405 1789 1600 1850 possim,

297 1906 442 1958 quas
465 1893 678 1962 judices
708 1909 804 1961 per
831 1895 1132 1963 provincias
1147 1896 1309 1964 justis
1333 1907 1494 1967 atque
1527 1898 1906 1954 innocentibus

295 1983 631 2037 intulerunt.
675 1983 866 2039 Verum
897 1986 1023 2054 quid
1054 2002 1188 2056 opus
1217 1997 1302 2042 est
1330 1989 1416 2042 illa
1449 2006 1689 2056 narrare,
1715 1991 1906 2060 praeci-

295 2091 412 2145 pue
445 2076 565 2139 tibi,
602 2076 806 2131 Donate
831 2079 1128 2140 carissime,
1162 2079 1253 2149 qui
1284 2092 1479 2150 praeter
1506 2091 1733 2137 caeteros
1763 2093 1903 2138 tem-

295 2179 571 2238 pestatem
631 2170 860 2225 turbida:
899 2173 1292 2241 persecutionis
1329 2186 1586 2246 expertus
1626 2176 1722 2231 es?
1766 2176 1900 2231 Nam

2011 533 2122 590 lum
2154 535 2497 604 homicidam,
2529 538 2722 596 deinde
2740 542 2794 596 in
2826 540 3126 597 Hieroclem
3145 557 3210 597 ex
3227 540 3441 597 Vieario
3459 543 3603 599 Prte-

2011 626 2204 695 sidem,
2235 629 2324 699 qui
2354 639 2510 685 autor
2535 641 2590 686 et
2617 632 2955 688 consiliarius
2983 634 3050 688 ad
3079 633 3378 688 faciendam
3409 650 3594 703 perse-

2010 723 2279 778 cutionem
2299 723 2416 788 fuit,
2451 734 2722 795 postremo
2753 728 2806 781 in
2822 726 3213 782 Priscillianum
3232 741 3600 782 successorem

2011 816 2148 884 ejus,
2181 816 2562 873 documentum
2592 819 2841 873 omnibus
2871 819 3084 873 invictm
3112 817 3441 873 fortitudinis
3472 834 3600 889 prte-

2010 908 2194 964 buisti.
2226 908 2418 965 Novies
2455 911 2598 966 enim
2639 911 2921 966 tormentis
2963 910 3400 981 cruciatibusque
3438 911 3602 968 variis

2011 1001 2302 1071 subjectus,
2359 1002 2544 1058 novies
2587 1003 2954 1058 adversarium
2983 1002 3220 1073 gloriosa
3260 1002 3603 1059 confessione

2011 1096 2205 1150 vicisti.
2240 1095 2441 1150 Novem
2475 1096 2670 1166 praeliis
2701 1096 2950 1152 zabulum
2979 1111 3100 1152 cum
3131 1097 3450 1153 satellitibus
3488 1098 3602 1154 suis

2011 1185 2294 1243 debellasti
2321 1205 2334 1240 :
2368 1202 2562 1242 novem
2590 1189 2829 1245 victoriis
2856 1189 3099 1246 seculum
3126 1203 3252 1245 cum
3281 1190 3394 1245 suis
3424 1201 3602 1246 terro-

2012 1280 2158 1336 ribus
2189 1281 2550 1350 triumphasti.

2083 1439 2257 1505 Quam
2284 1439 2576 1511 jucundum
2627 1440 2755 1496 illud
2784 1443 3148 1513 spectaculum
3181 1443 3290 1499 Deo
3314 1443 3440 1508 fuit,
3473 1459 3598 1499 cum

2014 1530 2268 1585 victorem
2295 1540 2346 1586 te
2373 1542 2638 1595 cerneret,
2671 1549 2776 1588 non
2807 1534 3063 1590 candidos
3087 1550 3275 1606 equos,
3308 1537 3605 1592 autimma-

2014 1637 2113 1676 nes
2143 1623 2480 1691 elephantos,
2511 1624 2607 1678 sed
2639 1625 2784 1694 ipsos
2819 1627 3154 1695 potissimum
3186 1627 3605 1696 triumphatores

2013 1718 2192 1771 currui
2246 1726 2336 1771 tuo
2369 1717 2901 1788 subjugantem?ﬂic
2927 1729 3011 1774 est
3060 1735 3219 1775 verus
3275 1721 3601 1791 triumphus,

1936 1846 1984 1909 Β
2014 1823 2132 1863 cum
2161 1809 2526 1863 dominatores
2551 1809 2917 1864 dominantur.
2951 1809 3083 1865 Victi
3122 1811 3266 1866 enim
3295 1823 3379 1866 tua
3407 1811 3606 1868 virtute

2009 1914 2072 1954 ac
2103 1900 2370 1974 subjugati
2423 1903 3037 1974 sunt;quaudoquidem
3085 1902 3312 1958 nefanda
3365 1903 3606 1971 jussione

2006 2003 2336 2064 contempta,
2375 2011 2562 2051 omnes
2589 2007 2878 2068 apparatus
2905 2013 2969 2052 ac
3001 1997 3285 2053 terriculas
3313 1999 3606 2068 tyrannicas

2007 2089 2289 2159 potestatis
2313 2089 2416 2144 lide
2437 2089 2617 2144 stabili
2657 2097 2712 2144 et
2740 2090 2939 2147 robore
2968 2091 3132 2144 animi
3170 2089 3483 2160 proﬂigasti.
3509 2089 3606 2146 Ni-

2005 2179 2083 2234 hil
2112 2182 2374 2237 adversus
2427 2190 2479 2238 te
2508 2183 2756 2252 verbera,
2783 2183 2919 2240 nihil
2973 2183 3210 2257 ungulae,
3254 2184 3391 2242 nihil
3442 2184 3604 2257 ignis,

1631 2289 1993 2349 VARIURUM
2032 2293 2264 2352 NOTAE.

377 2399 576 2476 Etiam.
609 2400 699 2457 Sic
727 2416 852 2476 επιξιῖ
881 2410 936 2456 at
961 2401 1091 2458 editi
1137 2403 1338 2460 habent
1383 2405 1590 2475 et'jam,
1623 2405 1767 2476 quod
1810 2406 1911 2461 mi-

295 2487 413 2525 nus
448 2471 588 2527 bene
622 2484 769 2542 putat
794 2473 1096 2529 Heumann.

374 2559 667 2636 Enpectata
710 2580 811 2617 non
850 2574 977 2618 erat.
1024 2563 1082 2619 Id
1111 2573 1215 2632 est,
1271 2580 1376 2620 non
1408 2568 1811 2636 expectabatur.
1847 2569 1908 2623 In

295 2648 413 2686 ms.
451 2634 644 2702 legitur
673 2645 915 2703 spectata.

379 2703 562 2758 Senex
587 2704 950 2759 Maximianus.
980 2705 1198 2760 Scilicet
1219 2705 1572 2761 Maximianus
1605 2707 1906 2764 Herculius.

381 2773 514 2829 Non
546 2777 670 2830 adeo
714 2777 950 2831 clemens.
989 2777 1061 2830 De
1096 2778 1391 2845 asperitate
1419 2787 1472 2831 et
1502 2778 1704 2832 saevitia
1739 2780 1906 2834 Maxi-

296 2847 479 2900 miani
516 2848 747 2900 Herculii
796 2849 914 2901 vide
945 2848 1254 2916 Eutropium
1290 2849 1439 2901 libris
1471 2865 1517 2902 Ix
1548 2857 1601 2904 et
1633 2865 1689 2903 x.

375 2918 732 2989 Qonstantius.
765 2918 1004 2972 Prmerat
1053 2919 1238 2974 Galliis
1266 2929 1320 2972 et
1350 2919 1552 2989 Magna:
1586 2921 1898 2976 Britanniae.

377 2987 688 3042 Dissentire.
725 2989 820 3042 Ms.
858 2989 1011 3044 habet
1043 2990 1308 3043 desentire.

386 3058 671 3130 Majorum.
703 3060 756 3114 Id
787 3070 889 3128 est,
923 3063 1283 3131 Augustorum
1303 3102 1316 3126 ,
1348 3060 1440 3132 qui
1469 3061 1771 3119 Ctesaribus
1812 3077 1904 3118 su-

289 3132 561 3200 periores
589 3141 760 3186 erant.

377 3200 677 3273 Parietes...
709 3202 844 3254 dirui
866 3218 1046 3269 passus
1075 3212 1168 3256 est.
1192 3202 1378 3273 Itaque
1400 3203 1668 3260 Ecclesias
1695 3206 1746 3258 in
1773 3223 1907 3259 non-

293 3271 478 3345 nullis
509 3271 795 3345 G_a_lliarum
849 3274 981 3345 locis
1022 3274 1158 3328 dirui
1209 3271 1396 3342 passus
1443 3285 1544 3336 est,
1580 3277 1724 3330 nullo
1748 3277 1910 3345 jussit

287 3344 512 3415 edicto.
543 3343 732 3415 Sicque
759 3343 1020 3398 Eusebius
1067 3345 1346 3400 Lactantio
1400 3361 1503 3400 non
1549 3343 1906 3415 Contradicit,

291 3423 356 3467 ut
397 3414 720 3486 existimavit
750 3416 1015 3486 Baiuztus.
1055 3415 1182 3470 Vide
1209 3416 1326 3469 Not.
1359 3416 1616 3486 ejusdem.

394 3482 584 3537 Verum
607 3495 773 3539 autem
797 3485 890 3538 Dei
910 3488 1169 3554 templum.
1202 3487 1255 3540 Id
1284 3482 1400 3553 est,
1420 3489 1687 3542 hominem
1735 3489 1908 3543 chris-

291 3558 544 3630 tiatttltn.
575 3555 705 3611 Vide
727 3557 1078 3630 Lactantium,
1100 3558 1211 3630 Div.
1249 3557 1479 3611 lnstitut.
1509 3559 1602 3614 lib.
1632 3575 1683 3625 v,
1708 3575 1824 3630 cap.
1851 3562 1904 3626 8,

289 3636 352 3681 et
392 3626 488 3679 lib.
519 3640 588 3688 vt,
620 3643 737 3696 cap.
767 3627 840 3681 25
866 3645 878 3681 :
910 3628 1098 3682 Secum
1125 3628 1340 3694 denique
1382 3629 1562 3683 habeat
1593 3631 1752 3684 Deum
1773 3626 1909 3684 sem-

292 3714 397 3765 per
435 3698 493 3749 in
529 3697 671 3751 corde
705 3715 800 3754 suo
845 3709 1225 3766 consecratum,
1253 3701 1494 3768 quoniam
1530 3701 1639 3771 ipse
1682 3712 1752 3756 est
1808 3703 1909 3758 DEI

292 3783 588 3823 TEIPLUI.

372 3840 641 3894 Umoersa
671 3849 826 3892 terra.
860 3839 917 3894 Id
945 3849 1049 3905 est,
1084 3840 1382 3895 Romanum
1414 3839 1724 3910 Imperium.

364 3910 870 3982 Tresracerbissimw
893 3912 1063 3964 bestia:
1096 3911 1388 3966 steviebant.
1415 3912 1489 3966 Ita
1515 3913 1653 3982 apud
1681 3913 1909 3970 Lactan-

290 3981 434 4035 tium
467 3981 610 4045 l)iv.,
631 3981 866 4036 Institut.
895 3983 989 4037 lib.
1025 3999 1100 4045 Vl,
1132 3998 1250 4052 cap.
1281 3983 1335 4048 6,
1358 3981 1744 4038 Dominationes
1765 4001 1907 4038 acer-

287 4053 403 4116 bte;
439 4061 505 4106 et
534 4051 620 4106 lib.
655 4068 748 4116 vit,
774 4068 894 4121 cap.
928 4053 984 4116 9,
1018 4055 1186 4107 acerbi
1200 4051 1406 4108 census.
1440 4055 1560 4109 Ista:
1591 4065 1766 4108 autem
1807 4067 1909 4112 tres

287 4122 648 4177 acerbissimae
689 4123 861 4177 bestia:
895 4134 1048 4178 erant
1094 4125 1475 4190 Diocletianus,
1525 4125 1903 4193 Maximianus,

290 4193 629 4258 Herculius,
687 4204 740 4248 et
791 4194 1035 4250 Galerius
1092 4195 1468 4250 Maximianus.
1514 4195 1904 4251 Constantium

285 4267 446 4319 enim
484 4262 672 4318 Galliis
716 4267 1068 4335 imperantem
1116 4282 1223 4320 non
1256 4269 1403 4335 ponit
1435 4268 1485 4320 in
1529 4283 1754 4322 numero
1784 4283 1906 4336 pcr-

283 4345 634 4389 secutorum.
673 4336 975 4391 Lactantius
1020 4337 1114 4392 lib.
1149 4352 1182 4388 v
1205 4379 1219 4402 ,
1259 4352 1308 4390 ε.
1339 4339 1415 4390 2ε
1449 4336 1559 4392 Nec
1597 4339 1846 4394 immerito
1876 4357 1908 4393 a

284 4406 584 4480 Prophetis
599 4422 796 4462 ηδτ-ιε
813 4409 1158 4461 nominantur.
1171 4449 1183 4461 .
1197 4450 1210 4463 .
1235 4410 1773 4480 Aspernanturiitaque
1789 4427 1905 4465 cor-
1936 4452 1938 4454 τ

1929 4516 1985 4576 D

280 4495 425 4549 pora
449 4477 757 4540 belluarum,
775 4481 957 4548 quibus
970 4487 1085 4531 sunt
1107 4479 1204 4549 ipsi
1225 4494 1518 4534 scvmnes.
1545 4477 1756 4537 Nam...
1781 4497 1898 4548 qua:

285 4548 576 4623 Hyrcania
598 4551 987 4623 turrt_i_mmanes,
1010 4559 1113 4602 tam
1129 4548 1133 4549 ⁷
1152 4552 1514 4620 sanguinarias
1536 4569 1762 4623 unquant
1783 4569 1904 4607 ess-

283 4617 418 4674 τιλε
445 4619 660 4672 aluit?..
697 4617 803 4673 Illa
831 4629 905 4673 est
944 4636 1060 4672 vera
1102 4617 1320 4678 essm.
1347 4623 1498 4690 cujus
1536 4617 1642 4675 una
1677 4624 1906 4688 jussione

286 4690 550 4815 forming
577 4700 684 4745 ater
725 4693 909 4764 ubique
948 4706 1124 4758 cruor,
1167 4702 1272 4746 etc.
1304 4692 1444 4748 Vide
1471 4707 1634 4764 supra
1663 4692 1786 4748 Not.
1836 4694 1906 4750 ad

286 4774 468 4815 cantu
539 4800 553 4813 .

285 4774 468 4816 cantu
500 4774 553 4815 Β.

363 4779 553 4886 glria}?
576 4830 760 4901 Virgil.
795 4849 872 4895 vr,
898 4831 1142 4897 Eneid.,
1167 4847 1220 4885 v.
1254 4831 1381 4887 625.

371 4903 726 4977 Possim._Sic
764 4905 972 4977 restitui
1000 4919 1065 4958 ex
1097 4918 1199 4977 _ms.
1233 4902 1566 4969 Colbertino,
1598 4913 1652 4959 et
1677 4903 1756 4962 sic
1784 4905 1904 4977 lego

281 4989 422 5047 cum
462 4973 703 5043 Virgilio,
734 4987 788 5047 et
817 4975 1032 5045 quidem
1061 4975 1339 5047 eleganter
1379 4989 1475 5044 pro
1504 4991 1723 5047 possem,
1756 4973 1903 5047 quod

285 5045 490 5101 ferunt
520 5061 707 5117 omnes
735 5043 995 5101 Lactantii
1024 5045 1324 5104 editiones:
1351 5043 1580 5113 exempli
1604 5043 1798 5117 gratia,
1821 5049 1904 5104 hic

280 5119 332 5172 si
380 5122 480 5180 sis,
513 5115 660 5169 aliter
679 5120 888 5182 sentias,
921 5133 1017 5186 pro
1045 5117 1127 5170 hic
1167 5117 1212 5170 si
1250 5133 1405 5180 esses,
1447 5115 1863 5174 aliter'sentires.

370 5188 544 5253 Quas.
593 5186 687 5240 Ms.
717 5204 852 5258 quae,
883 5190 1048 5250 male;
1101 5202 1276 5258 neque
1319 5188 1461 5243 enim
1492 5187 1680 5243 referri
1728 5198 1906 5258 potest

284 5259 358 5311 ad
393 5259 627 5312 nomina.
660 5258 970 5329 Legendum
1003 5257 1244 5329 profecto
1271 5275 1422 5330 quos,
1447 5257 1739 5315 referendo
1759 5261 1824 5314 ad
1847 5261 1906 5318 τό

279 5345 594 5394 partarum.

373 5400 592 5454 Donate.
640 5401 878 5454 Donatus
926 5400 1016 5454 ille
1053 5408 1138 5456 est
1165 5399 1429 5455 Lactantii
1459 5401 1631 5455 nostri
1676 5403 1899 5468 amicus,

279 5470 524 5526 illustris
551 5470 747 5525 Christi
810 5471 1119 5538 confessor,
1169 5471 1260 5541 qui
1291 5472 1392 5527 sub
1422 5471 1590 5527 tribus
1619 5471 1904 5528 Iudicibus

282 5542 488 5596 novie~
519 5551 710 5606 tortos,
739 5541 808 5596 de
835 5543 1052 5598 diabolo
1083 5542 1416 5612 triumphans
1447 5559 1476 5598 e
1505 5558 1726 5600 carcere
1755 5543 1896 5599 liber

279 5615 555 5668 dimissus
593 5623 695 5667 est.

375 5682 679 5755 είηετῑηαηι
704 5688 1005 5753 pricfectum
1053 5685 1267 5739 Scilicet
1290 5685 1576 5755 Bithyniae.

373 5753 686 5809 Hieroclem.
715 5756 981 5826 Bithynia:
1011 5756 1320 5810 Prtesitlem.

367 5826 563 5882 Auctor
603 5827 992 5883 etcomiliarius
1043 5830 1112 5882 ad
1140 5829 1428 5902 faciendam
1477 5828 1897 5901 persecutionem.

2022 2410 2427 2488 Persecutionem
2456 2421 2638 2485 facere,
2672 2418 2883 2485 phrasis
2913 2419 3012 2473 fuit
3036 2420 3248 2475 illorum
3277 2430 3600 2488 temporum.

2013 2484 2324 2543 Lactantius
2353 2489 2446 2544 lib.
2478 2506 2512 2541 v
2541 2484 2657 2543 Div.
2678 2484 2884 2557 Iusut.,
2913 2506 3033 2559 cap.
3081 2494 3168 2544 ll.
3198 2493 3345 2546 Alius
3375 2484 3606 2548 eamdem

2014 2558 2278 2630 materiam
2331 2561 2618 2614 mordacius
2649 2563 2878 2630 scripsit,
2912 2563 2996 2630 qui
3035 2572 3141 2616 erat
3185 2573 3293 2615 tum
3333 2580 3360 2616 e
3392 2579 3606 2617 numero

2002 2627 2284 2698 judicium,
2309 2641 2356 2684 et
2375 2647 2460 2695 om
2488 2646 2702 2686 aucron
2739 2627 2792 2686 in
2837 2627 3016 2703 primis
3043 2647 3316 2688 notemus;
3343 2649 3608 2691 praesecu-

2014 2713 2188 2753 TIONIS
2213 2716 2356 2755 FUIT.

2092 2768 2497 2848 Priscillianum.
2529 2773 2794 2848 Bithynize
2847 2773 3130 2845 praesidem
3181 2788 3249 2830 ex
3295 2775 3601 2848 menologio

2011 2837 2252 2899 Graecor.
2277 2842 2341 2896 ad
2365 2844 2508 2898 diem
2546 2845 2610 2900 12
2635 2845 2802 2900 Junii.

2081 2910 2358 2968 Zabulum.
2388 2915 2445 2970 Id
2471 2926 2573 2979 est,
2603 2917 2878 2970 diabolum.
2909 2915 3052 2970 Nihil
3091 2916 3358 2983 vulgatius
3385 2917 3437 2972 in
3462 2921 3606 2973 anti-

2010 2983 2128 3057 quis
2154 2984 2463 3057 libristnss.
2497 3003 2654 3056 quam
2681 3003 2780 3041 vox
2809 2986 3000 3052 sabuli,
3032 2986 3110 3041 vel
3140 2987 3326 3053 soboli,
3361 3004 3456 3057 pro
3481 2990 3602 3043 dia-

2011 3053 2151 3117 boli;
2174 3055 2415 3127 subolici,
2447 3053 2546 3127 pro
2572 3058 2829 3112 diabolici.
2864 3057 2937 3112 Ita
2971 3059 3169 3126 passim
3198 3061 3336 3125 apud
3361 3053 3466 3116 ’SS.
3503 3061 3609 3115 Pa-

1933 3125 1978 3189 C
2014 3133 2141 3196 tres.
2173 3125 2303 3181 Vide
2329 3125 2513 3182 Νοιξὲ
2538 3129 2604 3183 ad
2638 3145 2828 3184 novam
2868 3130 3100 3196 Operum
3144 3129 3202 3185 S.
3243 3129 3451 3186 Paulini
3499 3131 3608 3188 No-

2012 3193 2116 3248 lani
2147 3196 2197 3250 .I.
2228 3197 2286 3252 Β.
2316 3201 2362 3252 Ie
2399 3199 2540 3254 Bruti
2565 3201 2876 3264 editionem,
2908 3193 3077 3254 Paris.
3102 3215 3188 3254 an.
3223 3200 3382 3256 I685.

2083 3267 2329 3322 Secutum
2347 3287 2462 3325 cum
2483 3272 2872 3326 suisterroribus
2893 3271 3239 3341 triumphasti.
3263 3270 3608 3340 Triumphare

2011 3353 2136 3414 cum
2159 3351 2351 3414 quarto
2381 3357 2506 3396 casu
2539 3342 2696 3397 etiam
2729 3343 3074 3414 Lactantiana
3103 3344 3266 3396 dictio
3291 3354 3368 3397 est
3389 3345 3527 3414 ;‘|ib.
3551 3358 3609 3399 tv

2013 3407 2187 3462 Instit.
2216 3429 2228 3464 :
2265 3410 2477 3483 Mortem
2505 3431 2621 3468 cum
2648 3415 2754 3467 suis
2776 3411 3053 3466 terroribus
3099 3409 3472 3483 triumpharet;
3513 3416 3606 3470 lib.

2009 3494 2080 3544 vr,
2114 3496 2232 3549 cap.
2265 3482 2364 3538 25:
2387 3483 2488 3537 Hic
2516 3494 2702 3539 terram
2733 3486 3094 3552 triumphabt't;
3128 3482 3384 3552 Epitom.,
3409 3501 3457 3540 c.
3492 3488 3560 3540 46
3589 3504 3604 3541 :

2009 3552 2340 3618 triumphubit
2368 3557 2632 3624 captivos;
2672 3556 2832 3618 ibid.,
2867 3569 2918 3608 c.
2951 3556 3010 3608 51
3054 3574 3065 3606 :
3094 3555 3221 3607 Cum
3251 3557 3452 3608 videant
3486 3557 3607 3611 deos

2008 3636 2130 3675 suos
2157 3640 2246 3695 per
2296 3625 2598 3679 Cruccmab
2647 3626 2933 3680 hominibus
2985 3626 3324 3695 triumphari;
3367 3627 3606 3694 tandem,

2009 3706 2126 3760 cap.
2155 3694 2224 3748 66
2260 3714 2272 3749 :
2301 3695 2634 3763 Triumphalo
2664 3697 2867 3750 sazculo.

2085 3765 2252 3839 Quam
2284 3768 2570 3838 jucundum
2613 3766 3130 3839 illudspectaculum
3180 3765 3291 3839 Deo
3334 3768 3453 3839 fuit.
3501 3765 3607 3839 Cy-

2011 3835 2250 3908 prianus,
2273 3835 2360 3907 ep.
2387 3839 2420 3892 9
2442 3856 2453 3891 :
2482 3839 2526 3891 0
2551 3840 2699 3907 quale
2723 3838 2854 3890 illud
2877 3839 2972 3908 fuit
2998 3835 3341 3907 spectaculum
3355 3835 3608 3894 Domino!
3655 3865 3672 3881 ι

2082 3905 2414 3974 Elephantos.
2456 3905 2587 3963 Nam
2641 3920 2695 3964 et
2721 3905 3033 3977 elephantos
3065 3909 3128 3961 ad
3162 3924 3376 3963 currum
3405 3911 3606 3978 junxe-

2010 3987 2136 4052 rpnt
2159 3980 2383 4049 antiqui,
2417 3990 2473 4035 ttt
2509 3991 2655 4052 patet
2681 3996 2746 4035 ex
2780 3979 3083 4046 Lampridio
3113 3980 3166 4033 in
3202 3980 3317 4034 Vita
3349 3981 3608 4036 Antonini

2011 4047 2360 4117 Heliogabali,
2392 4061 2446 4106 et
2472 4047 2534 4106 ex
2566 4053 2684 4108 aliis
2711 4053 2864 4106 locis.
2899 4051 3100 4105 Auctor
3140 4062 3224 4106 est
3253 4052 3470 4107 FlaviUs
3505 4053 3608 4106 Vo.

2012 4119 2190 4193 piscus
2238 4121 2289 4176 in
2323 4124 2616 4193 triumpho.
2649 4140 2808 4192 quem
2859 4123 3178 4176 Aurelianus
3207 4125 3315 4193 egit
3339 4125 3405 4178 de
3435 4123 3608 4177 Zeno-

2011 4190 2094 4264 bia
2125 4202 2179 4246 et
2207 4193 2439 4256 'l‘etrico.
2473 4190 2788 4263 elephantos
2826 4193 3015 4264 viginti
3072 4190 3436 4262 prteccsisse.
3473 4194 3608 4250 Vide

2010 4261 2365 4325 Bulenaerum
2399 4266 2453 4319 in
2487 4261 2620 4320 libro
2641 4266 2708 4318 de
2738 4261 3086 4330 Triumphis,’
3103 4278 3223 4332 cap.
3257 4263 3349 4318 21.

2083 4333 2474 4407 subiugautem.
2513 4377 2525 4388 .
2562 4377 2574 4389 .
2608 4337 2863 4407 subjugatt
2895 4348 3042 4407 sunt.
3107 4335 3229 4388 llaec
3275 4335 3437 4407 verba
3486 4351 3608 4402 qum

2011 4406 2379 4460 eruditissimo
2423 4408 2537 4461 Nic.
2603 4405 2825 4461 Heinsio
2878 4405 3197 4473 displicent,
3258 4405 3606 4460 nihilominus

2013 4475 2352 4532 Lactantiana
2384 4487 2546 4543 sunt;
2596 4480 2673 4531 sic
2711 4479 2852 4531 enim
2887 4476 3005 4528 Div.
3040 4476 3209 4529 Instit.
3265 4475 3356 4529 lib.
3390 4492 3462 4530 vtt
3489 4479 3603 4530 ait:

2011 4546 2200 4602 Falsus
2252 4549 2409 4618 igitur
2440 4550 2752 4618 Aristippus,
2791 4547 2877 4618 qui
2902 4546 3157 4599 hominem
3205 4545 3478 4617 voluptati,
3509 4549 3605 4603 hoc

2009 4620 2270 4692 est.malo_,
2299 4631 2541 4690 tanquam
2570 4621 2813 4692 pecudem
2842 4633 3185 4692 suntincavt'r.

2079 4687 2205 4744 Cum
2229 4687 2580 4746 dominatores
2604 4693 2915 4744 dominatur.
2955 4689 3052 4742 llic
3081 4689 3340 4742 dominari
3371 4699 3454 4744 est
3485 4705 3608 4749 pas-

2007 4760 2120 4832 siva
2149 4762 2560 4832 signiﬁcatione,
2590 4773 2646 4818 ut
2673 4762 2811 4832 apud
2839 4759 3157 4815 Ciceronem
3187 4761 3238 4814 in
3270 4759 3408 4813 libro
3431 4776 3447 4813 1
3469 4761 3605 4815 Olli-

2007 4831 2216 4905 ciorutn
2245 4835 2322 4887 :0
2350 4836 2533 4889 domus
2557 4831 2789 4905 antiqua,
2813 4835 2912 4886 heu
2933 4849 3089 4902 quam
3110 4833 3319 4902 dispare
3341 4833 3608 4888 dominare

2009 4903 2216 4958 domino
2232 4906 2253 4958 !

2085 4974 2330 5044 Nefanda
2349 4978 2595 5046 iussione.
2621 4975 2712 5031 Sic
2734 4973 3041 5046 Lactantius
3066 4973 3185 5046 Div.
3209 4972 3383 5028 Instit.
3410 4974 3503 5030 lib.
3528 4991 3605 5039 tv,

2007 5060 2127 5115 cap.
2155 5046 2223 5100 I5
2247 5066 2259 5102 :
2296 5046 2458 5101 Verbo
2478 5065 2537 5101 ac
2558 5061 2803 5102 wssmus
2831 5045 3049 5114 faciebat
3071 5054 3125 5097 et
3150 5045 3240 5098 lib.
3269 5060 3324 5108 v,
3354 5060 3472 5111 cap.
3501 5048 3603 5101 l3:

2011 5116 2132 5171 Non
2175 5120 2468 5188 tyrannicas
2492 5133 2801 5177 wssrones;
2834 5126 2886 5169 et
2915 5115 3179 5188 ejusdem,
3211 5130 3328 5184 cap.
3369 5117 3427 5170 Il
3462 5135 3475 5171 :
3505 5115 3607 5171 Illa

2003 5198 2080 5242 est
2102 5187 2217 5243 vero
2239 5190 2414 5254 bestia,
2439 5192 2587 5258 cujus
2609 5206 2712 5242 una
2744 5201 2986 5243 JUsSIONE
3028 5187 3265 5254 funditur
3286 5197 3393 5238 ater
3417 5189 3606 5257 ubique

2005 5275 2177 5313 cruor.
2207 5260 2274 5314 Et
2304 5261 2462 5329 paulo
2480 5269 2618 5329 post,
2642 5275 2767 5326 quos
2789 5259 3049 5312 ministros
3073 5260 3260 5327 furoris
3281 5259 3457 5320 alieni,
3477 5276 3607 5326 quos

2005 5331 2246 5386 satellites
2268 5333 2440 5400 impia:
2473 5345 2727 5388 JUSSIONIS
2749 5330 3019 5384 necessitas
3060 5339 3149 5382 aut
3184 5330 3390 5391 invenit,
3416 5341 3505 5384 aut
3526 5332 3606 5400 {e-

2007 5403 2098 5455 cit.
2123 5402 2381 5458 Jussiom‘s
2405 5419 2527 5469 vox,
2545 5404 2697 5473 juxta
2735 5401 3018 5472 Cangium,
3054 5401 3472 5470 praceptionem
3501 5416 3606 5456 no-

2008 5482 2081 5528 tat
2111 5475 2340 5528 maxime
2370 5474 2648 5544 Principis.

2077 5544 2389 5598 Terriculas.
2447 5546 2498 5599 Id
2551 5541 2654 5610 est,
2711 5552 2970 5598 terrores.
3021 5541 3202 5597 Livius
3258 5541 3350 5596 lib.
3411 5557 3599 5606 xxxiv,

2005 5631 2123 5684 cap.
2160 5618 2219 5671 Il
2246 5634 2258 5669 :
2283 5615 2460 5672 Nullis
2480 5618 2650 5681 minis,
2694 5613 2852 5670 nullis
2895 5615 3148 5669 terriculis
3183 5628 3250 5684 se_
3286 5620 3466 5665 motos.
3521 5613 3600 5668 De

2009 5682 2106 5740 hac
2131 5703 2259 5741 voce
2288 5689 2371 5740 adi
2400 5688 2653 5754 Nonium.
3215 5682 3454 5754 Gonnus.

2082 5757 2229 5830 Nihil
2251 5762 2472 5825 ungulaz.
2510 5750 2750 5830 Ungulis,
2773 5772 2949 5830 genus
2974 5754 3240 5830 quoddam
3270 5753 3456 5808 ferrea:
3487 5750 3602 5830 for-

2007 5828 2165 5902 cipis,
2197 5823 2340 5886 inter
2380 5823 2644 5889 tormenia
2693 5823 2821 5890 olim
2868 5828 3140 5886 adhibitae.
3172 5823 3426 5901 Formam
3477 5823 3605 5900 vide
