4058 6188
470 299 580 364 223

1822 307 2012 368 FIRMI
2047 308 2411 371 LACTANTII

3653 308 3768 370 εει

470 433 622 477 cesse
647 429 749 476 est.
783 419 911 476 Erat
938 426 1116 476 autem
1143 417 1468 477 Maximiano
1497 420 1683 495 (filius)
1717 422 2016 478 Maxentius
2036 463 2052 489 ,
2082 427 2136 488 Α
2231 425 2295 482 G.
2327 426 2398 482 Ita
2426 427 2539 494 tlet,
2586 435 2646 482 ut
2689 441 2790 500 ego
2835 441 2944 485 non
2973 427 3176 500 possim
3207 428 3387 486 facere
3412 444 3534 502 quae
3561 433 3756 488 velim.

473 512 629 582 hujus
657 513 824 582 ipsius
849 511 1154 568 Maximiani
1193 529 1382 584 gener,
1429 515 1592 569 homo
1633 515 1949 585 perniciosae
1994 529 2060 571 ac

470 605 624 660 malae
652 606 865 666 utentis.
901 604 1040 660 adeo
1067 607 1330 676 superbus
1361 616 1415 660 et
1447 618 1756 672 contumax,
1787 617 1848 662 ut
1876 623 2053 678 neque

471 706 712 766 patrem,
768 712 944 766 neque
1002 713 1250 754 socerum
1309 698 1503 754 solitus
1562 699 1631 753 sit
1694 699 1942 756 adorare.
1992 700 2061 755 Et

469 789 675 845 idcirco
698 791 919 862 utrique
951 791 1162 848 invisus
1185 791 1305 846 fuit.
1331 792 1644 848 Constantio
1679 808 1892 864 quoque
1919 793 2062 850 filius

468 891 584 938 erat
608 881 1030 948 Constantinus,
1084 885 1460 940 sanctissimus
1499 883 1850 951 adolescens,
1882 893 1940 939 et
1967 885 2061 941 illo

469 975 683 1047 fastigio
727 977 1115 1047 dignissimus,
1163 977 1254 1048 qui
1301 976 1495 1049 insigni
1533 988 1588 1034 et
1629 977 1830 1034 decoro
1876 977 2062 1033 habitu

470 1070 737 1139 corporis,
768 1078 826 1125 et
851 1069 1114 1126 industria
1143 1069 1402 1136 militari,
1454 1080 1510 1125 et
1543 1069 1725 1140 probis
1776 1069 2016 1125 moribus
2041 1110 2056 1137 ,

471 1169 524 1216 et
548 1161 804 1216 comitate
833 1161 1112 1232 singulari,
1165 1176 1194 1214 a
1243 1161 1501 1216 militibus
1529 1171 1820 1227 amaretur,
1871 1177 1902 1217 a
1952 1160 2062 1232 pri-

468 1251 606 1307 vatis
648 1260 704 1308 et
743 1260 1040 1321 optaretur.
1073 1252 1311 1323 Eratque
1352 1263 1480 1308 tunc
1522 1267 1785 1322 praesens,
1811 1253 1923 1324 jam
1953 1254 2062 1324 pri-

467 1341 590 1398 dem
619 1357 647 1394 a
679 1342 1015 1400 Diocletiano
1041 1343 1218 1400 factus
1250 1345 1501 1401 tribunus
1527 1344 1733 1401 ordinis
1761 1345 1941 1417 primi.

543 1435 606 1489 D.
636 1435 774 1503 Quid
803 1451 933 1506 ergo
960 1437 1087 1492 lies?

537 1527 603 1584 G.
635 1529 750 1593 Ille,
781 1530 977 1598 inquit,
1009 1530 1206 1601 dignus
1235 1545 1346 1586 non
1372 1538 1474 1587 est.
1505 1530 1607 1599 Qui
1652 1529 1796 1586 enim
1835 1545 1925 1586 me
1954 1531 2065 1600 pri-

465 1629 620 1677 vatus
645 1623 1006 1694 contempsit;
1052 1621 1182 1695 quid
1212 1623 1409 1693 faciet,
1439 1638 1564 1680 cum
1589 1623 1875 1696 imperium
1903 1637 2064 1682 acce-

465 1718 601 1788 perit
615 1719 638 1772 ?

542 1811 604 1865 D.
633 1811 752 1879 llic,
777 1827 908 1868 vero
933 1820 988 1868 et
1012 1813 1260 1868 amabilis
1282 1822 1364 1869 est
1384 1855 1400 1880 ,
1446 1822 1503 1870 et
1544 1814 1616 1869 ita
1645 1813 2004 1884 imperaturus
2026 1854 2044 1882 ,

465 1913 535 1959 ut.
550 1913 702 1975 patre
727 1920 826 1962 suo
856 1907 1049 1962 melior
1071 1916 1128 1965 et
1147 1908 1464 1964 clementior
1483 1908 1776 1978 judicetur.

2162 518 2269 573 Eos
2313 519 2472 590 igitur
2521 531 2736 590 oportet
2784 524 3112 593 nuncupari,
3160 524 3254 594 qui
3295 524 3405 580 sint
3433 525 3485 580 in
3513 541 3631 582 mea
3661 541 3764 597 po-

2163 621 2394 680 testate,
2449 613 2543 684 qui
2595 614 2856 680 timeant,
2902 616 2994 687 qui
3041 615 3174 671 nihil
3219 614 3447 682 faciant,
3495 618 3595 674 nisi
3637 633 3766 675 meo

2157 718 2333 774 jussu.

2235 818 2297 872 D.
2325 819 2470 888 Quos
2499 835 2629 893 ergo
2655 821 2912 878 iaciemus
2930 822 2956 876 2

2233 909 2299 965 G.
2327 910 2611 980 Severum,
2636 911 2827 982 inquit.

2237 1023 2298 1077 D.
2331 1022 2556 1082 Illumne
2575 1025 2907 1091 saltatorem,
2933 1026 3308 1094 temulentum,
3341 1027 3643 1098 ebriosum,
3663 1030 3758 1087 cui

2162 1130 2268 1171 nox
2301 1131 2400 1188 pro
2423 1117 2535 1184 die,
2561 1126 2617 1174 et
2641 1117 2758 1174 dies
2783 1131 2884 1189 pro
2912 1119 3110 1174 nocte?

2235 1231 2302 1287 G.
2352 1231 2592 1304 Dignus,
2645 1233 2859 1302 inquit,
2915 1233 3168 1304 quoniam
3217 1233 3476 1290 militibus
3533 1236 3768 1295 fideliter
3833 1311 3837 1315 ι

2163 1325 2411 1396 praebuit,
2438 1334 2494 1382 et
2521 1341 2648 1383 eum
2673 1325 2798 1383 misi
2823 1326 2892 1384 ad
2916 1327 3298 1384 Maxitniauum
3321 1361 3357 1397 ,-
3387 1338 3446 1385 ut
3486 1331 3556 1387 ab
3579 1345 3647 1388 eo
3677 1332 3767 1388 in-

2163 1418 2377 1475 duatur.

2233 1511 2299 1566 D.
2329 1511 2480 1568 Esto.
2511 1511 2758 1568 Alterum
2785 1526 2948 1584 quem
2975 1511 3168 1570 dabis?

2235 1624 2302 1682 G.
2332 1624 2507 1692 Hunc,
2532 1625 2742 1697 inquit,
2787 1625 3081 1682 ostendens
3127 1627 3309 1682 Daiam
3359 1627 3765 1687 adolescentem

2165 1717 2452 1790 quemdam
2504 1716 2932 1774 semibarbarum
2957 1758 2973 1780 ,
3049 1733 3209 1789 quem
3285 1733 3477 1775 recens
3529 1719 3767 1790 jusSerat

2155 1811 2532 1868 Maximianum
2574 1810 2756 1866 vocari
2820 1810 2890 1867 de
2937 1825 3039 1866 suo
3091 1813 3328 1869 nomine.
3375 1812 3493 1868 1am
3537 1823 3594 1870 et
3637 1815 3764 1894 ipsi.

2075 1898 2126 1960 B
2157 1905 2519 1962 Diocletianus
2538 1919 2736 1962 nomen
2761 1921 2828 1962 ex
2848 1915 3002 1976 parte
3029 1913 3334 1963 mutaverat
3371 1907 3568 1964 ominis
3595 1923 3766 1965 causa

1747 2044 2112 2102 VARlOliUM
2148 2043 2380 2100 ΝΟΤιΕ.

385 2232 401 2245 ,
463 2184 889 2254 quemadmodum
905 2186 1087 2254 vulgus
1107 2186 1361 2240 existimat
1377 2196 1695 2240 mortuorum
1708 2185 1908 2239 animas
1921 2186 2058 2239 circa

465 2257 690 2309 tumulos
721 2268 770 2311 et
785 2274 1063 2326 corporum
1082 2274 1294 2310 suorum
1313 2257 1554 2325 reliquias
1585 2260 1839 2312 aberrare.
1865 2256 1934 2310 Et
1961 2257 2056 2312 lib.

467 2341 684 2408 vs,_c_:ip.
717 2327 993 2408 25‘:.Licet
1014 2343 1204 2383 suae.
1239 2327 1513 2408 Nan,_etc.

543 2396 728 2451 Filius.
781 2398 950 2454 Abest
997 2415 1028 2454 a
1075 2413 1176 2453 ms.
1232 2409 1284 2454 et
1317 2399 1522 2453 nullum
1570 2406 1656 2453 est
1699 2399 1931 2467 spatium
1970 2415 2060 2453 va-

466 2481 646 2522 cuum.

542 2539 853 2596 Maxentius.
889 2542 1061 2596 Homo
1089 2541 1249 2611 ferus,
1273 2541 1446 2611 inquit
1472 2539 1723 2595 Aurelius
1754 2539 1961 2606 Victor,
2011 2550 2060 2596 et

463 2610 795 2736 tibitinanus,
841 2612 973 2666 nulli
1009 2610 1185 2678 carus,
1225 2628 1288 2667 ne
1317 2610 1470 2682 patri,
1511 2621 1602 2666 aut
1641 2627 1816 2667 socero
1854 2614 2061 2684 quidem

517 2697 548 2734 a
570 2698 696 2736 eno.

501 2679 696 2737 ialerio.

539 2751 738 2824 ipsius.
757 2753 834 2808 Ita
867 2769 968 2808 ms.
994 2755 1064 2808 At
1091 2753 1256 2810 editio
1284 2754 1549 2810 Nourrisii
1580 2753 1744 2809 habet
1782 2754 1911 2824 ipse.

541 2823 718 2877 Matre.
751 2825 838 2878 Bis
861 2826 1119 2892 repetitur
1142 2825 1194 2880 in
1224 2842 1328 2880 ms.
1354 2842 1448 2895 per
1465 2841 1728 2880 errorem.

538 2895 790 2970 A‘dorare‘.
808 2895 880 2970 id
902 2906 1005 2957 est,
1034 2896 1315 2970 inclinare.
1334 2897 1628 2970 incurvari}
1657 2913 1716 2952 se
1748 2895 2011 2966 profunde
2040 2937 2056 2963 ,

468 2975 525 3020 ttt
560 2966 628 3019 de
657 2966 854 3038 Davide
882 2974 1008 3020 ante
1035 2966 1302 3022 Jonathan
1333 2968 1526 3037 legitur
1554 2984 1570 3022 ι
1595 2968 1756 3038 Reg.,
1806 2982 1927 3037 cap.
1961 2983 2055 3031 xx,

467 3052 520 3090 v.
553 3038 642 3101 41,
677 3045 728 3088 et
757 3052 792 3091 ιι
822 3036 977 3104 Reg,
1004 3051 1122 3107 cap.
1165 3039 1256 3103 ‘25,
1287 3055 1337 3090 v.
1369 3036 1461 3104 21,
1511 3048 1615 3094 etc.
1644 3036 1846 3093 Eodem
1883 3036 2056 3093 'sensu

467 3107 628 3180 etiam
655 3122 797 3180 saepe
825 3109 1054 3180 sumitur
1080 3108 1221 3180 apud
1269 3110 1427 3165 tnedii
1473 3111 1576 3164 ειενί
1620 3111 1930 3180 scriptores.
1972 3109 2059 3180 ita

468 3178 538 3233 de
573 3178 900 3233 Diocletiano
929 3179 1060 3234 dicit
1088 3179 1395 3249 Eutropius,
1429 3180 1524 3235 lib.
1559 3197 1632 3243 ix,
1667 3178 1786 3247 cap.
1811 3181 1876 3234 16
1910 3196 1923 3231 :
1957 3179 2059 3236 Re-

469 3250 566 3320 gia:
590 3250 974 3303 consuetudinis
998 3253 1217 3320 formam
1242 3251 1450 3318 invexit,
1483 3252 1791 3320 adorarique
1811 3267 1864 3305 se
1883 3250 2059 3318 iussit,

469 3335 583 3374 cum
607 3329 723 3372 ante
741 3337 856 3374 eum
883 3323 1051 3374 cuncti
1079 3321 1443 3377 salutarentur.

541 3389 858 3445 Constantio.
886 3392 956 3448 At
985 3393 1036 3446 in
1068 3408 1195 3457 ms.,
1215 3391 1562 3448 Constantius.

544 3462 910 3516 Sanctissimus
976 3463 1292 3518 adolescens.
1350 3467 1424 3521 De
1461 3466 1654 3521 eodem
1705 3464 2062 3522 Constantino

476 3531 784 3586 Lactantius
815 3536 865 3607 in
898 3535 1015 3588 libri
1047 3550 1120 3588 vit
1162 3537 1275 3589 Div.
1331 3537 1502 3591 lnstit.
1539 3536 1766 3607 Epilogo
1795 3553 1915 3607 cap.
1947 3537 2060 3594 26:

471 3618 806 3660 SANCTISSIIIE
838 3603 1129 3678 Imperator
1165 3608 1515 3662 sanctissimus
1544 3603 1877 3678 adolescens,
1898 3609 2065 3678 Paga-

473 3691 678 3750 norttt_n_
694 3677 950 3750 elogium,
975 3677 1026 3731 id
1055 3679 1551 3750 esttintegerrimus
1575 3696 1593 3745 ;
1625 3681 1692 3734 ita
1717 3677 1908 3735 Cicero
1939 3677 2066 3734 Plii-

475 3746 566 3812 lip.
615 3747 698 3800 l5.
748 3746 1095 3802 Octavianum
1150 3746 1418 3806 Cursarem
1476 3753 1614 3805 dixit
1645 3769 1656 3805 :
1689 3752 2068 3806 sanctissimum

471 3815 859 3893 adolescentem.
893 3818 1022 3874 Vide
1045 3831 1099 3893 et
1131 3820 1413 3893 Velleium,
1449 3823 1543 3878 lib.
1569 3839 1626 3884 ll,
1651 3837 1771 3893 cap.
1795 3824 1885 3878 55.

550 3885 768 3939 Decoro.
798 3887 852 3942 In
883 3905 1008 3951 ms.,
1044 3889 1257 3944 Dccore.
1291 3892 1538 3946 Mendutu
1567 3902 1669 3948 est.

549 3958 590 4009 Α
624 3960 905 4035 privati_s__et
933 3970 1213 4035 optaretur.
1242 3962 1318 4016 Ita
1343 3978 1446 4017 ms.
1473 3963 1606 4018 Nola
1635 3963 1722 4018 hic
1742 3963 1930 4035 :obiter
1961 3965 2070 4034 pri-

476 4040 656 4082 vatum
689 4044 716 4081 a
747 4031 917 4084 milite
938 4031 1216 4098 distingui.

552 4099 775 4170 Eratque
795 4110 914 4154 tunc
941 4117 1184 4175 praesens.
1225 4103 1492 4175 Subiuitto
1521 4103 1693 4159 doctis
1737 4121 1910 4161 meam
1951 4105 2070 4175 opi-

478 4169 728 4234 nionem,
786 4169 1232 4245 annc'Anonymi
1280 4173 1548 4230 Valesiani
1600 4176 1758 4230 verba
1789 4177 1928 4231 hunc
1975 4169 2071 4232 ad-

479 4246 688 4331 tlnittant
719 4259 932 4331 sensum
968 4262 980 4297 :
1012 4243 1273 4328 Galerium
1289 4245 1407 4331 ideo
1427 4248 1597 4331 potius
1625 4246 1867 4331 Severum
1893 4249 2073 4331 fecisse

475 4312 745 4387 Ctesarem,
790 4315 927 4385 quod
979 4326 1106 4370 esset
1159 4312 1397 4387 ignobilis
1427 4312 1662 4372 moribus
1700 4331 1747 4372 et
1801 4312 2066 4383 ebriosus,

475 4400 632 4458 quum
678 4385 1040 4458 Constantinus
1090 4385 1344 4458 ejusmodi
1391 4392 1512 4444 vitia
1561 4407 1663 4443 non
1707 4401 1950 4456 nosceret,
1983 4391 2074 4444 sed

2166 2185 2379 2240 lerium.

2233 2254 2319 2309 Ita
2349 2257 2450 2323 ﬁet.
2485 2253 2661 2310 Verba
2692 2254 2916 2312 Galerii.

2240 2325 2434 2398 inquit.
2470 2325 2735 2398 Galerius.
2805 2395 2861 2398 __
2938 2396 2947 2398 ᾼ
3016 2397 3021 2398 ν
3133 2371 3140 2376 -

2236 2395 2480 2452 Illumne.
2515 2397 2773 2468 Loquitur
2803 2395 3185 2468 Diocletianus.

2237 2468 2609 2522 Temulentum.
2645 2468 2770 2534 Ms.,
2801 2467 3198 2533 Tumulentum;
3222 2467 3498 2523 mendose.

2238 2539 2434 2609 lnquil.
2467 2539 2732 2595 Galerius.

2247 2611 2496 2666 Militibus
2526 2611 2744 2676 ﬁdeliter
2773 2609 3006 2678 praebuit.
3041 2609 3301 2664 Nimirum
3335 2611 3631 2680 stipendia,
3661 2628 3766 2666 an-

2169 2698 2364 2738 nonam
2409 2683 2732 2752 militarem,
2761 2696 2920 2752 quam
2968 2680 3290 2750 praebendam
3341 2692 3532 2737 vocant
3576 2692 3768 2736 aucto-

2166 2769 2255 2809 res
2311 2754 2466 2809 varii.
2513 2751 3083 2819 Curenus.Pra:buit,
3145 2754 3336 2808 melius
3383 2762 3562 2810 tamen
3615 2764 3768 2812 esset

2205 2827 2396 2880 rtefuit.

2167 2828 2644 2951 p'ﬁizgimianum.
2673 2893 3002 2960 Herculium,
3025 2893 3256 2950 scilicet.

2167 3038 2200 3094 ι)
2241 2967 2310 3023 Ut
2337 2969 2400 3021 ab
2421 2984 2479 3022 co
2501 2967 2766 3021 induatur.
2796 2965 3061 3038 Purpura,
3093 2981 3195 3036 qua
3228 2965 3471 3022 Caesares
3497 2965 3760 3039 insignie-

2202 3049 2383 3093 antur.

2202 3049 2383 3093 antur.

2236 3108 2382 3164 Esto.
2409 3109 2669 3179 Loquitur
2699 3107 3090 3168 Diocletianus.

2236 3179 2434 3250 lnquit.
2457 3179 2724 3236 Galerius.

2238 3249 2437 3306 Daiam.
2499 3251 2624 3308 Sive
2673 3251 2909 3317 Dazam,
2961 3250 3126 3304 filium
3169 3249 3374 3306 sororis
3403 3250 3596 3307 Galerii
3624 3292 3639 3312 ,
3688 3253 3766 3308 ob

2165 3321 2268 3378 hoc
2309 3323 2484 3394 ipsum
2537 3321 2800 3378 Galerium
2829 3321 3206 3378 Maximianum
3248 3321 3451 3378 dictum
3494 3323 3546 3377 in
3594 3322 3767 3391 adop-

2166 3405 2330 3449 llOtle.

2241 3465 2480 3520 Iusserat
2511 3464 2887 3520 Maximianum
2915 3465 3088 3518 vocari
3135 3464 3198 3518 de
3225 3481 3321 3518 suo
3349 3465 3569 3518 nomine.
3603 3463 3769 3519 Baln-

2167 3536 2281 3590 zius
2309 3536 2369 3591 ν.
2404 3538 2463 3591 C.
2498 3538 2550 3592 in
2582 3538 2721 3591 uotis
2747 3536 3013 3606 agnoscit,
3046 3535 3135 3589 hic
3159 3545 3215 3591 rt
3239 3534 3367 3606 fere,
3391 3551 3605 3606 semper
3632 3537 3766 3592 alibi

2169 3608 2270 3676 legi
2318 3609 2370 3662 in
2418 3609 2584 3663 veteri
2639 3605 2825 3662 codice
2881 3605 3271 3660 Maximianum.
3329 3605 3482 3660 Unde
3516 3605 3768 3675 Suspicio

2169 3679 2300 3733 mihi
2323 3679 2483 3746 ineat,
2519 3679 2712 3734 Dazam
2742 3693 2770 3730 a
2801 3676 2920 3733 Gal.
2955 3677 3278 3731 Maximiano
3324 3677 3392 3731 de
3419 3677 3568 3746 pleno
3593 3678 3768 3744 ipsius

2169 3752 2386 3805 nomine
2442 3760 2684 3804 vocatum
2716 3748 2882 3803 fuisse
2915 3747 3290 3802 Maximianum
3315 3790 3329 3814 ,
3373 3764 3478 3802 non
3518 3747 3770 3802 Maximi-

2169 3838 2309 3874 num.
2366 3821 2579 3876 Etenim
2641 3821 2692 3874 in
2745 3820 2953 3875 duabus
3012 3818 3369 3874 Thermarum
3447 3819 3767 3876 Diocletiani

2169 3891 2607 3956 inscriptiOuibus
2637 3891 2775 3962 apud
2806 3891 3115 3962 Gruterum.
3167 3907 3219 3960 p.
3251 3905 3518 3945 cnxxxvnt
3543 3931 3557 3956 ,
3585 3890 3620 3962 2
3647 3901 3699 3944 et
3732 3891 3772 3947 7

2174 3973 2293 4031 post
2329 3960 2700 4020 Constantium
2757 3972 2812 4016 et
2843 3961 3220 4016 Maximiaunni
3261 3964 3446 4031 VAugg.
3480 3977 3545 4016 ac
3591 3960 3771 4016 Seve-

2171 4030 2289 4088 rum
2329 4033 2467 4089 Caes.
2497 4042 2816 4090 recensetur
2843 4031 3193 4086 Maximianus
3242 4030 3439 4099 star,
3487 4033 3574 4101 qui
3623 4032 3772 4087 alius

2172 4120 2293 4160 esse
2343 4106 2526 4176 nequit
2570 4121 2598 4156 a
2641 4105 2803 4158 Daza.
2856 4103 3009 4176 Adde
3050 4103 3188 4176 apud
3219 4102 3436 4176 Graecos
3469 4103 3770 4176 scriptores

2172 4173 2775 4248 eumdem—promiscue
2821 4174 3081 4248 appellari
3126 4173 3529 4248 dfaximianum.
3562 4173 3776 4248 Existif

2174 4249 2433 4302 maverim
2466 4244 2667 4316 itaque,
2691 4244 2942 4316 quoniam
2966 4245 3076 4315 jam
3107 4245 3216 4298 duo
3257 4254 3414 4299 erant
3459 4244 3774 4316 Maximiani

2173 4316 2481 4443 Silere-alius
2521 4315 2576 4372 et
2606 4315 2867 4389 Galerius)
2913 4317 3052 4386 apud
3099 4317 3313 4399 vulgum
3345 4315 3664 4377 obtinuisse,
3709 4323 3776 4398 ut

2214 4405 2504 4443 iscrnnuns
2552 4406 2701 4443 ergo.
2739 4390 2874 4442 Daza
2918 4403 3023 4442 non
3053 4387 3435 4443 Maximianus.
3466 4386 3560 4442 sed
3593 4385 3776 4440 Maxi-

2214 4391 2504 4444 iscritninis
2552 4406 2701 4459 ergo,
2739 4385 2874 4442 Daza
2918 4403 3023 4442 non
3053 4387 3435 4454 Maximinum,
3466 4386 3560 4442 sed
3593 4385 3778 4440 Maxi-

477 4456 625 4523 longe
656 4457 719 4507 ab
744 4458 805 4509 iis
831 4468 988 4522 esset,
1017 4456 1261 4526 tanquam
1299 4461 1649 4514 sanctissimus
1678 4463 1972 4516 adolescens
2025 4471 2072 4516 et
2095 4464 2147 4524 D
2173 4461 2344 4514 minus
2367 4456 2656 4516 diceretur.
2681 4461 2940 4515 Tomitae.

479 4528 678 4604 probis_
711 4527 954 4604 moribus.
989 4528 1314 4604 ‘Snbjiciam
1365 4533 1479 4604 ipsa
1530 4533 1783 4604 anony_mi
1853 4533 2016 4586 verba
2050 4551 2065 4588 :

504 4595 770 4672 Galerius)
792 4614 961 4672 annos
983 4595 1246 4672 imperavit
1276 4595 1399 4655 xix:
1425 4602 1644 4658 Severus
1673 4595 1845 4658 δαΐων
1870 4604 2072 4672 ignobi-

501 4666 543 4718 is
571 4676 625 4719 et
670 4667 894 4721 moribus
923 4678 977 4723 et
1005 4669 1280 4736 natalibus,
1311 4671 1496 4735 ebrius,
1521 4684 1573 4728 et
1605 4675 1665 4726 ob
1695 4675 1790 4727 hoc
1820 4666 2073 4736 (ebrieta-

481 4745 585 4790 tem
617 4737 870 4814 maxiine)
898 4737 1340 4814 Galerioanticus.
1373 4741 1525 4814 Hunc
1568 4759 1687 4814 ergo
1730 4755 1778 4799 et
1824 4745 2072 4798 Maximi-

479 4822 604 4859 num
659 4806 894 4863 Galerius
943 4810 1167 4866 Cwsares
1216 4814 1360 4884 fecit,
1415 4806 1750 4868 Constantino
1789 4815 1920 4868 nihil
1970 4816 2073 4869 tale

481 4888 747 4956 noscente):
778 4891 830 4956 et
868 4898 1010 4956 mox
1035 4885 1276 4956 senuitttr
1315 4885 1383 4939 de
1427 4885 1644 4940 Galerio
1679 4886 1819 4954 apud
1853 4889 2073 4956 Anony-

479 4963 638 5028 muui_
661 4969 674 5028 _:
703 4950 939 5028 Galerius
967 4954 1040 5007 sic
1067 4955 1295 5028 ebriosus
1322 4956 1437 5025 fuit,
1465 4967 1518 5011 ut
1529 4950 1730 5028 juberei
1747 4950 2070 5026 temulentus,

479 5031 585 5100 etc.
618 5020 672 5074 ltl
701 5025 844 5077 enim
874 5041 1030 5079 netno
1063 5025 1217 5100 facile
1236 5020 1479 5100 negabit.
1514 5020 1678 5091 nosse,
1711 5045 1940 5093 noscere,
1985 5020 2075 5097 pe;

481 5097 788 5170 ritumesse,
815 5111 918 5150 non
950 5111 1074 5151 mro
1103 5097 1171 5152 de
1199 5099 1342 5152 vitiis
1381 5098 1524 5164 dici;
1583 5109 1744 5170 atque
1774 5100 1898 5155 hinc
1928 5102 2075 5168 prin-

480 5176 608 5242 ceps
638 5164 811 5242 Nurrii
843 5177 1227 5242 argumentum
1253 5185 1358 5224 non
1388 5171 1566 5226 minus
1597 5164 1882 5238 incertum,
1910 5164 2072 5242 quam

481 5234 1168 5310 ipsgAnonymusanctor.
1202 5241 1479 5296 BUNEIA‘N.

517 5303 893 5384 'Diocletiano.
929 5309 997 5363 Et
1022 5311 1101 5365 sic
1150 5311 1314 5367 habet
1342 5317 1766 5383 manuscriptus,
1819 5329 1926 5369 non
1968 5313 2074 5368 De-

478 5380 630 5428 ciano
648 5393 666 5429 :
685 5380 1002 5456 extendatur
1031 5383 1369 5450 membrana,
1402 5399 1504 5440 ms.
1531 5380 1650 5456 qua:
1675 5385 1764 5443 hic
1783 5385 2077 5442 constricta

479 5457 580 5507 est,
615 5457 668 5500 et
699 5449 923 5517 legatur.

553 5517 690 5592 Quid
714 5535 838 5592 ergo
870 5523 969 5587 ,‘iet.
1005 5521 1267 5592 Loquitur
1299 5526 1682 5582 Diocletianus.

552 5585 670 5640 Ille.
707 5585 924 5645 Scilicet
949 5585 1268 5649 Maxentius.

552 5657 744 5729 lnqnit.
767 5661 1034 5718 Galerius.

551 5730 744 5798 Dignus
775 5750 875 5787 non
905 5746 995 5789 est.
1035 5735 1110 5791 De
1139 5735 1411 5796 Maxentio
1443 5738 1660 5796 dicitur.

547 5799 667 5858 Hic.
697 5800 1102 5870 Constantinus.
1132 5807 1308 5868 Verba
1354 5823 1480 5887 sunt
1510 5813 1822 5874 Diocletiani
1851 5819 1919 5878 ad
1969 5816 2078 5875 Ga-

2249 4531 2594 4586 Diocletianns
2615 4548 2797 4586 nomen
2827 4547 2890 4585 ex
2919 4540 3064 4600 parte
3084 4538 3366 4583 mutaverat
3386 4529 3570 4583 ominis
3589 4543 3774 4595 causa,

2171 4612 2278 4656 etc.
2305 4603 2609 4682 Toiuardus
2639 4603 2922 4682 legendum
2954 4613 3439 4682 rettsetlnomen‘ex
3466 4604 3628 4682 fratre
3654 4615 3776 4682 tnu-

2173 4685 2422 4741 tuaverat,
2445 4676 2628 4730 ominis
2650 4670 2827 4729 causa.
2860 4676 2942 4728 An
2970 4674 3112 4728 enim
3145 4672 3366 4744 (inquit)
3389 4670 3653 4744 qttiSpiam
3679 4670 3774 4744 di-

2171 4747 2376 4800 cendus
2402 4759 2480 4802 est
2522 4746 2750 4815 alicujus
2781 4760 2979 4800 nomen
3027 4759 3089 4797 ex
3116 4742 3260 4808 parte
3289 4752 3514 4815 mutare,
3543 4743 3630 4815 qui
3657 4742 3768 4815 alig

2173 4817 2314 4887 quod
2348 4817 2611 4888 integrum
2637 4811 2713 4872 illi
2744 4816 2962 4888 adjicit,
2997 4815 3154 4888 quale
3176 4827 3258 4868 est
3285 4813 3431 4888 istud
3460 4811 3770 4867 Maximiani

2176 4884 2485 4956 impositum
2515 4889 2732 4944 Galerio
2756 4903 2852 4958 per
2896 4886 3282 4942 Diocletianum
3312 4886 3336 4936 ἲ
3383 4884 3769 4958 Μαιααυεηιεξι

2176 4953 2454 5014 Lactantio
2483 4960 2570 5014 hic
2599 4953 2943 5028 usurpatum,
3003 4971 3102 5028 pro
3145 4965 3406 5028 mutuatus
3441 4959 3645 5028 fuerat.
3681 4953 3778 5008 Sic

2174 5033 2316 5084 enim
2348 5031 2486 5100 apud
2541 5024 2870 5085 l’riscia'nttm
2903 5024 3020 5083 libf
3048 5043 3203 5100 vnt,_
3231 5026 3300 5100 de
3345 5024 3508 5100 verbo
3560 5024 3703 5100 Meto
3717 5032 3782 5100 et

2177 5095 2582 5166 Meton-Mutuo
2611 5111 2658 5155 et
2683 5100 2897 5154 Mutuor
2921 5115 2940 5163 ;
2967 5111 3023 5155 et
3065 5098 3208 5168 apud
3253 5097 3480 5168 Nonium
3517 5111 3637 5168 mp.
3681 5095 3780 5160 17,

2177 5188 2232 5226 ιι.
2263 5173 2350 5228 48.
2383 5172 2451 5228 Ut
2481 5187 2609 5227 vero
2634 5171 2988 5226 correctionis
3039 5167 3191 5225 istius
3249 5169 3386 5222 ratio
3417 5167 3777 5237 intelligatur,

2177 5244 2458 5299 sciendum
2485 5252 2569 5299 est
2593 5283 2610 5308 ,
2641 5243 3019 5297 Maximianum
3061 5241 3368 5296 Herculium
3399 5239 3562 5293 fuisse
3589 5253 3619 5290 a
3651 5237 3784 5291 Dio-

2177 5317 2410 5370 cletiano
2441 5316 2660 5370 fratrem
2686 5313 3054 5383 appellatum.
3085 5312 3296 5382 imperii
3325 5325 3523 5383 nempe
3551 5323 3785 5383 consor-

2179 5387 2274 5440 tio.
2308 5385 2571 5441 Talaum.
2597 5415 2670 5426 —
2691 5378 2776 5440 Ex
2798 5395 2944 5454 parte
2973 5378 3273 5438 mutauerat.
3324 5381 3436 5435 Hoc
3463 5378 3584 5445 est,
3617 5378 3788 5454 Gale-

2179 5456 2570 5526 riumjusserat
2599 5467 2756 5510 vetus
2796 5452 3107 5525 praenomen
3146 5455 3411 5526 abjicere,
3460 5461 3510 5507 et
3555 5452 3786 5519 posthac

2180 5525 2444 5582 nominari
2501 5528 2879 5583 Maximianum
2937 5525 3221 5582 Galerium.
3275 5525 3347 5578 lla
3381 5538 3485 5577 non
3517 5537 3584 5576 rx
3628 5533 3783 5589 toto,

2181 5600 2274 5655 sed
2306 5617 2370 5655 ex
2405 5610 2553 5669 parte
2584 5615 2780 5655 nomen
2830 5600 2946 5667 ejus
3006 5605 3321 5669 mutaverat.
3356 5594 3411 5649 Si
3447 5595 3564 5648 hmc
3613 5593 3789 5648 inter-

2184 5668 2414 5735 pretatio
2442 5674 2492 5726 in
2523 5682 2758 5726 mentem
2788 5668 3061 5724 Toinardo
3108 5668 3378 5730 venisset,
3433 5681 3540 5720 non
3571 5673 3788 5721 tantum

2161 5742 2378 5798 'frustra
2411 5746 2712 5797 laborasset
2740 5785 2752 5803 ,
2805 5752 2862 5794 ut
2895 5740 3147 5810 probaret
3176 5737 3472 5810 legenduni
3492 5749 3614 5810 esse
3639 5777 3654 5798 ,
3685 5752 3786 5789 no-

2180 5832 2296 5872 men
2321 5830 2383 5870 ex
2407 5818 2568 5878 fratre
2595 5806 2932 5872 mutuanerai.
2968 5806 3402 5879 llwittsnus.—
3433 5806 3634 5866 Oatittis
3661 5823 3785 5863 cau-
