4058 6188
259 243 348 304 253

903 354 1094 411 XXIV.

322 453 418 508 lam
462 449 836 521 propinquavit
876 448 953 503 illi
1001 449 1260 520 judicium
1318 450 1435 517 Dei,
1469 462 1817 521 secutumque

256 555 431 614 tempus
459 552 562 608 est,
593 556 700 612 quo
730 556 819 597 res
872 541 992 610 ejus
1033 541 1199 596 dilabi
1223 557 1286 598 ac
1314 542 1482 598 ﬂuere
1506 552 1812 613 coeperunt.

257 636 459 694 Nondum
506 634 748 689 animum
805 631 1108 688 intenderat
1135 632 1203 687 ad
1235 634 1582 690 evertendum
1613 634 1815 704 pellen-

255 728 416 786 duinve
463 724 859 780 Constantium.
895 724 1032 780 Dum
1061 733 1144 780 est
1172 735 1462 794 occupatus
1500 725 1587 780 his
1631 725 1839 789 rebus,

255 833 361 888 quas
386 816 630 886 superius
661 815 912 886 exposui,
955 825 1009 869 et
1037 816 1356 886 expectabat
1397 815 1602 870 obitum
1651 815 1769 884 ejus
1798 832 1812 868 :

255 913 328 968 sed
372 919 469 964 tam
525 908 776 963 celeriter
822 923 928 963 non
978 909 1200 978 putabat
1246 909 1537 963 obiturum.
1564 908 1814 976 Quicum

256 1005 445 1076 graviter
467 1001 770 1065 laboraret,
801 1000 1025 1055 miserat
1062 1000 1296 1066 litteras,
1328 1011 1386 1054 ut
1436 1001 1605 1054 lilium
1653 1016 1808 1055 suum

256 1096 629 1154 Constantinum
684 1096 984 1149 remitteret
1011 1093 1114 1148 sibi
1144 1092 1480 1162 ,videndum,
1510 1102 1566 1148 et
1593 1093 1810 1163 quidem

253 1189 549 1262 jamdudum.
576 1188 670 1243 llle
699 1202 830 1242 vero
858 1186 992 1240 nihil
1041 1185 1219 1240 minus
1247 1185 1478 1240 volebat.
1517 1183 1652 1239 Nam
1682 1185 1812 1239 etin

257 1282 423 1338 insidiis
450 1294 601 1350 smpe
637 1279 891 1348 juvenem
921 1278 1294 1347 appetiverat;
1323 1278 1447 1347 quia
1477 1277 1650 1346 palam
1683 1275 1814 1330 nihil

256 1373 465 1438 audebat,
502 1385 572 1425 ne
601 1379 792 1425 contra
821 1384 881 1424 se
903 1383 1051 1423 arma
1074 1368 1275 1433 civilia,
1301 1377 1377 1432 et,
1408 1367 1550 1437 quod
1580 1367 1817 1422 maxime

259 1464 530 1528 verebatur,
551 1461 672 1515 odia
688 1461 919 1515 militum
939 1460 1258 1514 concitaret.
1277 1459 1389 1514 Sub
1416 1457 1640 1514 obtentu
1661 1473 1816 1513 eser-

257 1556 416 1612 citiiac
440 1555 594 1608 lusus
617 1551 746 1607 feris
774 1551 924 1606 illum
952 1550 1227 1620 objecerat
1253 1567 1266 1602 :
1295 1549 1389 1606 sed
1418 1548 1615 1605 frustra
1639 1566 1654 1614 ;
1685 1564 1820 1620 quo-

256 1651 371 1704 niani
391 1648 481 1702 Dei
525 1661 718 1701 manus
759 1645 1031 1700 hominem
1065 1643 1399 1714 protegebat,
1430 1643 1521 1714 qui
1569 1643 1722 1698 illum
1749 1643 1819 1700 de

1363 240 1454 296 AD
1494 238 1826 297 DONATUM
1863 235 2386 297 CONFESSOREM.

1841 362 1896 422 Α
1919 373 2096 424 mane,
2130 356 2365 428 acceptis
2396 356 2683 422 mandatis,
2710 357 3164 428 proﬁcisceretur,
3187 358 3271 413 vel
3303 359 3418 429 ipse
3449 361 3517 415 il-

3410 242 3516 301 234

1917 450 2025 504 lum
2053 450 2336 504 occasione
2365 449 2536 519 aliqua
2567 457 2962 516 retentaturus,
2998 449 3088 504 vel
3139 452 3519 520 praemissurus

1917 543 2124 599 litteras
2155 552 2213 598 ut
2254 559 2284 598 a
2315 543 2518 600 Severo
2549 553 2844 600 teneretur.
2875 543 3009 612 Qua:
3036 559 3160 600 cum
3186 545 3277 602 ille
3309 549 3520 617 [ιι-οερί-

1917 647 2088 703 ceret,
2121 637 2432 708 quiescente
2467 637 2580 707 jam
2626 639 2971 708 imperatore,
2999 647 3122 708 post
3149 649 3363 695 Cinnam
3395 656 3524 710 pru-

1917 729 2127 798 peravit
2146 730 2315 793 exire,
2344 729 2676 800 sublatisque
2708 745 2804 800 per
2831 729 3142 785 mansiones
3170 731 3368 785 multas
3396 746 3516 786 om-

1919 821 2076 876 nibus
2105 822 2258 892 equis
2317 821 2564 889 publicis,
2597 822 2847 876 evolavit.
2905 819 3172 876 Postridie
3200 822 3519 892 imperator.

1921 926 2042 966 cum
2073 913 2321 967 consulto
2343 912 2409 966 ad
2435 912 2672 967 medium
2711 913 2852 968 diem
2884 927 3054 982 usque
3083 913 3389 979 dormisset,
3423 930 3520 970 vo-

1919 1003 2029 1057 cari
2059 1018 2181 1057 eum
2228 1003 2399 1072 jubet.
2455 1005 2657 1059 Dicitur
2685 1005 2735 1059 ei
2784 1014 2906 1074 post
2935 1019 3147 1060 coenam
3179 1007 3360 1060 statim
3393 1021 3520 1076 pro-

1920 1095 2110 1149 tectus.
2146 1095 2412 1165 lndignari
2443 1110 2507 1150 ac
2555 1097 2784 1152 tremere
2823 1097 3007 1166 cmpit.
3033 1097 3298 1154 Poscebat
3345 1114 3520 1170 equos

1922 1185 2203 1255 publicos,
2255 1195 2315 1240 ut
2363 1201 2486 1242 eum
2558 1187 2760 1242 retrahi
2844 1187 3065 1245 faceret.
3137 1189 3380 1245 Nudatus
3462 1193 3514 1245 ei

1923 1295 2113 1335 cursus
2155 1280 2400 1350 publicus
2431 1283 2725 1338 nuntiatur.
2759 1282 2858 1338 Vix
2887 1282 3156 1353 lacrymas
3185 1285 3421 1339 tenebat.
3445 1285 3518 1338 At

1920 1372 2011 1428 ille
2040 1374 2342 1430 incredibili
2361 1376 2800 1442 celeritateusus,
2821 1378 3064 1447 pervenit
3088 1377 3152 1431 ad
3176 1387 3380 1448 patrem
3404 1378 3518 1447 jam

1921 1466 2281 1533 deiicientem,
2301 1469 2392 1538 qui
2417 1468 2486 1533 ei,
2510 1469 2772 1525 militibus
2799 1469 3200 1535 commendato,
3233 1470 3522 1540 imperium

1920 1572 2018 1628 per
2057 1573 2247 1613 manus
2294 1558 2552 1624 tradidit;
2588 1568 2747 1629 atque
2774 1560 2846 1614 ita
2876 1559 2930 1614 in
2981 1560 3122 1615 lecto
3148 1574 3246 1615 suo
3273 1560 3518 1628 requiem

1922 1650 2069 1717 vitae,
2101 1651 2237 1705 sicut
2263 1651 2501 1721 optabat,
2531 1651 2758 1720 accepit.
2790 1651 3052 1722 Suscepto
3099 1653 3346 1722 imperio,
3377 1653 3512 1706 Con-

253 1741 468 1798 manibus
497 1740 624 1809 ejus
651 1738 903 1794 liberavit
930 1737 984 1791 in
1026 1737 1144 1806 ipso
1171 1736 1414 1793 cardine.
1439 1735 1679 1808 Namque
1708 1751 1816 1792 soe-
1847 1710 1896 1770 B
1922 1744 2193 1797 stantinus
2240 1710 2512 1811 Augustus
2556 1710 2692 1798 nihil
2735 1744 2846 1814 egit
2876 1710 3043 1813 prius,
3076 1710 3234 1813 quain
3266 1743 3522 1798 christia-

255 1836 353 1906 pius
370 1848 484 1888 cum
538 1831 746 1903 jamdiu
798 1845 991 1887 necare
1023 1845 1129 1884 non
1160 1838 1365 1900 posset,
1395 1829 1544 1886 dedit
1566 1830 1645 1885 illi
1667 1829 1817 1901 sigil-

253 1927 362 1994 lum,
389 1926 685 1982 inclinante
738 1925 846 1996 jam
894 1923 1024 1990 die,
1061 1923 1425 1995 praecepitque
1473 1933 1529 1980 ut
1558 1924 1822 1996 postridie

1921 1846 2023 1888 nos
2044 1833 2212 1888 cultui
2241 1847 2306 1889 ac
2335 1833 2447 1890 Deo
2495 1848 2594 1889 suo
2644 1833 2895 1890 reddere.
2924 1834 3050 1890 Haec
3076 1833 3175 1890 fuit
3202 1835 3373 1905 prima
3403 1835 3524 1906 ejus

1924 1927 2133 1982 sanctio
2159 1935 2363 1983 sancta:
2392 1925 2672 1998 religionis
2696 1927 2981 1984 restitutae.

1478 2059 1849 2120 VARIORUM
1875 2060 2108 2118 NOTIE.

256 2188 357 2252 tius,
382 2183 497 2238 Div.
534 2183 694 2246 Inst.,
725 2181 761 2236 I.
786 2197 842 2236 v.
879 2196 929 2239 c.
963 2181 1031 2237 19
1061 2197 1076 2236 :
1107 2179 1172 2234 In
1199 2180 1329 2234 iisne
1369 2180 1508 2234 mala
1539 2195 1679 2234 mens
1727 2189 1824 2245 est,

253 2266 401 2310 contra
445 2257 538 2322 ius
568 2255 921 2318 humanitatis,
972 2263 1148 2306 contra
1175 2251 1255 2321 fus
1286 2268 1434 2306 omne
1491 2252 1824 2316 lacerantur;

254 2338 353 2381 etc.
378 2327 476 2380 εἰς
517 2325 632 2379 Nec
661 2326 886 2378 alienum
915 2325 1195 2394 quidquam
1225 2323 1560 2394 concupiscit,
1585 2339 1647 2376 ne
1675 2339 1823 2394 quem

255 2409 402 2452 contra
419 2399 513 2465 jus
537 2397 871 2450 humanitatis
895 2393 1048 2449 laedat
1077 2395 1242 2465 oratio
1263 2410 1280 2458 ;
1308 2393 1344 2447 l.
1365 2409 1436 2458 Vl,
1463 2409 1513 2448 c.
1543 2394 1650 2465 10‘:
1681 2393 1826 2462 Ergo

255 2486 328 2536 pro
355 2462 534 2522 belluis
563 2467 870 2520 immanibus
900 2475 1018 2519 sunt
1045 2464 1264 2518 habendi
1294 2465 1380 2533 qui
1407 2462 1830 2536 hominibusque-

254 2535 363 2604 cent,
389 2540 470 2608 qui
505 2549 699 2592 contra
729 2540 822 2609 jus
868 2537 1198 2609 humanitatis
1217 2544 1278 2609 et
1305 2538 1383 2609 [as
1411 2551 1558 2588 omne
1582 2535 1826 2609 spoliant,

256 2605 474 2674 cruciant,
511 2605 776 2674 occidunt,
833 2608 1193 2662 exterminant.
1217 2605 1355 2661 Vide
1395 2609 1558 2662 etiam
1587 2621 1708 2675 cap.
1735 2605 1826 2673 20,

253 2683 292 2735 si
315 2683 465 2737 lubet.

310 2752 420 2805 lam
448 2750 820 2820 prapinquauit
851 2750 932 2804 illi
947 2750 1208 2820 judicium
1242 2747 1357 2802 Dei.
1389 2746 1615 2803 Videtur
1641 2755 1832 2820 auctor

256 2823 301 2878 in
337 2817 512 2878 mente
547 2817 806 2876 habuisse
856 2817 987 2875 illud
1026 2820 1069 2874 ll
1121 2820 1393 2884 Maehab.,
1426 2833 1474 2872 c.
1524 2835 1600 2884 Ix,
1628 2834 1686 2872 v.
1717 2817 1782 2872 18
1816 2836 1830 2872 :

255 2894 612 2962 Superuenerat
644 2893 777 2945 enim
816 2893 868 2944 in
898 2908 1012 2945 eum
1029 2893 1230 2958 justum
1275 2888 1371 2943 Dei
1391 2890 1668 2962 judicium.
1690 2888 1831 2962 Ver-

2008 2179 2299 2256 Teneretur.
2330 2181 2520 2256 lde_st,
2546 2183 2885 2256 retineretur
2912 2197 2941 2237 a
2991 2182 3211 2256 Severo.
3246 2183 3456 2256 Quippe
3493 2203 3527 2241 e

1931 2251 2246 2325 Nicomedia
2265 2255 2410 2308 eunti
2441 2254 2492 2307 in
2533 2253 2758 2309 Galliam
2787 2253 3117 2324 pergendum
3146 2251 3281 2310 erat
3302 2251 3403 2325 per
3424 2257 3529 2312 lta-

1931 2325 2077 2392 liam,
2115 2324 2201 2378 ubi
2233 2325 2465 2380 Severus
2495 2325 2856 2394 imperitabat.
2878 2325 3261 2393 Fragmentum
3287 2324 3356 2381 de
3382 2326 3528 2383 Con-

1933 2397 2132 2449 stantio
2159 2393 2381 2459 Chloro,
2414 2411 2466 2464 p.
2499 2395 2598 2449 471
2642 2411 2656 2447 :
2685 2395 2786 2462 Qui
2815 2405 2869 2449 ut
2899 2395 3146 2450 Seuerum
3192 2414 3282 2464 per
3307 2397 3522 2454 Italiam

1937 2467 2188 2519 transiens
2226 2467 2406 2538 uitaret
2431 2507 2445 2530 ,
2477 2482 2676 2519 summa
2725 2467 3049 2538 festinatione
3074 2469 3266 2538 veredis
3314 2481 3428 2538 post
3469 2488 3525 2526 se

1937 2538 2185 2589 truncatis
2206 2535 2359 2607 Alpes
2374 2547 2736 2607 transgressus,
2757 2536 2824 2589 ad
2846 2545 3043 2605 patrem
3061 2535 3417 2594 Constantium
3444 2557 3533 2595 ve-

1937 2608 2012 2660 nit
2045 2608 2187 2674 apud
2215 2606 2528 2660 Bononiam.

2012 2677 2262 2751 Sublatis.
2293 2677 2551 2751 lemnius
2582 2678 2633 2731 in
2657 2676 2794 2732 libro
2822 2688 2860 2732 ιι
2915 2687 3098 2751 narrat
3129 2677 3526 2751 Constantium,

1936 2749 2167 2821 veritum
2196 2765 2263 2803 ne
2287 2749 2425 2803 forte
2449 2748 3190 2821 fugiensapprehenderetur,
3222 2767 3392 2821 equos
3421 2748 3530 2808 sta-

1937 2820 2176 2874 bularios
2218 2834 2352 2890 quos
2396 2820 2699 2890 respublica
2741 2819 2955 2884 alebat,
2988 2835 3112 2876 cum
3162 2819 3393 2890 primum
3428 2825 3530 2878 ali-

1939 2891 2082 2960 quod
2114 2889 2383 2944 stabulum
2415 2889 2704 2959 attigisset,
2746 2890 3025 2945 mutilasse
3054 2900 3107 2946 et
3133 2889 3353 2947 inutiles
3401 2896 3531 2949 reli-

252 2957 359 3019 buin
386 2976 567 3019 autem
599 2964 944 3032 prapinquare
972 2957 1241 3030 poeticum
1285 2970 1370 3014 est
1392 2957 1465 3015 ex
1495 2960 1664 3014 Plauti
1688 2959 1828 3014 Tru-
1856 2957 1901 3020 C
1935 2957 2137 3030 quisse,
2165 2977 2397 3030 cumque
2428 2961 2482 3015 id
2521 2957 2734 3015 deloco
2760 2961 2814 3014 in
2844 2962 3019 3015 locum
3045 2977 3274 3031 pergens
3303 2965 3529 3032 faceret,

255 3037 467 3100 culento,
501 3044 616 3090 act.
649 3050 707 3100 ιι,
731 3049 879 3088 scen.
901 3034 954 3099 6,
973 3043 1063 3086 aut
1083 3049 1150 3086 ex
1176 3032 1395 3100 Virgilio
1419 3050 1434 3097 ;
1459 3041 1648 3100 estque
1669 3032 1830 3084 etiam

254 3105 375 3160 infra
425 3106 609 3170 initio,
666 3121 716 3156 c.
747 3105 835 3158 46.
867 3104 964 3158 Est
1000 3114 1059 3158 et
1088 3102 1229 3171 apud
1283 3102 1645 3167 Lactantiuni,
1707 3102 1823 3154 Div.

255 3175 392 3241 lnst.,
421 3177 460 3230 l.
491 3192 559 3242 ιι,
586 3191 638 3229 c.
666 3175 699 3228 8
735 3192 746 3226 :
778 3174 1124 3244 Corruptibile
1168 3175 1464 3240 incorrupto
1493 3176 1835 3242 propinquare

251 3263 338 3300 non
383 3256 549 3318 potest
580 3262 600 3310 ;
630 3246 725 3300 lib.
756 3261 849 3310 vn,
881 3260 930 3299 c.
961 3246 1054 3318 14,
1089 3245 1457 3318 cujusjudicii
1491 3245 1836 3318 prapinquare

255 3314 430 3386 tempus
484 3319 796 3380 ostendam;
849 3325 903 3371 et
957 3317 1117 3380 infra,
1158 3314 1348 3386 eodem
1406 3314 1828 3386 “bsunt-.24:

254 3386 311 3440 Ει
325 3385 432 3460 jam
478 3389 834 3460 propinquare
884 3403 1138 3460 summum
1190 3385 1720 3460 illumconclusionis
1748 3401 1835 3438 ea:-

252 3457 405 3514 trenue
430 3457 612 3523 diem;
649 3470 702 3513 et
724 3458 764 3512 1.
796 3473 852 3525 ιι,
876 3473 925 3512 c.
957 3458 1010 3524 9,
1047 3472 1258 3512 necnon
1284 3457 1532 3526 epitom.,
1561 3472 1608 3510 c.
1636 3457 1723 3508 71.

314 3529 409 3585 Res
433 3533 551 3600 ejus
577 3530 738 3583 dilabi
766 3545 824 3582 ac
852 3530 1030 3598 fluere.
1064 3528 1306 3598 Respicit
1326 3525 1531 3582 notum
1551 3525 1684 3582 illud
1717 3526 1836 3582 Vir-

254 3599 388 3671 gilii,
427 3599 680 3666 JEneid.,
715 3601 811 3655 lib.
843 3615 900 3667 ιι,
933 3615 986 3654 v.
1015 3599 1157 3655 169:

415 3713 493 3763 Ex
519 3711 609 3776 illo
632 3713 815 3776 ﬂuere,
841 3725 898 3762 ac
917 3719 1054 3763 retro
1071 3710 1304 3774 sublapsa
1324 3710 1506 3763 referri

417 3776 556 3838 Spes
570 3775 811 3826 Danaum.

315 3881 618 3937 Laboraret.
645 3882 798 3938 Adde
817 3882 1012 3937 morbo.

325 3951 388 4007 Et
408 3956 619 4024 quidem
636 3954 968 4023 jamdudum.
986 3953 1334 4024 Approbante
1360 3951 1672 4008 doctissimo
1696 3951 1834 4018 viro,

260 4036 347 4092 pro
373 4041 550 4094 quem,
586 4040 850 4093 reponere
879 4026 1042 4079 malui
1073 4026 1274 4094 quidem
1303 4025 1489 4078 leviori
1517 4025 1834 4085 mutatione.

255 4109 399 4168 quam
433 4097 642 4151 addere
671 4095 782 4150 duo
811 4097 971 4152 verba
999 4100 1192 4167 frustra
1219 4097 1511 4168 repetierat,
1534 4110 1654 4149 cum
1686 4094 1830 4148 nulla

253 4164 316 4217 sit
339 4167 388 4219 in
409 4183 518 4222 ms.
550 4168 762 4220 lacuna.

283 4236 453 4360 0‘ljllam
500 4246 552 4292 et
585 4239 640 4290 in
667 4237 890 4292 insidiis.
938 4236 1383 4307 Prmpositionem
1430 4237 1483 4290 in
1538 4236 1700 4291 habet
1730 4248 1832 4290 ms.

347 4323 432 4360 ex.

253 4320 432 4362 εοσει.

313 4378 407 4432 Dei
436 4395 624 4434 manus
655 4380 908 4434 hominem
960 4379 1272 4450 protegebat.
1328 4378 1475 4433 Idem
1508 4377 1682 4442 Lact.,
1717 4376 1833 4450 Div.

251 4447 394 4515 lnst.,
430 4451 470 4504 1.
505 4465 570 4518 ιι,
597 4465 651 4506 c.
678 4452 746 4506 15
777 4469 792 4505 :
822 4447 969 4516 Quos
988 4448 1087 4505 Dei
1107 4447 1292 4505 manus
1337 4460 1518 4521 potens
1561 4459 1609 4503 et
1642 4447 1841 4503 excelsa

256 4523 484 4590 protegit.

318 4589 528 4661 ln’i’pso
557 4591 784 4647 cardine.
818 4590 876 4646 Id
904 4601 1006 4658 est,
1043 4593 1094 4646 in
1127 4591 1244 4661 ipso
1268 4591 1496 4646 articulo
1527 4589 1611 4644 vel
1649 4589 1700 4642 in
1729 4589 1842 4657 ipsa

259 4663 596 4718 liberationis
625 4665 1064 4733 opportunitate;
1111 4664 1163 4716 in
1213 4663 1400 4716 ultimo
1443 4671 1498 4716 et
1543 4661 1844 4733 decretorio

256 4745 549 4804 momento.
579 4731 839 4789 Bnuinnl.
877 4736 959 4788 Ex
984 4734 1198 4804 Virgil.,
1227 4749 1244 4787 1
1290 4733 1534 4795 A3neid.,
1560 4748 1615 4786 v.
1635 4731 1768 4804 7676.

321 4802 384 4857 In
405 4807 528 4873 ipso
547 4807 778 4858 cardine.
822 4805 912 4860 Sic
939 4802 1270 4870 Lactantius,
1302 4805 1420 4859 Div.
1453 4805 1603 4866 lnst.,
1634 4803 1672 4855 l.
1702 4817 1760 4866 ιι,
1793 4815 1842 4854 c.

259 4874 290 4927 8
319 4891 339 4946 :7
369 4873 472 4929 Hic
499 4887 575 4930 est
598 4893 721 4946 ergo
751 4880 908 4928 cardo
931 4892 1121 4940 rerum,
1152 4876 1232 4928 hic
1253 4885 1512 4928 vertuntur
1535 4873 1724 4946 omnia.
1759 4873 1845 4926 Si-

259 4945 453 5001 militer
498 4947 593 5002 lib.
624 4941 704 5007 ni.
730 4961 778 5000 c.
806 4948 860 5013 7,
887 4955 945 5001 ct
971 4947 1110 5000 libro
1148 4949 1215 5000 de
1251 4947 1325 5000 Ira
1355 4946 1471 5010 Dei,
1503 4960 1553 5001 c.
1586 4945 1619 4998 6
1652 4960 1663 4998 :
1693 4943 1763 4996 In
1791 4959 1848 4996 ea
1888 4941 1893 4944 ⁷

256 5019 381 5070 enim
409 5034 617 5071 summa
642 5019 805 5072 omnis
833 5027 882 5073 et
909 5018 1066 5071 cardo
1089 5018 1355 5088 religionis
1386 5016 1686 5086 pietatisque
1732 5030 1846 5069 ver-

257 5098 409 5141 satur.
463 5088 707 5143 COLUIIB.

325 5158 574 5230 Namque
597 5164 784 5230 saepius
807 5176 923 5214 cum
943 5159 1150 5230 jamdiu
1177 5175 1355 5214 necare
1375 5175 1478 5213 non
1500 5166 1683 5227 posset.
1717 5155 1851 5230 Nul-

257 5229 362 5284 lum
390 5227 622 5286 autumo
645 5227 965 5286 vocabulum
1021 5230 1325 5285 addendum
1354 5247 1369 5295 ;
1411 5244 1510 5285 nec
1537 5227 1852 5283 mutandum

261 5300 344 5353 diu
366 5302 420 5354 in
471 5302 688 5373 diutius,
735 5317 916 5356 necare
954 5303 1008 5355 in
1034 5317 1238 5373 negare.
1271 5299 1508 5373 iJamdiu
1539 5300 1688 5354 illum
1715 5299 1852 5373 clam

259 5387 441 5426 necare
465 5372 752 5434 voluisset,
787 5387 887 5428 nec
915 5369 1142 5442 poterat,
1173 5372 1316 5427 nulla
1359 5372 1541 5425 habita
1570 5369 1855 5426 occasione

260 5452 377 5511 apta
411 5460 428 5509 ;
460 5444 637 5512 palam
666 5443 810 5498 enim
872 5460 976 5497 non
1016 5445 1271 5508 audebat;
1311 5457 1491 5512 supra.

331 5462 377 5495 l2
411 5462 428 5509 ;
499 5462 637 5498 suam
666 5462 810 5498 enim
872 5462 976 5497 non
1016 5462 1271 5508 auaeoat;
1311 5462 1491 5512 supra.

331 5462 602 5584 Sigiﬁum.
625 5514 681 5568 ld
708 5524 811 5580 est,
841 5514 1124 5584 epistolam
1151 5514 1512 5569 dimissoriam
1535 5511 1710 5583 sigillo
1741 5526 1858 5566 mu-

262 5583 451 5640 nitam.
493 5583 628 5640 Vide
649 5584 837 5654 Cangii
862 5583 1201 5656 glossarium.

328 5656 574 5728 Acceptis
616 5651 889 5728 mendam“.
926 5656 1056 5722 Qua:
1087 5658 1170 5726 (ut
1220 5653 1497 5728 existimo)
1553 5651 1620 5710 ad
1649 5662 1858 5724 patrem

258 5723 640 5786 Constantium
672 5726 862 5782 ferret.

708 5819 1136 5899 PATROL.V".

1862 4343 1916 4403 D

1935 3033 2230 3104 exclusisse
2273 3033 2640 3104 abulteriore
2691 3034 3068 3104 progressione
3113 3047 3530 3104 persequentes.

1934 3103 2135 3158 Eadem
2159 3102 2329 3157 ferme
2353 3103 2600 3172 leguntur
2631 3102 2684 3155 in
2708 3106 2943 3171 epitome
2972 3103 3223 3158 Victoris.

2007 3174 2256 3228 Evolavit.
2285 3173 2469 3229 Scribe
2489 3188 2610 3245 cum
2633 3173 2949 3245 lleiimanno
2969 3174 3209 3240 avolavit,
3235 3181 3341 3245 qna
3363 3177 3534 3232 verbo

1935 3246 2101 3299 utitur
2129 3247 2318 3300 Cicero
2347 3245 2442 3299 lib.
2472 3260 2489 3298 ι
2519 3244 2809 3299 'l‘usculan.
2841 3259 2959 3314 cap.
2990 3246 3079 3311 45,
3101 3262 3181 3300 me
3204 3248 3323 3302 hinc
3347 3254 3529 3303 avola-

1937 3326 2128 3386 turum,
2163 3317 2355 3386 inquit.

2009 3384 2251 3440 Nudatus
2276 3387 2322 3440 ei
2364 3402 2543 3442 cursus
2571 3384 2820 3456 publicus.
2871 3385 2948 3440 Ita
2998 3403 3100 3442 ms.
3133 3387 3189 3442 Id
3234 3399 3338 3453 est,
3391 3391 3524 3447 nulli

1936 3467 2092 3511 erant
2113 3459 2164 3511 in
2196 3458 2713 3529 mansionibusequi
2758 3456 2956 3526 publici
2997 3460 3207 3513 cursuri
3230 3500 3245 3525 ,
3270 3462 3395 3529 quia
3424 3477 3522 3519 eos

1937 3529 2276 3582 mutilaverat
2309 3527 2712 3582 Constantinus.

2008 3597 2074 3651 Ei
2104 3599 2159 3653 lu
2192 3613 2290 3652 ms.
2324 3599 2416 3661 eis,
2447 3598 2722 3652 mendose.

2011 3669 2439 3741 Ei...r',imperium
2466 3683 2764 3741 per_ma_nus
2789 3667 3021 3741 tradidit.
3041 3668 3455 3727 Lactantiuslib.
3473 3688 3532 3741 ιι,

1939 3739 2364 3794 ῡίνίιι.1ιις›ιιιιιι.
2397 3737 2516 3807 cap.
2546 3739 2617 3791 4:
2663 3737 2799 3810 Vixit
2830 3740 2962 3792 enim
2997 3756 3154 3810 usque
3181 3741 3251 3793 ad
3289 3737 3521 3798 senecta-4

1939 3821 2054 3871 tem,
2085 3826 2392 3879 regnumque
2413 3825 2501 3879 per
2527 3825 2708 3862 manus
2740 3809 2850 3878 [ilio
2873 3809 3108 3865 tradidit.

2011 3881 2262 3937 Militibus
2287 3881 2657 3935 commendato.
2699 3879 2832 3935 Nam
2882 3891 2938 3936 et
2980 3883 3148 3950 patris
3169 3883 3445 3941 voluntate
3473 3898 3530 3942 et

1940 3953 2166 4007 militum
2223 3967 2326 4006 una
2382 3966 2649 4007 consensu
2707 3953 2989 4021 imperium
3049 3963 3130 4008 cst
3181 3967 3528 4012 consecutus.

3214 4027 3383 4082 CELL.

2013 4093 2078 4148 In
2104 4095 2230 4149 lecto
2269 4111 2370 4166 suo
2413 4095 2632 4166 requiem
2677 4095 2793 4148 vita:
2840 4095 3052 4166 accepit.
3110 4095 3256 4149 Fasti
3301 4098 3529 4154 ldatiani

1939 4164 2255 4221 Constantio
2305 4165 2372 4220 Vl
2419 4164 2486 4221 et’
2519 4165 2836 4219 Maximiano
2888 4165 2951 4220 Vl
3002 4166 3325 4220 C0nsulibus
3370 4186 3382 4220 :
3433 4169 3533 4224 Ilis

1941 4236 2244 4292 Consulibus
2274 4237 2408 4290 diem
2433 4236 2637 4305 {unctus
2667 4235 3014 4305 Constantius,
3039 4245 3086 4288 et
3128 4246 3299 4304 postea
3340 4238 3532 4293 levatus

1941 4319 2014 4364 est
2035 4306 2395 4363 Constantinus
2416 4303 2506 4361 vin
2527 4305 2653 4359 Kal.
2679 4305 2913 4372 Augusti.
2935 4303 3240 4360 Chronicon
3267 4307 3483 4362 Eusebii
3511 4326 3527 4363 :

1943 4379 2269 4433 Constantius
2289 4420 2304 4440 ,
2333 4387 2473 4430 sexto
2503 4377 2697 4430 decimo
2739 4377 2941 4443 imperii
2982 4392 3117 4431 anno
3157 4377 3291 4430 diem
3329 4379 3449 4432 obiit
3477 4381 3532 4434 in

1943 4449 2232 4513 Britannia,
2266 4447 2522 4513 Eboraci;
2555 4447 2859 4514 ibidemque
2881 4447 3126 4516 sepultus
3155 4458 3271 4514 est,
3313 4451 3356 4502 si
3399 4465 3528 4503 vera

1943 4527 2069 4575 sunt
2094 4534 2215 4589 quae
2236 4518 2303 4573 de
2324 4519 2439 4587 ejus
2463 4518 2978 4589 tumulonarrantur
3015 4533 3044 4570 a
3072 4518 3386 4573 doctissimo
3415 4521 3533 4575 viro

1945 4587 2229 4646 Guille‘lmo
2257 4589 2549 4650 Caindeuo,
2577 4588 2764 4658 pagina
2803 4587 2907 4640 579.
2947 4587 3255 4660 Britaunim.
3289 4590 3528 4660 Contigit

1946 4661 2086 4716 istud
2117 4675 2258 4714 anno
2283 4659 2477 4714 Christi
2504 4674 2676 4723 cccvr,
2709 4667 2764 4712 ut
2794 4667 2940 4713 recte
2967 4658 3224 4714 adversus
3250 4658 3528 4715 Petaviuui

1948 4733 2222 4787 contendit
2263 4730 2506 4787 Valesius
2537 4733 2588 4782 in
2615 4729 3048 4783 annotationibus
3093 4730 3156 4783 ad
3205 4731 3532 4797 Eusebium;

1949 4815 2003 4858 et
2031 4804 2243 4870 quidem
2273 4803 2360 4856 die
2381 4817 2476 4856 vni
2496 4801 2710 4855 kalend.
2743 4802 2971 4869 augusti.
3007 4800 3207 4854 BALUZ.

2023 4873 2173 4927 Nihil
2193 4874 2290 4942 egit
2322 4875 2479 4942 prius,
2513 4888 2664 4941 quam
2695 4870 3010 4924 Christianos
3028 4870 3192 4942 cultui
3219 4887 3278 4942 ac
3305 4870 3413 4924 Deo
3442 4889 3537 4926 suo

1950 4945 2180 5000 reddere.
2206 4941 2279 4998 l'ta
2309 4941 2411 4998 ins.
2433 4958 2526 5012 per
2549 4943 2952 4996 Hellenismum.
2977 4941 3224 5012 Alioquin
3249 4941 3539 5012 legendum

1953 5023 2118 5080 esset,
2144 5011 2443 5082 quarunt...
2484 5013 2733 5066 redderet.
2769 5011 3077 5067 Lactantius
3118 5014 3185 5082 iu
3219 5013 3537 5080 praelatione

1953 5087 2111 5141 librit
2144 5081 2258 5139 Div.
2294 5085 2525 5139 lnstitut.
2557 5083 2622 5138 ad
2649 5082 3057 5138 Constantinum
3090 5097 3105 5137 :
3137 5081 3277 5135 Nam
3303 5100 3417 5137 cum
3444 5084 3537 5138 ille

1955 5159 2060 5211 dies
2102 5157 2424 5228 felicissimus
2451 5155 2564 5228 orbi
2583 5163 2833 5228 terrarum
2855 5154 3270 5228 illuxissetpquo
3307 5164 3355 5228 te
3402 5153 3544 5211 Deus

1953 5224 2178 5284 summus
2206 5227 2274 5281 ad
2314 5226 2515 5280 beatum
2543 5225 2754 5295 Imperii
2782 5224 2980 5278 culmen
3017 5225 3212 5290 evexit,
3261 5225 3538 5280 salutarem

1955 5299 2202 5353 universis
2229 5307 2275 5352 et
2303 5296 2573 5366 aptabilem
2612 5296 2955 5366 principatum
2998 5297 3246 5365 praeclaro
3272 5297 3420 5349 initio
3442 5313 3542 5349 au-

1956 5372 2182 5441 spicatus
2207 5386 2292 5441 es,
2319 5384 2436 5423 cum
2473 5383 2703 5441 eversam
2745 5366 3090 5441 sublatumque
3109 5367 3363 5441 justitiam
3393 5366 3548 5420 redu-

1958 5438 2094 5506 cens,
2129 5440 2435 5495 teterrimum
2461 5439 2682 5493 aliorum
2711 5438 2912 5509 facinus
2937 5439 3175 5506 expiasti.

2017 5513 2105 5566 Pri
2113 5529 2193 5564 ma
2206 5513 2315 5582 ejus
2329 5511 2542 5575 sanctio,
2559 5507 2748 5582 sancta;
2765 5508 3043 5582 Religionis
3055 5511 3311 5582 restituite.
3329 5507 3418 5582 Sic
3442 5521 3546 5582 ms.

1959 5578 2238 5647 restitutae,
2279 5597 2374 5653 pro
2409 5582 2677 5635 restitutio.
2727 5580 2803 5635 Ita
2824 5581 3017 5634 dicitur
3039 5581 3210 5646 missa,
3227 5594 3323 5653 pro
3341 5578 3546 5642 missio;

1959 5655 2260 5730 relata._pro
2281 5649 2738 5719 relatio;Ascensu,
2769 5666 2868 5730 pro
2900 5653 3171 5730 Ascensio;
3201 5649 3556 5730 defensa._pro

1967 5723 2215 5798 defensio;
2241 5740 2459 5794 accessa,
2489 5739 2588 5796 pro
2612 5726 2866 5785 accessio;
2888 5723 3134 5794 exposita,
3160 5733 3254 5792 pro
3277 5723 3563 5795 expositio;

2817 5811 2859 5890 ὃ
