4058 6188
282 284 386 345 357

275 495 398 566 jure
444 495 777 552 baereditatis
814 506 1070 568 paternos
1122 497 1322 553 milites
1381 500 1665 558 traducere
1702 501 1770 557 ad
1816 512 1875 561 se

276 596 479 660 posset,
509 590 751 660 cogitans
771 597 953 645 tamen
983 590 1098 645 ﬁeri
1121 597 1304 661 posse.
1326 598 1384 645 ut
1408 591 1763 649 Maximianus
1788 608 1876 650 so-

277 697 367 739 cer
387 682 616 752 idipsum
638 693 890 739 metuens
915 684 1174 740 Severum
1198 685 1250 739 in
1274 683 1494 756 Illyrico
1522 687 1870 758 relinqueret,

274 782 436 843 atque
481 773 600 843 ipse
648 787 770 827 cum
820 786 920 828 suo
965 775 1209 829 exercitu
1251 774 1316 828 ad
1346 770 1413 829 'se
1459 777 1872 846 oppugnandum

273 867 501 929 veniret,
526 865 805 936 quaerebat
833 874 1101 936 quatenus
1126 880 1186 922 se
1206 880 1235 920 a
1261 866 1500 937 periculo
1528 868 1873 939 impendente

276 958 529 1013 muniret.
561 958 702 1013 Patri
724 971 825 1013 suo
853 968 975 1028 post
1003 958 1303 1027 depositum
1328 958 1399 1013 im
1410 960 1693 1028 periumin
1717 961 1874 1016 Cam-

276 1051 434 1122 pania
457 1050 688 1105 moranti
716 1065 1011 1121 purpuram
1038 1051 1220 1117 mittit,
1245 1058 1300 1106 et
1325 1050 1409 1105 bis
1445 1052 1740 1121 Augustum
1770 1067 1870 1108 no-

274 1144 466 1198 minat.
507 1142 604 1197 Ille
626 1155 758 1198 vero
795 1152 847 1198 et
890 1157 1071 1198 rerum
1115 1157 1375 1197 novarum
1413 1144 1662 1213 cupidus,
1689 1153 1744 1199 et
1780 1144 1872 1215 qui

274 1237 599 1307 deposuerat
618 1237 843 1303 invitus,
869 1236 1103 1292 libenter
1123 1237 1369 1306 arripuit.
1391 1236 1627 1292 Severus
1656 1237 1870 1293 interim

272 1329 440 1395 vadit,
464 1338 520 1384 et
542 1328 609 1383 ad
633 1342 818 1384 muros
848 1329 1009 1384 Urbis
1029 1336 1269 1384 armatus
1289 1328 1518 1385 accedit.
1551 1329 1743 1385 Statim
1769 1330 1871 1385 mi-

272 1420 414 1487 lites,
439 1421 671 1477 sublatis
702 1421 895 1493 signis,
917 1422 1141 1491 abeunt,
1181 1432 1236 1477 et
1270 1436 1332 1478 se
1358 1430 1543 1478 contra
1569 1438 1728 1493 quem
1771 1438 1870 1479 ve-

264 1521 484 1574 nerant.
515 1513 753 1568 tradunt.
778 1512 918 1580 Quid
939 1514 1179 1569 restabat
1198 1513 1437 1579 deserto,
1461 1514 1565 1568 nisi
1587 1513 1742 1584 fuga?
1762 1514 1871 1571 Sed

262 1605 594 1660 occumbat
608 1606 719 1676 jam
748 1605 1276 1676 resumptolmperio
1312 1605 1686 1673 Maximianus,
1719 1606 1871 1677 cujus

264 1698 502 1752 adventu
546 1696 858 1752 Ravennam
902 1696 1172 1768 confugit,
1213 1697 1394 1767 ibique
1432 1712 1492 1752 se
1522 1711 1644 1752 cum
1684 1698 1871 1768 paucis

1433 288 1529 348 AD
1566 289 1898 353 DONATUM
1933 292 2461 357 CONFESSOREM.

279 414 416 462 rent.
457 403 764 462 Maxentius
804 404 939 462 tanti
982 404 1239 463 facinoris
1278 404 1380 463 sibi
1420 410 1705 477 conscius,
1753 409 1958 474 lleetA

3464 296 3577 370 ass

2671 501 2887 562 XXVII.

2054 682 2340 740 Herculius
2382 697 2514 740 vero
2554 697 2677 740 cum
2714 683 3019 740 Maximiani
3060 698 3243 744 nosset
3287 689 3571 759 insaniam,

1976 777 2215 847 cogitare
2249 776 2413 847 coepit
2451 776 2622 840 illum,
2647 775 2826 831 audita
2868 791 3001 833 nece
3040 777 3249 848 Severi,
3276 783 3574 840 inﬂamma-

1972 878 2090 926 tum
2114 871 2213 935 ira,
2242 885 2362 926 cum
2386 870 2626 925 exercitu
2666 884 2789 925 esse
2808 879 3117 938 venturum,
3143 880 3198 928 et
3225 872 3454 930 fortasse
3476 875 3573 930 ad-

1971 964 2161 1034 juncto
2183 962 2494 1029 Maximino,
2533 977 2597 1017 ac
2630 961 2916 1033 duplicatis
2954 962 3144 1036 copiis,
3173 966 3371 1036 quibus
3395 968 3573 1023 resisti

1973 1046 2127 1108 nullo
2164 1052 2327 1108 modo
2361 1060 2581 1122 posset:
2627 1052 2761 1108 urbe
2799 1053 3036 1120 munita,
3084 1065 3140 1110 et
3177 1054 3344 1111 rebus
3382 1058 3575 1127 emptis

1973 1143 2207 1199 inimicis
2244 1142 2530 1213 diligenter
2566 1142 2875 1211 instructis,
2916 1144 3301 1216 proflsciscltur
3339 1147 3391 1202 in
3436 1147 3570 1205 Gal.

1973 1237 2123 1303 liam,
2149 1244 2207 1291 ut
2232 1235 2645 1291 Constantinum
2673 1236 2915 1307 partibus
2942 1237 3055 1293 suis
3079 1239 3417 1305 conciliaret,
3455 1256 3569 1296 sum

1970 1327 2200 1384 minoris
2232 1327 2360 1383 ﬁlia:
2401 1328 2622 1399 nuptiis.
2671 1328 2768 1384 llle
2797 1329 3025 1398 interea,
3072 1338 3262 1386 coacto
3302 1333 3569 1400 exercitu,

1970 1420 2182 1476 invadit
2207 1419 2434 1485 Italiam,
2462 1420 2531 1475 ad
2561 1418 2763 1477 Urbem
2796 1421 3025 1491 accedit,
3059 1422 3315 1479 Senatum
3362 1425 3574 1482 extinc-

1962 1520 2147 1579 ηιατυς,
2172 1511 2429 1582 populum
2453 1512 2836 1567 trucidaturus.
2860 1512 3061 1569 Verum
3085 1516 3265 1572 clausa
3288 1527 3340 1573 et
3365 1520 3587 1585 munita,

1972 1605 2154 1660 omnia
2193 1602 2451 1659 oﬁ’endit.‘
2476 1602 2631 1658 Nulla
2663 1613 2780 1658 erat
2820 1618 2945 1672 spes
2988 1605 3361 1679 irrumpendi:
3395 1624 3569 1681 oppu—

1971 1696 2157 1767 gnatio
2180 1695 2446 1761 difficilis;
2468 1696 2534 1750 ad
2559 1695 3062 1752 circumsedendum
3086 1699 3282 1755 mtenia
3304 1714 3413 1756 non
3442 1703 3575 1759 satis

267 1790 531 1845 militibus
560 1790 797 1845 inclusit.
825 1790 925 1858 Qui
952 1805 1074 1849 cum
1096 1790 1307 1848 videret
1327 1789 1586 1860 futurum,
1618 1803 1679 1847 ut
1706 1792 1870 1847 Maxi-
1896 1805 1944 1866 Β
1971 1789 2282 1858 copiarum,
2340 1789 2538 1858 quippe
2581 1788 2672 1858 qui
2726 1802 2998 1858 nunquam
3047 1788 3257 1845 viderat
3301 1791 3528 1848 Romam
3551 1836 3567 1860 ,

262 1881 450 1937 miano
473 1880 794 1949 traderetur,
832 1880 982 1939 dedit
1008 1896 1129 1939 sese
1153 1883 1289 1952 ipse,
1331 1891 1647 1953 vestemque
1667 1897 1869 1954 purpu-

262 1987 408 2037 ream
453 1971 652 2039 eidem,
693 1987 726 2028 ι
765 1987 873 2043 quo
912 1981 1217 2042 acceperat,
1247 1972 1497 2030 reddidit.
1539 1973 1659 2042 Quo
1697 1974 1862 2043 facto,

260 2066 395 2125 nihil
427 2065 576 2123 aliud
601 2066 932 2135 impetravit,
960 2066 1065 2123 nisi
1090 2066 1288 2122 bonam
1322 2074 1573 2123 mortem.
1598 2065 1732 2122 Nam
1772 2082 1867 2123 ve-

257 2160 341 2216 nis
370 2159 497 2229 eius
521 2158 731 2226 incisis,
759 2158 970 2217 leniter.
991 2157 1132 2215 mori
1151 2166 1371 2217 coactus
1394 2167 1496 2216 est.
1520 2157 1606 2216 Ab
1627 2158 1729 2216 hoc
1753 2172 1866 2216 cte-

259 2251 333 2325 pit
348 2266 490 2309 suos
512 2251 782 2323 persequi.

1968 1881 2371 1949 mstimaretque
2399 1878 2544 1935 illam
2581 1892 2688 1933 non
2728 1880 2902 1934 multo
2939 1894 3060 1936 esse
3097 1881 3378 1952 majorem,
3405 1899 3569 1956 quam

1967 1988 2103 2046 quas
2176 1980 2400 2028 noverat
2460 1970 2727 2027 civitates.
2789 1971 2942 2028 Tunc
3010 1973 3255 2042 qumdam
3318 1976 3562 2047 legiones

1968 2065 2300 2122 detestantes
2346 2063 2556 2132 scelus,
2598 2063 2743 2141 quod
2782 2077 2941 2120 socer
2986 2080 3247 2136 generum
3285 2083 3563 2141 oppugna.

1966 2166 2072 2224 ret,
2098 2166 2153 2213 et
2180 2156 2319 2228 quod
2350 2156 2579 2212 Romani
2616 2140 2824 2212 milites
2857 2156 3117 2227 Romam,
3167 2140 3453 2217 translatis
3487 2163 3563 2219 si-

1965 2251 2106 2321 gnis,
2137 2249 2424 2321 imperium
2468 2249 2828 2320 reliquerunt.
2878 2250 2941 2304 Et
2980 2249 3094 2321 jam
3140 2252 3323 2308 creteri
3363 2255 3565 2311 milites

1610 2363 1975 2422 VABIORUM
2012 2363 2245 2421 NOTAE.

324 2459 627 2514 Heremias
672 2458 800 2513 tanti
841 2458 1087 2531 facinoris
1118 2457 1227 2531 sibi
1267 2458 1524 2531 conscius.
1580 2457 1695 2514 Hoc
1741 2466 1859 2524 est,

256 2542 491 2601 sumptae
508 2532 632 2591 sine
650 2532 882 2586 senioris
903 2530 1129 2601 Augusti
1151 2530 1381 2601 consilio
1398 2544 1678 2601 purpurae,
1703 2544 1862 2589 usur-

258 2599 479 2677 patique
510 2602 670 2677 simul
707 2602 876 2663 ltalize
904 2600 1144 2677 imperii,
1191 2600 1333 2671 quod
1380 2599 1629 2659 Galerius
1656 2601 1863 2657 Severo

258 2670 704 2727 cum'Occidente
737 2670 999 2726 cesserat:
1026 2670 1286 2727 Damnat.

324 2744 711 2799 Maximianus.
743 2742 957 2798 Scilicet
981 2742 1249 2809 Galerius,
1275 2743 1431 2813 cujus
1457 2740 1619 2797 filiam
1643 2740 1864 2798 Maxen-

258 2815 359 2869 tius
379 2816 640 2869 duxerat.

324 2885 605 2953 Qmebat
646 2893 916 2954 quatenus.
1001 2883 1263 2951 Quatenus
1309 2893 1394 2940 est
1439 2898 1536 2952 pro
1574 2883 1860 2955 quomodo.

646 2893 916 2954 quatenus.
1001 2883 1263 2951 Quatenus
1309 2893 1394 2940 est
1439 2898 1536 2952 pro

1964 2457 2062 2513 lib.
2096 2472 2170 2512 vn
2222 2456 2345 2513 Div.
2376 2456 2609 2513 lnstitut.
2648 2472 2767 2523 cap.
2802 2458 2870 2513 17
2902 2458 3317 2519 :lurunstuus
3346 2477 3470 2526 itu:
3518 2476 3573 2522 et

1963 2528 2157 2602 eodem
2185 2527 2281 2585 lib.
2313 2544 2410 2602 v_t_t,
2441 2544 2563 2602 cap.
2597 2530 2625 2585 1
2659 2544 2685 2602 :_
2703 2528 3240 2602 lurtauua'rtamore
3263 2537 3516 2602 potentiae.

2038 2598 2299 2668 Adjuncto
2322 2599 2630 2654 Maximino.
2658 2599 2818 2664 Daza,
2842 2600 3008 2662 Editi.
3035 2598 3342 2661 Maximino.
3366 2604 3414 2660 Α
3434 2607 3568 2663 Lac-

1963 2670 2138 2724 tantio
2186 2670 2329 2725 enim
2386 2668 2523 2724 Daza
2579 2668 3051 2725 indiscriminatim
3114 2669 3464 2729 Maximianus
3513 2688 3568 2733 et

1966 2740 2289 2797 laximinus
2334 2740 2433 2795 fuit
2477 2741 2804 2812 appellatus.
2854 2740 2990 2796 Vide
3034 2740 3157 2868 No'lt‘.
3187 2744 3254 2798 ad
3282 2757 3444 2817 caput
3474 2748 3562 2805 18.

3151 2828 3363 2868 οιιιΑιω.
3462 2842 3471 2848 -

3151 2828 3363 2870 OINARD.
3462 2842 3471 2848 '

2043 2882 2111 2938 Et
2131 2884 2283 2939 rebus
2310 2885 2487 2955 raeptis
2511 2883 2731 2938 inimicis
2754 2882 3024 2955 diligenter
3047 2884 3333 2941 instructis.
3356 2887 3433 2943 Ita
3458 2905 3561 2947 ms.

255 2954 574 3011 Lactantius
603 2956 776 3010 Divin.
815 2956 1049 3009 lnstitut.
1079 2956 1173 3011 lib.
1208 2972 1222 3009 l
1253 2970 1373 3026 cap.
1418 2955 1483 3009 21
1516 2973 1529 3009 :
1562 2954 1726 3009 Isidis
1750 2954 1859 3010 λΕ-
1890 3004 1934 3026 η
1965 2954 2144 3011 Locus
2171 2954 2538 3026 subobscurus
2566 2963 2837 3026 :attamen
2858 2954 2998 3026 nihil
3021 2955 3413 3013 immutandum
3442 2976 3566 3021 esse

255 3004 635 3101 suam};
651 3004 1722 3101 an“.signa;insinuatas;
1735 3004 1864 3101 ﬁr-
1886 3004 1934 3067 C
1966 3004 2148 3101 ἱῖιῖῐοῖί
2161 3004 2470 3101 semion;
2482 3004 2856 3101 "astringit;
2869 3004 3319 3101 Haustus;
3328 3004 3427 3101 ’ἱίὶἱί
3444 3004 3565 3086 Ἔῗὶ

256 3095 468 3164 diders't,
490 3099 568 3152 uel
586 3099 862 3164 invenerit;
886 3098 980 3151 lib.
998 3112 1071 3160 tv,
1103 3112 1222 3165 cap.
1246 3095 1361 3152 27’:
1394 3097 1533 3152 Sciet
1553 3098 1640 3166 qui
1660 3096 1860 3163 uiderit,

252 3183 540 3231 QUATENUS
564 3169 793 3238 adjurati
831 3166 1204 3237 per.Christum
1225 3169 1289 3222 de
1308 3168 1606 3237 corporibus
1629 3168 1862 3239 fugiant;

256 3239 293 3294 l.
315 3257 418 3305 vn,
433 3256 485 3295 c.
511 3240 544 3295 6
564 3258 577 3293 :
595 3255 873 3304 QUATENUS
893 3248 983 3293 aut
1003 3240 1330 3308 quamobrem
1342 3239 1568 3294 homines
1588 3239 1859 3309 procreati.

321 3311 648 3367 Columbus.
678 3311 797 3366 Lib.
828 3311 896 3365 de
920 3309 1150 3379 Opilicio
1182 3311 1274 3364 Dei
1309 3312 1412 3376 bis,
1445 3324 1564 3379 cap.
1598 3314 1651 3364 6.

323 3383 401 3438 Se
418 3400 456 3436 α
482 3383 715 3452 periculo
739 3382 1060 3452 impendente
1083 3383 1320 3436 muniret.
1361 3378 1671 3435 Lactantius
1710 3378 1856 3452 Epit.

254 3468 374 3523 cap.
408 3454 447 3507 6
476 3450 491 3506 ἐ
522 3450 871 3509 Seuerissiniis
909 3451 1104 3523 legibus
1142 3453 1246 3509 vita
1278 3462 1452 3507 nostra
1481 3466 1747 3523 stunt-run;
1790 3450 1861 3505 de

257 3522 450 3594 Opiﬁc.
497 3525 615 3589 Dei,
644 3539 763 3594 cap.
805 3527 876 3579 ιε
907 3522 975 3578 Ut
998 3522 1239 3594 aduersus
1282 3523 1514 3577 nocentia
1537 3522 1862 3592 fragilitatem

453 3592 726 3678 lutitant;
766 3610 882 3665 cap.
924 3595 1033 3651 40:
1065 3592 1134 3647 Ut
1175 3595 1310 3648 oculi
1352 3594 1649 3648 inunitiores
1696 3600 1861 3647 essent

342 3683 561 3719 iniuria.
1722 3706 1731 3715 .

342 3683 561 3721 iniuria.
1722 3706 1731 3715 ,

324 3686 633 3806 (immisti.
665 3737 954 3808 Eutropius
982 3736 1076 3790 lib.
1126 3736 1379 3808 ixteirca
1409 3734 1593 3808 linem,
1612 3740 1668 3788 et
1694 3706 1851 3808 iazi-

258 3824 372 3862 tnus
394 3802 492 3865 lib.
522 3824 584 3874 ιι,
607 3824 727 3877 cap.
756 3802 852 3872 1οξ
884 3807 1171 3861 Lucaniam
1197 3802 1489 3863 dixerunt:
1518 3806 1698 3861 forsan
1730 3804 1858 3858 villa

257 3879 305 3935 iu
330 3881 615 3948 utriusque
634 3880 887 3935 confiniis
912 3878 1033 3934 fuit.

320 3950 439 4006 Bis.
469 3950 529 4005 ld
558 3959 666 4015 est,
696 3951 913 4006 iterum.

322 4022 548 4078 Seuerus
573 4023 776 4079 interim
802 4022 958 4075 vadit.
992 4019 1143 4076 llaud
1183 4034 1343 4076 secus
1369 4031 1475 4075 ms.
1505 4033 1613 4074 non
1641 4015 1857 4073 Italiam

257 4093 479 4158 invadit,
506 4103 566 4147 ut
589 4094 807 4164 quidam
834 4093 1159 4162 suiSpicatur.

325 4164 392 4219 Et
420 4181 476 4218 se
516 4160 873 4235 contra'qucnt
914 4160 1176 4228 venerant,
1207 4162 1435 4216 tradunt.
1468 4160 1569 4216 Iis.
1617 4171 1700 4228 et;
1747 4172 1856 4216 non

255 4251 317 4291 ει.

323 4307 626 4378 Rauennam
647 4306 898 4378 confugit.
928 4305 1183 4363 Severus.

321 4377 669 4433 Nouissima.
694 4377 969 4433 Hemulin.

319 4448 482 4520 Dedit
500 4467 609 4504 sese
635 4451 765 4520 ipse.
795 4448 894 4504 Ms.
923 4448 1084 4520 habet
1110 4446 1251 4501 dedit
1269 4447 1334 4507 de
1356 4463 1409 4502 se
1431 4447 1564 4517 ipse.

330 4519 634 4590 Vestemque
660 4514 1008 4589 purpuream.
1057 4518 1133 4574 ita
1164 4534 1279 4590 ms_._
1323 4533 1423 4572 nec
1456 4514 1621 4572 aliter
1658 4514 1851 4571 excudi

253 4590 471 4647 debuit:
495 4587 616 4649 alia:
654 4587 921 4648 editiones
959 4591 1179 4659 habent,
1236 4587 1531 4659 Vestamque
1558 4597 1608 4642 et
1646 4602 1852 4661 purpu-

252 4679 387 4718 mn.
1586 4716 1593 4723 ,

325 4733 531 4788 Eidem.
557 4732 682 4799 ης..
712 4741 760 4788 et
784 4733 941 4788 idem.
970 4732 1172 4797 Eidem,
1203 4731 1256 4787 id
1278 4740 1362 4787 est
1385 4729 1661 4795 Herculio,
1685 4744 1714 4782 a
1744 4742 1854 4798 quo

253 4815 557 4882 aeq-perat.
583 4804 722 4859 Vide
745 4819 794 4859 c.
830 4804 897 4882 t_8
928 4821 1066 4882 sup._
1160 4875 1171 4882 .
1222 4875 1238 4882 _
1666 4870 1715 4882 η
1800 4870 1812 4882 _

323 4869 526 4931 Bonam
559 4885 798 4931 mortem.
843 4869 1105 4943 Quid'hic
1126 4875 1195 4939 sit
1222 4875 1365 4930 bona
1411 4886 1582 4938 mors,
1627 4870 1753 4926 vide
1798 4869 1850 4925 id

254 4948 401 5018 quod
430 4949 691 5017 sequitur,
724 4957 960 5017 etsupra
986 4947 1052 5002 ad
1079 4945 1367 5018 caputuﬁ.
1388 5015 1419 5018 _
1465 5014 1477 5018 _
1617 5012 1661 5018 __
1734 5012 1745 5018 _
1842 5011 1855 5018 _
1881 4957 1885 4961 ·

651 5011 845 5094 incisis.
865 5011 963 5075 Sic
992 5030 1093 5094 ms.
1123 5011 1363 5072 a'Leditio
1387 5014 1585 5094 Baias;
1617 5012 1773 5066 Venis

476 5085 676 5145 contra
705 5088 974 5153 Zozimus,
1022 5090 1116 5144 lib.
1147 5104 1209 5153 ιι,
1237 5097 1295 5142 et
1315 5085 1501 5141 auctor
1545 5085 1852 5154 Fragmenti

257 5161 665 5217 deConstantio
701 5160 907 5216 Cliloro
948 5160 1212 5227 scribunt,
1245 5168 1303 5213 ut
1339 5158 1503 5228 paulo
1546 5166 1673 5211 aute
1711 5154 1853 5207 vidi-

256 5247 416 5298 mus,
463 5233 725 5290 Severum
775 5233 953 5304 [rat-tis
1003 5233 1185 5305 laqueo
1231 5228 1506 5353 ceruig'bus
1554 5229 1847 5296 expirasse.

1412 5314 1569 5353 ALUZ.

1412 5314 1569 5354 Αιυῑ.

330 5373 513 5439 εωρὶι.
539 5375 598 5431 1η
622 5373 763 5443 nisi,
792 5375 975 5443 capite.
1009 5374 1088 5429 De
1125 5374 1229 5428 hoc
1269 5372 1602 5443 locoLquem
1628 5381 1854 5443 corrui"

260 5455 376 5501 tum
419 5461 536 5502 esse
578 5439 813 5503 fatentur
856 5439 1216 5516 lnterpretes,
1246 5442 1369 5516 vide
1404 5439 1678 5516 Balneum:
1711 5439 1849 5492 iul’ra

261 5532 317 5587 p.
346 5518 455 5571 516
475 5527 528 5571 et
554 5519 784 5573 Doctiss.
811 5512 1056 5572 Columbi
1088 5516 1210 5570 Not.
1239 5513 1485 5587 Quinque
1512 5512 1699 5587 ultima
1734 5524 1851 5563 ver-

259 5582 329 5645 ba
350 5587 515 5659 huius
536 5589 729 5659 capitis
755 5598 908 5659 putat
936 5582 1282 5643 Heumannus
1303 5600 1425 5641 esse
1450 5582 1702 5638 delenda.
1763 5648 1779 5658 θ

335 5657 633 5714 Herculius.
656 5657 781 5727 Msf,
811 5658 1099 5714 Hirculius.

331 5729 662 5804 item.
688 5729 895 5804 Galerii
921 5731 1147 5786 scilicet.
1427 5798 1479 5804 __
1538 5795 1560 5804 _
1655 5802 1663 5804 4
1750 5791 1779 5804 ᾗ,

332 5799 728 5870 ιιιιαηιιιιαιιιιη
749 5804 848 5858 ira.
873 5801 954 5859 Ita
977 5812 1034 5859 et
1060 5816 1227 5873 supra
1261 5815 1387 5871 cap.
1418 5798 1507 5855 M.
1538 5795 1853 5851 Lactantius

1963 3096 2232 3163 noncaient
2262 3114 2328 3151 ou
2357 3096 2667 3169 declaraient
2688 3098 2749 3169 la
2777 3112 2977 3169 guerre.
3013 3096 3120 3169 Pro
3148 3101 3324 3163 cceptis
3344 3096 3562 3169 quidam
3614 3118 3620 3124 ·

1964 3113 2232 3163 noncatent
2262 3114 2328 3151 ou
2357 3113 2667 3151 declararent
2697 3113 2749 3150 ta
2815 3113 2977 3150 uerre.
3013 3113 3120 3151 ιιι-ο
3148 3113 3324 3163 ereptis
3344 3113 3503 3169 qutda

1964 3171 2152 3224 volunt
2172 3171 2325 3238 aptis.
2348 3197 2420 3209 ——
2450 3167 2741 3221 lnstructis.
2766 3113 2993 3236 (ﬂuidam
3019 3167 3202 3237 legunt
3230 3170 3508 3227 instruens.

2039 3240 2165 3314 Sita:
2191 3241 2403 3314 minoris
2429 3240 2554 3314 [ξιξω
2589 3239 2803 3314 nuptiis.
2836 3238 2959 3303 Ms.,
2996 3238 3071 3292 sic
3109 3240 3321 3314 minoris
3350 3244 3566 3314 familiae

1964 3312 2179 3381 nuptiis,
2212 3309 2355 3381 quod
2378 3310 2505 3364 editi
2525 3320 2670 3381 recte
2692 3310 3127 3381 immutuverunt.
3152 3310 3315 3365 Miror
3350 3309 3559 3370 nullum

1963 3379 2047 3438 ex'
2077 3379 2302 3437 eruditis
2339 3381 2471 3435 viris
2509 3379 2844 3450 inquisiisse,
2874 3395 3118 3450 quamam
3166 3392 3311 3437 esset
3348 3384 3563 3441 Fausta:

1962 3467 2120 3508 soror
2147 3462 2273 3508 natu
2302 3452 2495 3521 major,
2528 3449 2673 3506 et'au
2700 3449 2864 3507 fuerit
2892 3449 3161 3521 unquam;
3188 3453 3385 3511 nullam
3415 3458 3557 3515 enim

1961 3524 2204 3595 reperire
2260 3520 2400 3595 mihi
2444 3523 2629 3595 datum
2678 3531 2762 3595 est
2809 3522 2947 3591 apud
3000 3520 3265 3595 R0lllilll$_
3307 3524 3558 3582 Historias

1962 3592 2278 3663 scriptores.
2321 3592 2570 3664 Attamen
2601 3592 2759 3664 lectio
2778 3607 2878 3645 ms.
2908 3594 3104 3664 merito
3126 3593 3226 3647 fuit
3254 3593 3556 3664 immutata,

1962 3681 2063 3721 nec
2080 3662 2250 3734 prout
2269 3664 2413 3733 jacet
2433 3664 2484 3717 in
2516 3663 2797 3734 Lactantio
2814 3662 2986 3731 potuit
3005 3664 3340 3719 conservari.
3367 3662 3554 3721 Nullus

1961 3732 2315 3792 Maximianus
2359 3734 2640 3789 Herculius
2682 3732 2820 3787 alios
2858 3748 2924 3787 ex
2956 3746 3050 3787 sua
3078 3749 3247 3790 uxore
3291 3734 3553 3802 Eutrapia

1961 3806 2150 3862 habuit
2192 3807 2392 3861 liberos
2414 3844 2434 3873 ,
2460 3812 2617 3874 quam
2646 3803 2993 3876 Maxentium,
3023 3803 3093 3876 de
3125 3818 3232 3873 quo
3257 3807 3432 3876 capite
3458 3808 3549 3875 26,

1960 3887 2017 3933 et
2047 3879 2322 3943 Faustam,
2347 3876 2417 3932 de
2435 3873 2537 3946 qua
2567 3889 2687 3945 cap.
2720 3873 2809 3929 30.
2844 3874 3042 3946 Verum
3074 3873 3351 3946 Eutrapia',
3378 3873 3557 3946 prius?-
3640 3874 3647 3881 ’
3716 3906 3721 3913 -

1999 3966 2120 4004 uam
2150 3958 2312 4019 nupta
2341 3944 2487 4003 esset
2506 3944 2925 4019 cum’llerculio,
2942 3944 3118 4019 filiam
3160 3946 3347 4019 babuit
3370 3944 3553 4006 Theo-

1999 3966 2120 4004 uam
2150 3965 2312 4019 nupta
2341 3965 2487 4003 esset
2506 3965 2629 4001 cum
2653 3965 2925 4012 nereuuo,
2957 3965 3118 4001 uuam
3160 3965 3347 4002 naumt
3371 3965 3553 4006 't‘neo-

1960 3965 2147 4091 gorem
2191 4035 2355 4091 quam
2399 4032 2620 4091 uxore_m
2663 4016 2891 4091 duxerat
2928 4012 3276 4091 Constantius
3319 4018 3553 4091 Cblorus

1960 4087 2296 4147 Constantini
2327 4088 2507 4145 Pater.
2540 4087 2881 4144 Theodoram
2909 4102 3042 4159 vero
3063 4087 3335 4159 Eutropire
3363 4090 3546 4157 ﬁliam,

1942 4160 2020 4217 ἰιι
2043 4178 2217 4229 suam,
2251 4162 2433 4231 procul
2459 4160 2623 4214 dubio
2660 4158 2890 4231 habebat
2917 4157 3439 4231 Herculius.’ltaque
3484 4163 3552 4217 de

1959 4233 2160 4289 Fausta
2200 4228 2374 4304 potuit
2400 4230 2711 4304 Lactantius
2748 4229 2950 4304 dicere,
2990 4228 3139 4304 quod
3178 4228 3411 4304 Herculii
3443 4232 3551 4286 filia

1958 4305 2139 4360 minor
2163 4299 2330 4361 esset.
2357 4331 2429 4343 ——
2454 4301 2522 4355 Et
2545 4300 2696 4375 rebus
2723 4300 2900 4367 ccepti:
2927 4299 3157 4375 inimicis.
3172 4300 3444 4370 diligenter
3473 4304 3556 4375 in.

1959 4378 2185 4431 structis.
2218 4376 2322 4429 Pro
2347 4371 2603 4426 instructis
2624 4372 2920 4425 Buneman.
2936 4368 3116 4434 habet,
3138 4368 3391 4423 instruens
3414 4381 3470 4426 et
3494 4373 3547 4426 in

1960 4446 2102 4502 hunc
2123 4448 2299 4501 locum
2328 4453 2510 4498 notam
2533 4452 2847 4511 sequentem
2869 4439 3116 4511 exhibet:
3138 4467 3212 4511 5-
3230 4439 3301 4493 Et
3328 4440 3546 4499 rebus...

1956 4519 2229 4588 diligenter
2256 4516 2533 4588 instruens.
2554 4510 2670 4588 Ego
2700 4510 3036 4588 suspicabar,
3058 4510 3443 4588 oblitterarum
3474 4515 3550 4568 si-

1958 4580 2348 4669 militudinem.
2401 4580 2735 4669 legendum:
2768 4580 2915 4669 ‘Urbe.
2942 4583 3171 4669 mugitu,
3221 4590 3268 4636 et
3311 4582 3463 4669 rebus
3500 4592 3548 4639 et

1956 4661 2118 4739 copiis
2139 4659 2361 4739 inimicis
2381 4652 2651 4739 diligenter
2679 4653 2969 4739 instructis,
3069 4661 3177 4739 ἐει
3203 4655 3402 4739 pqratis
3425 4672 3547 4726 pro-

1957 4724 2221 4802 ﬁciscitur.
2268 4728 2348 4784 Ea
2392 4724 2602 4783 ratione
2642 4733 2771 4802 sunt
2806 4724 3210 4802 omni_a___'plena.
3253 4724 3545 4796 Postquam

1957 4794 2085 4857 urbs
2114 4801 2340 4867 munita,
2385 4808 2442 4855 et
2480 4812 2568 4854 res
2611 4797 2888 4866 copiaeque
2929 4794 3215 4867 diligenter
3241 4794 3461 4867 paratae
3491 4808 3548 4852 et

1956 4873 2231 4928 instructae
2276 4865 2481 4933 essent,
2530 4865 2907 4939 proﬁciscitur.
2956 4865 3128 4925 Nemo
3163 4865 3308 4921 enim
3349 4869 3542 4934 nescit,

1955 4945 2237 4999 instructus
2281 4944 2557 5013 eleganter
2604 4939 2730 5009 poni
2774 4951 2875 5008 pro
2925 4946 3168 5008 paratus;
3208 4944 3370 5007 atque
3415 4939 3543 4994 inde

1954 5031 2099 5083 saepe
2121 5012 2389 5083 conjungi.
2416 5012 2557 5083 iBuu.

1966 5082 1970 5091 ’
2028 5077 2363 5142 Πιεὶηιὶνεᾶ.
2397 5081 2642 5138 Galerius
2669 5077 3038 5134 Maximianus.

2028 5155 2507 5213 Circumsedendum
2548 5152 2755 5206 naenia.
2784 5149 2842 5205 In
2885 5165 3005 5223 tus.
3034 5150 3544 5223 circumsedendam;

1953 5229 2226 5295 mendum,
2260 5240 2359 5296 pro
2386 5222 2858 5293 circuntsedendum
2880 5237 2898 5275 :
2924 5220 3054 5284 editi
3094 5220 3292 5277 habent
3315 5226 3544 5279 circum-

1953 5300 2175 5356 sedenda
2199 5298 2402 5353 mantia.

2028 5372 2169 5439 Quas
2192 5377 2396 5424 noverat
2425 5368 2672 5422 civitates.
2698 5364 2789 5421 Sic
2807 5364 2950 5435 apud
2973 5363 3251 5435 Virgilium
3281 5365 3498 5439 Tityrus
3524 5384 3538 5423 :

2140 5474 2328 5524 Urbem
2352 5485 2495 5535 quam
2518 5469 2688 5535 dicunt
2707 5467 2928 5535 Romam,
2947 5467 3203 5535 AMelibtce,
3229 5454 3403 5534 putavi

2137 5536 2330 5589 Stultus
2352 5531 2468 5597 ego,
2492 5534 2604 5583 huic
2629 5539 2809 5583 nostris
2832 5531 3149 5583 siaiilcm.....

2022 5642 2344 5699 Detestantes
2362 5639 2547 5694 scelus.
2578 5636 2704 5703 Ms.,
2727 5636 3040 5695 detestande.
3064 5635 3225 5692 Forte
3253 5634 3541 5705 legendum

1951 5726 2035 5773 est
2059 5708 2335 5769 detestatur.

2022 5784 2309 5855 Imperium
2333 5782 2673 5849 reliquerunt.
2709 5779 2911 5837 Galerii
2951 5778 3221 5833 nimirum.
3266 5775 3430 5833 Forte
3468 5777 3553 5834 le-
