4058 6188
512 266 620 325 259

1377 264 1564 320 FIRM.
1606 262 1974 320 LACTANTII
2012 263 2142 319 LIB.
2185 261 2276 319 DE
2314 259 2524 318 MORT.
2567 256 2951 318 PERSECUT.

3702 255 3806 316 ξω

513 380 1054 449 nutabant,cumillc,
1069 379 1236 435 fracta
1250 379 1872 451 superbia,dimissisque
1889 377 2102 444 animis,
2131 381 2189 444 Α
2211 376 2358 447 prior
2377 385 2432 430 et
2453 376 2626 445 major
2648 375 2742 430 ﬁlii
2766 385 3002 443 potestas
3023 380 3190 442 esset,
3213 374 3303 445 qui
3331 373 3491 429 etiam
3520 373 3659 444 patri
3689 375 3808 428 red-

513 487 571 533 et
597 476 782 533 Severi
804 476 1005 530 exitum
1028 482 1296 540 metuens,
1323 473 1389 529 ad
1413 474 1576 544 pedes
1597 472 1824 528 militum
1850 471 2105 542 provolu-

516 580 602 626 tus
631 570 839 636 orabat,
868 583 938 625 ne
964 567 1107 624 hosti
1135 567 1460 634 traderetur,
1489 566 1662 623 donec
1703 565 1984 636 promissis
2024 565 2108 619 in-

514 663 765 734 gentibus
780 662 930 719 ﬂexit
946 662 1154 717 animos
1171 659 1548 732 quorumdam,
1564 669 1619 716 et
1637 667 1786 715 retro
1806 660 1956 729 signa
1977 673 2108 713 con-

513 754 700 818 vertit,
722 767 786 808 ac
808 753 986 823 fugant
1011 750 1253 821 trepidus
1287 751 1603 822 capessivit;
1646 750 1699 804 in
1728 764 1831 820 qua
1874 747 2106 819 cpprimi

511 843 771 898 facillime
811 843 1003 913 potuit,
1027 843 1072 896 si
1103 857 1227 898 cum
1251 841 1435 912 paucis
1473 841 2103 913 quispiamsequerctur.

511 934 668 1003 Quod
706 949 828 990 cum
869 934 1113 1000 timeret,
1157 932 1304 989 dedit
1347 932 1604 988 militibus
1650 939 2006 1002 potestatem,
2048 938 2109 984 ut

509 1027 742 1097 dispersi
765 1041 924 1096 quam
948 1024 1210 1081 latissime
1231 1025 1528 1095 diriperent
1543 1027 1744 1088 omnia,
1767 1024 1852 1079 vel
1873 1038 2107 1078 corrum-

513 1127 738 1191 perent;
763 1126 823 1174 ut
858 1119 904 1173 si
936 1119 1056 1189 quis
1087 1118 1298 1188 insequi
1324 1118 1581 1173 voluisset
1604 1117 1848 1172 utensilia
1876 1133 1982 1172 non
2015 1117 2110 1172 ha-

507 1211 684 1266 beret.
725 1210 944 1265 Vastata
971 1218 1054 1264 est
1075 1209 1236 1279 igitur
1265 1224 1325 1265 ea
1353 1224 1477 1279 pars
1506 1209 1690 1275 Italiae,
1735 1223 1842 1280 quo
1888 1208 2108 1279 pestife-

507 1319 630 1359 rum
669 1303 803 1358 illud
846 1318 1037 1373 agmen
1069 1303 1326 1358 incessit:
1354 1304 1584 1372 expilata
1613 1305 1815 1367 omnia,
1847 1304 2100 1360 mulieres

509 1405 803 1465 corruptae,
835 1397 1073 1467 virgines
1101 1396 1335 1464 violatae,
1370 1397 1564 1452 extorti
1607 1407 1860 1466 parentes
1904 1406 1960 1453 et
1988 1413 2106 1453 ma-

504 1490 617 1554 riti,
641 1499 702 1544 ut
739 1489 894 1556 filias,
937 1498 996 1543 ut
1022 1490 1314 1560 conjuges,
1358 1501 1413 1546 ut
1447 1507 1580 1562 opes
1621 1507 1746 1548 suas
1795 1493 2104 1563 proderent.

504 1583 727 1639 Abactae
749 1592 1003 1653 tanquam
1041 1583 1113 1645 de,
1130 1584 1373 1639 barbaris
1397 1586 1596 1656 prmdac
1624 1600 1876 1655 pecorum
1915 1603 1978 1642 ac
2013 1589 2104 1658 ju-

504 1685 830 1731 mentorum.
866 1677 977 1732 lloc
997 1676 1159 1730 modo
1183 1692 1242 1732 se
1277 1677 1343 1731 ad
1380 1677 1536 1732 sedes
1557 1693 1683 1732 suas
1709 1679 1947 1750 recepit,
1979 1695 2102 1735 cum

505 1769 783 1824 Romanus
808 1769 1078 1839 quondam
1107 1769 1422 1839 Imperator,
1452 1785 1594 1824 nunc
1617 1771 2100 1841 p0pulatorltalite,
2133 1779 2182 1840 B

505 1862 778 1918 hostiliter
798 1862 1046 1917 universa
1067 1872 1335 1918 vexasset.
1361 1861 1500 1918 Olim
1525 1862 1744 1932 quidem
1773 1864 1884 1929 ille,
1921 1879 1978 1918 ut
2003 1879 2102 1919 no-

505 1969 630 2010 men
663 1955 1002 2025 imperatoris
1029 1962 1333 2023 acceperat,
1361 1955 1566 2009 hostem
1591 1969 1650 2010 se
1679 1954 1906 2014 Romani
1930 1956 2104 2010 nomi-

506 2048 594 2101 nis
613 2056 731 2102 erat
771 2045 1067 2115 professus,
1097 2045 1253 2114 cujus
1295 2044 1506 2099 titulum
1547 2047 1815 2100 immutari
1855 2047 2098 2114 volebat;

505 2148 565 2193 ut
608 2153 716 2194 non
745 2153 1028 2194 romanum
1077 2137 1381 2208 imperium,
1435 2137 1530 2193 scd
1573 2137 1854 2192 Daciscum
1900 2153 2102 2208 cogno-
2141 2185 2144 2187 λ

505 2230 823 2286 minaretur.

1200 2321 1438 2378 XXVIII.

578 2438 707 2492 Post
737 2434 898 2506 hujus
919 2435 1120 2507 fugam,
1143 2449 1266 2491 cum
1289 2451 1348 2492 se
1378 2436 1728 2492 Maximianus
1752 2435 1889 2492 alter
1907 2452 1938 2492 e
1977 2436 2106 2493 Gal-

510 2531 581 2584 lia
613 2531 929 2598 recepisset,
948 2527 1177 2582 habebat
1203 2527 1484 2598 imperium
1509 2542 1798 2582 commune
1822 2543 1948 2583 cum
1972 2529 2106 2584 lilio.

521 2621 626 2677 Sed
650 2620 838 2692 juveni
869 2621 1038 2690 magis
1070 2619 1372 2690 parebatur,
1408 2635 1566 2689 quam
1591 2621 1728 2687 seni,
1760 2620 1960 2691 quippe
1986 2635 2109 2676 cum

2208 467 2417 523 diderat
2444 468 2749 537 imperium.
2768 466 2999 523 Ferebat
3026 466 3210 536 iniquo
3240 465 3420 521 animo
3440 481 3625 530 senex,
3657 466 3803 536 quod

2209 574 2319 616 non
2348 567 2532 631 posset
2558 558 2729 615 libere
2754 557 2932 614 facere
2965 558 3106 630 quod
3140 558 3324 626 vellet,
3350 567 3405 613 et
3433 557 3542 613 filio
3559 573 3659 614 suo
3681 573 3802 628 puc-

2213 654 2300 710 rili
2331 652 2675 707 aemulatione
2717 650 3008 707 invidebat.
3051 651 3334 722 Cogitabat
3377 665 3508 722 ergo
3535 652 3810 722 expellere

2213 746 2641 812 adolescentem,
2677 756 2735 800 ut
2757 745 2858 800 sibi
2901 760 2997 801 sua
3021 745 3338 801 vindicaret.
3369 745 3523 814 Quod
3548 745 3702 801 facile
3729 747 3810 801 vi-

2209 838 2393 906 batur,
2421 840 2547 909 quia
2575 837 2772 893 milites
2800 846 2956 894 erant
2981 836 3109 910 [sui]
3149 839 3236 909 qui
3276 838 3536 895 Severum
3579 839 3814 910 relique-

2209 939 2351 986 rant.
2382 929 2680 986 Advocavit
2706 929 2963 1000 populum
2989 943 3054 985 ac
3077 929 3296 994 milites,
3317 931 3470 998 quasi
3493 930 3812 985 concionem

2210 1022 2279 1078 de
2305 1022 2664 1092 praesentibus
2715 1021 3022 1092 reipublicae
3050 1022 3205 1077 malis
3249 1022 3549 1078 habiturus.
3584 1023 3664 1078 De
3693 1024 3817 1093 qui-

2207 1114 2309 1171 bus
2335 1131 2458 1170 cum
2512 1115 2676 1170 multa
2722 1115 2968 1183 dixisset,
2991 1115 3259 1172 convertit
3285 1117 3354 1170 ad
3387 1116 3554 1172 lilium
3583 1133 3810 1184 manus;

2209 1219 2264 1266 et
2291 1211 2441 1265 illum
2465 1224 2586 1265 esse
2611 1209 2796 1265 dicens
2811 1216 3086 1264 auctorem
3113 1209 3399 1276 malorum,
3415 1209 3567 1266 illum
3601 1211 3810 1280 princi-

2209 1315 2332 1373 pem
2360 1300 2748 1367 calamitatum,
2780 1315 2914 1369 quas
2961 1299 3266 1370 respublica
3321 1301 3632 1364 sustineret,
3666 1300 3806 1357 diri-

2209 1395 2326 1463 puit
2353 1393 2422 1447 ab
2453 1392 2692 1448 humeris
2723 1391 2840 1462 ejus
2865 1406 3178 1462 purpuram.
3206 1391 3411 1447 Exutus
3439 1393 3531 1447 ille
3563 1393 3816 1463 principi-

2210 1495 2320 1542 tem
2343 1499 2403 1541 se
2433 1486 2502 1542 de
2533 1486 2787 1542 tribunali
2815 1486 2985 1553 dedit,
3021 1497 3077 1542 et
3101 1503 3130 1541 a
3152 1487 3411 1543 militibus
3427 1498 3684 1559 exceptus
3705 1497 3817 1546 est.

2208 1577 2450 1645 Quorum
2470 1578 2548 1632 ira
2563 1586 2619 1632 et
2641 1578 2878 1634 clamore
2907 1579 3252 1649 perturbatus
3278 1590 3364 1635 est
3403 1595 3569 1636 senex
3591 1583 3818 1653 impius,

2209 1680 2263 1725 et
2283 1669 2352 1724 ab
2373 1669 2504 1725 urbe
2522 1668 2717 1737 Roma,
2732 1679 2984 1742 tanquam
2996 1672 3273 1743 Superbus
3285 1672 3444 1740 alter,
3466 1684 3687 1730 exactus
3705 1683 3817 1731 est.

2901 1787 3096 1843 XXIX.

2280 1877 2518 1936 Rediens
2547 1895 2737 1936 rursus
2757 1879 2811 1935 in
2839 1879 3062 1946 Gallias,
3093 1879 3183 1936 ubi
3233 1880 3571 1953 aliquantum
3620 1897 3816 1939 mora-

2211 1983 2298 2028 tus
2322 1982 2422 2038 est,
2457 1973 2733 2045 profectus
2761 1974 2827 2030 ad
2882 1975 3091 2030 hostem
3139 1974 3237 2029 ﬁlii
3283 1975 3364 2030 sui
3393 1975 3806 2042 Maximianum,

2209 2065 2362 2135 quasi
2392 2073 2453 2120 ut
2477 2064 2545 2121 de
2571 2065 2947 2136 componendo
3003 2066 3314 2138 reipublicae
3335 2076 3476 2123 statu
3507 2077 3562 2124 et
3587 2084 3710 2124 cum
3740 2083 3816 2125 eo

2213 2155 2551 2226 disputaret;
2595 2173 2656 2213 re
2683 2168 2859 2213 autem
2891 2173 3016 2214 vera
3067 2169 3124 2214 ut
3153 2159 3429 2230 illum'per
3471 2161 3824 2218 occasionem

2213 2251 2677 2306 reconciliationis
2703 2251 2995 2317 occideret,
3047 2265 3110 2306 ac
3157 2267 3381 2322 regnum
3423 2252 3542 2320 ejus
3573 2262 3814 2320 teneret,

2212 2344 2464 2400 exclusus
2489 2359 2519 2398 a
2552 2359 2672 2408 suo,
2695 2359 3036 2415 quocumque
3059 2344 3318 2400 venisset.
3351 2344 3552 2400 Aderat
3579 2345 3652 2400 ibi
3683 2347 3819 2401 Dio-

2214 2437 2348 2500 cles,
2373 2450 2401 2488 a
2433 2449 2634 2506 genero
2663 2450 2837 2505 nuper
2866 2435 3091 2502 accitus,
3122 2445 3178 2489 ut
3199 2435 3340 2505 quod
3366 2445 3494 2492 ante
3521 2451 3628 2492 non
3665 2438 3822 2492 fece-

2213 2537 2318 2596 rat,
2349 2539 2618 2599 prazsente
2644 2528 2736 2583 illo
2768 2529 3051 2599 imperium
3080 2528 3290 2584 Licinio
3311 2529 3484 2596 daret,
3514 2531 3814 2586 substituto

2213 2620 2270 2675 in
2293 2619 2476 2676 Severi
2508 2620 2647 2675 loco.
2679 2619 2863 2690 itaque
2911 2619 2969 2676 ﬁt
3013 2628 3246 2690 utroque
3274 2630 3557 2691 praesente.
3589 2623 3680 2679 Sic
3707 2639 3822 2678 uno

1864 2733 2230 2792 VARIORUM
2267 2733 2502 2790 NOTAE.

506 2876 742 2946 gendum
766 2874 1157 2946 Imperatorem.
1190 2870 1324 2926 Vide
1365 2870 1523 2936 infra,
1566 2869 1688 2940 quia
1715 2871 1901 2925 milites
1941 2878 2107 2939 erant,

507 2943 597 3016 qui
637 2947 880 3002 Severum
909 2943 1241 3016 reliquerant.

584 3016 875 3070 Nutabaut.
903 3015 1025 3079 Ms.,
1056 3013 1403 3066 mutabantur.

583 3087 917 3156 Dimissisque
935 3086 1140 3156 animis.
1159 3083 1318 3156 Forte
1333 3083 1638 3152 legendum,
1654 3083 1979 3156 demissisque
1998 3085 2110 3137 ani-

509 3161 628 3222 mis,
644 3159 697 3213 id
711 3167 814 3225 est,
833 3153 1077 3225 abjectis.
1105 3154 1179 3208 lta
1192 3153 1382 3209 Cicero
1400 3156 1560 3208 variis
1591 3157 1643 3208 iu
1659 3155 1810 3209 locis.
1825 3154 2104 3210 ALuELov.

581 3228 674 3283 Et.
711 3228 792 3284 Ex
821 3242 925 3282 ms.
951 3225 1044 3280 sed
1069 3225 1327 3279 omissum
1352 3225 1405 3279 in
1431 3225 1608 3279 editis.

583 3299 759 3354 Flemit
781 3300 978 3350 animos
1007 3295 1365 3364 quorumdam.
1399 3295 1523 3361 Ms.,
1553 3295 1678 3361 felix
1719 3296 1920 3349 animus
1973 3312 2106 3366 quo-

510 3387 646 3425 rum.
676 3369 923 3423 Editores
948 3375 1304 3434 reposuerunt
1352 3367 1494 3434 ﬂexit
1524 3367 1722 3419 animos
1769 3382 1967 3437 eorum.
2000 3369 2109 3437 Ego

553 3438 765 3496 onendo
785 3437 1142 3509 quorumdam,
1167 3438 1404 3509 Aperstiti
1433 3440 1485 3491 in
1510 3436 1862 3506 manuscripti
1905 3436 2111 3492 codicis

535 3513 750 3568 ectione
779 3507 940 3564 unam
969 3507 1218 3562 addendo
1244 3508 1543 3578 syllabam;
1571 3522 1800 3578 eamque
1832 3522 2018 3564 vocem
2046 3523 2111 3564 ac

512 3583 800 3638 lectionem
826 3579 1116 3651 genuinam
1151 3589 1305 3648 puto.

590 3648 1033 3724 Opprimi'potuit.
1066 3650 1169 3705 Pro
1219 3649 1504 3724 potuisset.
1535 3648 1624 3724 Sic
1671 3648 1766 3704 lib.
1817 3663 1879 3724 _vt
1907 3648 2108 3724 ΙιιςιιίιἋ

515 3720 730 3792 εει).ἳᾶ
759 3741 772 3776 :
804 3720 976 3791 pctuit
1023 3735 1158 3792 esse,
1191 3736 1350 3774 verus
1410 3721 1502 3776 Dei
1531 3722 1734 3787 cultor,
1757 3791 1764 3792 ί
1786 3720 1830 3774 si
1861 3721 1983 3792 quis
2033 3720 2110 3775 illi

516 3790 892 3849 monstrasset.
921 3790 1081 3846 Conf.
1108 3791 1200 3860 lib.
1237 3807 1296 3856 ιι,
1324 3805 1444 3858 cap.
1475 3793 1527 3855 4,
1559 3791 1807 3860 aportuit.
1902 3791 2034 3846 BUN.

595 3863 848 3919 Utensilia
878 3877 980 3915 non
1003 3859 1224 3917 haberet.
1257 3861 1507 3916 Utensilia
1539 3859 1663 3916 sunt
1691 3861 1915 3928 cibaria,
1940 3862 2110 3932 copia:

517 3935 682 3990 victui
713 3932 1050 3988 necessariae.
1063 3970 1076 3983 .

596 4005 732 4072 Quo.
761 4002 1060 4071 Qua,juxta
1090 4000 1400 4072 Tolliumet
1428 3999 1822 4055 lleumannum.

527 4130 530 4134 .
592 4071 664 4130 Se
689 4075 758 4128 ad
776 4089 895 4128 suas
919 4073 1060 4125 sedes
1088 4073 1293 4141 recepit.
1327 4071 1679 4126 Maximianus
1705 4072 1971 4128 Galerius.

603 4145 860 4200 Vexasset.
891 4143 1139 4197 Baluzius
1189 4151 1336 4211 putat
1367 4142 1648 4211 legendum
1680 4158 1801 4197 esse
1843 4154 2106 4198 vastasset.

520 4220 770 4272 Attamen
800 4213 939 4269 infra
966 4229 1117 4268 num.
1153 4229 1283 4268 xxxi
1311 4212 1441 4269 dicit
1469 4225 1657 4269 auctor
1688 4215 2002 4268 vexationem
2023 4233 2112 4286 ge-

516 4289 652 4343 neris
672 4287 902 4340 humani.

592 4357 887 4413 Daciscum.
909 4355 999 4412 Sic
1023 4355 1145 4426 lego
1173 4371 1292 4411 cum
1324 4356 1712 4424 manuscripto,
1745 4363 1802 4408 ut
1828 4355 1968 4426 apud
1995 4355 2108 4412 Vo-

2215 2868 2524 2925 Lactantius
2549 2871 2783 2946 Epitom.
2815 2887 2938 2946 cap.
2963 2871 3064 2925 72:
3092 2871 3119 2925 1
3126 2889 3214 2941 pse
3236 2874 3525 2929 dwmonum
3555 2875 3819 2946 princeps,

2217 2951 2396 2994 auctor
2419 2951 2465 2994 el
2487 2943 2809 2996 machinator
2836 2945 3111 2997 malorum.

2140 2981 2184 3043 C
2217 2981 2463 3076 "eis?
2480 2981 2795 3083 ἑὲἔρἑὶϊὶῆὶῗ
2816 2981 3111 3068 εἴᾶἓῖιὶῖἔὶξ
3132 3014 3376 3070 Lactant.
3424 3015 3545 3070 Div.
3578 3017 3819 3073 Institut.

2213 3082 2306 3157 lib.
2336 3098 2408 3157 vt,
2438 3082 2572 3151 cap.
2599 3085 2671 3157 8A:
2699 3082 2845 3137 Mala
2875 3087 3045 3138 omnia
3094 3090 3380 3151 sustinere;
3439 3098 3494 3142 et
3547 3103 3667 3157 cap.
3700 3091 3771 3144 18
3805 3109 3817 3142 :

2214 3152 2577 3229 Sustineamus
2621 3155 2858 3224 invicem,
2885 3167 2934 3208 et
2966 3157 3103 3211 mala
3130 3159 3284 3228 hujus
3307 3152 3641 3229 vitwptutuis
3661 3162 3823 3229 adju-

2211 3224 2392 3296 mentis
2419 3228 2758 3296 perferamus.
3195 3224 3204 3228 ⁷
3420 3227 3665 3285 Comma.

2285 3293 2519 3369 Diripuit
2545 3296 2608 3369 ab
2633 3297 2853 3350 humeris
2883 3299 2992 3365 ejus
3035 3315 3340 3369 purpuram.
3378 3299 3453 3353 lla
3487 3315 3587 3353 ms.
3623 3301 3822 3355 Dicen-

2215 3366 2343 3420 dum
2377 3367 2516 3420 t’oret
2547 3366 2793 3435 deripuit,
2818 3369 2867 3420 id
2899 3377 3001 3434 cst,
3037 3366 3103 3424 de
3137 3366 3384 3438 corpore
3430 3370 3524 3424 filii
3545 3371 3817 3437 detraxit;

2213 3439 2791 3562 ὃιιιιᾶεοιιῗίειῐάὶνὶρεγε
2815 3439 3083 3508 signiticet
3127 3443 3375 3524 infracta
3420 3442 3705 3497 concidere.
3739 3443 3820 3498 Ita

2262 3524 2309 3562 vt
2355 3523 2446 3561 ,ιν
2523 3526 2551 3562 ε
2583 3548 2621 3562 ..
3094 3553 3100 3556 .

2212 3507 2366 3563 Ovid.
2394 3523 2446 3561 tv
2472 3507 2621 3575 Met.,
2874 3507 2884 3508 “
3094 3553 3100 3556 .
3195 3517 3201 3524 ’

2573 3624 2588 3653 ._
2623 3623 2638 3636 .
2679 3627 2691 3640 .
2728 3586 2966 3653 velamina
2987 3589 3186 3653 Progne

2400 3647 2617 3712 Diripuit
2641 3662 2706 3700 ex
2729 3649 2966 3701 humeris.

2855 3712 2941 3768 Ex
2969 3713 3206 3771 CUPERO.

2287 3795 2508 3849 Exutus.
2545 3794 2601 3850 In
2625 3810 2754 3863 ms.,
2785 3806 3013 3852 exsutus.

2287 3865 2558 3936 Tanquam
2609 3867 2878 3934 Superbus
2915 3868 3066 3934 alter,
3097 3876 3304 3922 exactus
3347 3878 3442 3925 est.
3471 3869 3529 3926 Id
3559 3878 3643 3927 est
3672 3871 3819 3927 Tar-

2216 3937 2433 4007 quinius
2455 3939 2754 4007 Superbus,
2783 3938 2898 3992 Rex
2917 3939 3289 3995 Romanorum
3314 3941 3555 3996 ultimus.
3584 3942 3819 3998 Lactan-

2214 4009 2320 4061 tius
2364 4007 2456 4062 lib.
2512 4024 2564 4062 tv
2613 4008 2874 4077 Institut.,
2919 4024 3039 4080 cap.
3075 4011 3176 4065 id:
3206 4010 3519 4084 Tarquinius
3563 4017 3818 4084 superbus

2213 4087 2420 4133 exactus
2441 4089 2535 4131 est.
3458 4083 3662 4139 Βλιιιῑ.

2291 4149 2370 4202 Ad
2421 4150 2616 4203 hostem
2641 4149 2741 4218 ﬁlii
2784 4151 2866 4204 sui
2905 4150 3303 4208 Maximianum.
3335 4153 3392 4208 Id
3417 4165 3500 4210 est
3523 4155 3814 4213 Herculius

2214 4219 2579 4289 proﬁciscitur
2609 4221 2676 4274 ad
2707 4220 2977 4277 Galerium
2997 4223 3088 4276 lilii
3115 4225 3196 4278 sui
3218 4224 3448 4280 hostem.

2285 4289 2488 4343 Etcum
2517 4307 2575 4345 eo
2601 4292 2901 4361 disputaret.
2930 4294 3019 4350 Sic
3042 4309 3146 4348 ms.
3175 4295 3301 4350 editi
3328 4297 3582 4351 omittunt
3614 4307 3660 4350 et
3680 4337 3696 4359 .
3727 4299 3812 4352 id-

2223 4375 2327 4437 que
2345 4361 2842 4437 bene._l_tisputaret,
2866 4363 3046 4437 id_est,
3061 4365 3486 4437 eonferret,cum
3511 4383 3578 4422 eo
3602 4381 3812 4437 ageret.

557 4431 729 4508 iscum
760 4431 812 4482 in
840 4426 1152 4508 Aurelianno,
1186 4442 1306 4508 cap.
1335 4428 1426 4491 58,
1452 4444 1576 4508 non
1598 4427 1866 4492 Dacicum,
1911 4436 1966 4481 ut
2012 4428 2110 4508 ha-
2140 4438 2194 4498 D
2224 4426 2480 4508 Sic_apud
2499 4426 2880 4508 Ciceronem"
2904 4426 3120 4508 Fam—il”
3150 4436 3206 4502 8,
3234 4447 3290 4508 et
3309 4426 3458 4493 Orat.
3484 4453 3581 4508 pro
3613 4426 3809 4495 leiu.

598 4509 655 4554 nt
679 4501 859 4569 plures
885 4497 1034 4553 editi.
1064 4497 1360 4565 Daciscum,
1393 4499 1535 4568 quod
1565 4500 1678 4568 ipse
1701 4508 1856 4552 natus
1882 4505 2028 4554 esset
2047 4513 2115 4554 ex

521 4571 702 4625 Dacia.

597 4639 949 4694 Maximianus
971 4638 1123 4691 alter.
1144 4636 1378 4705 Scilicet,
1415 4638 1716 4694 Herculius.
1816 4652 1825 4660 λ

596 4709 788 4763 Gallia.
811 4709 869 4764 In
899 4723 1001 4764 ms.
1029 4706 1194 4761 Gallic
1216 4708 1345 4762 :sed
1368 4709 1647 4764 mendose.

595 4778 725 4834 Cum
746 4781 888 4848 prior
907 4789 956 4833 et
981 4779 1170 4849 major.
1203 4778 1568 4833 Heumannus.
1600 4778 1726 4832 Cum
1749 4782 1888 4849 prior
1909 4792 2036 4837 esset
2065 4791 2112 4837 et

527 4852 710 4922 major.
744 4850 815 4905 At
842 4849 969 4905 alibi
999 4863 1212 4922 quoque
1232 4850 1419 4922 omisit
1433 4849 1738 4922 Lactantius
1776 4854 2113 4922 praecedente

528 4919 644 4975 cum
673 4922 895 4992 verbum
945 4919 1355 4977 substantivum.
1382 4919 1541 4978 Conl'.
1599 4921 1694 4976 lib.
1726 4919 1800 4975 vn
1850 4921 2108 4992 Institut.,

519 4991 723 5064 capLQ.
1249 5061 1257 5064 Α
1298 5061 1310 5064 Α
1334 5061 1365 5064 μ
1392 5062 1421 5064 -ν
1585 5063 1593 5064 ί
1762 4993 1895 5048 ΒυΝ.

597 5061 726 5128 Filii
777 5073 998 5133 potestas
1030 5061 1427 5136 _esset.‘Addidi
1481 5063 1735 5136 verbum,
1760 5076 1920 5132 esset,
1968 5065 2110 5136 quod

518 5133 672 5189 deest
690 5135 743 5189 in
773 5134 1158 5204 manuscripto,
1190 5135 1284 5189 sed
1310 5137 1614 5190 necessario
1639 5135 1963 5191 addendum.

597 5205 696 5270 Qui
715 5206 886 5258 etiam.
909 5205 966 5259 In
998 5220 1105 5273 ms,
1130 5205 1316 5260 codice
1343 5215 1426 5260 est
1451 5216 1496 5258 et
1517 5222 1597 5259 ea.

597 5277 768 5341 Quod.
802 5276 923 5338 Ms.,
951 5292 1093 5345 quos,
1119 5277 1410 5340 mendose;
1444 5275 1584 5330 forte
1608 5293 1722 5341 qua:
1741 5277 1905 5332 vellet.

596 5345 790 5400 Milites
811 5356 954 5400 erant
971 5348 1071 5399 sui.
1122 5345 1359 5412 Scilicet,
1405 5346 1708 5401 Maximiani
1745 5348 1978 5402 llerculii
2006 5349 2111 5404 lm-

521 5418 808 5480 peratoris.
838 5415 972 5472 Cum
993 5416 1213 5472 doctiss.
1243 5419 1370 5471 viris
1397 5417 1547 5472 Gisb.
1576 5419 1789 5486 Cupero
1842 5431 1895 5472 ct
1942 5419 2108 5474 Paulo

520 5487 742 5542 Bauldri
786 5487 924 5542 addo
953 5489 1055 5552 sui,
1087 5497 1142 5542 et
1185 5503 1378 5542 sensus
1405 5489 1626 5542 omnino
1657 5491 1907 5557 postulat,
1944 5500 2000 5543 ut
2029 5492 2108 5546 sic

520 5561 760 5628 legatur;
781 5558 940 5626 idque
957 5573 1140 5612 vermn
1163 5572 1284 5613 esse
1314 5567 1460 5626 patet
1486 5573 1556 5612 ex
1590 5559 1762 5629 capite
1787 5563 1855 5614 44
1876 5568 1931 5613 ει
1959 5563 2108 5615 simi—

519 5629 691 5684 litudo
717 5630 1010 5683 litterarum
1059 5629 1158 5694 sui,
1202 5639 1257 5682 et
1301 5633 1409 5696 qui,
1444 5643 1633 5683 vocem
1682 5644 1801 5685 eam
1843 5635 2108 5690 extricare

509 5702 708 5770 potuit.
739 5699 822 5755 Ea:
845 5699 1082 5755 CUPERO.

587 5770 861 5828 Auctorem
903 5771 1178 5839 malorum,
1233 5771 1514 5844 principem
1543 5771 1912 5835 calamitatum.
1967 5773 2099 5835 Item

2291 4501 2741 4575 Per_occasionem
2769 4501 3215 4561 reconciliationis.
3250 4501 3551 4575 Propositio
3602 4525 3692 4574 per
3721 4509 3812 4566 hic

2216 4573 2418 4648 aliquid
2451 4576 2682 4645 antiquae
2708 4576 2986 4648 elegantia!
3025 4580 3282 4644 continet,
3306 4573 3384 4633 uti
3431 4579 3572 4648 apud
3599 4573 3811 4635 Livium

2217 4645 2552 4720 etsenecam
2589 4645 2880 4720 perﬁdam,
2923 4647 3064 4720 quod
3102 4647 3301 4704 Caesari
3329 4652 3443 4705 sive
3468 4645 3645 4704 Hirtio
3673 4668 3812 4720 quo-

2215 4731 2321 4842 qqe
2347 4717 2540 4773 Davies
2563 4717 2632 4771 ad
2657 4717 2753 4772 lib.
2794 4734 2883 4772 Vlll
2910 4717 3074 4785 Gall.,
3105 4733 3225 4790 cap.
3257 4719 3350 4787 48,
3477 4721 3533 4788 3,
3562 4717 3807 4778 vindica-

2215 4803 2262 4842 vi
2295 4827 2308 4840 .
3435 4807 3522 4845 un.

2212 4790 2308 4842 vit.
3389 4791 3522 4847 BUN.

2289 4858 2620 4931 Quocumque
2647 4860 2880 4915 venisset.
2906 4861 3120 4918 Aderat.
3147 4861 3526 4917 Buncmaunus
3543 4877 3674 4917 vero
3699 4879 3808 4920 non

2214 4931 2366 5054 Εοηίι
2389 4941 2641 4998 punctum
2674 4941 2794 4999 post
2830 4935 3064 4998 uenisset,
3096 4941 3152 4988 et
3199 4933 3340 4988 hunc
3371 4934 3546 4988 locum
3602 4933 3680 4988 sic
3711 4935 3812 4988 ha-

2249 5010 2330 5054 et:
2350 4999 2678 5054 Ouocumaue
2689 5003 2902 5054 venisset
2912 5005 3113 5054 aderat.
3127 5013 3257 5054 etc.-
3278 5014 3568 5054 notamtme
3580 5021 3810 5054 seanen-

2249 5010 2303 5054 et
2319 4999 2682 5076 thtocumque
2689 5003 2902 5076 venisset
2912 5005 3113 5068 aderat,
3127 5013 3257 5076 etc.,
3278 5014 3589 5076 notamque_
3580 5021 3672 5076 seq
3682 5021 3810 5060 uen-

2215 5079 2322 5125 tem
2338 5069 2517 5126 addit.
2549 5069 2620 5112 -ὲ
2642 5069 2873 5128 Criticus
2901 5089 3065 5130 anon.
3097 5077 3168 5128 ita
3199 5069 3518 5145 distinguit:
3543 5069 3806 5130 Exclusit:

2213 5158 2245 5212 ᾳ
2278 5158 2391 5202 suo.
2454 5152 2782 5212 Quocumque
2810 5145 3046 5211 venisset,
3102 5145 3280 5200 aderat
3323 5147 3395 5201 ibi
3425 5145 3804 5201 Diocletianus.

2215 5210 2396 5266 Placet
2422 5210 2740 5268 Heumann'o
2753 5222 2810 5269 et
2826 5215 2978 5269 mihi.
3035 5210 3039 5211 ⁷
3526 5217 3660 5271 Bon.

2284 5282 2474 5336 Aderat
2503 5283 2572 5337 ibi
2592 5282 2815 5339 Diocles.
2845 5285 2999 5356 Apud
3020 5285 3397 5343 Maximianum
3418 5286 3690 5344 Galerium
3710 5303 3808 5357 ge-

2213 5367 2404 5426 nerum
2427 5369 2604 5422 suum,
2623 5371 2653 5426 a
2683 5371 2791 5425 quo
2819 5372 2991 5426 nuper
3017 5357 3189 5413 fuerat
3219 5362 3442 5414 accitus.

2284 5424 2590 5500 Substituto.
2620 5425 2681 5481 In
2703 5424 2806 5482 ms.
2835 5424 3014 5499 potest
3034 5429 3136 5500 legi
3175 5430 3470 5496 substituto,
3496 5436 3588 5483 aut
3637 5429 3805 5484 etiam

2211 5495 2564 5550 substitutum.
2835 5495 2852 5499 “
3088 5495 3112 5500 ⁷
3457 5495 3460 5496 ν
3760 5553 3764 5558 .

2284 5564 2350 5619 In
2379 5567 2553 5622 Severi
2579 5568 2710 5623 loco.
2753 5569 2842 5624 Sic
2863 5585 2964 5625 ms.
2999 5571 3146 5626 Docti
3198 5570 3404 5625 malunt
3447 5571 3721 5637 scribere,
3749 5572 3805 5628 in

2212 5637 2385 5713 Seueri
2411 5639 2578 5693 locum
2602 5657 2620 5694 :
2649 5640 2741 5694 scd
2766 5651 2990 5712 utraque
3018 5643 3177 5713 lectio
3197 5642 3413 5698 defendi
3444 5652 3644 5713 potest.

2286 5707 2512 5784 Utroque
2554 5722 2818 5784 praesente.
2865 5707 3194 5770 Diocletiano
3233 5707 3510 5784 niutit‘ultt,
3572 5722 3628 5771 et
3671 5726 3807 5777 εοιιο

2210 5779 2532 5839 Maximiano
2556 5779 2830 5841 Herculio.
2866 5835 2874 5845 .
3178 5796 3181 5798 ’
