4058 6188
275 275 381 335 241

1436 287 1529 344 ΑΙ)
1569 289 1895 350 DONATUM
1931 291 2329 353 CONFESSOR
2339 297 2452 353 ΕΜ.

3471 313 3579 372 2i!

282 397 524 460 tempore
554 402 650 446 sex
705 389 941 449 fuerunt.
986 395 1165 466 Quare
1208 398 1480 470 impeditis
1524 405 1766 460 consiliis
1796 421 1882 463 se-
1907 411 1962 471 Α
1985 409 2065 465 dit
2089 413 2293 469 scelera
2323 431 2442 486 quae
2486 416 2631 485 fecit,
2665 417 2962 478 detrahitur
3013 423 3063 480 ei
3094 428 3280 498 vestis,
3310 437 3366 488 et
3392 432 3574 488 incre-

271 497 376 536 nex
397 481 756 539 Maximianus
783 487 993 542 tertiam
1040 506 1256 562 quoque
1283 491 1462 564 fugam
1494 497 1819 555 moliebatur
1849 519 1863 558 :

269 574 407 630 redit
437 574 490 628 in
521 573 753 632 Galliam
785 579 976 649 plenus
1006 583 1160 638 malae
1187 586 1526 657 cogitationis
1585 607 1649 648 ac
1698 594 1871 650 scele-

269 669 362 734 ris,
396 677 455 720 ut
503 664 919 727 Constantinum
959 675 1343 745 imperatorem
1397 695 1656 750 generum
1686 699 1865 753 suum,

268 757 457 827 generi
492 756 685 826 tilium,
717 760 845 817 dolo
869 764 1012 819 malo
1038 767 1486 838 circumveniret;
1514 783 1570 828 et
1599 783 1657 829 ut
1686 784 1870 845 posset

269 851 486 920 fallere,
515 854 739 923 deponit
769 857 968 927 regiam
996 868 1220 914 vestem.
1253 861 1582 920 Francorum
1629 881 1770 937 gens,
1810 869 1867 925 in

267 948 434 1001 armis
464 959 603 1003 erat.
631 949 925 1006 Persuadet
950 951 1081 1008 nihil
1106 954 1422 1024 suspicanti,
1446 973 1515 1014 tte
1541 973 1755 1016 omnem
1778 976 1866 1017 se-

264 1054 381 1093 cum
409 1041 711 1096 exercitum
739 1042 982 1112 duceret,
1009 1047 1192 1115 paucis
1245 1046 1506 1104 militibus
1532 1065 1691 1120 posse
1732 1053 1864 1108 bar-

266 1130 425 1187 baros
447 1131 744 1200 debellari;
776 1144 834 1189 ut
874 1144 928 1190 et
955 1135 1072 1206 ipse
1103 1137 1325 1194 haberet
1349 1141 1675 1210 exercitum,
1700 1158 1862 1214 quem

264 1232 580 1293 occuparet,
597 1234 654 1280 et
674 1225 769 1281 ille
786 1227 1015 1297 opprimi
1043 1239 1226 1298 posset
1251 1229 1322 1285 ob
1348 1230 1577 1287 militum
1617 1235 1863 1304 paucita-

268 1322 393 1369 tem.
421 1314 612 1371 Credit
631 1316 971 1386 adolescens,
1005 1327 1063 1374 ut
1092 1320 1284 1389 perito,
1315 1336 1378 1376 ac
1415 1323 1570 1390 seni;
1603 1335 1774 1394 paret,
1803 1335 1863 1383 ut

267 1408 897 1478 socero:proticiscitur,
945 1410 1136 1466 relicta
1172 1413 1400 1469 militum
1429 1426 1581 1484 parte
1630 1418 1857 1486 majore.

258 1498 368 1566 Ille,
403 1501 597 1569 paucis
640 1500 831 1558 diebus
884 1505 1203 1573 expectatis,
1244 1520 1365 1562 cum
1392 1507 1503 1578 jam
1550 1508 1860 1566 Constanti-

257 1607 382 1647 num
415 1593 714 1650 aestimaret
762 1595 994 1652 intrasse
1041 1597 1178 1653 ﬁnes
1218 1599 1599 1668 barbarorum,
1633 1613 1857 1674 repente

257 1697 552 1753 purpuram
585 1687 771 1754 sumit,
807 1687 1090 1744 thesauros
1117 1691 1338 1759 invadit,
1385 1692 1571 1762 donat,
1603 1704 1660 1750 ut
1686 1697 1845 1762 solet,

1973 505 2087 574 pito
2117 505 2227 561 vita
2257 506 2505 565 donatur.

2687 603 2858 662 XXX.
2890 609 2901 666 Ξ

2041 691 2130 747 Sic
2157 695 2357 750 amisso
2383 695 2721 765 imperatoris
2748 715 2811 754 ac
2843 704 3016 757 soceri
3045 702 3269 772 honore,
3301 703 3570 764 humilita-

1971 783 2039 840 tis
2068 785 2350 855 impatiens
2373 828 2388 852 ,
2433 788 2565 843 alias
2614 806 2800 846 rursus
2843 781 3064 850 insidias
3100 797 3436 855 machinatus
3461 811 3566 856 est.

1969 876 2103 946 Quia
2146 880 2313 936 semel
2363 880 2549 937 habuit
2593 884 2846 955 impune,
2891 896 3048 942 vocat
3074 887 3242 944 ﬁliam
3273 891 3558 958 Faustam,

1966 982 2195 1040 eamque
2234 986 2377 1026 nunc
2407 973 2653 1042 precibus
2673 1017 2688 1043 ,
2730 991 2873 1032 nunc
2900 977 3278 1036 blandimentis
3302 982 3566 1040 sollicitat

1964 1062 2035 1117 ad
2067 1063 2425 1133 proditionem
2448 1069 2647 1134 mariti,
2676 1070 2838 1125 alium
2870 1071 3168 1143 digniorem
3201 1076 3376 1131 virum
3406 1079 3570 1149 polli-

1969 1161 2144 1221 cetur,
2175 1156 2308 1220 petit
2326 1157 2628 1214 cubiculum
2653 1171 2842 1230 patens
2864 1166 3116 1235 relinqui,
3135 1176 3190 1222 et
3209 1168 3571 1239 negligentius

1961 1246 2222 1302 custodiri
2240 1248 2399 1304 sinat.
2430 1250 2721 1308 Pollicetur
2749 1254 2835 1309 illa
2857 1254 3137 1323 facturam,
3156 1259 3224 1314 'et
3253 1260 3418 1315 refert
3444 1276 3572 1330 pro-

1963 1339 2106 1397 tinus
2135 1341 2204 1396 ad
2233 1343 2505 1399 maritum.
2537 1343 2891 1417 Componitur
2920 1363 3108 1418 scena,
3142 1367 3247 1422 qua
3276 1355 3566 1411 manifesto

1962 1430 2172 1488 facinus
2198 1442 2489 1490 teneretur.
2522 1436 2855 1507 Supponitur
2875 1440 3092 1510 quidam
3111 1442 3232 1497 vilis
3249 1444 3554 1511 eunuchus,

1960 1525 2048 1595 qui
2079 1540 2173 1594 pro
2191 1525 2518 1596 Imperatore
2545 1530 2823 1586 moriatur.
2844 1533 3026 1604 Surgit
3053 1535 3144 1591 ille
3171 1546 3332 1592 nocte
3362 1538 3550 1593 intem-

1960 1627 2148 1686 pesta;
2181 1618 2323 1673 videt
2349 1620 2529 1675 omnia
2556 1621 2763 1678 insidiis
2788 1634 3109 1694 opportuna.
3156 1627 3283 1682 Rari
3326 1631 3551 1685 eXcubi-

1957 1718 2103 1765 tores
2129 1722 2300 1778 erant,
2330 1721 2385 1769 et
2416 1714 2450 1768 ii
2475 1716 2692 1786 quidem
2723 1717 2967 1788 longius;
2999 1721 3192 1790 quibus
3223 1731 3399 1779 tamen
3431 1725 3565 1782 dicit

256 1775 436 1846 large;
470 1777 625 1846 ﬁngit
668 1778 736 1832 de
783 1777 1158 1849 Constantino,
1190 1798 1311 1852 quae
1336 1785 1388 1838 in
1413 1786 1585 1856 ipsum
1610 1790 1848 1856 protinus

1969 1803 2155 1860 vidisse
2196 1807 2465 1861 somnium
2492 1849 2507 1875 ,
2561 1810 2704 1878 quod
2737 1810 2846 1866 ﬁlio
2876 1827 2975 1867 suo
3002 1828 3224 1871 narrare
3253 1817 3433 1872 vellet.
3467 1820 3558 1874 In-

256 1867 590 1922 reciderunt.
626 1866 940 1940 Imperatori
962 1886 1192 1943 propere
1213 1891 1332 1945 quae
1357 1888 1506 1946 gesta
1541 1888 1686 1946 sunt,
1718 1896 1854 1935 nun—

252 1957 474 2014 tiantur.
507 1959 828 2017 Admirabili
871 1963 1144 2020 celeritate
1187 1981 1308 2022 cum
1353 1970 1592 2025 exercitu
1615 1973 1843 2029 revolat.

251 2049 589 2120 Opprimitur
639 2052 804 2109 homo
845 2069 912 2110 ex
959 2055 1268 2126 improviso,
1317 2061 1552 2116 nondum
1609 2063 1738 2119 satis
1769 2065 1852 2119 in—

247 2150 525 2208 structus;
556 2144 760 2202 milites
781 2145 846 2201 ad
868 2146 1252 2218 Imperatorem
1279 2165 1433 2206 suum
1461 2153 1705 2210 redeunt.
1737 2155 1848 2211 Oc-

245 2246 546 2306 cupaverat
574 2237 863 2293 Massiliam
893 2281 908 2305 ,
934 2249 989 2295 et
1013 2250 1196 2312 portas
1224 2243 1590 2301 obseraverat.
1629 2247 1854 2305 Accedit

244 2331 468 2399 propius
499 2328 844 2400 Imperator;
872 2340 927 2387 et
952 2332 1004 2387 in
1026 2348 1181 2389 muro
1200 2335 1501 2392 adstantem
1532 2340 1846 2410 alloquitur,

245 2436 345 2475 non
375 2436 598 2492 aspere,
631 2437 732 2478 nec
781 2423 1050 2480 hostiliter
1074 2442 1089 2480 :
1113 2425 1210 2480 sed
1257 2439 1409 2498 rogat
1443 2429 1571 2499 quid
1605 2431 1709 2486 sibi
1751 2446 1852 2488 vo-

244 2511 456 2580 luisset,
478 2513 609 2583 quid
623 2513 674 2569 ei
691 2513 972 2584 defuisset,
996 2531 1094 2571 cur
1114 2515 1317 2573 faceret
1341 2520 1485 2589 quod
1509 2522 1680 2591 ipsum
1701 2537 1842 2593 prae-

244 2605 397 2672 cipue
428 2619 539 2659 non
567 2605 805 2661 deceret.
839 2607 936 2663 Ille
990 2623 1122 2665 vero
1153 2609 1430 2681 ingerebat
1476 2614 1760 2672 maledicta
1780 2617 1850 2674 de

242 2696 433 2752 muris.
461 2696 599 2752 Tum
631 2699 809 2754 subito
851 2714 883 2754 a
931 2709 1081 2772 tergo
1130 2702 1246 2772 ejus
1294 2713 1463 2773 porta:
1511 2718 1842 2776 reserantur,

243 2789 444 2845 milites
491 2791 848 2861 recipiuntur.
898 2793 1200 2850 Attrahitur
1241 2796 1308 2851 ad
1352 2797 1732 2868 Imperatorem
1762 2818 1848 2858 re-

242 2878 398 2936 bellis
429 2880 755 2952 lmperator,
789 2891 942 2954 pater
989 2884 1210 2957 impius,
1251 2901 1410 2944 socer
1436 2891 1698 2960 perﬁdus.
1730 2895 1846 2950 Au-

1955 1894 2200 1962 greditur
2227 1907 2499 1967 armatus,
2549 1913 2604 1956 et
2644 1903 2884 1972 spadone
2927 1905 3278 1975 obtruncato,
3318 1911 3550 1979 prosiliit

1952 1985 2358 2058 gloriabundus,
2386 2006 2450 2047 ac
2473 1993 2754 2062 proﬁtetur
2777 1998 2920 2067 quod
2945 1998 3240 2056 admiserit.
3297 2001 3542 2074 Repente

1953 2092 2014 2133 se
2036 2093 2101 2134 ex
2123 2079 2290 2136 altera
2319 2092 2469 2151 parte
2493 2083 2877 2143 Constantinus
2927 2091 3162 2148 ostendit
3209 2109 3331 2149 cum
3387 2096 3552 2166 globo

1952 2180 2302 2226 armatorum.
2339 2173 2617 2231 Profertur
2634 2193 2666 2233 e
2689 2177 2934 2235 cubiculo
2964 2182 3192 2239 cadaver
3215 2186 3414 2242 occisi:
3438 2187 3548 2244 hac-

1948 2271 2043 2348 ret'
2062 2263 2455 2322 manifestarius
2479 2266 2766 2340 homicida,
2797 2283 2853 2328 et
2879 2283 3059 2331 mutus
3085 2285 3298 2346 stupet:

2199 2381 2347 2441 Quasi
2369 2384 2491 2434 dura
2514 2385 2666 2450 silex,
2691 2394 2776 2438 aut
2796 2393 2898 2439 stet
2915 2388 3156 2454 Marpesia
3180 2399 3383 2457 cautes;

1953 2489 2243 2557 impietatis
2268 2503 2332 2543 ac
2358 2491 2580 2545 sceleris
2623 2492 2948 2564 increpatur.
2993 2496 3279 2555 Postremo
3305 2501 3467 2558 datur
3493 2505 3543 2559 ei

1953 2588 2192 2649 potestas
2223 2580 2410 2636 liberae
2437 2583 2627 2637 mortis
2652 2601 2663 2634 :

2206 2697 2277 2746 Ac
2300 2698 2479 2747 nodum
2501 2699 2717 2750 informis
2741 2701 2828 2752 leti
2848 2704 2991 2754 trahe
3015 2708 3169 2757 nectit
3193 2707 3389 2771 abfalta.

2025 2801 2100 2856 Ita
2133 2801 2222 2858 ille
2247 2802 2474 2858 Romani
2501 2803 2732 2860 nominis
2761 2807 3028 2864 maximus
3074 2808 3404 2883 Imperator,
3464 2824 3554 2888 qui

1955 2910 2052 2968 per
2076 2895 2293 2966 longum
2342 2898 2601 2968 temporis
2646 2898 2985 2956 intervallum
3009 2918 3130 2959 cum
3159 2906 3361 2977 ingenti
3384 2910 3554 2982 gloria

1603 3008 1966 3072 VARIORUM
2000 3013 2232 3071 NOTAE.

307 3138 426 3194 Sea:
452 3137 918 3227 fuerunt..“|ta'nts.
949 3139 1200 3227 I‘ionnulli
1231 3142 1450 3197 mallent
1491 3147 1830 3227 praefuerunt.
1863 3150 1910 3214 C
1943 3162 2070 3227 Ilum
2123 3161 2231 3227 non
2278 3148 2549 3227 reperies;
2601 3157 2656 3204 et
2687 3147 2862 3227 hausit
2891 3166 2919 3204 a
2946 3151 3206 3227 Cicerone
3235 3166 3289 3212 et
3311 3157 3532 3227 Virgilio

239 3207 570 3282 Reipublicae
595 3210 833 3282 scilicet,
852 3227 946 3266 seu
975 3211 1352 3281 Imperatores,
1397 3207 1500 3267 seu
1539 3207 1781 3271 C:i:sares
1809 3233 1825 3282 ;

242 3295 442 3349 nempe
468 3281 768 3353 Herculius,
802 3281 1078 3348 Galerius,
1132 3283 1450 3338 Maximinus
1479 3284 1639 3353 Daza,
1692 3281 1838 3343 Con-

239 3353 534 3418 stantinus,
560 3351 862 3409 Maxentius
889 3362 945 3409 et
973 3353 1233 3409 Licinius.

308 3446 509 3517 Quare.
541 3447 618 3501 Ex
649 3445 867 3502 Terent.
896 3447 1063 3502 Andr.
1101 3449 1218 3502 Act.
1249 3464 1325 3517 nt,
1356 3447 1517 3504 Scen.
1548 3451 1600 3506 5.

317 3516 701 3572 Maximianus.
724 3517 941 3574 Scilicet
972 3517 1270 3574 Herculius.

307 3587 647 3642 Molicbatur.
670 3589 726 3642 Id
755 3599 856 3652 est,
883 3590 1122 3659 parabat.
1153 3588 1370 3645 Ailneid.
1408 3607 1463 3654 ιι,
1487 3607 1540 3645 v.
1576 3591 1698 3648 108.

318 3659 680 3728 Cogitationis.
723 3659 798 3713 Ita
839 3675 970 3715 mss.
1001 3659 1073 3714 Et
1120 3671 1284 3716 recte.
1333 3661 1530 3717 Priscae
1557 3664 1843 3730 editiones,

246 3731 562 3799 contagionis
585 3747 604 3783 :
629 3730 857 3785 fortasse
881 3746 946 3786 eo
972 3730 1114 3800 quod
1148 3733 1236 3785 lib.
1275 3749 1306 3784 v
1348 3733 1465 3786 Div.
1502 3733 1675 3787 Instit.
1704 3733 1840 3789 Lac-

247 3801 420 3874 tantii,
449 3815 568 3869 cap.
605 3800 677 3874 12
722 3801 876 3855 initio
907 3801 1120 3871 legitur,
1156 3812 1331 3872 pectus
1384 3820 1571 3874 purum
1599 3805 1662 3857 ab
1699 3805 1840 3859 omni

245 3871 447 3942 sceleris
471 3873 778 3942 contagione
806 3885 1066 3940 praestare.

309 3940 705 4013 Constantinum
730 3941 1098 4011 Imperatorem
1119 3960 1362 4013 generum
1386 3961 1554 3999 suum.
1586 3945 1836 4001 Faustam

247 4011 388 4066 enim
410 4011 717 4067 Maximiani
746 4013 978 4068 Herculii
1005 4011 1168 4068 ﬁliani
1213 4015 1458 4071 duxerat.
1485 4016 1742 4072 TOINABD.
1766 4048 1838 4058 —

247 4081 463 4154 Legitur
490 4084 752 4139 mendose
770 4084 1146 4138 Constantium
1177 4087 1315 4154 apud
1339 4086 1684 4142 'I‘oinardum.

314 4152 498 4209 Generi
529 4156 714 4222 ﬁlium.
745 4154 1042 4210 Constantii
1065 4152 1270 4218 Chlori,
1322 4158 1406 4212 cui
1451 4157 1632 4213 Flavia
1663 4159 1834 4214 Maxio

246 4224 1012 4298 miana'I‘heodora,ejusdem
1060 4227 1290 4280 Herculii
1340 4228 1600 4297 privigna,
1634 4245 1829 4298 nupse-

247 4305 344 4351 rat.
381 4296 504 4351 Ideo
548 4296 898 4352 Constantius
925 4298 1084 4353 ducta
1124 4297 1364 4369 privigna
1411 4296 1637 4354 habetur
1661 4296 1834 4356 vitrici

244 4380 426 4435 gener.
1356 4369 1486 4423 Tom
1497 4386 1619 4425 ARD.

312 4437 448 4491 Dolo
477 4439 633 4524 malo.
665 4438 779 4520 [ξοιί
804 4438 1064 4493 vocabulo
1085 4455 1225 4522 nunc
1249 4441 1530 4524 tantumin
1555 4441 1710 4524 malis
1733 4442 1836 4524 uti-
1859 4463 1916 4524 Ι)

245 4521 361 4561 mur
392 4511 562 4576 :apud
591 4509 844 4579 antiquos
871 4520 1048 4563 autem
1079 4510 1239 4565 etiam
1273 4512 1326 4564 in
1351 4511 1505 4564 bonis
1532 4512 1693 4566 rebus
1715 4523 1833 4567 ute-

247 4579 463 4644 bamur;
521 4582 666 4635 unde
717 4580 895 4634 adhuc
943 4581 1172 4635 dicimus
1212 4583 1330 4636 sine
1377 4581 1506 4636 dolo
1552 4584 1832 4639 maximo:

245 4651 491 4705 nimirum
515 4652 641 4720 quia
671 4651 776 4705 dici
807 4651 1018 4706 solebat
1043 4660 1087 4704 et
1113 4651 1308 4706 Bonus.
1553 4695 1563 4703 .
1597 4653 1726 4707 Bun.

313 4720 636 4775 Francorum
659 4738 778 4790 gens
800 4723 851 4774 in
876 4723 1031 4774 armis
1053 4733 1178 4776 erat.
1208 4723 1280 4777 De
1306 4723 1409 4777 hoc
1435 4723 1570 4779 forte
1596 4724 1837 4780 Franco-

247 4805 359 4846 rum
393 4793 538 4848 bello
570 4794 808 4864 loquitur
840 4793 1041 4848 Euseb.
1069 4795 1122 4848 in
1154 4793 1261 4848 vita
1290 4792 1625 4851 Constantini
1657 4795 1750 4851 lib.
1779 4812 1832 4864 t,

245 4873 358 4918 can.
386 4865 474 4918 25.

306 4879 614 4988 litium“.
641 4934 700 4988 Id
725 4943 827 5005 est,
863 4934 1148 5002 Herculius
1168 4935 1459 5005 persuadet
1482 4935 1836 4992 Constantino

248 5005 378 5076 nihil
402 5007 716 5076 suSpicanti.

313 5075 510 5131 Posset.
540 5080 593 5130 in
626 5092 752 5140 IllS.,
784 5076 975 5132 Possit.

311 5145 651 5220 Pgncitatem.
681 5148 743 5220 In
773 5164 902 5218 ms.,
936 5150 1186 5217 paucitate
1209 5167 1226 5204 :
1253 5148 1392 5206 forte
1418 5152 1691 5220 paucitate.

316 5216 642 5289 @stimaret.
679 5216 894 5289 Legunt
914 5216 1103 5275 eruditi
1134 5216 1466 5276 existimaret.

315 5287 488 5359 Fingit
508 5291 573 5343 de
592 5287 927 5344 Constantino
949 5331 962 5355 ,
986 5301 1079 5346 etc.
1120 5292 1174 5346 Id
1208 5301 1327 5361 est,
1359 5293 1506 5362 ﬁngit
1534 5293 1837 5346 Constanti-

249 5373 372 5412 num
414 5375 730 5431 oppressum
787 5376 907 5415 esse
932 5363 999 5416 ab
1029 5362 1272 5418 hostibus
1292 5405 1306 5429 ,
1335 5364 1472 5418 sicut
1499 5364 1642 5430 ipse,
1679 5365 1837 5431 paulo

248 5439 367 5496 post
389 5471 402 5494 ,
448 5433 728 5501 inopinato
756 5433 943 5502 generi
991 5448 1215 5490 recursu
1237 5433 1658 5506 opprimebatur.
1688 5434 1836 5489 CEL-

248 5514 447 5554 LABIUS.

319 5569 638 5641 imperatori.
675 5573 913 5641 Scilicet,
945 5573 1320 5631 Constantino.

320 5639 545 5696 Recolat.
578 5639 1039 5700 Lactantius’Div.
1067 5647 1318 5711 Institut.,
1343 5647 1436 5702 lib.
1465 5663 1556 5712 vn,
1583 5662 1700 5715 cap.
1729 5649 1795 5701 12
1820 5666 1833 5702 :

251 5710 418 5765 Donec
458 5717 629 5768 anima
670 5719 850 5770 emissa
891 5720 1120 5784 corporis
1161 5710 1386 5772 claustro
1413 5719 1482 5772 ad
1501 5710 1670 5773 sedem
1690 5735 1837 5771 suam

250 5784 429 5837 recolet
461 5803 477 5839 :
509 5802 670 5857 quam
692 5802 878 5844 vocem
909 5789 1047 5858 apud
1075 5789 1243 5846 ullum
1274 5799 1546 5846 auctorem
1574 5788 1834 5845 Christia-

1946 3217 2192 3288 Georgic.
2223 3235 2269 3278 ι.
2302 3235 2354 3272 v.
2385 3219 2508 3283 561,
2539 3235 2724 3275 eorum
2754 3223 2989 3279 imitator
3009 3225 3311 3283 Firmianus
3337 3217 3539 3284 noster.

2022 3288 2214 3346 Homo.
2244 3289 2418 3345 Senex
2454 3291 2752 3346 Herculius.

2021 3359 2144 3414 Non
2166 3361 2379 3435 deceret.
2422 3360 2556 3429 Quia
2585 3361 2968 3435 Constantinus
2994 3382 3158 3435 gener
3195 3378 3307 3424 erat
3336 3370 3539 3426 Hercu-

1948 3429 2033 3512 lii,
2045 3446 2215 3512 quem
2238 3431 2637 3512 quodammbdo
2665 3449 2772 3490 non
2799 3429 3045 3503 decebai,
3067 3450 3122 3493 ut
3149 3439 3315 3496 Socer
3339 3457 3543 3512 genero

1946 3500 2150 3556 bellum
2183 3501 2424 3557 inferret.

2019 3573 2225 3696 isitm-go
2246 3574 2377 3642 ejus.
2421 3573 2478 3628 Id
2515 3584 2627 3640 est,
2658 3586 2829 3646 porta:
2849 3592 2968 3645 qnzc
2990 3594 3019 3632 a
3053 3589 3202 3650 tergo
3230 3594 3382 3637 erant
3405 3582 3543 3638 Her-

2043 3659 2098 3696 ιι.

1948 3656 2098 3698 CIIIII.

2014 3713 2228 3768 Milites.
2259 3710 2617 3769 Constantini.

2016 3783 2175 3838 Pater
2204 3785 2410 3862 impius.
2437 3783 2616 3862 Rater,
2644 3786 2850 3862 scilicet
2869 3789 3102 3862 Fausta),
3127 3808 3286 3862 quam
3317 3809 3542 3852 uxorem

1953 3853 2181 3930 duxerat
2205 3853 2622 3930 Constantinus;
2647 3859 2870 3930 impius,
2903 3861 3026 3930 quia
3056 3853 3395 3920 inhumanus.

2014 3926 2180 4001 Audit
2209 3927 2400 4001 scelera
2421 3926 3026 4001 qute_[ccit._Eleganter
3046 3935 3113 3988 de
3144 3937 3395 3992 obnoxio.
3445 3938 3538 3993 Sic

1941 3994 2280 4076 Lactantius,
2313 3997 2404 4051 lib.
2434 3994 2468 4051 v
2502 3994 2670 4076 [)i'vin.
2704 3994 2936 4058 Instifut.
2963 4045 2980 4072 ,
3028 4019 3148 4076 cap.
3195 4007 3260 4062 l9
3315 4027 3327 4060 :
3379 4009 3542 4065 Audit

1941 4083 2056 4136 quae
2080 4067 2158 4120 illi
2181 4066 2322 4122 Deus
2344 4070 2697 4124 comminatur.

2016 4138 2313 4194 Detra/titur
2337 4140 2383 4193 ei
2411 4141 2580 4197 vestis.
2604 4140 2950 4213 lmperatoria
2973 4146 3196 4212 scilicet,
3218 4148 3270 4203 id
3287 4159 3390 4216 est,
3415 4166 3543 4221 pur-

1940 4223 2093 4279 pura.

2015 4301 2334 4376 Humilitatis
2347 4305 2633 4376 impatiens.
2652 4305 2706 4359 Id
2733 4315 2835 4374 est,
2866 4307 3092 4376 abjectte
3120 4317 3175 4362 et
3200 4310 3321 4365 vilis
3345 4312 3534 4366 condi-

1942 4371 2450 4450 tionis__impatiens.
2508 4375 2581 4430 Ita
2630 4391 2779 4450 more
2821 4371 3068 4432 veterum
3115 4379 3265 4446 Cic.,
3295 4396 3412 4450 cap.
3449 4385 3537 4449 18,

1940 4456 2065 4514 cap.
2089 4445 2178 4508 45,
2211 4454 2264 4498 et
2294 4445 2388 4499 lib.
2418 4461 2495 4511 v1,
2527 4461 2645 4514 cap.
2671 4448 2722 4501 4.
2750 4448 2883 4501 Βυιιι.

2011 4513 2459 4587 Machinatuscst,
2492 4513 2611 4585 quia
2633 4519 2787 4572 semel
2813 4518 2989 4572 habuit
3016 4521 3223 4587 impune
3247 4534 3407 4576 vocat.
3458 4525 3534 4580 Ita

1939 4583 2158 4638 distinxi
2188 4599 2310 4640 cum
2338 4583 2529 4652 Gabo',
2572 4587 2878 4654 Boherello,
2909 4583 3098 4644 critico
3119 4606 3278 4647 anon.
3313 4602 3368 4648 et
3389 4595 3532 4650 lleu-

1940 4669 2158 4733 manno.
2191 4655 2364 4712 Antea
2393 4657 2650 4733 edebatur
2680 4677 2692 4713 :
2726 4658 3053 4715 Maclainntus
3075 4673 3188 4726 est;
3227 4664 3348 4733 quia
3379 4669 3535 4721 semel

1938 4725 2062 4778 abiit
2088 4727 2312 4794 impune,
2340 4738 2507 4784 vocat.
2537 4730 2666 4784 BUN.

2015 4796 2210 4852 Habuit
2245 4800 2473 4877 impune:
2527 4801 2638 4855 Nec
2663 4803 2817 4877 aliter
2835 4817 2947 4877 .ms.
2980 4814 3034 4858 et
3062 4803 3370 4877 Lactantius
3401 4807 3532 4877 Epi-

1941 4877 2097 4948 tortu,
2131 4885 2248 4948 cap.
2284 4869 2392 4948 55:
2427 4869 2664 4948 __lmpune
2693 4871 2899 4948 lialtuit;
2930 4883 2985 4929 et
3007 4889 3125 4943 cap.
3159 4876 3229 4930 55
3259 4893 3272 4932 :
3318 4869 3540 4948 Impune

1939 4939 2142 4994 habent.
2171 4939 2270 4995 Hic
2300 4941 2351 4995 in
2375 4941 2533 4996 editis
2563 4953 2648 4996 est
2667 4944 2818 4999 abiit.

2013 5011 2200 5066 Scene.
2248 5011 2304 5066 In
2338 5026 2440 5085 ms.
2471 5014 2694 5085 schena;
2725 5015 2874 5082 quasi
2903 5015 3353 5085 pronuntiandum
3385 5031 3535 5075 esset

1938 5080 2120 5148 chena,
2153 5097 2302 5136 more
2327 5084 2532 5137 scilicet
2562 5080 2834 5138 Italorum.

2013 5151 2153 5226 Filio
2181 5169 2292 5226 su_o_.
2317 5153 2374 5208 Id
2405 5165 2511 5226 est,
2539 5170 2740 5225 genero
2771 5169 2893 5226 suo,
2919 5154 3271 5212 Constantino
3298 5159 3524 5226 scilicet,

1938 5224 2059 5293 quia
2090 5233 2207 5280 erat
2233 5224 2537 5279 Maximiani
2555 5224 2802 5280 Herculii
2827 5226 2950 5280 ﬁlia:
2980 5228 3222 5283 maritus.

2011 5293 2266 5367 Iirosiliit.
2290 5295 2480 5350 Melius
2509 5297 2646 5350 [oret
2672 5297 2890 5367 prosilit.

2017 5364 2192 5422 Haeret
2212 5367 2592 5437 manifestarius
2614 5364 2891 5422 homicida.
2908 5368 3216 5424 Lactantius
3239 5371 3330 5425 lib.
3364 5389 3376 5426 ι
3410 5374 3527 5427 Div.

1940 5436 2196 5512 Instit_ut.,
2228 5436 2407 5512 αξη]
2439 5437 2644 5512 :Quasi
2672 5439 2931 5512 subductis
2960 5450 3006 5512 et
3033 5444 3348 5512 consumptis
3369 5446 3534 5496 omni-

1941 5509 2032 5561 bus
2053 5510 2167 5575 viis,
2194 5509 2836 5579 subsistit,hteret,de/icit.
2861 5511 2941 5567 Ex
2966 5511 3158 5567 Plauto
3185 5514 3235 5567 in
3250 5509 3529 5578 'Aulular.,

1937 5588 1992 5633 et
2013 5579 2347 5634 Trinummo.
3080 5588 3105 5605 ⁸

2015 5649 2197 5722 Quasi.
2236 5650 2424 5722 Virgil.
2447 5668 2520 5718 vr,
2549 5651 2760 5707 Eneid.
2796 5669 2852 5722 v,
2875 5655 2998 5710 471.

2015 5667 2197 5713 Quasi.
2239 5667 2326 5704 vnr
2365 5667 2424 5706 ιι.
2447 5668 2520 5718 vr,
2549 5667 2760 5707 mrtem.

2014 5721 2109 5774 Ac.
2139 5720 2306 5786 Idem,
2328 5667 2430 5777 iib.
2467 5739 2560 5788 xu,
2589 5740 2638 5777 v.
2664 5725 2786 5779 605.

2016 5790 2372 5848 Intervallum.
2409 5793 2466 5848 In
2498 5809 2600 5850 ms.
2636 5796 2917 5850 intervallo.
