4058 6188
483 268 593 333 245

1351 265 1538 324 FIRM.
1579 266 1951 327 LACTANTII
1985 266 2116 326 LIB.
2155 267 2247 326 DE
2284 267 2498 328 ιιοιιτ.
2538 268 2916 329 PERSECUT.

3679 270 3788 329 ΞΗ»

480 382 671 455 viginti
697 397 961 441 annorum
989 389 1114 439 vota
1134 382 1447 450 celebravit,
1463 383 1600 439 eliso
1620 391 1675 439 et
1693 382 1865 440 fracto
1887 395 2077 454 super-
2099 386 2156 446 Α
2181 382 2438 440 facultas:
2468 382 2613 438 nullo
2644 390 2887 453 tempore
2913 383 3041 439 anni
3062 383 3149 439 vel
3168 383 3361 455 exigua
3389 385 3646 456 requies;
3678 384 3784 444 ire-

482 478 712 534 bissimo
740 487 977 547 gutture,
1011 476 1174 531 vitam
1203 475 1578 534 detestabilem
1601 476 1743 548 turpi
1771 484 1826 533 et
1853 475 2082 547 ignomi-

475 574 635 631 niosa
657 583 830 629 morte
859 571 1052 627 ﬁnivit.

1169 663 1366 719 XXXI.

528 757 637 813 .Ab
667 755 770 812 hoc
792 755 966 821 Deus,
996 754 1271 826 religionis
1296 769 1362 813 ac
1386 755 1571 826 populi
1600 755 1682 811 sui
1707 756 1925 825 vindex,
1945 773 2078 814 oeu-

384 923 391 929 .
478 850 565 906 los
586 849 653 904 ad
681 847 1063 905 Maximiamun
1091 849 1323 907 alterum
1353 848 1649 916 transtulit,
1679 848 1924 906 nefanda:
1950 867 2078 922 per-

476 940 776 998 secutionis
789 950 1093 1007 auctorata,
1107 950 1164 996 ut
1180 940 1235 994 in
1251 954 1317 996 eo
1328 940 1491 999 etiam
1511 941 1762 998 virtutem
1783 943 2004 1013 majesta
2012 943 2080 999 tis

478 1032 811 1090 ostenderet.
844 1032 969 1089 iam
999 1031 1070 1089 de
1096 1033 1319 1104 agendis
1347 1042 1402 1088 et
1429 1033 1547 1103 ipse
1571 1034 1944 1091 vicennalibus
1981 1050 2078 1091 co-

477 1124 719 1197 gitabat;
743 1135 797 1180 et
813 1133 875 1179 ut
890 1123 979 1193 qui
996 1124 1309 1195 jamdudum
1343 1125 1645 1193 provincias
1670 1125 1934 1183 amiserat
1962 1128 2082 1183 auri

360 1244 367 1247 τ
444 1216 792 1287 argentique
820 1215 1202 1273 lndictiouibus
1237 1214 1423 1283 lactis,
1451 1234 1569 1286 quae
1599 1218 1924 1288 promiserat
1948 1219 2078 1274 red«

473 1308 651 1376 deret,
681 1306 846 1365 etiam
873 1309 926 1365 in
949 1309 1167 1365 nomine
1192 1309 1549 1366 vieeunalium
1579 1318 1824 1366 securem
1852 1311 2077 1368 alteram

473 1398 690 1457 afﬂixit.
721 1400 836 1468 Qua
862 1400 1148 1457 vexatione
1180 1402 1396 1472 generis
1438 1402 1657 1458 humani
1685 1404 1896 1460 exactio
1931 1405 2077 1460 cele-

471 1492 630 1548 brate
647 1493 737 1557 sit,
755 1492 987 1548 maxime
1000 1493 1075 1548 rei
1088 1495 1421 1562 annonariat,
1437 1496 1624 1566 ecquis
1645 1508 1899 1552 enarrare
1919 1496 2079 1566 digne

474 1585 692 1653 potest?
736 1584 1050 1642 Ofﬁciorum
1088 1587 1329 1643 omnium
1376 1578 1595 1656 milites,
1641 1589 1730 1645 vel
1761 1591 1938 1659 potius
1961 1604 2080 1645 car-

469 1676 684 1744 niﬁces,
708 1678 934 1749 singulis
960 1679 1343 1745 adhaerebant;
1374 1680 1461 1736 cui
1488 1682 1637 1752 prius
1661 1682 1972 1752 satisﬁeret,
1998 1684 2079 1738 in-

468 1781 679 1828 certum
697 1789 711 1826 :
728 1772 888 1828 venia
915 1787 1024 1829 non
1048 1772 1367 1830 habentibus
1398 1774 1583 1838 nulla;
1603 1775 1899 1831 sustinendi
1922 1776 2061 1831 mul-

2182 490 2355 543 quens
2398 489 2560 544 super
2605 473 2815 531 hisdem
2870 474 3200 542 hominibus,
3229 474 3315 532 vel
3340 475 3472 546 ipsis
3489 477 3776 547 iudicibus,

2182 568 2265 624 vel
2306 567 2567 623 militibus
2610 568 2853 638 iudicum
2905 582 3082 639 pugna
3108 586 3123 623 :
3152 568 3300 625 nulla
3324 584 3453 625 area
3478 570 3596 625 sine
3623 586 3782 627 exae-

2181 669 2336 728 tore,
2387 660 2535 715 nulla
2573 658 2841 716 vindemia
2884 661 3004 716 sine
3041 659 3302 727 custode,
3330 661 3466 716 nihil
3488 662 3557 717 ad
3582 663 3785 720 victum

2180 754 2549 810 laborantibus
2596 755 2866 810 relictum.
2917 753 3053 822 Quae
3091 769 3397 826 quanquam
3428 756 3788 814 intolerabilia

2182 847 2318 915 sint,
2353 847 2494 918 eripi
2516 847 2587 902 ab
2612 862 2710 903 ore
2739 847 3023 903 hominum
3066 847 3219 904 cibos
3260 848 3449 904 labore
3493 849 3788 919 quaesitos,

2182 947 2362 995 tamen
2410 938 2763 994 sustentabile
2804 939 2990 1009 aliquo
3037 938 3200 994 modo
3224 939 3431 1009 velspe
3455 938 3787 997 futurorum.

2180 1030 2318 1097 Quid
2346 1032 2514 1087 vestis
2538 1032 2716 1087 omnis
2737 1031 2995 1102 generis?
3018 1030 3147 1101 quid
3182 1031 3410 1087 aurum?
3436 1032 3565 1103 quid
3591 1048 3791 1103 argen-

2182 1122 2335 1178 tum?
2380 1122 2576 1179 Nonne
2625 1122 2743 1178 haec
2787 1136 3010 1178 necesse
3035 1130 3211 1178 estex
3240 1123 3474 1180 venditis
3527 1123 3796 1181 fructibus

2180 1215 2521 1287 comparari?
2542 1216 2698 1273 Unde
2722 1217 2883 1287 igitur
2910 1216 3030 1282 hoc,
3047 1217 3083 1271 ὁ
3103 1217 3511 1273 dementissime
3539 1226 3790 1290 tyranne,

2180 1308 2468 1379 praestabo,
2500 1323 2622 1363 cum
2652 1323 2849 1364 omnes
2865 1307 3079 1364 fructus
3104 1308 3343 1375 auferas,
3373 1309 3625 1366 universa
3658 1327 3793 1367 nas-

2179 1400 2357 1456 centia
2406 1400 2673 1456 violenter
2720 1401 2961 1471 eripias?
3015 1401 3149 1469 Quis
3192 1416 3325 1473 ergo
3352 1419 3460 1458 non
3489 1403 3648 1459 bonis
3675 1406 3796 1462 suis

2180 1507 2401 1548 eversus
2423 1500 2524 1559 est,
2555 1502 2615 1547 ut
2642 1507 2794 1563 opes,
2823 1508 2946 1563 quae
2973 1494 3075 1548 sub
3100 1494 3331 1563 imperio
3371 1496 3491 1564 ejus
3536 1495 3792 1562 luerunt,

2180 1590 2605 1647 mandarentur
2644 1589 2714 1645 ad
2755 1601 2975 1655 votum,
3023 1589 3167 1660 quod
3199 1604 3304 1646 non
3335 1600 3456 1646 erat
3481 1592 3793 1648 celebratu-

2179 1700 2293 1742 1⁵118.

2897 1773 3113 1831 XXXII.

468 1862 683 1933 tiplices
705 1864 1009 1933 cruciatus,
1044 1866 1150 1922 nisi
1176 1865 1525 1922 exhiberetur
1550 1868 1757 1935 statim,
1780 1867 1925 1938 quod
1972 1882 2079 1923 non
2109 1848 2157 1910 Β
2258 1867 2580 1938 Nuncupato
2618 1867 2780 1938 igitur
2823 1865 3032 1922 Licinio
3072 1867 3420 1936 imperatore,
3461 1867 3796 1926 Maximinus

466 1966 623 2015 erat:
675 1958 860 2016 multis
906 1958 1170 2015 custodiis
1208 1959 1574 2031 circumsepto
1603 1961 1752 2016 nulla
1777 1960 2082 2032 respirandi

2184 1961 2382 2029 iratus,
2407 1973 2508 2016 nec
2530 1958 2804 2015 Caesarem
2832 1973 2894 2015 se
2912 1998 2928 2027 ,
2956 1972 3060 2015 nec
3082 1957 3239 2014 tertio
3264 1958 3386 2015 loco
3410 1960 3681 2017 nominari
3697 1975 3799 2017 vo-

1841 2088 2206 2156 VARIORUM
2242 2092 2476 2157 ΝΟΤιΕ.

550 2214 746 2281 Viginti
772 2230 1027 2269 annorum
1052 2223 1187 2269 vota.
1220 2213 1277 2270 ld
1306 2222 1411 2281 est,
1440 2214 1765 2281 vicennalia,
1794 2230 1918 2281 qua:
1945 2230 2068 2271 cum

473 2278 811 2342 Diocletiano
838 2284 1023 2339 Romae
1036 2285 1349 2340 celebravit.
1370 2278 1782 2341 Eanum—Vide
1798 2278 2069 2342 Valesium

469 2357 528 2413 in
552 2356 847 2413 Eusebium
867 2356 934 2411 de
954 2355 1075 2412 Vita
1097 2356 1459 2423 Colustantini,
1494 2358 1589 2411 lib.
1613 2372 1686 2423 tv,
1718 2372 1837 2426 cap.
1870 2360 1960 2413 47.

546 2427 728 2497 Turpi.
756 2428 815 2483 In
842 2442 945 2483 ms.
974 2427 1131 2496 turbi,
1162 2445 1221 2499 p,
1245 2430 1298 2483 in
1324 2428 1353 2482 b
1384 2435 1611 2499 mutato,
1642 2428 1786 2499 quod
1816 2428 2072 2487 scribenti

471 2513 620 2566 saepe
644 2499 858 2554 accidit.
1778 2508 1785 2515 ο

543 2568 902 2641 Ignominiosa
923 2580 1102 2641 morte.
1130 2570 1206 2641 De
1228 2584 1332 2639 qua
1364 2569 1565 2625 Euseb.
1593 2569 1799 2626 Hister.
1833 2568 2071 2638 Eccles.,

471 2640 706 2713 ﬁbmm,
738 2655 860 2713 cap.
892 2640 987 2713 l5.
1022 2640 1273 2697 Massilia:
1318 2641 1527 2699 scilicet
1580 2642 1944 2713 strangulatus
1969 2652 2072 2698 est.

468 2711 676 2769 Euseb.
707 2713 760 2767 in
792 2708 1082 2767 Chronico.

546 2782 926 2851 ﬂaminiam
949 2782 1185 2837 alterum.
1210 2783 1268 2839 Id
1296 2793 1445 2849 est,a
1471 2781 1796 2838 Maximiano
1823 2781 2075 2838 Herculio

472 2853 544 2937 ad
589 2853 976 2910 blaximianum
1025 2853 1339 2923 Galerium,
1391 2862 1752 2926 cognomento
1779 2857 2073 2911 Armenta-

468 2941 635 2981 Illlm.
1985 2946 1997 2957 '

550 2996 847 3053 Auctorem.
863 2995 919 3051 Id
933 3003 1038 3063 est,
1054 3011 1217 3052 unum
1230 3013 1298 3053 ex
1319 2995 1632 3053 auctoribus
1659 2996 2073 3065 persecutionis;

474 3049 768 3139 desumus;
794 3049 917 3122 vide
934 3049 2076 3141 ῥὶιῥιέεῖὲᾶῥξΞξῇἐὲἐέέιὶίὸὶ-ἱεἷιίὸὲιῖιιιίοαὲ
2103 3049 2148 3112 C

476 3138 601 3209 erat
624 3147 825 3201 auctor,
853 3138 949 3195 sed
973 3139 1173 3209 plures.

552 3208 727 3263 Etiam
755 3208 1010 3264 virtutem.
1030 3209 1122 3282 Sic
1139 3210 1258 3282 lego
1283 3225 1351 3282 ett
1379 3223 1483 3264 ms.
1512 3209 1567 3263 in
1589 3224 1697 3279 quo
1726 3217 1811 3264 est
1839 3218 1955 3282 et...
1977 3225 2076 3282 ent,

477 3296 613 3350 cum
628 3294 798 3335 vacuo
827 3282 1002 3350 spatio
1035 3281 1066 3334 7
1108 3279 1213 3336 aut'
1234 3281 1268 3336 8
1321 3280 1654 3345 litterarum;
1691 3294 1791 3335 nec
1820 3281 1974 3334 aliter
2004 3279 2081 3334 le—

478 3348 714 3416 gendum
746 3348 873 3405 esse
888 3351 1143 3407 arbitror.
1174 3351 1229 3407 ln
1251 3351 1501 3406 omnibus
1529 3351 1689 3407 editis
1707 3349 1901 3420 legitur
1929 3352 2081 3404 etiam

478 3422 601 3487 uim,
631 3423 775 3491 quod
792 3434 914 3494 cum
942 3423 1148 3494 reliqua
1175 3423 1378 3478 codicis
1397 3423 1666 3494 scriptura
1687 3431 1834 3494 stare
1857 3436 1962 3475 non
1988 3438 2084 3491 po-

477 3502 627 3558 test;
657 3500 712 3548 et
736 3491 952 3561 quidem
976 3493 1026 3547 in
1054 3492 1158 3550 hoc
1185 3508 1313 3559 ms.,
1345 3493 1496 3548 etiam
1509 3491 1681 3564 'vulgo
1704 3493 1958 3549 scribitur
1988 3504 2084 3562 per

479 3572 714 3634 quatuor
733 3564 941 3619 litteras
966 3565 1138 3619 etiam.
1156 3565 1341 3621 Lectio
1367 3573 1552 3619 nostra
1574 3564 1765 3620 eadem
1792 3564 2082 3618 centirma-

481 3646 573 3691 tur
596 3634 866 3689 locutione
894 3651 1015 3705 cap.
1046 3652 1063 3691 ι
1089 3654 1101 3689 :
1136 3637 1402 3701 Quatenus
1428 3637 1661 3690 virtutem
1687 3652 1747 3690 ac
1768 3637 2085 3706 majestatem

482 3722 632 3761 suam
658 3706 711 3777 in
735 3707 1094 3761 exscindendis
1114 3708 1442 3777 delendisque
1489 3707 1715 3761 nominis
1747 3708 1826 3760 sui
1859 3708 2087 3761 hostibus

483 3776 790 3830 ostenderet.
827 3778 897 3830 Ita
928 3786 982 3832 et
1003 3776 1468 3843 Lactantius,’lib.
1497 3792 1551 3831 tv
1584 3776 1761 3833 Divin.
1810 3777 2044 3832 lnstitut.
2069 3818 2084 3843 ,

484 3860 608 3915 cap.
640 3846 746 3900 26:
787 3846 1035 3921 Virtutem
1072 3849 1485 3921 majestatentque
1505 3849 1602 3902 Dei
1626 3849 1901 3921 singularis
1924 3850 2087 3902 interi

488 3921 680 3990 gratari
700 3931 720 3981 ;
762 3926 818 3990 et
852 3917 948 3990 lib.
978 3932 1048 3982 vt,
1081 3917 1204 3990 cap.
1230 3924 1308 3975 9:
1351 3918 1600 3974 Virtutem
1648 3917 1725 3975 ac'
1769 3921 2089 3990 majestatem

486 3986 587 4042 Dei
610 3988 887 4057 singularis
913 3999 1140 4043 enarrat.

560 4057 631 4113 Et
649 4068 723 4112 ut.
746 4058 874 4132 Post
894 4059 1167 4132 cogitabat,
1178 4059 1237 4132 in
1265 4075 1366 4132 ms.
1386 4067 1620 4132 quatuor
1648 4059 1846 4116 desunt
1866 4060 2084 4128 litterae,

490 4143 633 4203 quas
656 4130 986 4203 supplendas
1006 4140 1127 4186 esse
1153 4131 1283 4203 duxi
1313 4130 1417 4203 per
1436 4139 1577 4186 etut.

562 4200 840 4260 Redderet.
872 4201 929 4256 ln
959 4216 1088 4271 ms.,
1113 4200 1329 4269 rediret,
1347 4203 1626 4269 mendose.

562 4271 739 4327 Etiam
764 4277 818 4328 in
833 4274 1040 4327 nomine
1083 4273 1426 4329 vicemtalittm
1467 4290 1692 4330 securem
1718 4274 1952 4328 alterum.
1999 4273 2090 4328 ln-

532 4344 861 4400 uinatissima
914 4344 1080 4401 verba
1127 4346 1203 4401 ita
1250 4343 1494 4402 Gravius
1544 4345 1819 4417 purganda
1861 4355 2089 4417 censet:

2174 2214 2264 2270 nia
2301 2214 2446 2269 nulla
2484 2213 2926 2284 nonrltabentibus
2952 2212 3096 2284 quod
3126 2212 3420 2271 solverent.
3455 2214 3556 2270 Ils.
3590 2215 3788 2284 habet,

2176 2286 2374 2340 veniam
2393 2302 2498 2340 non
2523 2283 2822 2339 habentibus
2846 2283 3015 2339 nullus
3044 2284 3329 2340 abstinendi
3348 2286 3644 2356 multiplicis
3666 2283 3795 2342 cru;

2178 2357 2368 2411 ciatus.
2425 2356 2600 2411 Locus
2627 2367 2936 2427 corruptus,
2988 2357 3076 2423 qui
3126 2365 3304 2410 tamen
3353 2357 3458 2412 levi
3490 2358 3792 2414 admodum

2178 2429 2480 2483 mutatione
2519 2427 2794 2482 emendari
2855 2435 3050 2497 pmeSt.
3092 2427 3149 2482 ln
3189 2428 3427 2483 dictione
3456 2430 3655 2483 veniam
3705 2438 3798 2485 est

2180 2499 2461 2571 mendum,
2487 2515 2537 2552 m
2564 2497 2867 2571 redundat:
2890 2497 3023 2571 item
3059 2515 3084 2553 s
3129 2499 3181 2553 in
3212 2511 3367 2571 vocer
3394 2499 3601 2566 nullas,
3624 2513 3795 2571 quam

2179 2570 2415 2629 litteram
2463 2567 2708 2637 suapicor
2736 2584 2858 2639 esse
2887 2568 3099 2625 initium
3130 2570 3405 2639 sequentis
3431 2571 3583 2625 verbi
3625 2567 3797 2627 absti-

2177 2641 2334 2713 nendi
2350 2657 2369 2705 ;
2400 2641 2469 2694 ita
2502 2650 2560 2713 ut
2579 2640 2649 2694 sit
2678 2638 2824 2693 nulla
2843 2641 3161 2695 substinendi
3180 2638 3306 2713 {Vel
3337 2640 3620 2695 sustinendi
3652 2644 3795 2713 mul-

2178 2711 2375 2839 Ἆρες
2396 2712 2687 2777 cruciatus;
2718 2722 2838 2781 quae
2863 2712 3045 2767 omnia
3065 2712 3322 2767 eximium
3359 2725 3583 2768 sensum
3624 2712 3795 2768 exiti-

2291 2792 2328 2837 t.
3760 2834 3767 2839 .

2252 2853 2613 2909 Exhiberetur.
2660 2852 2816 2911 Adde
2844 2852 3102 2926 vectigal,
3127 2852 3282 2926 cujus
3307 2853 3568 2911 solvendo
3616 2870 3786 2927 pares

2186 2940 2293 2982 non
2322 2936 2495 2980 erant.

2255 2997 2385 3064 Quae
2403 3010 2695 3067 quanquam
2716 2995 3058 3056 intolerabilia
3069 2996 3191 3059 sint,
3207 2996 3338 3067 eripi
3347 2996 3411 3050 ab
3426 3012 3513 3051 ore
3526 2997 3799 3052 hominum

2181 3068 2316 3122 cibos
2355 3068 2527 3139 labore
2569 3068 2826 3139 qumsitos.
2855 3067 2932 3121 lta
2954 3067 3273 3139 quibusdam
3294 3068 3449 3139 iviris
3478 3068 3653 3122 doctis
3686 3087 3790 3139 np-

2182 3136 2544 3210 probantibus
2583 3138 2733 3210 hunc
2753 3139 2928 3193 locum
2959 3137 3263 3194 emendavi.
3288 3138 3347 3193 In
3378 3152 3480 3192 ms.
3502 3148 3586 3194 est
3613 3156 3627 3193 :
3662 3136 3800 3206 Quae

2183 3208 2337 3280 quam
2365 3208 2653 3280 tolerabilia
2691 3209 2814 3275 sint,
2842 3223 3006 3278 pravo
3036 3224 3229 3274 sensu;
3258 3210 3308 3264 id
3337 3211 3482 3265 enim
3513 3224 3620 3264 non
3654 3213 3801 3265 lolc-

2184 3279 2371 3335 rabile.
2401 3279 2712 3350 Legendum
2740 3283 2901 3334 etiam
2951 3295 3074 3335 eum
3110 3280 3334 3335 eruditis
3364 3281 3428 3333 ab
3451 3297 3539 3334 ore
3581 3296 3681 3348 pro
3713 3283 3805 3335 ια-

2183 3350 2324 3416 bore,
2355 3352 2499 3421 quod
2527 3352 2581 3405 in
2602 3366 2703 3406 ms.
2730 3360 3013 3419 exceptum
3027 3360 3188 3405 estex
3203 3366 3334 3407 voce
3352 3351 3526 3407 labore
3549 3367 3676 3406 mox
3704 3369 3799 3408 se-

2184 3420 2405 3492 quente.
2435 3420 2703 3478 Caeterum
2723 3422 2944 3476 verbum
2966 3423 3202 3488 quwsitos
3227 3421 3318 3479 hic
3342 3431 3427 3479 est
3448 3438 3543 3492 pro
3565 3424 3802 3492 acquisi-

2185 3502 2285 3558 tos,
2318 3504 2377 3547 ut
2404 3507 2563 3560 supra
2594 3492 2804 3548 ostendi
2854 3494 2910 3547 in
2939 3492 3063 3547 Not.
3117 3492 3186 3547 ad
3206 3502 3387 3563 caput
3432 3495 3518 3559 18,
3545 3494 3799 3563 illudque

2187 3565 2410 3619 verbum
2437 3564 2665 3633 simplex
2690 3578 2789 3635 pro
2811 3564 3114 3635 composito
3146 3579 3177 3618 a
3202 3561 3484 3620 Laetantio
3513 3561 3800 3635 multoties

2186 3644 2533 3704 usurpatum;
2565 3635 2739 3689 Divin.
2760 3633 2957 3701 lnstit.,
3003 3634 3097 3689 lib.
3140 3650 3217 3697 v1,
3241 3650 3360 3704 cap.
3386 3633 3803 3692 litPerdamne

2185 3721 2295 3779 rem
2332 3706 2637 3779 [attritinretn
2656 3721 2765 3779 meo
2780 3715 2881 3779 aut
2923 3708 3178 3779 majorum
3206 3705 3381 3779 labore
3408 3706 3711 3779 qutcsitant;
3743 3718 3806 3764 et

2187 3775 2233 3848 1.
2248 3775 2317 3848 de
2338 3775 2565 3848 Opiﬁcio
2578 3774 2693 3848 Dei,
2709 3777 2829 3848 c.‘3.
2847 3778 2986 3833 circa
2999 3774 3153 3831 'med.
3178 3777 3447 3843 :Quazsitis
3464 3794 3554 3848 per
3573 3777 3807 3833 laborem

2188 3846 2316 3972 qibis
2327 3864 2346 3913 ;
2368 3846 2423 3904 et
2442 3848 2537 3903 lib.
2566 3848 2635 3904 de
2658 3846 2738 3903 lra
2760 3846 2875 3917 Dei,
2894 3862 2944 3904 c.
2964 3848 3037 3903 25
3060 3866 3074 3902 :
3101 3847 3404 3916 Qutereudis
3432 3846 3804 3919 temporalibus

2228 3934 2362 3972 oms.

2228 3934 2362 3974 01118.

2262 3989 2625 4046 Sustentabile.
2675 3991 2749 4045 lta
2791 4005 2894 4046 ms.
2946 3990 3146 4046 Priscae
3190 3989 3459 4047 editiones
3505 3991 3799 4059 tolerabile,

2190 4061 2335 4129 quod
2389 4061 2530 4117 idem
2558 4071 2677 4126 est;
2718 4063 2856 4117 sicut
2900 4062 3249 4127 Lactantius,
3302 4061 3475 4116 Divin.
3527 4062 3801 4129 lnstitut.,

2193 4131 2285 4186 lib.
2318 4146 2410 4197 vtt,
2438 4148 2557 4202 cap.
2593 4132 2681 4199 l6,
2713 4133 2856 4188 dixit
2881 4132 3257 4188 insustentabili
3295 4133 3675 4195 dominatione,
3698 4148 3802 4203 pro

2190 4202 2521 4274 intolerabili.
2555 4203 2922 4269 Sustentabile,
2945 4206 3085 4261 forte
3114 4203 3397 4274 legendum
3423 4213 3509 4260 est
3536 4202 3803 4259 sustenta-

2193 4272 2398 4346 bantur.
2433 4275 2662 4330 Pluralis
2691 4290 2949 4346 numerus
2972 4272 3249 4346 praecedit.

2268 4344 2377 4413 Spe
2402 4349 2717 4417 futurorum.
2751 4345 2918 4403 Erud.
2973 4344 3174 4403 Paulus
3218 4345 3437 4402 Bauldri
3457 4344 3678 4401 volebat
3708 4344 3807 4417 ile-

550 4431 627 4470 uce
646 4417 946 4494 promiserat
983 4415 1715 4494 reddere,_et_iaani__nontine
1750 4415 2092 4494 uicennalium
2114 4433 2171 4494 Ι)
2193 4430 2322 4486 gere
2349 4415 2438 4494 spe
2463 4422 2786 4494 (murorum,
2833 4434 2929 4494 seu
2957 4428 3218 4488 proventu
3250 4418 3648 4494 animantium;
3696 4416 3803 4473 lu:-

491 4488 956 4561 securetnalteram
979 4486 1191 4561 inﬂixit.
1216 4487 1439 4561 Videtur
1458 4487 1601 4561 dici,
1614 4504 1750 4545 nova
1773 4487 2090 4555 indictione,

492 4556 862 4612 vicennalium
907 4560 1150 4624 proxime
1196 4556 1646 4614 eelebrandorum
1701 4561 1921 4616 nomine
1967 4574 2092 4628 pro-

494 4627 704 4699 vincias
729 4640 977 4699 vexasse,
1007 4636 1067 4681 ut
1087 4628 1369 4699 apparatu_i
1392 4638 1447 4683 et
1474 4641 1667 4699 pompa
1695 4631 1945 4685 ludorum
1972 4627 2090 4686 ne.

494 4698 730 4752 cessaria
771 4696 1491 4766 conquirerentur.—Etiani
1518 4702 1571 4752 in
1603 4696 1810 4756 nomine
1849 4701 2093 4755 tricenna-

496 4769 649 4822 littm.
693 4768 869 4838 Lego,
912 4767 1071 4825 etiam
1110 4769 1314 4823 nomine
1358 4769 1730 4834 uicennalium,
1759 4771 1810 4825 id
1838 4780 1952 4837 est,
1993 4771 2094 4827 sub

494 4847 799 4908 prietextu,
851 4838 952 4894 sub
1008 4839 1231 4898 obtentu
1279 4840 1657 4896 vicennalium.
1700 4841 1921 4897 Videtur
1946 4844 2001 4898 in
2027 4857 2095 4897 ex

495 4919 774 4984 postrema
804 4909 982 4984 littera
1008 4913 1156 4966 vocis
1185 4911 1360 4979 etiam,
1391 4920 1483 4967 aut
1504 4913 1673 4983 prima
1698 4913 1974 4984 sequentis
2000 4928 2097 4970 vo—

498 4983 580 5035 cis
605 4988 803 5035 ortum.
830 4980 963 5036 Buu.

573 5050 818 5128 Securent
836 5051 1051 5128 alterum
1072 5053 1284 5128 afﬂixit.
1318 5052 1399 5128 lt}
1424 5068 1528 5128 ms.
1548 5054 1692 5111 idem
1716 5055 1860 5128 quod
1881 5055 2097 5127 inﬂixit.

497 5122 571 5179 Et
607 5136 740 5176 sane
768 5122 898 5178 illud
930 5122 1210 5199 Ciceronis
1227 5139 1324 5194 pro
1342 5123 1444 5199 Cit.
1468 5126 1711 5199 Plancio,
1724 5122 1845 5199 cap.
1871 5122 2097 5184 9.'Auc-

500 5204 589 5248 tor
615 5202 797 5248 noster
813 5194 1067 5270 respexit
1091 5211 1105 5248 :
1129 5194 1297 5270 Quam
1320 5197 1458 5251 enim
1485 5197 1562 5250 illi
1575 5199 1777 5269 iudices
1797 5194 2102 5270 graviorem

499 5273 774 5337 potuerunt
801 5261 1116 5337 Reipublicae
1135 5267 1368 5337 inﬂigere
1397 5261 1633 5333 securim,
1661 5278 1767 5325 etc.

574 5332 769 5410 Ecquis
788 5350 1030 5410 enarrare
1049 5332 1203 5410 digne
1225 5332 1386 5405 potest
1402 5338 1428 5392 Ρ
1455 5338 1556 5394 Ms.
1577 5332 1626 5393 el
1643 5342 1775 5410 quis.
1800 5338 2101 5397 Levissima

500 5407 591 5482 vel
624 5405 767 5482 pene
796 5405 904 5460 ulla
931 5408 1229 5482 mutatione
1272 5410 1426 5475 posui
1475 5405 1680 5482 ecquis;
1708 5426 1830 5466 cum
1861 5421 1880 5464 t
1909 5421 1965 5467 et
1990 5426 2019 5466 ο
2044 5413 2100 5467 in

500 5477 776 5550 plerisque
800 5491 932 5531 mss.
957 5477 1068 5531 sint
1091 5478 1318 5543 similes,
1344 5491 1436 5536 aut
1458 5477 1600 5550 pene
1627 5482 1856 5539 similes.

580 5548 889 5620 Ofﬁciorum
916 5550 1142 5620 omnium
1181 5551 1382 5606 milites.
1418 5548 1477 5606 Id
1500 5561 1603 5617 est,
1652 5554 1837 5608 milites
1875 5553 2102 5608 omnium

502 5618 920 5690 magistratuum,
969 5618 1059 5675 vel
1104 5620 1289 5675 milites
1321 5622 1408 5691 qui
1436 5623 1813 5693 magistratibus
1852 5626 2103 5683 auxilium

506 5696 838 5759 prwstabant.
878 5725 884 5733 η

589 5759 748 5818 Venia
776 5777 878 5819 non
906 5760 1203 5819 habentibus
1229 5762 1395 5823 nulla.
1428 5760 1521 5825 Sic
1546 5763 1689 5838 lego,
1719 5765 1795 5826 ita
1818 5773 1878 5825 ut
1903 5766 1995 5838 sit,
2017 5782 2103 5826 ve-

2198 4498 2317 4542 tura
2337 4486 2480 4544 enim
2506 4486 2726 4562 (inquit)
2755 4486 2968 4562 Latinis
2990 4498 3284 4560 proventus
3300 4488 3655 4545 animantium
3687 4496 3798 4557 est,

2195 4566 2250 4615 et
2274 4563 2503 4628 ipsemet
2518 4560 2713 4626 laetus,
2742 4561 2963 4628 [ιεηινω.

2272 4629 2412 4703 Quid
2461 4633 2611 4687 vestis
2641 4631 2806 4686 omnis
2827 4632 3066 4703 generis?
3090 4630 3245 4688 Adde
3267 4629 3533 4703 Exigitur,
3553 4628 3639 4685 vel
3692 4629 3800 4684 eri-

2233 4701 2356 4756 itur.
2386 4702 2538 4758 Paul.
2571 4703 2788 4757 Bauldri
2814 4700 3033 4773 aliquod
3057 4703 3283 4760 verbum
3319 4700 3588 4759 excidisse
3627 4710 3795 4770 puta—

2235 4782 2309 4838 at,
2339 4774 2502 4845 quale
2527 4784 2612 4831 est
2644 4773 2774 4829 illud
2802 4774 2947 4845 quod
2972 4774 3185 4845 damus.

2269 4841 2561 4900 Ad‘votum.
2587 4846 2677 4901 Sic
2702 4841 2964 4900 vocabant
2986 4844 3147 4912 festa,
3179 4844 3235 4899 in
3280 4841 3476 4914 quibus
3514 4850 3800 4914 votagcon-

2198 4913 2534 4983 cipiebantur
2558 4931 2657 4986 pro
2686 4915 3055 4986 incolumitate
3091 4925 3148 4971 et
3189 4912 3438 4970 diuturna
3466 4912 3797 4986 principum

2197 4976 2336 5050 vita;
2369 4996 2529 5056 atque
2549 4976 2688 5042 sicut
2714 4976 3012 5041 vicemhtlia
3032 4986 3403 5050 celebrabant,
3435 4976 3512 5041 sic
3536 4976 3682 5056 deos
3701 5000 3804 5039 ex-

2198 5055 2504 5183 grabanltx’ut
2526 5058 2825 5112 tribuerent
2845 5059 3049 5127 pariter
3091 5071 3281 5114 eorum
3310 5055 3630 5112 tricennalla
3655 5058 3800 5111 cele~

2237 5142 2368 5181 rari.
2442 5144 2603 5183 sz.

2237 5142 2368 5181 rart.
2399 5142 2603 5185 BALUZ.

2273 5196 2426 5265 Quod
2461 5216 2561 5254 non
2589 5207 2698 5254 erat
2735 5198 3103 5253 celebraturus.
3147 5196 3249 5255 Hie
3288 5197 3441 5254 locus
3486 5205 3572 5254 est
3614 5199 3797 5267 magni

2199 5271 2481 5342 momenti,
2507 5286 2631 5327 cum
2652 5286 2723 5326 ex
2740 5284 2809 5342 eo
2827 5278 2989 5342 certo
3003 5270 3291 5342 colligatur
3320 5267 3598 5342 Galerium»
3625 5267 3797 5342 Maris

2199 5340 2440 5412 mianum
2462 5358 2568 5397 non
2593 5340 2904 5412 pervenisse
2928 5340 2995 5396 ad
3021 5340 3339 5412 vigesimum
3365 5355 3566 5396 annum
3587 5340 3802 5408 imperii

2201 5411 2318 5478 sui;
2350 5410 2497 5471 foedo
2522 5410 2666 5469 enim
2704 5411 2899 5470 morbo
2923 5410 3371 5470 antea'extiuetus
3398 5419 3516 5479 est,
3545 5421 3603 5466 ut
3641 5418 3797 5469 notat

2204 5480 2437 5539 Doctiss.
2488 5484 2691 5541 Btth.

2274 5555 2612 5614 Maximinus.
2660 5555 2757 5613 Ms.
2787 5568 2890 5626 pro
2915 5570 3089 5621 more,
3122 5553 3496 5610 Madmienus.
3525 5553 3799 5610 Ceterum

2200 5642 2271 5685 ex
2298 5626 2521 5684 Eusebii
2560 5627 2699 5683 Hist.
2729 5626 2891 5694 eccl.,
2922 5628 3015 5683 lib.
3039 5641 3159 5693 vnt,
3185 5641 3307 5694 cap.
3338 5627 3426 5692 l5,
3452 5634 3638 5681 noster
3665 5641 3799 5681 eon-

2200 5700 2482 5767 ﬁrmatur;
2510 5707 2568 5755 et
2586 5700 2783 5755 iterum
2809 5698 2913 5755 hoc
2932 5705 3121 5754 nostro
3166 5697 3341 5767 libro,
3365 5712 3487 5766 cap.
3511 5696 3607 5760 ιιι.
3639 5697 3799 5764 primi

2204 5771 2440 5833 nominis
2460 5770 2679 5831 titulum
2705 5768 2811 5833 sibi
2850 5768 3169 5830 Maximinus
3190 5766 3519 5829 vindicabat.
3551 5768 3689 5825 BDN.
3730 5806 3735 5817 .
