4058 6188
489 303 598 363 247

1355 302 1542 358 FIRM.
1582 298 1949 356 LACTANTII
1986 297 2116 354 LIB.
2160 296 2249 352 DE
2291 296 2500 354 MORT.
2542 294 2927 356 PERSECUT.

3685 290 3794 352 248

491 435 686 475 manus
727 423 1063 489 promovent.
1113 415 1431 487 Confugitur
1482 417 1551 472 ad
1600 417 1761 472 idola.
1815 417 2007 488 Apollo
2037 424 2092 471 et
2116 413 2620 486 A-Apponebantur
2647 415 2714 472 ad
2735 416 2918 472 sedem
2946 414 3203 472 ﬂuentem
3229 425 3379 472 cocta
3400 424 3457 472 et
3474 415 3648 473 calida
3674 417 3792 470 ani-

489 509 773 581 Asclepius
802 517 1054 573 orantur;
1104 506 1404 564 remedium
1435 507 1724 578 ﬂagitator.
1761 507 1860 562 Dat
1888 507 2086 576 Apollo

490 619 700 661 curam.
741 601 936 657 Malum
967 601 1136 656 multo
1167 600 1317 670 pejus
1346 609 1589 670 augetur.
1621 600 1738 655 Jam
1791 615 1896 654 non
1927 600 2089 669 longe

486 697 758 769 pernicies
779 695 985 761 aberat,
1011 704 1065 749 et
1084 693 1338 749 inferiora
1359 693 1536 748 omnia
1554 693 1908 762 corripuerat.
1928 692 2088 748 Com-

488 798 808 861 putrescunt
862 787 1165 843 forinsecus
1205 787 1434 853 viscera,
1488 794 1543 840 et
1597 785 1650 840 in
1705 785 1882 841 tabem
1929 785 2088 840 sedes

485 891 601 936 tota
645 880 914 935 dilabitur.
949 877 1064 933 Non
1091 877 1348 932 desinunt
1377 887 1554 935 tamen
1582 876 1825 932 infelices
1851 875 2042 931 Medici
2065 917 2082 942 ,

487 974 576 1030 vel
608 974 726 1028 sine
753 987 850 1042 spe
902 970 1154 1026 vincendi
1184 969 1334 1034 mali,
1368 968 1573 1035 fovere,
1613 984 1826 1024 curare.
1880 968 2085 1035 Reper-

483 1065 660 1122 cussis
687 1063 959 1129 medullis,
989 1062 1188 1118 malum
1216 1062 1408 1116 recidit
1449 1061 1740 1123 introrsus,
1789 1068 1844 1116 et
1873 1060 2084 1115 interna

485 1155 926 1227 comprehendit;
956 1167 1169 1210 vermes
1188 1152 1332 1207 intus
1370 1161 1643 1208 creantur.
1670 1151 1816 1206 Odor
1839 1152 1878 1206 it
1903 1160 2084 1206 autem

482 1262 594 1303 non
626 1246 788 1302 modo
818 1260 912 1316 per
961 1243 1218 1315 palatium
1244 1259 1257 1295 :
1287 1241 1382 1298 sed
1435 1250 1601 1298 totam
1633 1228 1929 1296 'civitatem
1958 1257 2082 1312 per-

478 1339 648 1394 vadit.
673 1333 788 1394 Nec
813 1337 1032 1403 mirum,
1051 1351 1173 1392 cum
1196 1335 1305 1406 jam
1323 1334 1532 1391 confusi
1554 1343 1736 1390 essent
1750 1333 1926 1389 exitus
1946 1343 2086 1389 ster-

486 1430 634 1487 coris
660 1440 716 1486 et
760 1430 948 1486 urinae.
976 1427 1289 1485 Comestum
1309 1442 1340 1482 a
1362 1426 1640 1483 vermibus
1675 1435 1728 1482 et
1755 1426 1808 1481 in
1841 1426 2084 1496 putredi-

485 1536 614 1579 nem
643 1536 845 1591 corpus
869 1535 993 1576 cum
1024 1517 1379 1575 intolerandis
1414 1517 1690 1573 doloribus
1721 1516 1969 1573 solvitur.

731 1619 983 1672 Clamores
999 1617 1143 1670 simul
1161 1618 1436 1668 horrendos
1451 1618 1512 1666 ad
1531 1618 1696 1667 sidera
1719 1617 1864 1681 tollit,

734 1682 919 1743 Quales
938 1683 1156 1746 mugitus
1171 1681 1310 1744 ﬁngit
1323 1681 1514 1731 saucius
1534 1689 1716 1731 taurus.

2119 1694 2167 1753 B

2197 507 2376 574 malia,
2409 516 2468 563 ut
2495 509 2822 564 vermiculos
2860 508 3082 564 eliceret
3107 508 3276 564 calor.
3311 508 3472 575 Quies
3500 508 3789 576 resolutis,

2197 601 2573 657 inaestimabile
2603 601 2846 657 scatebat
2874 607 3136 667 examen;
3183 610 3236 656 et
3275 608 3454 656 tamen
3484 601 3652 656 multo
3674 615 3794 654 ma-

2189 691 2366 762 jorem
2407 693 2615 762 copiam
2639 692 3086 748 tabescendorum
3108 693 3375 749 viscerum
3398 694 3664 764 pernicies
3697 692 3798 749 fte-

2193 783 2370 839 cunda
2401 792 2773 855 generaverat.
2804 784 2921 840 Jam
2951 784 3166 840 diverso
3214 785 3358 840 malo
3385 795 3568 856 partes
3594 801 3793 854 corpo-

2195 877 2272 932 ris
2297 877 2590 932 amiserant
2643 877 2899 947 speciem.
2949 875 3206 948 Superior
3257 894 3430 949 usque
3479 878 3545 932 ad
3597 880 3796 934 vulnus

2193 977 2428 1033 aruerat,
2467 979 2521 1023 et
2559 969 2849 1024 miserabili
2882 969 3056 1024 macie
3084 970 3224 1024 cutis
3253 969 3424 1024 lurida
3453 969 3612 1039 longe
3638 971 3784 1026 inter

2192 1074 2314 1116 ossa
2346 1059 2683 1116 consederat.
2716 1060 2942 1115 Inferior
2971 1062 3088 1115 sine
3127 1060 3238 1115 ulla
3281 1061 3475 1130 pedum
3512 1061 3706 1127 forma,
3737 1062 3795 1117 in

2192 1152 2390 1208 utrium
2439 1152 2654 1207 modum
2678 1152 2860 1207 inﬂata
2885 1152 3235 1208 discreverat.
3264 1151 3333 1207 Et
3357 1152 3474 1208 lucc
3503 1151 3640 1207 facta
3663 1162 3793 1208 sunt

2191 1260 2289 1316 per
2316 1261 2512 1302 annum
2545 1256 2856 1317 perpetem;
2895 1261 3016 1300 cum
3064 1245 3280 1301 tandem
3337 1247 3493 1301 malis
3544 1247 3783 1303 domitus

2193 1339 2363 1395 Deum
2412 1348 2631 1396 coactus
2679 1347 2764 1394 est
2815 1337 3060 1394 confiteri
3095 1356 3107 1391 :
3139 1338 3264 1393 novi
3300 1337 3503 1393 doloris
3552 1340 3789 1407 urgentis

2189 1445 2288 1502 per
2318 1430 2602 1486 intervalla
2633 1429 2922 1496 exclamat,
2978 1443 3039 1485 se
3084 1429 3478 1484 restituturum'
3511 1429 3605 1485 Dei
3651 1439 3796 1484 tem-

2191 1522 2362 1593 plum,
2398 1523 2637 1592 satisque
2684 1535 2782 1591 pro
2804 1521 3011 1577 scelere
3060 1520 3350 1577 facturum.
3380 1520 3448 1576 Et
3488 1520 3602 1592 jam
3647 1520 3790 1577 deﬁ-

2192 1617 2346 1673 ciens
2394 1616 2628 1672 edictum
2672 1614 2816 1672 misit
2855 1613 3182 1686 hujusmodi.

1851 1810 1939 1866 VA
1949 1811 2214 1873 RIORUM
2243 1817 2477 1876 NOT/E.

491 1912 692 1983 quippe
723 1911 776 1965 in
799 1924 906 1983 (προ
923 1907 1214 1983 videamus
1222 1921 1415 1983 vocem
1445 1905 1597 1983 illam
1613 1905 1880 1976 Asclepius
1895 1920 2086 1961 recur-

490 1977 643 2050 rere,
664 1997 765 2052 pro
793 1977 1157 2047 Esculapius,
1180 1977 1276 2033 lib.
1307 1994 1348 2044 ι,
1374 1992 1495 2046 cap.
1531 1978 1620 2031 l7.

559 2073 964 2148 Confugitur_ad
994 2073 1206 2148 idola...
1239 2081 1488 2148 arantur.
1521 2069 1632 2126 Sic.
1675 2070 1772 2124 lib.
1814 2085 1851 2124 tt
1871 2070 2085 2148 ,‘lnstq

488 2165 613 2219 cap.
645 2141 684 2203 1⁷
702 2165 715 2200 :
733 2141 827 2219 'Ad
849 2145 1016 2219 Deum
1043 2141 1861 2219 confugitur...-Qeus_...oratur.
1888 2141 1966 2195 De
1994 2141 2095 2219 51s-

496 2211 662 2288 clepio
690 2217 837 2272 conf.
866 2216 964 2271 lib.
995 2230 1014 2270 ι
1047 2211 1217 2281 lnst.,
1244 2227 1364 2282 cap.
1397 2213 1462 2266 l7
1498 2230 1511 2266 :
1541 2211 1902 2280 Asclepium...
1936 2212 2095 2265 advo-

494 2291 647 2345 cavit.
679 2289 812 2345 BDN.

569 2382 676 2436 Dat
695 2379 885 2446 Apollo
914 2395 1111 2433 curam.
1161 2376 1218 2431 ld
1259 2384 1364 2441 est,
1404 2375 1564 2430 docet
1592 2375 1911 2446 remedium.
1948 2373 2091 2446 Dare

499 2454 682 2518 alicui,
717 2443 816 2522 pro
844 2450 1011 2504 dicere
1035 2448 1229 2522 alicuil
1249 2447 1429 2522 docere
1457 2447 1686 2522 aliquem
1708 2488 1722 2510 ,
1752 2443 1894 2522 apud
1916 2445 2095 2522 Virgi-

508 2515 642 2580 lium
669 2515 854 2591 Eclog.
880 2522 935 2586 1,
965 2535 1016 2574 v.
1051 2519 1155 2591 197:
1190 2518 1294 2582 Da,
1329 2515 1524 2588 Tityre,
1549 2515 1727 2591 nobis,
1752 2517 1802 2569 id
1834 2515 2095 2591 est,_doce

502 2610 626 2651 nos.
653 2594 738 2649 Ea:
760 2585 1084 2649 sims—
1102 2585 1636 2653 Heumannftamen,
1660 2588 1780 2641 loco
1813 2587 1958 2641 verbi
1981 2585 2094 2652 dat,

498 2675 672 2739 putat-
687 2663 972 2735 legendum
999 2675 1121 2717 esse
1148 2669 1322 2732 negat,
1354 2660 1439 2714 vel
1469 2660 1646 2729 potius
1673 2675 1775 2712 non
1805 2657 1913 2710 dat.

569 2756 694 2812 lam
744 2771 849 2810 non
893 2754 1040 2824 longe
1088 2752 1331 2824 pernicies
1387 2752 1630 2824 aberat...
1686 2758 2100 2824 computrescunt

503 2829 786 2900 forinsecus
816 2821 1030 2900 viscera,
1063 2821 1108 2878 et
1136 2823 1189 2876 in
1211 2822 1375 2900 tabem
1403 2821 1546 2900 sedes
1575 2821 1979 2900 tutandilabitur.
1997 2821 2100 2900 Eo-

504 2891 628 2955 dem
655 2912 818 2953 sensu
859 2895 1086 2964 legimus
1113 2891 1255 2962 apud
1303 2892 1636 2964 Lactantium
1682 2892 1776 2964 lib.
1823 2907 1890 2964 vr
1923 2891 2094 2964 Divin.

503 2970 739 3034 Institut.
762 2981 813 3022 c.
831 2959 1216 3034 Qprernicie'm
1243 2960 1471 3018 rescissis
1491 2959 2095 3034 vulneribuse/fundere.

2195 1923 2384 1982 postea
2416 1912 2592 1968 fascizn
2631 1913 3081 1978 removebantur,
3122 1911 3235 1980 ipsa
3272 1925 3489 1982 quoque
3526 1910 3779 1964 animalia

2194 1981 2620 2039 resolvebantur.
2672 1983 2767 2038 Est
2803 1986 2947 2038 enim
2982 1983 3034 2036 in
3079 1984 3226 2037 mille
3256 1981 3386 2036 locis
3415 1984 3686 2048 resolvere,
3737 1981 3797 2036 id

2195 2057 2338 2122 quod
2371 2055 2590 2125 ligatum
2620 2054 2794 2110 fuerat
2817 2054 3141 2109 dissolvere.
3176 2052 3370 2125 Noster
3400 2067 3520 2125 cap.
3550 2054 3620 2107 46
3655 2072 3670 2107 :
3697 2051 3796 2125 Li-

2197 2126 2389 2180 ciniani
2417 2122 2561 2180 scuta
2603 2126 2900 2189 deponunt,
2932 2125 3104 2195 galeas
3151 2123 3428 2178 resolvunt.
3475 2122 3793 2179 Laclantius

2199 2196 2433 2264 Epitom.
2467 2211 2586 2260 cap.
2641 2197 2710 2250 7i
2743 2214 2756 2251 :
2790 2197 2894 2252 Sed
2923 2207 2968 2249 et
3008 2197 3118 2266 ipse
3160 2195 3445 2248 dwmonum
3486 2195 3794 2266 princeps...

2199 2271 2390 2321 catenis
2419 2268 2578 2336 igneis
2604 2267 2872 2336 alligatus,
2917 2265 3037 2321 etc.
3066 2265 3300 2321 Peractis
3329 2281 3444 2318 vero
3475 2265 3612 2336 mille
3641 2266 3799 2319 annis

2200 2353 2260 2390 ac
2287 2335 2510 2392 resoluto
2539 2335 2826 2392 dwmonum
2873 2337 3120 2406 principe.
3164 2335 3668 2401 [human—Quam
3702 2351 3804 2389 V0-

2201 2410 2423 2478 cemrsic
2447 2418 2723 2477 acceptam
2755 2409 2808 2462 in
2839 2410 2949 2464 alio
2973 2406 3162 2478 quovis
3186 2406 3494 2462 Christiano
3531 2407 3803 2478 scriptore

2201 2477 2863 2550 vixi(utputo)reperies.
2993 2477 3003 2478 ί
3188 2549 3229 2550 η
3360 2549 3363 2550 ν
3444 2549 3452 2550 7
3646 2477 3655 2478 “
3723 2549 3727 2550 ν
3790 2496 3804 2525 ε

2275 2549 2641 2604 Intestimabile
2669 2551 2886 2605 scatebat
2915 2566 3143 2606 examen.
3186 2549 3616 2604 Vermiculorum
3655 2549 3805 2604 scili-

2207 2629 2314 2675 cet.
2355 2621 2756 2685 Inwstimabile,
2801 2637 2897 2691 pro
2934 2620 3335 2683 innumerabtle,
3380 2635 3484 2691 vox
3519 2621 3806 2674 Lactantio

2207 2692 2534 2759 peculiaris;
2563 2692 2600 2746 Ι.
2632 2708 2648 2746 ι
2681 2690 3058 2747 Οἰνέιηειὶιιιι,
3090 2707 3210 2761 cap.
3235 2707 3323 2745 xvr
3353 2708 3366 2745 :
3397 2690 3536 2744 Nam
3565 2708 3680 2744 cum
3710 2691 3811 2745 lio-

2207 2764 2402 2816 minum
2449 2763 2534 2817 vim
2563 2762 2873 2817 incredibilis
2914 2779 3156 2817 numerus
3198 2762 3263 2815 sit
3301 2772 3348 2816 et
3389 2763 3762 2816 intestimabilis
3789 2804 3806 2828 ,

2207 2832 2412 2888 Gallice
2438 2875 2453 2896 ,
2516 2849 2614 2887 une
2642 2835 2864 2903 quantité
2893 2833 3277 2897 innombrable;
3317 2833 3411 2886 lib.
3453 2833 3520 2886 de
3549 2833 3631 2886 lra
3665 2834 3758 2886 Dei
3786 2875 3804 2898 ,

2205 2918 2326 2971 cap.
2370 2903 2474 2958 10:
2505 2903 2800 2958 Atomorum
2842 2905 3000 2959 moles
3039 2915 3140 2959 tam
3181 2903 3557 2958 inwstimabiles
3598 2921 3660 2958 ex
3699 2913 3808 2956 tam

2205 2974 2415 3028 minutis
2443 2975 2888 3044 conglobarentur;
2917 2985 2974 3030 et
3002 2975 3234 3046 Epitom.
3265 2989 3385 3046 cap.
3416 2973 3509 3040 72,
3542 2975 3617 3028 vis
3646 2975 3808 3029 inaes-

581 3031 1057 3120 Foﬂngcusjla‘c
1082 3034 1296 3120 insolita
1342 3047 1475 3120 voce
1508 3047 1644 3120 psus
1670 3041 1754 3087 est
1791 3031 2100 3086 Lactantius

2215 3045 2446 3100 timabilis
2476 3031 2808 3116 An'gelorum.

512 3110 610 3166 lib.
640 3109 709 3165 de
745 3106 970 3176 Opiﬁcio
999 3105 1120 3173 Dei,
1147 3119 1199 3160 c.
1239 3103 1276 3158 2
1306 3119 1321 3158 :
1355 3101 1478 3158 Non
1502 3104 1784 3173 forinsecus
1811 3113 1866 3157 ut
1886 3112 2100 3172 caetera,

511 3181 604 3237 sed
631 3180 844 3235 interius
871 3177 1106 3231 armavit.

585 3271 746 3326 Sedes
774 3278 900 3323 tota.
931 3267 1065 3322 Pars
1086 3265 1331 3336 corporis
1356 3280 1461 3336 qua
1489 3263 1729 3321 sedetur.
1763 3263 1821 3319 ln
1857 3278 1988 3320 mss.
2022 3274 2109 3321 est

510 3342 670 3407 sedis,
702 3339 979 3394 mendose.

592 3411 924 3480 Repercussis
951 3408 1210 3480 medullis.
1240 3407 1309 3480 ‘ld
1361 3415 1475 3480 est,
1527 3406 1776 3480 inquiunt
1821 3406 2104 3471 nonnulli,

514 3477 723 3538 allectis
747 3479 1021 3535 medullis.
1049 3477 1211 3534 Forte
1239 3477 1556 3548 legendum,
1599 3477 1975 3548 Repercussum
2001 3493 2109 3529 me-

515 3550 1040 3614 dullis,autmedelis.
1071 3550 1202 3614 Quis
1224 3552 1368 3603 enim
1395 3563 1629 3617 unquam
1655 3559 1746 3602 aut
1765 3547 1989 3608 audivit,
2015 3555 2109 3601 aut

514 3624 646 3694 legit
675 3622 948 3693 Repercuti
990 3621 1280 3694 rnedullas?
1321 3618 1528 3694 Addita
1549 3619 1890 3694 itaqne‘post
1914 3618 2111 3694 malum

514 3689 951 3763 virgulafscribe
976 3709 988 3745 :
1014 3691 1386 3763 Repercussum
1416 3689 1624 3763 medelis
1654 3689 1846 3743 malum
1871 3730 1887 3755 ,
1917 3689 2110 3763 recidit
2171 3716 2195 3734 ο

515 3759 787 3819 introrsus.
820 3763 1057 3817 Positum
1089 3759 1172 3815 est
1200 3761 1342 3816 enim
1383 3761 1591 3814 medelis
1611 3801 1629 3825 ,
1670 3775 1768 3828 pro
1811 3759 2106 3812 medecinis.

515 3835 593 3891 Ita
624 3849 814 3902 supra,
861 3832 1048 3900 Incipit
1077 3831 1262 3886 vulnus
1299 3849 1400 3886 non
1427 3831 1614 3884 sentire
1641 3831 1962 3884 medicinam.
1983 3829 2110 3884 Par-

518 3907 614 3962 tim
641 3921 704 3958 ex
724 3903 1020 3959 Tomaano.

593 3995 792 4050 Malunt
821 3993 999 4048 recidit
1027 3993 1298 4046 introrsus.
1343 3991 1440 4046 Hic
1469 3991 1693 4044 recidere
1731 4001 1846 4056 est,
1877 3991 2108 4057 reverti,

519 4067 720 4129 redire;
754 4065 996 4120 recidere
1027 4063 1312 4126 introrsus,
1339 4071 1533 4114 rentrer
1559 4079 1627 4114 au
1657 4061 2113 4116 dedens.Lactan-

516 4141 648 4202 tius,
678 4137 769 4193 lib.
789 4152 842 4190 γι
870 4135 986 4189 Div.
1009 4133 1238 4187 lnstitut.
1271 4147 1392 4200 cap.
1417 4133 1483 4184 l7
1518 4148 1530 4182 :
1557 4131 1735 4199 Neque
1762 4133 1898 4185 enim
1927 4147 2109 4202 capere

516 4210 716 4264 videtur
743 4217 957 4271 natura,
1002 4215 1058 4260 ut
1087 4203 1282 4274 aliquid
1311 4205 1364 4257 in
1393 4205 1707 4256 contrarium
1746 4217 1997 4257 BECIDAT.
2029 4201 2112 4256 Ea:

517 4280 802 4405 60531353}
822 4357 1010 4402 autem.
1037 4346 1127 4402 Sic
1157 4346 1277 4416 lego
1303 4361 1424 4400 cum
1463 4343 1790 4416 doctissimis
1815 4344 1952 4416 viris
1965 4342 2111 4416 Vos-

519 4423 603 4477 sio
627 4431 682 4477 et
702 4420 1009 4503 Boherello,
1041 4417 1199 4473 unius
1214 4413 1420 4473 litterae
1441 4415 1763 4484 adjecuone,
1787 4430 1887 4485 pro
1915 4413 2106 4468 Odori-
2133 4443 2190 4503 Β

518 4503 689 4558 tatem,
716 4490 858 4562 quod
889 4490 1049 4546 estin
1080 4504 1182 4544 ms.

591 4587 884 4640 Comestum
911 4599 943 4634 a
974 4579 1224 4634 vermibus
1256 4590 1302 4634 et
1331 4582 1385 4633 in
1416 4581 1732 4646 putredinem
1753 4596 1960 4647 corpus.
1987 4579 2114 4634 llaec

519 4673 647 4714 vera
680 4655 834 4709 nobis
855 4651 1066 4707 videtur
1096 4651 1276 4715 lectio,
1304 4661 1582 4702 comestum
1604 4650 1889 4704 referendo
1912 4651 1976 4704 ad
1997 4667 2114 4703 cor-

521 4723 816 4801 pu§._(]l10_d
842 4737 966 4801 mons
997 4719 1411 4801 sequitur._Ms_.,
1447 4718 1730 4801 ροηιεδίμδ,
1763 4721 1922 4775 male.
1966 4721 2112 4775 Non-

520 4788 656 4856 hulli
683 4788 888 4849 malunt
914 4788 1200 4858 Gamestur,
1230 4790 1281 4844 id
1304 4799 1415 4855 est,
1445 4788 1758 4844 Comeditur.

592 4868 871 4922 Clamores.
905 4862 1067 4918 Forte
1101 4861 1189 4916 hic
1216 4860 1518 4915 addendum
1542 4876 1708 4927 aram,
1737 4869 1796 4917 ut
1819 4860 1962 4931 apud
1982 4860 2110 4916 Vir-

517 4939 723 5012 gilium;
751 4946 806 4992 et
829 4935 910 4990 sic
940 4932 1148 5004 legendi
1179 4932 1235 4988 hi
1257 4931 1362 4986 duo
1389 4945 1614 4985 versus:

644 5053 890 5104 Clamores
913 5048 1054 5099 simul
1078 5047 1351 5110 horrendos
1371 5046 1430 5094 ad
1446 5045 1608 5095 sidera
1632 5046 1778 5110 tollit,

638 5114 826 5228 'tljuales
848 5115 1082 5175 mugitus,
1106 5108 1232 5174 fugit
1250 5123 1360 5160 cum
1383 5110 1576 5159 saucius
1596 5120 1732 5157 aram

671 5179 849 5226 ‘aurus.

517 5283 706 5348 Virgil.
729 5297 767 5336 ιι
792 5279 1010 5337 ιλΕηοίᾱ.
1033 5294 1085 5330 ν.
1117 5275 1224 5330 222
1247 5286 1302 5332 et
1319 5291 1473 5346 seqq.

593 5346 779 5410 Coacta
792 5361 838 5407 et
854 5351 1022 5404 calida
1046 5349 1308 5402 animalia.
1339 5349 1415 5402 lta
1438 5347 1639 5404 ms.Vir
1658 5346 1900 5404 eruditus
1924 5348 2112 5404 mallet

518 5430 736 5486 incocta,
771 5436 868 5488 pro
895 5423 1027 5476 viva.

588 5496 828 5552 Eliceret.
864 5492 918 5544 In
950 5506 1077 5555 ms.,
1108 5489 1346 5556 eligeret;
1375 5489 1652 5545 mendose.

595 5566 750 5634 Queis
779 5562 1046 5634 resolutis.
1068 5559 1332 5634 Animalia
1361 5561 1448 5612 illa
1482 5577 1587 5614 non
1611 5560 1854 5634 apposita
1888 5559 2107 5634 fuerunt

515 5629 830 5694 vulneribus
863 5633 980 5687 sine
1019 5629 1220 5695 fasciis,
1257 5646 1480 5698 quarum
1504 5646 1606 5697 ope
1631 5630 1822 5684 melius
1852 5631 2106 5688 ulceratis

515 5709 757 5780 partibus
776 5704 1424 5780 applicarentur._snoque
1449 5701 1570 5780 loco
1598 5701 1928 5780 insisterent.
1958 5701 2104 5780 Obli-

513 5770 774 5850 gabantur
804 5770 931 5844 ergo
967 5788 1091 5829 cum
1122 5770 1429 5828 vulneribus
1467 5771 1754 5838 animalia;
1805 5783 1858 5827 et
1887 5774 2104 5845 quando

2285 3135 2724 3190 Tabescendorum
2749 3138 2998 3191 viscerum
3019 3138 3284 3206 pernicies.
3312 3136 3389 3191 Ita
3410 3151 3509 3190 ms.
3547 3135 3812 3192 Nonnulli

2211 3206 2420 3261 malunt
2445 3207 2834 3274 tabescentium;
2863 3207 3102 3276 quidam,
3132 3211 3244 3264 tabe
3261 3223 3545 3268 caesorum.
3574 3206 3806 3272 Gallice,

2214 3295 2284 3331 un
2313 3278 2483 3332 ulcere
2511 3279 2640 3331 dans
2662 3278 2734 3332 les
2762 3279 3040 3333 entrailles.
3069 3279 3270 3334 Eodem
3299 3293 3461 3333 sensu
3492 3278 3809 3332 Lactantius

2213 3347 2304 3403 lib.
2333 3365 2408 3412 Vl,
2448 3349 2563 3402 Div.
2595 3348 2824 3404 lnstitut.
2855 3363 2973 3418 cap.
3007 3350 3070 3402 2t
3100 3367 3112 3403 :
3146 3350 3417 3418 perniciem
3444 3349 3673 3404 rescissis
3692 3351 3810 3403 vul-

2213 3420 2416 3474 neribus
2447 3419 2729 3485 effundere.
2761 3432 2820 3474 ut
2847 3436 2972 3474 mox
2995 3421 3317 3476 notavimus.

2287 3489 2574 3544 Faecunda.
2599 3490 2801 3546 Priscae
2829 3490 3112 3553 editiones,
3144 3491 3389 3545 secunda.

2248 3561 2522 3685 dDiuerso.
2550 3560 2852 3618 Heumann.
2883 3563 3011 3633 legit
3037 3561 3286 3633 disperso.
3323 3561 3485 3618 Forte
3515 3561 3808 3633 ligendum

2287 3649 2444 3685 verso.

2213 3649 2281 3685 aa
2287 3649 2444 3687 verso.

2286 3724 2593 3784 Amiserant,
2623 3721 2680 3776 In
2707 3737 2834 3789 ms.,
2858 3722 3202 3777 Admiseraut.

2287 3793 2481 3846 Lurida
2510 3793 2700 3862 Longe.
2735 3792 2792 3846 ln
2821 3808 2944 3858 ms.,
2975 3794 3140 3847 luride
3168 3797 3335 3862 longe.
3553 3837 3560 3840 .

2291 3863 2626 3918 Discreverat.
2667 3864 2740 3918 lla
2771 3881 2909 3929 ms.,
2941 3864 3256 3919 Discreverat
3294 3881 3322 3918 a
3365 3867 3646 3930 discresco,
3698 3881 3809 3922 non

2215 3945 2393 3991 autem
2425 3951 2455 3987 a
2482 3935 2732 3990 discerno.
2751 3935 2953 3989 Rarum
2977 3938 3223 3990 verbum.
3249 3937 3537 4000 Discresco,
3571 3952 3668 4004 pro
3693 3938 3808 3991 dis-

2216 4006 2390 4070 tendo;
2417 4005 2751 4068 discrescere,
2797 4007 2883 4061 vel
2913 4007 3196 4060 distendere
3219 4017 3310 4060 aut
3340 4008 3519 4072 potius
3545 4007 3807 4073 distendi,

2217 4077 2439 4143 Gallice,
2465 4076 2672 4130 etendre
2695 4077 2995 4148 davantage.
3039 4078 3229 4133 Plures
3265 4078 3452 4133 volunt
3495 4079 3597 4148 legi
3638 4079 3811 4133 incre-

2215 4157 2374 4202 verat.

2287 4239 2394 4294 Per
2422 4257 2612 4293 annum
2645 4250 2917 4310 perpetem.
2942 4239 3001 4302 Id
3043 4248 3147 4304 est,
3180 4240 3470 4310 integrum,
3496 4248 3688 4293 totum.
3719 4241 3812 4294 Sic

2217 4319 2272 4365 et
2294 4311 2599 4364 Lactantius
2632 4311 2721 4364 lib.
2756 4326 2851 4372 vn.
2877 4326 2996 4375 cap.
3028 4312 3128 4366 26:
3151 4311 3292 4366 Tunc
3314 4328 3405 4381 per
3431 4320 3620 4380 septem
3641 4328 3808 4367 annos

2217 4392 2444 4452 perpetes
2471 4383 2673 4434 intartre
2703 4393 2849 4436 erunt
2879 4383 3053 4452 sylvw.

2285 4451 2454 4505 Deum
2493 4462 2698 4505 coactus
2738 4464 2808 4506 est
2836 4451 3088 4520 conﬁteri.
3123 4451 3257 4507 Vide
3285 4452 3517 4506 similem
3550 4453 3810 4507 Antiochi

2218 4523 2520 4590 historiam,
2545 4524 2636 4577 lib.
2671 4538 2707 4576 ll
2737 4523 2976 4578 Machab.
3007 4539 3054 4579 c.
3082 4523 3136 4578 9.
3161 4523 3362 4578 Rul’lin.
3387 4523 3480 4578 lib.
3505 4538 3632 4591 Vlll,
3685 4540 3806 4594 cap.

2219 4594 2308 4650 1'8.
2338 4594 2491 4648 Oros.
2529 4594 2620 4648 lib.
2653 4609 2743 4648 vnt
2781 4609 2828 4649 c.
2852 4594 2944 4650 28.

2291 4665 2429 4719 Novi
2455 4666 2648 4720 doloris
2676 4667 2921 4737 urgentis.
2941 4663 3255 4721 'Heumann.
3288 4665 3452 4737 legit,
3483 4683 3603 4720 nam
3646 4667 3695 4720 vi
3718 4667 3815 4719 do-

2217 4737 2341 4790 loris
2364 4746 2591 4806 urgente.
2883 4739 2886 4744 ’

2285 4806 2386 4861 Dei
2410 4808 2672 4877 templum.
2699 4806 2916 4864 Scilicet
2945 4807 3288 4864 Nicomediae.

2289 4897 2528 4965 Satisque
2574 4914 2668 4964 pro
2715 4899 2900 4953 scelere
2945 4900 3225 4968 facturum.
3271 4899 3346 4954 ιω
3395 4910 3451 4954 et
3497 4899 3816 4957 Lactantius

2217 4968 2312 5026 lib.
2347 4983 2382 5021 v
2411 4968 2796 5040 Div._lustitut.
2827 4985 2949 5039 cap.
2976 4971 3042 5025 15
3067 4987 3078 5023 :
3108 4969 3178 5026 Ut
3207 4987 3300 5040 pro
3329 4970 3559 5040 facinore
3584 4988 3680 5024 suo
3720 4989 3815 5026 sa-

2215 5041 2491 5112 tisfaceret;
2507 5038 2600 5094 lib.
2619 5053 2724 5112 vti,
2746 5055 2865 5112 c_ap.
2894 5041 2917 5093 1
2949 5059 2960 5092 :
2988 5041 3128 5095 Satis
3151 5038 3339 5095 et'huic
3361 5043 3494 5111 parti
3520 5041 3817 5112 faciamus;

2215 5119 2270 5182 et
2299 5109 2392 5182 lib.
2422 5125 2495 5175 Iv,
2527 5124 2581 5182 c_.
2613 5109 2676 5161 l7
2707 5109 3042 5182 :__S_i"peccata
3068 5122 3241 5166 nostra
3269 5109 3488 5182 con-fessi
3507 5109 3528 5178 ,ἡ
3554 5113 3678 5166 satis
3701 5112 3818 5166 Deo

2215 5181 2506 5249 fecerimus.
2538 5179 2672 5234 Nota
2701 5179 2873 5234 divisa
2903 5181 3161 5250 bipartito
3195 5179 3382 5239 verba.

2286 5271 2528 5326 Edictum
2554 5272 2710 5344 misit.
2741 5271 2794 5327 Id
2817 5283 2932 5344 est,
2960 5275 3143 5328 emisit.
3172 5276 3329 5329 Extat
3349 5275 3488 5344 apud
3519 5274 3816 5336 Eusebium

2213 5343 2455 5416 lib._vm,
2487 5357 2606 5412 cap.
2644 5343 2728 5411 l7,
2758 5357 2826 5396 ex
2867 5343 3055 5416 latina;
3079 5345 3258 5416 lingua
3305 5343 3620 5400 translatum
3647 5348 3716 5402 ab
3743 5365 3818 5404 eo

2214 5415 2268 5468 in
2299 5413 2546 5468 Graecum
2579 5429 2885 5468 sermonem
2907 5454 2921 5477 .
2953 5424 3009 5470 et
3027 5413 3246 5472 dein'ex
3285 5415 3474 5472 (ἔτερςο
3502 5433 3720 5472 versum
3757 5421 3816 5475 in

2212 5485 2435 5539 latinum
2466 5499 2495 5536 a
2525 5483 2739 5538 Rullino
2761 5525 2776 5548 ,
2803 5495 2862 5539 ut
2889 5485 3006 5554 ipse
3031 5485 3192 5543 docet
3243 5505 3256 5540 :
3291 5487 3416 5542 llwc
3444 5489 3507 5540 de
3533 5489 3696 5542 latino
3754 5493 3814 5546 in

2212 5571 2435 5628 gratcum
2458 5571 2614 5628 versa?
2642 5571 2734 5628 nos
2788 5571 2997 5628 rursum
3043 5560 3416 5628 transfudimus
3463 5560 3518 5612 in
3566 5559 3812 5617 latinum.

2212 5626 2364 5694 Quod
2401 5626 2562 5698 igitur
2605 5626 2764 5680 hodie
2807 5627 3033 5696 legimus
3084 5626 3314 5698 primum
3358 5630 3554 5692 latine,
3600 5629 3817 5686 beneﬁ-

2211 5700 2465 5776 ciumfst
2487 5697 2771 5776 Lactantii.
2805 5697 3162 5776 Binum—De
3190 5707 3434 5776 tempore
3455 5699 3606 5761 mlasi
3633 5703 3806 5759 edicti

2210 5768 2331 5825 vide
2355 5767 2474 5823 Not.
2501 5767 2565 5823 ad
2603 5767 2810 5823 initium
2840 5784 2888 5823 c.
2923 5768 3012 5823 55.
3304 5767 3319 5776 ⁷
3555 5793 3560 5797 ·
