  <div class='ocr_page' id='page_1' title='image "/cluster/home/n/w/nwhite01/storage/ocr_20150623/7/hvd.32044096580352/130.png"; bbox 0 0 4058 6188; ppageno 0'>
   <div class='ocr_carea' id='block_1_1' title="bbox 288 277 395 338">
    <p class='ocr_par' dir='ltr' id='par_1_1' title="bbox 288 277 395 338">
     <span class='ocr_line' id='line_1_1' title="bbox 288 277 395 338; baseline 0 0"><span class='ocrx_word' id='word_1_1' title='bbox 288 277 395 338; x_wconf 67' lang='grc'><strong><em>249</em></strong></span> 
     </span>
    </p>
   </div>
   <div class='ocr_carea' id='block_1_2' title="bbox 886 406 1185 469">
    <p class='ocr_par' dir='ltr' id='par_1_2' title="bbox 886 406 1185 469">
     <span class='ocr_line' id='line_1_2' title="bbox 886 406 1185 469; baseline 0 -4"><span class='ocrx_word' id='word_1_2' title='bbox 886 416 891 421; x_wconf 89' lang='grc'><em>’</em></span> <span class='ocrx_word' id='word_1_3' title='bbox 943 406 1185 469; x_wconf 80' lang='lat' dir='ltr'><strong>XXXIV.</strong></span> 
     </span>
    </p>
   </div>
   <div class='ocr_carea' id='block_1_3' title="bbox 814 516 1314 560">
    <p class='ocr_par' dir='ltr' id='par_1_3' title="bbox 814 516 1314 560">
     <span class='ocr_line' id='line_1_3' title="bbox 814 516 1314 560; baseline 0.01 -5"><span class='ocrx_word' id='word_1_4' title='bbox 814 516 1045 559; x_wconf 69' lang='lat' dir='ltr'><strong><em>EDICTUM</em></strong></span> <span class='ocrx_word' id='word_1_5' title='bbox 1083 520 1292 560; x_wconf 70' lang='grc' dir='ltr'><strong><em>ολιειιιι</em></strong></span> <span class='ocrx_word' id='word_1_6' title='bbox 1301 547 1314 560; x_wconf 90' lang='grc'><em>.</em></span> 
     </span>
    </p>
   </div>
   <div class='ocr_carea' id='block_1_4' title="bbox 352 587 1869 670">
    <p class='ocr_par' dir='ltr' id='par_1_4' title="bbox 352 587 1869 670">
     <span class='ocr_line' id='line_1_4' title="bbox 352 587 1869 670; baseline 0.009 -27"><span class='ocrx_word' id='word_1_7' title='bbox 352 587 493 645; x_wconf 86' lang='lat' dir='ltr'><strong><em>Inter</em></strong></span> <span class='ocrx_word' id='word_1_8' title='bbox 532 599 715 646; x_wconf 72' lang='lat' dir='ltr'><strong><em>uetera</em></strong></span> <span class='ocrx_word' id='word_1_9' title='bbox 741 608 858 663; x_wconf 83' lang='lat' dir='ltr'><strong><em>qute</em></strong></span> <span class='ocrx_word' id='word_1_10' title='bbox 894 611 990 665; x_wconf 89' lang='lat' dir='ltr'><strong><em>pro</em></strong></span> <span class='ocrx_word' id='word_1_11' title='bbox 1017 595 1337 665; x_wconf 72' lang='lat' dir='ltr'><strong><em>Reipublicae</em></strong></span> <span class='ocrx_word' id='word_1_12' title='bbox 1362 615 1561 670; x_wconf 77' lang='lat' dir='ltr'><strong><em>semper</em></strong></span> <span class='ocrx_word' id='word_1_13' title='bbox 1590 602 1869 657; x_wconf 85' lang='lat' dir='ltr'><strong><em>commodis</em></strong></span> 
     </span>
    </p>
   </div>
   <div class='ocr_carea' id='block_1_5' title="bbox 286 682 1869 760">
    <p class='ocr_par' dir='ltr' id='par_1_5' title="bbox 286 682 1869 760">
     <span class='ocr_line' id='line_1_5' title="bbox 286 682 1869 760; baseline 0.008 -24"><span class='ocrx_word' id='word_1_14' title='bbox 286 693 427 752; x_wconf 83' lang='lat' dir='ltr'><strong><em>atque</em></strong></span> <span class='ocrx_word' id='word_1_15' title='bbox 451 682 665 738; x_wconf 72' lang='lat' dir='ltr'><strong><em>utilitate</em></strong></span> <span class='ocrx_word' id='word_1_16' title='bbox 688 684 1007 755; x_wconf 82' lang='lat' dir='ltr'><strong><em>disponimus</em></strong></span> <span class='ocrx_word' id='word_1_17' title='bbox 1025 729 1041 754; x_wconf 95' lang='lat'><strong><em>,</em></strong></span> <span class='ocrx_word' id='word_1_18' title='bbox 1067 706 1159 743; x_wconf 90' lang='lat' dir='ltr'><strong><em>nos</em></strong></span> <span class='ocrx_word' id='word_1_19' title='bbox 1184 691 1389 760; x_wconf 81' lang='lat' dir='ltr'><strong><em>quidem</em></strong></span> <span class='ocrx_word' id='word_1_20' title='bbox 1411 690 1735 747; x_wconf 88' lang='lat' dir='ltr'><strong><em>volueramus</em></strong></span> <span class='ocrx_word' id='word_1_21' title='bbox 1772 710 1869 749; x_wconf 89' lang='lat' dir='ltr'><strong><em>an-</em></strong></span> 
     </span>
    </p>
   </div>
   <div class='ocr_carea' id='block_1_6' title="bbox 286 777 1867 855">
    <p class='ocr_par' dir='ltr' id='par_1_6' title="bbox 286 777 1867 855">
     <span class='ocr_line' id='line_1_6' title="bbox 286 777 1867 855; baseline 0.006 -26"><span class='ocrx_word' id='word_1_22' title='bbox 286 777 421 831; x_wconf 83' lang='lat' dir='ltr'><strong><em>tehac</em></strong></span> <span class='ocrx_word' id='word_1_23' title='bbox 439 816 457 839; x_wconf 87' lang='lat'><strong><em>,</em></strong></span> <span class='ocrx_word' id='word_1_24' title='bbox 475 778 632 847; x_wconf 75' lang='lat' dir='ltr'><strong><em>juxta</em></strong></span> <span class='ocrx_word' id='word_1_25' title='bbox 662 778 796 850; x_wconf 88' lang='lat' dir='ltr'><strong><em>leges</em></strong></span> <span class='ocrx_word' id='word_1_26' title='bbox 817 789 1003 835; x_wconf 87' lang='lat' dir='ltr'><strong><em>veteres</em></strong></span> <span class='ocrx_word' id='word_1_27' title='bbox 1031 790 1080 837; x_wconf 91' lang='lat' dir='ltr'><strong><em>et</em></strong></span> <span class='ocrx_word' id='word_1_28' title='bbox 1104 782 1359 853; x_wconf 79' lang='lat' dir='ltr'><strong><em>publicam</em></strong></span> <span class='ocrx_word' id='word_1_29' title='bbox 1378 784 1703 855; x_wconf 87' lang='lat' dir='ltr'><strong><em>disciplinam</em></strong></span> <span class='ocrx_word' id='word_1_30' title='bbox 1723 828 1736 852; x_wconf 95' lang='lat'><strong><em>,</em></strong></span> <span class='ocrx_word' id='word_1_31' title='bbox 1757 786 1867 843; x_wconf 82' lang='lat' dir='ltr'><strong><em>Ro-</em></strong></span> 
     </span>
    </p>
   </div>
   <div class='ocr_carea' id='block_1_7' title="bbox 286 874 1867 948">
    <p class='ocr_par' dir='ltr' id='par_1_7' title="bbox 286 874 1867 948">
     <span class='ocr_line' id='line_1_7' title="bbox 286 874 1867 948; baseline 0.009 -28"><span class='ocrx_word' id='word_1_32' title='bbox 286 884 541 922; x_wconf 73' lang='lat' dir='ltr'><strong><em>manorum</em></strong></span> <span class='ocrx_word' id='word_1_33' title='bbox 588 880 771 925; x_wconf 86' lang='lat' dir='ltr'><strong><em>cuncta</em></strong></span> <span class='ocrx_word' id='word_1_34' title='bbox 817 874 1102 945; x_wconf 84' lang='lat' dir='ltr'><strong><em>corrigere,</em></strong></span> <span class='ocrx_word' id='word_1_35' title='bbox 1150 884 1302 946; x_wconf 76' lang='lat' dir='ltr'><strong><em>ataue</em></strong></span> <span class='ocrx_word' id='word_1_36' title='bbox 1360 876 1416 931; x_wconf 90' lang='lat' dir='ltr'><strong><em>id</em></strong></span> <span class='ocrx_word' id='word_1_37' title='bbox 1463 878 1761 948; x_wconf 85' lang='lat' dir='ltr'><strong><em>providere,</em></strong></span> <span class='ocrx_word' id='word_1_38' title='bbox 1810 889 1867 934; x_wconf 90' lang='lat' dir='ltr'><strong><em>ut</em></strong></span> 
     </span>
    </p>
   </div>
   <div class='ocr_carea' id='block_1_8' title="bbox 284 958 1866 1041">
    <p class='ocr_par' dir='ltr' id='par_1_8' title="bbox 284 958 1866 1041">
     <span class='ocr_line' id='line_1_8' title="bbox 284 958 1866 1041; baseline 0.008 -27"><span class='ocrx_word' id='word_1_39' title='bbox 284 961 421 1014; x_wconf 81' lang='lat' dir='ltr'><strong><em>etiam</em></strong></span> <span class='ocrx_word' id='word_1_40' title='bbox 446 958 755 1031; x_wconf 80' lang='lat' dir='ltr'><strong><em>Christiani,</em></strong></span> <span class='ocrx_word' id='word_1_41' title='bbox 784 963 875 1034; x_wconf 80' lang='lat' dir='ltr'><strong><em>qui</em></strong></span> <span class='ocrx_word' id='word_1_42' title='bbox 900 976 1169 1035; x_wconf 88' lang='lat' dir='ltr'><strong><em>parentum</em></strong></span> <span class='ocrx_word' id='word_1_43' title='bbox 1191 984 1404 1023; x_wconf 90' lang='lat' dir='ltr'><strong><em>suorum</em></strong></span> <span class='ocrx_word' id='word_1_44' title='bbox 1430 970 1737 1041; x_wconf 80' lang='lat' dir='ltr'><strong><em>reliquerant</em></strong></span> <span class='ocrx_word' id='word_1_45' title='bbox 1759 990 1866 1028; x_wconf 87' lang='lat' dir='ltr'><strong><em>sec-</em></strong></span> 
     </span>
    </p>
   </div>
   <div class='ocr_carea' id='block_1_9' title="bbox 285 1050 1867 1130">
    <p class='ocr_par' dir='ltr' id='par_1_9' title="bbox 285 1050 1867 1130">
     <span class='ocr_line' id='line_1_9' title="bbox 285 1050 1867 1130; baseline 0.011 -29"><span class='ocrx_word' id='word_1_46' title='bbox 285 1059 395 1117; x_wconf 81' lang='lat' dir='ltr'><strong><em>tam,</em></strong></span> <span class='ocrx_word' id='word_1_47' title='bbox 420 1050 491 1103; x_wconf 87' lang='lat' dir='ltr'><strong><em>ad</em></strong></span> <span class='ocrx_word' id='word_1_48' title='bbox 513 1050 676 1105; x_wconf 89' lang='lat' dir='ltr'><strong><em>bonas</em></strong></span> <span class='ocrx_word' id='word_1_49' title='bbox 724 1063 914 1110; x_wconf 85' lang='lat' dir='ltr'><strong><em>mentes</em></strong></span> <span class='ocrx_word' id='word_1_50' title='bbox 956 1058 1200 1113; x_wconf 86' lang='lat' dir='ltr'><strong><em>redirent.</em></strong></span> <span class='ocrx_word' id='word_1_51' title='bbox 1251 1058 1518 1130; x_wconf 86' lang='lat' dir='ltr'><strong><em>Siquidem</em></strong></span> <span class='ocrx_word' id='word_1_52' title='bbox 1563 1062 1738 1118; x_wconf 90' lang='lat' dir='ltr'><strong><em>eadem</em></strong></span> <span class='ocrx_word' id='word_1_53' title='bbox 1777 1080 1867 1118; x_wconf 91' lang='lat' dir='ltr'><strong><em>ra-</em></strong></span> 
     </span>
    </p>
   </div>
   <div class='ocr_carea' id='block_1_10' title="bbox 283 1142 1865 1220">
    <p class='ocr_par' dir='ltr' id='par_1_10' title="bbox 283 1142 1865 1220">
     <span class='ocr_line' id='line_1_10' title="bbox 283 1142 1865 1220; baseline 0.012 -27"><span class='ocrx_word' id='word_1_54' title='bbox 283 1142 404 1201; x_wconf 79' lang='lat' dir='ltr'><strong><em>tione</em></strong></span> <span class='ocrx_word' id='word_1_55' title='bbox 425 1152 570 1196; x_wconf 89' lang='lat' dir='ltr'><strong><em>tanta</em></strong></span> <span class='ocrx_word' id='word_1_56' title='bbox 606 1145 810 1199; x_wconf 91' lang='lat' dir='ltr'><strong><em>eosdem</em></strong></span> <span class='ocrx_word' id='word_1_57' title='bbox 840 1146 1161 1203; x_wconf 83' lang='lat' dir='ltr'><strong><em>Christianos</em></strong></span> <span class='ocrx_word' id='word_1_58' title='bbox 1184 1150 1419 1207; x_wconf 89' lang='lat' dir='ltr'><strong><em>voluntas</em></strong></span> <span class='ocrx_word' id='word_1_59' title='bbox 1461 1154 1727 1209; x_wconf 90' lang='lat' dir='ltr'><strong><em>invasisset</em></strong></span> <span class='ocrx_word' id='word_1_60' title='bbox 1746 1197 1761 1220; x_wconf 99' lang='lat'><strong><em>,</em></strong></span> <span class='ocrx_word' id='word_1_61' title='bbox 1816 1166 1865 1212; x_wconf 90' lang='lat' dir='ltr'><strong><em>et</em></strong></span> 
     </span>
    </p>
   </div>
   <div class='ocr_carea' id='block_1_11' title="bbox 281 1236 1866 1309">
    <p class='ocr_par' dir='ltr' id='par_1_11' title="bbox 281 1236 1866 1309">
     <span class='ocr_line' id='line_1_11' title="bbox 281 1236 1866 1309; baseline 0.011 -23"><span class='ocrx_word' id='word_1_62' title='bbox 281 1246 405 1288; x_wconf 84' lang='lat' dir='ltr'><strong><em>tanta</em></strong></span> <span class='ocrx_word' id='word_1_63' title='bbox 438 1236 660 1291; x_wconf 83' lang='lat' dir='ltr'><strong><em>stultitia</em></strong></span> <span class='ocrx_word' id='word_1_64' title='bbox 709 1252 1005 1309; x_wconf 85' lang='lat' dir='ltr'><strong><em>occupasset</em></strong></span> <span class='ocrx_word' id='word_1_65' title='bbox 1026 1270 1063 1309; x_wconf 63' lang='grc' dir='ltr'><strong><em>,ι</em></strong></span> <span class='ocrx_word' id='word_1_66' title='bbox 1091 1252 1148 1298; x_wconf 91' lang='lat' dir='ltr'><strong><em>ut</em></strong></span> <span class='ocrx_word' id='word_1_67' title='bbox 1186 1262 1290 1299; x_wconf 88' lang='lat' dir='ltr'><strong><em>non</em></strong></span> <span class='ocrx_word' id='word_1_68' title='bbox 1325 1245 1418 1300; x_wconf 90' lang='lat' dir='ltr'><strong><em>illa</em></strong></span> <span class='ocrx_word' id='word_1_69' title='bbox 1446 1258 1671 1303; x_wconf 88' lang='lat' dir='ltr'><strong><em>veterum</em></strong></span> <span class='ocrx_word' id='word_1_70' title='bbox 1717 1250 1866 1304; x_wconf 89' lang='lat' dir='ltr'><strong><em>insti-</em></strong></span> 
     </span>
    </p>
   </div>
   <div class='ocr_carea' id='block_1_12' title="bbox 279 1337 1866 1410">
    <p class='ocr_par' dir='ltr' id='par_1_12' title="bbox 279 1337 1866 1410">
     <span class='ocr_line' id='line_1_12' title="bbox 279 1337 1866 1410; baseline 0.01 -28"><span class='ocrx_word' id='word_1_71' title='bbox 279 1339 376 1383; x_wconf 77' lang='lat' dir='ltr'><strong><em>tuta</em></strong></span> <span class='ocrx_word' id='word_1_72' title='bbox 398 1342 751 1400; x_wconf 79' lang='lat' dir='ltr'><strong><em>sequerentur,</em></strong></span> <span class='ocrx_word' id='word_1_73' title='bbox 777 1350 892 1405; x_wconf 79' lang='lat' dir='ltr'><strong><em>qua:</em></strong></span> <span class='ocrx_word' id='word_1_74' title='bbox 914 1337 1131 1407; x_wconf 82' lang='lat' dir='ltr'><strong><em>forsitan</em></strong></span> <span class='ocrx_word' id='word_1_75' title='bbox 1161 1339 1381 1406; x_wconf 88' lang='lat' dir='ltr'><strong><em>primum</em></strong></span> <span class='ocrx_word' id='word_1_76' title='bbox 1402 1352 1634 1410; x_wconf 89' lang='lat' dir='ltr'><strong><em>parentes</em></strong></span> <span class='ocrx_word' id='word_1_77' title='bbox 1662 1359 1866 1398; x_wconf 86' lang='lat' dir='ltr'><strong><em>eorum-</em></strong></span> 
     </span>
    </p>
   </div>
   <div class='ocr_carea' id='block_1_13' title="bbox 277 1424 1865 1507">
    <p class='ocr_par' dir='ltr' id='par_1_13' title="bbox 277 1424 1865 1507">
     <span class='ocr_line' id='line_1_13' title="bbox 277 1424 1865 1507; baseline 0.011 -33"><span class='ocrx_word' id='word_1_78' title='bbox 277 1424 379 1475; x_wconf 82' lang='lat' dir='ltr'><strong><em>dem</em></strong></span> <span class='ocrx_word' id='word_1_79' title='bbox 402 1425 774 1481; x_wconf 83' lang='lat' dir='ltr'><strong><em>constituerant</em></strong></span> <span class='ocrx_word' id='word_1_80' title='bbox 800 1443 817 1482; x_wconf 91' lang='lat'><strong><em>:</em></strong></span> <span class='ocrx_word' id='word_1_81' title='bbox 844 1430 934 1484; x_wconf 85' lang='lat' dir='ltr'><strong><em>sed</em></strong></span> <span class='ocrx_word' id='word_1_82' title='bbox 962 1446 1058 1499; x_wconf 91' lang='lat' dir='ltr'><strong><em>pro</em></strong></span> <span class='ocrx_word' id='word_1_83' title='bbox 1081 1431 1293 1487; x_wconf 88' lang='lat' dir='ltr'><strong><em>arbitrio</em></strong></span> <span class='ocrx_word' id='word_1_84' title='bbox 1320 1451 1447 1500; x_wconf 90' lang='lat' dir='ltr'><strong><em>suo,</em></strong></span> <span class='ocrx_word' id='word_1_85' title='bbox 1476 1445 1627 1507; x_wconf 86' lang='lat' dir='ltr'><strong><em>atque</em></strong></span> <span class='ocrx_word' id='word_1_86' title='bbox 1664 1446 1719 1491; x_wconf 90' lang='lat' dir='ltr'><strong><em>ut</em></strong></span> <span class='ocrx_word' id='word_1_87' title='bbox 1759 1437 1865 1491; x_wconf 81' lang='lat' dir='ltr'><strong><em>his-</em></strong></span> 
     </span>
    </p>
   </div>
   <div class='ocr_carea' id='block_1_14' title="bbox 280 1512 1865 1598">
    <p class='ocr_par' dir='ltr' id='par_1_14' title="bbox 280 1512 1865 1598">
     <span class='ocr_line' id='line_1_14' title="bbox 280 1512 1865 1598; baseline 0.011 -32"><span class='ocrx_word' id='word_1_88' title='bbox 280 1512 383 1566; x_wconf 80' lang='lat' dir='ltr'><strong><em>dem</em></strong></span> <span class='ocrx_word' id='word_1_89' title='bbox 409 1524 519 1569; x_wconf 81' lang='lat' dir='ltr'><strong><em>erat</em></strong></span> <span class='ocrx_word' id='word_1_90' title='bbox 549 1515 751 1571; x_wconf 88' lang='lat' dir='ltr'><strong><em>libitum</em></strong></span> <span class='ocrx_word' id='word_1_91' title='bbox 770 1558 786 1584; x_wconf 93' lang='lat'><strong><em>,</em></strong></span> <span class='ocrx_word' id='word_1_92' title='bbox 819 1520 891 1573; x_wconf 89' lang='lat' dir='ltr'><strong><em>ita</em></strong></span> <span class='ocrx_word' id='word_1_93' title='bbox 918 1520 1115 1577; x_wconf 87' lang='lat' dir='ltr'><strong><em>sibimet</em></strong></span> <span class='ocrx_word' id='word_1_94' title='bbox 1145 1522 1279 1596; x_wconf 86' lang='lat' dir='ltr'><strong><em>leges</em></strong></span> <span class='ocrx_word' id='word_1_95' title='bbox 1320 1526 1543 1594; x_wconf 73' lang='lat' dir='ltr'><strong><em>Iacerent</em></strong></span> <span class='ocrx_word' id='word_1_96' title='bbox 1561 1569 1576 1592; x_wconf 93' lang='lat'><strong><em>,</em></strong></span> <span class='ocrx_word' id='word_1_97' title='bbox 1616 1544 1744 1598; x_wconf 86' lang='lat' dir='ltr'><strong><em>quas</em></strong></span> <span class='ocrx_word' id='word_1_98' title='bbox 1774 1530 1865 1583; x_wconf 92' lang='lat' dir='ltr'><strong><em>ob-</em></strong></span> 
     </span>
    </p>
   </div>
   <div class='ocr_carea' id='block_1_15' title="bbox 276 1611 1858 1693">
    <p class='ocr_par' dir='ltr' id='par_1_15' title="bbox 276 1611 1858 1693">
     <span class='ocr_line' id='line_1_15' title="bbox 276 1611 1858 1693; baseline 0.011 -35"><span class='ocrx_word' id='word_1_99' title='bbox 276 1617 524 1662; x_wconf 76' lang='lat' dir='ltr'><strong><em>servarent</em></strong></span> <span class='ocrx_word' id='word_1_100' title='bbox 549 1648 567 1675; x_wconf 95' lang='lat'><strong><em>,</em></strong></span> <span class='ocrx_word' id='word_1_101' title='bbox 599 1619 648 1664; x_wconf 90' lang='lat' dir='ltr'><strong><em>et</em></strong></span> <span class='ocrx_word' id='word_1_102' title='bbox 673 1627 766 1681; x_wconf 87' lang='lat' dir='ltr'><strong><em>per</em></strong></span> <span class='ocrx_word' id='word_1_103' title='bbox 792 1611 993 1669; x_wconf 87' lang='lat' dir='ltr'><strong><em>diversa</em></strong></span> <span class='ocrx_word' id='word_1_104' title='bbox 1015 1616 1182 1669; x_wconf 87' lang='lat' dir='ltr'><strong><em>varios</em></strong></span> <span class='ocrx_word' id='word_1_105' title='bbox 1214 1618 1436 1686; x_wconf 89' lang='lat' dir='ltr'><strong><em>populos</em></strong></span> <span class='ocrx_word' id='word_1_106' title='bbox 1477 1632 1858 1693; x_wconf 88' lang='lat' dir='ltr'><strong><em>congregarent.</em></strong></span> 
     </span>
    </p>
   </div>
   <div class='ocr_carea' id='block_1_16' title="bbox 273 1697 1863 1780">
    <p class='ocr_par' dir='ltr' id='par_1_16' title="bbox 273 1697 1863 1780">
     <span class='ocr_line' id='line_1_16' title="bbox 273 1697 1863 1780; baseline 0.013 -30"><span class='ocrx_word' id='word_1_107' title='bbox 273 1697 489 1769; x_wconf 82' lang='lat' dir='ltr'><strong><em>Denique</em></strong></span> <span class='ocrx_word' id='word_1_108' title='bbox 543 1716 662 1754; x_wconf 84' lang='lat' dir='ltr'><strong><em>cum</em></strong></span> <span class='ocrx_word' id='word_1_109' title='bbox 698 1704 955 1771; x_wconf 83' lang='lat' dir='ltr'><strong><em>ejusmodi</em></strong></span> <span class='ocrx_word' id='word_1_110' title='bbox 1001 1717 1177 1761; x_wconf 87' lang='lat' dir='ltr'><strong><em>nostra</em></strong></span> <span class='ocrx_word' id='word_1_111' title='bbox 1195 1709 1370 1780; x_wconf 89' lang='lat' dir='ltr'><strong><em>jussio</em></strong></span> <span class='ocrx_word' id='word_1_112' title='bbox 1402 1712 1645 1766; x_wconf 66' lang='lat' dir='ltr'><strong><em>extitisset</em></strong></span> <span class='ocrx_word' id='word_1_113' title='bbox 1667 1754 1682 1779; x_wconf 93' lang='lat'><strong><em>,</em></strong></span> <span class='ocrx_word' id='word_1_114' title='bbox 1712 1724 1768 1768; x_wconf 88' lang='lat' dir='ltr'><strong><em>ut</em></strong></span> <span class='ocrx_word' id='word_1_115' title='bbox 1794 1714 1863 1770; x_wconf 84' lang='lat' dir='ltr'><strong><em>ad</em></strong></span> 
     </span>
    </p>
   </div>
   <div class='ocr_carea' id='block_1_17' title="bbox 1417 293 2434 368">
    <p class='ocr_par' dir='ltr' id='par_1_17' title="bbox 1417 293 2434 368">
     <span class='ocr_line' id='line_1_17' title="bbox 1417 293 2434 368; baseline 0.015 -20"><span class='ocrx_word' id='word_1_116' title='bbox 1417 294 1509 350; x_wconf 77' lang='lat' dir='ltr'><strong><em>AD</em></strong></span> <span class='ocrx_word' id='word_1_117' title='bbox 1550 293 1875 356; x_wconf 75' lang='lat' dir='ltr'><strong><em>DONATUM</em></strong></span> <span class='ocrx_word' id='word_1_118' title='bbox 1912 298 2434 368; x_wconf 81' lang='lat' dir='ltr'><strong><em>CONFESSOREM.</em></strong></span> 
     </span>
    </p>
   </div>
   <div class='ocr_carea' id='block_1_18' title="bbox 1896 419 3568 510">
    <p class='ocr_par' dir='ltr' id='par_1_18' title="bbox 1896 419 3568 510">
     <span class='ocr_line' id='line_1_18' title="bbox 1896 419 3568 510; baseline 0.014 -37"><span class='ocrx_word' id='word_1_119' title='bbox 1896 419 1953 480; x_wconf 80' lang='grc' dir='ltr'><strong>Α</strong></span> <span class='ocrx_word' id='word_1_120' title='bbox 1975 421 2194 478; x_wconf 87' lang='lat' dir='ltr'><strong><em>solemus</em></strong></span> <span class='ocrx_word' id='word_1_121' title='bbox 2222 427 2417 503; x_wconf 83' lang='lat' dir='ltr'><strong><em>cunctis</em></strong></span> <span class='ocrx_word' id='word_1_122' title='bbox 2456 426 2743 486; x_wconf 86' lang='lat' dir='ltr'><strong><em>hominibus</em></strong></span> <span class='ocrx_word' id='word_1_123' title='bbox 2782 431 2981 488; x_wconf 90' lang='lat' dir='ltr'><strong><em>veniam</em></strong></span> <span class='ocrx_word' id='word_1_124' title='bbox 3009 432 3278 510; x_wconf 88' lang='lat' dir='ltr'><strong><em>indulgere</em></strong></span> <span class='ocrx_word' id='word_1_125' title='bbox 3303 479 3318 507; x_wconf 93' lang='lat'><strong><em>,</em></strong></span> <span class='ocrx_word' id='word_1_126' title='bbox 3353 455 3568 510; x_wconf 87' lang='lat' dir='ltr'><strong><em>promp-</em></strong></span> 
     </span>
    </p>
   </div>
   <div class='ocr_carea' id='block_1_19' title="bbox 3459 317 3570 378">
    <p class='ocr_par' dir='ltr' id='par_1_19' title="bbox 3459 317 3570 378">
     <span class='ocr_line' id='line_1_19' title="bbox 3459 317 3570 378; baseline 0.018 -2"><span class='ocrx_word' id='word_1_127' title='bbox 3459 317 3570 378; x_wconf 78' lang='lat'><strong><em>250</em></strong></span> 
     </span>
    </p>
   </div>
   <div class='ocr_carea' id='block_1_20' title="bbox 1971 513 3569 597">
    <p class='ocr_par' dir='ltr' id='par_1_20' title="bbox 1971 513 3569 597">
     <span class='ocr_line' id='line_1_20' title="bbox 1971 513 3569 597; baseline 0.014 -31"><span class='ocrx_word' id='word_1_128' title='bbox 1971 513 2219 569; x_wconf 90' lang='lat' dir='ltr'><strong><em>tissimam</em></strong></span> <span class='ocrx_word' id='word_1_129' title='bbox 2238 518 2292 570; x_wconf 92' lang='lat' dir='ltr'><strong><em>in</em></strong></span> <span class='ocrx_word' id='word_1_130' title='bbox 2317 518 2397 573; x_wconf 92' lang='lat' dir='ltr'><strong><em>his</em></strong></span> <span class='ocrx_word' id='word_1_131' title='bbox 2435 536 2637 592; x_wconf 91' lang='lat' dir='ltr'><strong><em>quoque</em></strong></span> <span class='ocrx_word' id='word_1_132' title='bbox 2663 523 3035 597; x_wconf 87' lang='lat' dir='ltr'><strong><em>indulgentiam</em></strong></span> <span class='ocrx_word' id='word_1_133' title='bbox 3072 541 3301 587; x_wconf 89' lang='lat' dir='ltr'><strong><em>nostram</em></strong></span> <span class='ocrx_word' id='word_1_134' title='bbox 3340 534 3569 588; x_wconf 85' lang='lat' dir='ltr'><strong><em>credidi-</em></strong></span> 
     </span>
    </p>
   </div>
   <div class='ocr_carea' id='block_1_21' title="bbox 1971 610 3566 687">
    <p class='ocr_par' dir='ltr' id='par_1_21' title="bbox 1971 610 3566 687">
     <span class='ocr_line' id='line_1_21' title="bbox 1971 610 3566 687; baseline 0.013 -28"><span class='ocrx_word' id='word_1_135' title='bbox 1971 622 2084 660; x_wconf 86' lang='lat' dir='ltr'><strong><em>mus</em></strong></span> <span class='ocrx_word' id='word_1_136' title='bbox 2111 610 2474 680; x_wconf 89' lang='lat' dir='ltr'><strong><em>porrigendam</em></strong></span> <span class='ocrx_word' id='word_1_137' title='bbox 2494 630 2513 680; x_wconf 90' lang='lat'><em>;</em></span> <span class='ocrx_word' id='word_1_138' title='bbox 2535 624 2591 668; x_wconf 89' lang='lat' dir='ltr'><strong><em>ut</em></strong></span> <span class='ocrx_word' id='word_1_139' title='bbox 2621 614 2788 670; x_wconf 89' lang='lat' dir='ltr'><strong><em>denuo</em></strong></span> <span class='ocrx_word' id='word_1_140' title='bbox 2809 618 2910 672; x_wconf 88' lang='lat' dir='ltr'><strong><em>sint</em></strong></span> <span class='ocrx_word' id='word_1_141' title='bbox 2940 616 3257 687; x_wconf 88' lang='lat' dir='ltr'><strong><em>Christiani,</em></strong></span> <span class='ocrx_word' id='word_1_142' title='bbox 3280 632 3327 677; x_wconf 91' lang='lat' dir='ltr'><strong><em>et</em></strong></span> <span class='ocrx_word' id='word_1_143' title='bbox 3350 640 3566 679; x_wconf 81' lang='lat' dir='ltr'><strong><em>conven-</em></strong></span> 
     </span>
    </p>
   </div>
   <div class='ocr_carea' id='block_1_22' title="bbox 1970 698 3561 786">
    <p class='ocr_par' dir='ltr' id='par_1_22' title="bbox 1970 698 3561 786">
     <span class='ocr_line' id='line_1_22' title="bbox 1970 698 3561 786; baseline 0.013 -35"><span class='ocrx_word' id='word_1_144' title='bbox 1970 698 2128 753; x_wconf 85' lang='lat' dir='ltr'><strong><em>ticula</em></strong></span> <span class='ocrx_word' id='word_1_145' title='bbox 2170 718 2265 755; x_wconf 89' lang='lat' dir='ltr'><strong><em>sua</em></strong></span> <span class='ocrx_word' id='word_1_146' title='bbox 2304 714 2612 775; x_wconf 87' lang='lat' dir='ltr'><strong><em>componant</em></strong></span> <span class='ocrx_word' id='word_1_147' title='bbox 2632 748 2645 771; x_wconf 93' lang='lat'><strong><em>,</em></strong></span> <span class='ocrx_word' id='word_1_148' title='bbox 2674 707 2749 761; x_wconf 91' lang='lat' dir='ltr'><strong><em>ita</em></strong></span> <span class='ocrx_word' id='word_1_149' title='bbox 2774 718 2830 762; x_wconf 92' lang='lat' dir='ltr'><strong><em>ut</em></strong></span> <span class='ocrx_word' id='word_1_150' title='bbox 2861 725 2924 764; x_wconf 88' lang='lat' dir='ltr'><strong><em>ne</em></strong></span> <span class='ocrx_word' id='word_1_151' title='bbox 2952 711 3078 780; x_wconf 87' lang='lat' dir='ltr'><strong><em>quid</em></strong></span> <span class='ocrx_word' id='word_1_152' title='bbox 3105 722 3284 768; x_wconf 88' lang='lat' dir='ltr'><strong><em>contra</em></strong></span> <span class='ocrx_word' id='word_1_153' title='bbox 3325 715 3561 786; x_wconf 88' lang='lat' dir='ltr'><strong><em>discipli-</em></strong></span> 
     </span>
    </p>
   </div>
   <div class='ocr_carea' id='block_1_23' title="bbox 1968 797 3567 878">
    <p class='ocr_par' dir='ltr' id='par_1_23' title="bbox 1968 797 3567 878">
     <span class='ocr_line' id='line_1_23' title="bbox 1968 797 3567 878; baseline 0.013 -34"><span class='ocrx_word' id='word_1_154' title='bbox 1968 806 2091 845; x_wconf 88' lang='lat' dir='ltr'><strong><em>nam</em></strong></span> <span class='ocrx_word' id='word_1_155' title='bbox 2112 802 2288 864; x_wconf 88' lang='lat' dir='ltr'><strong><em>agant.</em></strong></span> <span class='ocrx_word' id='word_1_156' title='bbox 2320 797 2438 851; x_wconf 85' lang='lat' dir='ltr'><strong><em>Alia</em></strong></span> <span class='ocrx_word' id='word_1_157' title='bbox 2466 809 2637 852; x_wconf 89' lang='lat' dir='ltr'><strong><em>autem</em></strong></span> <span class='ocrx_word' id='word_1_158' title='bbox 2680 801 2896 870; x_wconf 90' lang='lat' dir='ltr'><strong><em>epistola</em></strong></span> <span class='ocrx_word' id='word_1_159' title='bbox 2936 803 3192 869; x_wconf 83' lang='lat' dir='ltr'><strong><em>iudicibus</em></strong></span> <span class='ocrx_word' id='word_1_160' title='bbox 3221 806 3567 878; x_wconf 76' lang='lat' dir='ltr'><strong><em>signiﬁcaturi</em></strong></span> 
     </span>
    </p>
   </div>
   <div class='ocr_carea' id='block_1_24' title="bbox 1968 887 3649 968">
    <p class='ocr_par' dir='ltr' id='par_1_24' title="bbox 1968 887 3649 968">
     <span class='ocr_line' id='line_1_24' title="bbox 1968 887 3649 968; baseline 0.012 -31"><span class='ocrx_word' id='word_1_161' title='bbox 1968 898 2177 953; x_wconf 90' lang='lat' dir='ltr'><strong><em>sumus,</em></strong></span> <span class='ocrx_word' id='word_1_162' title='bbox 2209 887 2333 955; x_wconf 90' lang='lat' dir='ltr'><strong><em>quid</em></strong></span> <span class='ocrx_word' id='word_1_163' title='bbox 2359 889 2536 944; x_wconf 91' lang='lat' dir='ltr'><strong><em>debent</em></strong></span> <span class='ocrx_word' id='word_1_164' title='bbox 2564 892 2851 948; x_wconf 89' lang='lat' dir='ltr'><strong><em>observare.</em></strong></span> <span class='ocrx_word' id='word_1_165' title='bbox 2878 892 3027 949; x_wconf 88' lang='lat' dir='ltr'><strong><em>Unde</em></strong></span> <span class='ocrx_word' id='word_1_166' title='bbox 3046 897 3202 967; x_wconf 73' lang='lat' dir='ltr'><strong><em>juxta</em></strong></span> <span class='ocrx_word' id='word_1_167' title='bbox 3231 893 3365 954; x_wconf 79' lang='lat' dir='ltr'><strong><em>hanc</em></strong></span> <span class='ocrx_word' id='word_1_168' title='bbox 3391 900 3569 955; x_wconf 83' lang='lat' dir='ltr'><strong><em>indul-</em></strong></span> <span class='ocrx_word' id='word_1_169' title='bbox 3630 954 3649 968; x_wconf 87' lang='grc'><em>,</em></span> 
     </span>
    </p>
   </div>
   <div class='ocr_carea' id='block_1_25' title="bbox 1967 975 3571 1061">
    <p class='ocr_par' dir='ltr' id='par_1_25' title="bbox 1967 975 3571 1061">
     <span class='ocr_line' id='line_1_25' title="bbox 1967 975 3571 1061; baseline 0.014 -35"><span class='ocrx_word' id='word_1_170' title='bbox 1967 975 2188 1044; x_wconf 87' lang='lat' dir='ltr'><strong><em>gentiam</em></strong></span> <span class='ocrx_word' id='word_1_171' title='bbox 2232 988 2457 1033; x_wconf 89' lang='lat' dir='ltr'><strong><em>nostram</em></strong></span> <span class='ocrx_word' id='word_1_172' title='bbox 2500 980 2747 1037; x_wconf 86' lang='lat' dir='ltr'><strong><em>debebunt</em></strong></span> <span class='ocrx_word' id='word_1_173' title='bbox 2777 982 2946 1038; x_wconf 89' lang='lat' dir='ltr'><strong><em>Deum</em></strong></span> <span class='ocrx_word' id='word_1_174' title='bbox 2983 1002 3137 1041; x_wconf 88' lang='lat' dir='ltr'><strong><em>suum</em></strong></span> <span class='ocrx_word' id='word_1_175' title='bbox 3167 1005 3315 1044; x_wconf 89' lang='lat' dir='ltr'><strong><em>orare</em></strong></span> <span class='ocrx_word' id='word_1_176' title='bbox 3355 1008 3452 1061; x_wconf 90' lang='lat' dir='ltr'><strong><em>pro</em></strong></span> <span class='ocrx_word' id='word_1_177' title='bbox 3480 1010 3571 1047; x_wconf 75' lang='lat' dir='ltr'><strong><em>sa-</em></strong></span> 
     </span>
    </p>
   </div>
   <div class='ocr_carea' id='block_1_26' title="bbox 1968 1066 3567 1153">
    <p class='ocr_par' dir='ltr' id='par_1_26' title="bbox 1968 1066 3567 1153">
     <span class='ocr_line' id='line_1_26' title="bbox 1968 1066 3567 1153; baseline 0.013 -34"><span class='ocrx_word' id='word_1_178' title='bbox 1968 1066 2073 1121; x_wconf 87' lang='lat' dir='ltr'><strong><em>lute</em></strong></span> <span class='ocrx_word' id='word_1_179' title='bbox 2098 1078 2301 1136; x_wconf 86' lang='lat' dir='ltr'><strong><em>nostra,</em></strong></span> <span class='ocrx_word' id='word_1_180' title='bbox 2330 1082 2380 1127; x_wconf 91' lang='lat' dir='ltr'><strong><em>et</em></strong></span> <span class='ocrx_word' id='word_1_181' title='bbox 2407 1071 2753 1143; x_wconf 65' lang='lat' dir='ltr'><strong><em>Reipublicae,</em></strong></span> <span class='ocrx_word' id='word_1_182' title='bbox 2784 1088 2847 1131; x_wconf 84' lang='lat' dir='ltr'><strong><em>ac</em></strong></span> <span class='ocrx_word' id='word_1_183' title='bbox 2875 1094 2969 1133; x_wconf 89' lang='lat' dir='ltr'><strong><em>sua</em></strong></span> <span class='ocrx_word' id='word_1_184' title='bbox 2987 1118 3004 1146; x_wconf 95' lang='lat'><strong><em>,</em></strong></span> <span class='ocrx_word' id='word_1_185' title='bbox 3050 1088 3105 1134; x_wconf 85' lang='lat' dir='ltr'><strong><em>ut</em></strong></span> <span class='ocrx_word' id='word_1_186' title='bbox 3142 1081 3567 1153; x_wconf 83' lang='lat' dir='ltr'><strong><em>undiqueuersum</em></strong></span> 
     </span>
    </p>
   </div>
   <div class='ocr_carea' id='block_1_27' title="bbox 1968 1156 3568 1239">
    <p class='ocr_par' dir='ltr' id='par_1_27' title="bbox 1968 1156 3568 1239">
     <span class='ocr_line' id='line_1_27' title="bbox 1968 1156 3568 1239; baseline 0.014 -28"><span class='ocrx_word' id='word_1_187' title='bbox 1968 1156 2280 1229; x_wconf 81' lang='lat' dir='ltr'><strong><em>Respublica</em></strong></span> <span class='ocrx_word' id='word_1_188' title='bbox 2305 1174 2494 1234; x_wconf 84' lang='lat' dir='ltr'><strong><em>perstet</em></strong></span> <span class='ocrx_word' id='word_1_189' title='bbox 2522 1168 2824 1239; x_wconf 87' lang='lat' dir='ltr'><strong><em>incolumis,</em></strong></span> <span class='ocrx_word' id='word_1_190' title='bbox 2856 1180 2905 1227; x_wconf 91' lang='lat' dir='ltr'><strong><em>et</em></strong></span> <span class='ocrx_word' id='word_1_191' title='bbox 2929 1173 3096 1231; x_wconf 90' lang='lat' dir='ltr'><strong><em>securi</em></strong></span> <span class='ocrx_word' id='word_1_192' title='bbox 3121 1175 3288 1231; x_wconf 85' lang='lat' dir='ltr'><strong><em>vivere</em></strong></span> <span class='ocrx_word' id='word_1_193' title='bbox 3330 1178 3386 1232; x_wconf 88' lang='lat' dir='ltr'><strong><em>in</em></strong></span> <span class='ocrx_word' id='word_1_194' title='bbox 3432 1178 3568 1232; x_wconf 87' lang='lat' dir='ltr'><strong><em>sedi-</em></strong></span> 
     </span>
    </p>
   </div>
   <div class='ocr_carea' id='block_1_28' title="bbox 1968 1250 2440 1325">
    <p class='ocr_par' dir='ltr' id='par_1_28' title="bbox 1968 1250 2440 1325">
     <span class='ocr_line' id='line_1_28' title="bbox 1968 1250 2440 1325; baseline 0.017 -21"><span class='ocrx_word' id='word_1_195' title='bbox 1968 1250 2061 1306; x_wconf 87' lang='lat' dir='ltr'><strong><em>bus</em></strong></span> <span class='ocrx_word' id='word_1_196' title='bbox 2089 1253 2197 1309; x_wconf 90' lang='lat' dir='ltr'><strong><em>suis</em></strong></span> <span class='ocrx_word' id='word_1_197' title='bbox 2222 1256 2440 1325; x_wconf 86' lang='lat' dir='ltr'><strong><em>possint.</em></strong></span> 
     </span>
    </p>
   </div>
   <div class='ocr_carea' id='block_1_29' title="bbox 2649 1354 2867 1413">
    <p class='ocr_par' dir='ltr' id='par_1_29' title="bbox 2649 1354 2867 1413">
     <span class='ocr_line' id='line_1_29' title="bbox 2649 1354 2867 1413; baseline 0 -2"><span class='ocrx_word' id='word_1_198' title='bbox 2649 1354 2867 1413; x_wconf 79' lang='lat' dir='ltr'><strong><em>XXXV.</em></strong></span> 
     </span>
    </p>
   </div>
   <div class='ocr_carea' id='block_1_30' title="bbox 2038 1437 3569 1524">
    <p class='ocr_par' dir='ltr' id='par_1_30' title="bbox 2038 1437 3569 1524">
     <span class='ocr_line' id='line_1_30' title="bbox 2038 1437 3569 1524; baseline 0.015 -33"><span class='ocrx_word' id='word_1_199' title='bbox 2038 1437 2154 1493; x_wconf 82' lang='lat' dir='ltr'><strong><em>Hoc</em></strong></span> <span class='ocrx_word' id='word_1_200' title='bbox 2192 1439 2428 1498; x_wconf 87' lang='lat' dir='ltr'><strong><em>edictum</em></strong></span> <span class='ocrx_word' id='word_1_201' title='bbox 2476 1448 2797 1516; x_wconf 82' lang='lat' dir='ltr'><strong><em>proponitur</em></strong></span> <span class='ocrx_word' id='word_1_202' title='bbox 2817 1449 3143 1509; x_wconf 63' lang='lat' dir='ltr'><strong><em>Nicomediae</em></strong></span> <span class='ocrx_word' id='word_1_203' title='bbox 3171 1453 3343 1524; x_wconf 85' lang='lat' dir='ltr'><strong><em>pridie</em></strong></span> <span class='ocrx_word' id='word_1_204' title='bbox 3372 1455 3569 1513; x_wconf 87' lang='lat' dir='ltr'><strong><em>Kalen-</em></strong></span> 
     </span>
    </p>
   </div>
   <div class='ocr_carea' id='block_1_31' title="bbox 1965 1530 3571 1611">
    <p class='ocr_par' dir='ltr' id='par_1_31' title="bbox 1965 1530 3571 1611">
     <span class='ocr_line' id='line_1_31' title="bbox 1965 1530 3571 1611; baseline 0.015 -24"><span class='ocrx_word' id='word_1_205' title='bbox 1965 1530 2062 1587; x_wconf 92' lang='lat' dir='ltr'><strong><em>das</em></strong></span> <span class='ocrx_word' id='word_1_206' title='bbox 2088 1530 2281 1604; x_wconf 82' lang='lat' dir='ltr'><strong><em>Maias,</em></strong></span> <span class='ocrx_word' id='word_1_207' title='bbox 2338 1538 2456 1607; x_wconf 91' lang='lat' dir='ltr'><strong><em>ipso</em></strong></span> <span class='ocrx_word' id='word_1_208' title='bbox 2480 1542 2649 1598; x_wconf 81' lang='lat' dir='ltr'><strong><em>octies</em></strong></span> <span class='ocrx_word' id='word_1_209' title='bbox 2670 1583 2684 1609; x_wconf 94' lang='lat'><strong><em>,</em></strong></span> <span class='ocrx_word' id='word_1_210' title='bbox 2713 1554 2767 1599; x_wconf 94' lang='lat' dir='ltr'><strong><em>et</em></strong></span> <span class='ocrx_word' id='word_1_211' title='bbox 2804 1545 3098 1604; x_wconf 80' lang='lat' dir='ltr'><strong><em>Maximino</em></strong></span> <span class='ocrx_word' id='word_1_212' title='bbox 3127 1550 3323 1607; x_wconf 81' lang='lat' dir='ltr'><strong><em>iterum</em></strong></span> <span class='ocrx_word' id='word_1_213' title='bbox 3354 1552 3571 1611; x_wconf 76' lang='lat' dir='ltr'><strong><em>Causa-</em></strong></span> 
     </span>
    </p>
   </div>
   <div class='ocr_carea' id='block_1_32' title="bbox 1965 1621 3565 1714">
    <p class='ocr_par' dir='ltr' id='par_1_32' title="bbox 1965 1621 3565 1714">
     <span class='ocr_line' id='line_1_32' title="bbox 1965 1621 3565 1714; baseline 0.015 -37"><span class='ocrx_word' id='word_1_214' title='bbox 1965 1621 2127 1680; x_wconf 87' lang='lat' dir='ltr'><strong><em>libus.</em></strong></span> <span class='ocrx_word' id='word_1_215' title='bbox 2177 1626 2328 1684; x_wconf 90' lang='lat' dir='ltr'><strong><em>Tunc</em></strong></span> <span class='ocrx_word' id='word_1_216' title='bbox 2375 1633 2578 1700; x_wconf 90' lang='lat' dir='ltr'><strong><em>apertis</em></strong></span> <span class='ocrx_word' id='word_1_217' title='bbox 2608 1636 2946 1703; x_wconf 86' lang='lat' dir='ltr'><strong><em>carceribus,</em></strong></span> <span class='ocrx_word' id='word_1_218' title='bbox 3001 1640 3211 1697; x_wconf 87' lang='lat' dir='ltr'><strong><em>Donate</em></strong></span> <span class='ocrx_word' id='word_1_219' title='bbox 3250 1644 3565 1714; x_wconf 81' lang='lat' dir='ltr'><strong><em>carissime,</em></strong></span> 
     </span>
    </p>
   </div>
   <div class='ocr_carea' id='block_1_33' title="bbox 1965 1721 3556 1808">
    <p class='ocr_par' dir='ltr' id='par_1_33' title="bbox 1965 1721 3556 1808">
     <span class='ocr_line' id='line_1_33' title="bbox 1965 1721 3556 1808; baseline 0.015 -36"><span class='ocrx_word' id='word_1_220' title='bbox 1965 1731 2089 1773; x_wconf 91' lang='lat' dir='ltr'><strong><em>cum</em></strong></span> <span class='ocrx_word' id='word_1_221' title='bbox 2119 1721 2330 1778; x_wconf 74' lang='lat' dir='ltr'><strong><em>cteteris</em></strong></span> <span class='ocrx_word' id='word_1_222' title='bbox 2372 1724 2776 1785; x_wconf 84' lang='lat' dir='ltr'><strong><em>confessoribus</em></strong></span> <span class='ocrx_word' id='word_1_223' title='bbox 2815 1746 2848 1787; x_wconf 90' lang='lat' dir='ltr'><strong><em>e</em></strong></span> <span class='ocrx_word' id='word_1_224' title='bbox 2888 1734 3132 1791; x_wconf 88' lang='lat' dir='ltr'><strong><em>custodia</em></strong></span> <span class='ocrx_word' id='word_1_225' title='bbox 3158 1730 3422 1795; x_wconf 87' lang='lat' dir='ltr'><strong><em>liberatus</em></strong></span> <span class='ocrx_word' id='word_1_226' title='bbox 3464 1754 3556 1808; x_wconf 86' lang='lat' dir='ltr'><strong><em>es,</em></strong></span> 
     </span>
    </p>
   </div>
   <div class='ocr_carea' id='block_1_34' title="bbox 272 1793 3561 1895">
    <p class='ocr_par' dir='ltr' id='par_1_34' title="bbox 272 1793 3561 1895">
     <span class='ocr_line' id='line_1_34' title="bbox 272 1793 3561 1895; baseline 0.014 -52"><span class='ocrx_word' id='word_1_227' title='bbox 272 1799 475 1844; x_wconf 70' lang='lat' dir='ltr'><strong><em>ceterum</em></strong></span> <span class='ocrx_word' id='word_1_228' title='bbox 508 1793 847 1850; x_wconf 85' lang='lat' dir='ltr'><strong><em>se&#39;instituta</em></strong></span> <span class='ocrx_word' id='word_1_229' title='bbox 883 1802 1172 1869; x_wconf 79' lang='lat' dir='ltr'><strong><em>conferrent</em></strong></span> <span class='ocrx_word' id='word_1_230' title='bbox 1191 1841 1207 1866; x_wconf 91' lang='lat'><strong><em>,</em></strong></span> <span class='ocrx_word' id='word_1_231' title='bbox 1248 1802 1397 1855; x_wconf 91' lang='lat' dir='ltr'><strong><em>multi</em></strong></span> <span class='ocrx_word' id='word_1_232' title='bbox 1425 1804 1654 1873; x_wconf 91' lang='lat' dir='ltr'><strong><em>periculo</em></strong></span> <span class='ocrx_word' id='word_1_233' title='bbox 1682 1806 1864 1878; x_wconf 88' lang='lat' dir='ltr'><strong><em>subju-</em></strong></span> <span class='ocrx_word' id='word_1_234' title='bbox 1890 1816 1938 1877; x_wconf 87' lang='lat' dir='ltr'><strong>B</strong></span> <span class='ocrx_word' id='word_1_235' title='bbox 1966 1825 2086 1867; x_wconf 89' lang='lat' dir='ltr'><strong><em>cum</em></strong></span> <span class='ocrx_word' id='word_1_236' title='bbox 2121 1813 2215 1870; x_wconf 87' lang='lat' dir='ltr'><strong><em>tibi</em></strong></span> <span class='ocrx_word' id='word_1_237' title='bbox 2253 1830 2440 1874; x_wconf 86' lang='lat' dir='ltr'><strong><em>carcer</em></strong></span> <span class='ocrx_word' id='word_1_238' title='bbox 2463 1833 2560 1875; x_wconf 81' lang='lat' dir='ltr'><strong><em>sex</em></strong></span> <span class='ocrx_word' id='word_1_239' title='bbox 2603 1824 2759 1879; x_wconf 85' lang='lat' dir='ltr'><strong><em>annis</em></strong></span> <span class='ocrx_word' id='word_1_240' title='bbox 2805 1839 2905 1895; x_wconf 88' lang='lat' dir='ltr'><strong><em>pro</em></strong></span> <span class='ocrx_word' id='word_1_241' title='bbox 2932 1826 3206 1885; x_wconf 89' lang='lat' dir='ltr'><strong><em>domicilio</em></strong></span> <span class='ocrx_word' id='word_1_242' title='bbox 3238 1830 3418 1888; x_wconf 81' lang='lat' dir='ltr'><strong><em>fuerit.</em></strong></span> <span class='ocrx_word' id='word_1_243' title='bbox 3449 1793 3561 1890; x_wconf 67' lang='lat' dir='ltr'><strong><em>Nec</em></strong></span> 
     </span>
    </p>
   </div>
   <div class='ocr_carea' id='block_1_35' title="bbox 270 1884 1863 1968">
    <p class='ocr_par' dir='ltr' id='par_1_35' title="bbox 270 1884 1863 1968">
     <span class='ocr_line' id='line_1_35' title="bbox 270 1884 1863 1968; baseline 0.011 -31"><span class='ocrx_word' id='word_1_244' title='bbox 270 1884 391 1954; x_wconf 88' lang='lat' dir='ltr'><strong><em>gati,</em></strong></span> <span class='ocrx_word' id='word_1_245' title='bbox 422 1886 580 1940; x_wconf 87' lang='lat' dir='ltr'><strong><em>multi</em></strong></span> <span class='ocrx_word' id='word_1_246' title='bbox 608 1887 762 1942; x_wconf 88' lang='lat' dir='ltr'><strong><em>etiam</em></strong></span> <span class='ocrx_word' id='word_1_247' title='bbox 788 1888 1040 1945; x_wconf 89' lang='lat' dir='ltr'><strong><em>deturbati</em></strong></span> <span class='ocrx_word' id='word_1_248' title='bbox 1066 1902 1218 1957; x_wconf 86' lang='lat' dir='ltr'><strong><em>sunt;</em></strong></span> <span class='ocrx_word' id='word_1_249' title='bbox 1244 1904 1396 1966; x_wconf 89' lang='lat' dir='ltr'><strong><em>atque</em></strong></span> <span class='ocrx_word' id='word_1_250' title='bbox 1419 1913 1536 1950; x_wconf 90' lang='lat' dir='ltr'><strong><em>cum</em></strong></span> <span class='ocrx_word' id='word_1_251' title='bbox 1572 1898 1782 1968; x_wconf 85' lang='lat' dir='ltr'><strong><em>plurimi</em></strong></span> <span class='ocrx_word' id='word_1_252' title='bbox 1809 1901 1863 1955; x_wconf 87' lang='lat' dir='ltr'><strong><em>in</em></strong></span> 
     </span>
    </p>
   </div>
   <div class='ocr_carea' id='block_1_36' title="bbox 269 1979 1860 2051">
    <p class='ocr_par' dir='ltr' id='par_1_36' title="bbox 269 1979 1860 2051">
     <span class='ocr_line' id='line_1_36' title="bbox 269 1979 1860 2051; baseline 0.011 -21"><span class='ocrx_word' id='word_1_253' title='bbox 269 1979 530 2047; x_wconf 85' lang='lat' dir='ltr'><strong><em>proposito</em></strong></span> <span class='ocrx_word' id='word_1_254' title='bbox 559 1993 940 2051; x_wconf 88' lang='lat' dir='ltr'><strong><em>perseverarent</em></strong></span> <span class='ocrx_word' id='word_1_255' title='bbox 963 2026 979 2051; x_wconf 91' lang='lat'><strong><em>,</em></strong></span> <span class='ocrx_word' id='word_1_256' title='bbox 1009 2001 1069 2039; x_wconf 86' lang='lat' dir='ltr'><strong><em>ac</em></strong></span> <span class='ocrx_word' id='word_1_257' title='bbox 1092 1986 1377 2042; x_wconf 82' lang='lat' dir='ltr'><strong><em>videremus</em></strong></span> <span class='ocrx_word' id='word_1_258' title='bbox 1397 2005 1491 2044; x_wconf 88' lang='lat' dir='ltr'><strong><em>nec</em></strong></span> <span class='ocrx_word' id='word_1_259' title='bbox 1514 1990 1614 2045; x_wconf 89' lang='lat' dir='ltr'><strong><em>diis</em></strong></span> <span class='ocrx_word' id='word_1_260' title='bbox 1652 1994 1860 2048; x_wconf 84' lang='lat' dir='ltr'><strong><em>eosdem</em></strong></span> 
     </span>
    </p>
   </div>
   <div class='ocr_carea' id='block_1_37' title="bbox 267 2064 1859 2147">
    <p class='ocr_par' dir='ltr' id='par_1_37' title="bbox 267 2064 1859 2147">
     <span class='ocr_line' id='line_1_37' title="bbox 267 2064 1859 2147; baseline 0.01 -22"><span class='ocrx_word' id='word_1_261' title='bbox 267 2070 448 2126; x_wconf 76' lang='lat' dir='ltr'><strong><em>cultum</em></strong></span> <span class='ocrx_word' id='word_1_262' title='bbox 471 2090 544 2127; x_wconf 82' lang='lat' dir='ltr'><strong><em>ac</em></strong></span> <span class='ocrx_word' id='word_1_263' title='bbox 568 2064 871 2146; x_wconf 79' lang='lat' dir='ltr'><strong><em>religionem</em></strong></span> <span class='ocrx_word' id='word_1_264' title='bbox 898 2078 1118 2133; x_wconf 89' lang='lat' dir='ltr'><strong><em>debitam</em></strong></span> <span class='ocrx_word' id='word_1_265' title='bbox 1137 2080 1373 2135; x_wconf 74' lang='lat' dir='ltr'><strong><em>exhibere</em></strong></span> <span class='ocrx_word' id='word_1_266' title='bbox 1388 2123 1402 2147; x_wconf 92' lang='lat'><strong><em>,</em></strong></span> <span class='ocrx_word' id='word_1_267' title='bbox 1425 2098 1518 2137; x_wconf 80' lang='lat' dir='ltr'><strong><em>nec</em></strong></span> <span class='ocrx_word' id='word_1_268' title='bbox 1548 2084 1859 2140; x_wconf 88' lang='lat' dir='ltr'><strong><em>christiano-</em></strong></span> 
     </span>
    </p>
   </div>
   <div class='ocr_carea' id='block_1_38' title="bbox 266 2166 1857 2240">
    <p class='ocr_par' dir='ltr' id='par_1_38' title="bbox 266 2166 1857 2240">
     <span class='ocr_line' id='line_1_38' title="bbox 266 2166 1857 2240; baseline 0.01 -21"><span class='ocrx_word' id='word_1_269' title='bbox 266 2180 368 2221; x_wconf 81' lang='lat' dir='ltr'><strong><em>rum</em></strong></span> <span class='ocrx_word' id='word_1_270' title='bbox 388 2166 564 2222; x_wconf 87' lang='lat' dir='ltr'><strong><em>Deum</em></strong></span> <span class='ocrx_word' id='word_1_271' title='bbox 588 2170 857 2225; x_wconf 89' lang='lat' dir='ltr'><strong><em>observare</em></strong></span> <span class='ocrx_word' id='word_1_272' title='bbox 872 2212 887 2236; x_wconf 92' lang='lat'><strong><em>,</em></strong></span> <span class='ocrx_word' id='word_1_273' title='bbox 914 2174 1341 2240; x_wconf 78' lang='lat' dir='ltr'><strong><em>contemplatione</em></strong></span> <span class='ocrx_word' id='word_1_274' title='bbox 1360 2176 1640 2233; x_wconf 67' lang='lat' dir='ltr'><strong><em>mitissime?</em></strong></span> <span class='ocrx_word' id='word_1_275' title='bbox 1667 2190 1857 2235; x_wconf 65' lang='lat' dir='ltr'><strong><em>nostra:</em></strong></span> 
     </span>
    </p>
   </div>
   <div class='ocr_carea' id='block_1_39' title="bbox 262 2258 1855 2344">
    <p class='ocr_par' dir='ltr' id='par_1_39' title="bbox 262 2258 1855 2344">
     <span class='ocr_line' id='line_1_39' title="bbox 262 2258 1855 2344; baseline 0.009 -30"><span class='ocrx_word' id='word_1_276' title='bbox 262 2258 535 2325; x_wconf 77' lang='lat' dir='ltr'><strong><em>thnentita</em></strong></span> <span class='ocrx_word' id='word_1_277' title='bbox 561 2261 816 2319; x_wconf 85' lang='lat' dir='ltr'><strong><em>intuentes</em></strong></span> <span class='ocrx_word' id='word_1_278' title='bbox 836 2273 883 2319; x_wconf 90' lang='lat' dir='ltr'><strong><em>et</em></strong></span> <span class='ocrx_word' id='word_1_279' title='bbox 909 2267 1326 2323; x_wconf 86' lang='lat' dir='ltr'><strong><em>consuetudinem</em></strong></span> <span class='ocrx_word' id='word_1_280' title='bbox 1344 2271 1700 2341; x_wconf 87' lang='lat' dir='ltr'><strong><em>sempiternam</em></strong></span> <span class='ocrx_word' id='word_1_281' title='bbox 1714 2314 1730 2339; x_wconf 92' lang='lat'><strong><em>,</em></strong></span> <span class='ocrx_word' id='word_1_282' title='bbox 1752 2289 1855 2344; x_wconf 90' lang='lat' dir='ltr'><strong><em>qua</em></strong></span> 
     </span>
    </p>
   </div>
   <div class='ocr_carea' id='block_1_40' title="bbox 1967 1905 3561 1991">
    <p class='ocr_par' dir='ltr' id='par_1_40' title="bbox 1967 1905 3561 1991">
     <span class='ocr_line' id='line_1_40' title="bbox 1967 1905 3561 1991; baseline 0.015 -35"><span class='ocrx_word' id='word_1_283' title='bbox 1967 1910 2143 1960; x_wconf 89' lang='lat' dir='ltr'><strong><em>tamen</em></strong></span> <span class='ocrx_word' id='word_1_284' title='bbox 2175 1905 2267 1962; x_wconf 91' lang='lat' dir='ltr'><strong><em>ille</em></strong></span> <span class='ocrx_word' id='word_1_285' title='bbox 2294 1909 2396 1964; x_wconf 91' lang='lat' dir='ltr'><strong><em>hoc</em></strong></span> <span class='ocrx_word' id='word_1_286' title='bbox 2422 1910 2567 1968; x_wconf 80' lang='lat' dir='ltr'><strong><em>iacto</em></strong></span> <span class='ocrx_word' id='word_1_287' title='bbox 2594 1914 2807 1969; x_wconf 85' lang='lat' dir='ltr'><strong><em>veniam</em></strong></span> <span class='ocrx_word' id='word_1_288' title='bbox 2830 1917 3054 1974; x_wconf 80' lang='lat' dir='ltr'><strong><em>sceleris</em></strong></span> <span class='ocrx_word' id='word_1_289' title='bbox 3086 1921 3295 1991; x_wconf 90' lang='lat' dir='ltr'><strong><em>accepit</em></strong></span> <span class='ocrx_word' id='word_1_290' title='bbox 3321 1937 3350 1976; x_wconf 88' lang='lat' dir='ltr'><strong><em>a</em></strong></span> <span class='ocrx_word' id='word_1_291' title='bbox 3398 1923 3511 1979; x_wconf 86' lang='lat' dir='ltr'><strong><em>Deo</em></strong></span> <span class='ocrx_word' id='word_1_292' title='bbox 3544 1941 3561 1980; x_wconf 87' lang='lat'><strong>:</strong></span> 
     </span>
    </p>
   </div>
   <div class='ocr_carea' id='block_1_41' title="bbox 1962 1995 3564 2085">
    <p class='ocr_par' dir='ltr' id='par_1_41' title="bbox 1962 1995 3564 2085">
     <span class='ocr_line' id='line_1_41' title="bbox 1962 1995 3564 2085; baseline 0.015 -36"><span class='ocrx_word' id='word_1_293' title='bbox 1962 1995 2058 2050; x_wconf 88' lang='lat' dir='ltr'><strong><em>sed</em></strong></span> <span class='ocrx_word' id='word_1_294' title='bbox 2087 2006 2209 2067; x_wconf 90' lang='lat' dir='ltr'><strong><em>post</em></strong></span> <span class='ocrx_word' id='word_1_295' title='bbox 2237 1998 2353 2055; x_wconf 89' lang='lat' dir='ltr'><strong><em>dies</em></strong></span> <span class='ocrx_word' id='word_1_296' title='bbox 2381 2016 2614 2071; x_wconf 90' lang='lat' dir='ltr'><strong><em>paucos,</em></strong></span> <span class='ocrx_word' id='word_1_297' title='bbox 2649 2007 3043 2064; x_wconf 88' lang='lat' dir='ltr'><strong><em>commendatis</em></strong></span> <span class='ocrx_word' id='word_1_298' title='bbox 3084 2009 3294 2067; x_wconf 90' lang='lat' dir='ltr'><strong><em>Licinio</em></strong></span> <span class='ocrx_word' id='word_1_299' title='bbox 3333 2014 3564 2085; x_wconf 78' lang='lat' dir='ltr'><strong><em>conjuge</em></strong></span> 
     </span>
    </p>
   </div>
   <div class='ocr_carea' id='block_1_42' title="bbox 1960 2090 3562 2174">
    <p class='ocr_par' dir='ltr' id='par_1_42' title="bbox 1960 2090 3562 2174">
     <span class='ocr_line' id='line_1_42' title="bbox 1960 2090 3562 2174; baseline 0.014 -32"><span class='ocrx_word' id='word_1_300' title='bbox 1960 2102 2059 2143; x_wconf 81' lang='lat' dir='ltr'><strong><em>sua</em></strong></span> <span class='ocrx_word' id='word_1_301' title='bbox 2090 2100 2144 2144; x_wconf 90' lang='lat' dir='ltr'><strong><em>et</em></strong></span> <span class='ocrx_word' id='word_1_302' title='bbox 2172 2090 2311 2159; x_wconf 88' lang='lat' dir='ltr'><strong><em>lilio,</em></strong></span> <span class='ocrx_word' id='word_1_303' title='bbox 2340 2102 2502 2164; x_wconf 86' lang='lat' dir='ltr'><strong><em>atque</em></strong></span> <span class='ocrx_word' id='word_1_304' title='bbox 2542 2096 2594 2150; x_wconf 91' lang='lat' dir='ltr'><strong><em>in</em></strong></span> <span class='ocrx_word' id='word_1_305' title='bbox 2621 2112 2784 2153; x_wconf 90' lang='lat' dir='ltr'><strong><em>manu</em></strong></span> <span class='ocrx_word' id='word_1_306' title='bbox 2813 2099 3063 2169; x_wconf 88' lang='lat' dir='ltr'><strong><em>traditis,</em></strong></span> <span class='ocrx_word' id='word_1_307' title='bbox 3095 2119 3218 2159; x_wconf 91' lang='lat' dir='ltr'><strong><em>cum</em></strong></span> <span class='ocrx_word' id='word_1_308' title='bbox 3242 2104 3355 2174; x_wconf 80' lang='lat' dir='ltr'><strong><em>jam</em></strong></span> <span class='ocrx_word' id='word_1_309' title='bbox 3399 2108 3562 2164; x_wconf 87' lang='lat' dir='ltr'><strong><em>totius</em></strong></span> 
     </span>
    </p>
   </div>
   <div class='ocr_carea' id='block_1_43' title="bbox 1953 2184 3562 2260">
    <p class='ocr_par' dir='ltr' id='par_1_43' title="bbox 1953 2184 3562 2260">
     <span class='ocr_line' id='line_1_43' title="bbox 1953 2184 3562 2260; baseline 0.012 -23"><span class='ocrx_word' id='word_1_310' title='bbox 1953 2184 2197 2252; x_wconf 90' lang='lat' dir='ltr'><strong><em>corporis</em></strong></span> <span class='ocrx_word' id='word_1_311' title='bbox 2252 2187 2493 2243; x_wconf 86' lang='lat' dir='ltr'><strong><em>membra</em></strong></span> <span class='ocrx_word' id='word_1_312' title='bbox 2538 2188 2868 2260; x_wconf 84' lang='lat' dir='ltr'><strong><em>deﬂuerent,</em></strong></span> <span class='ocrx_word' id='word_1_313' title='bbox 2920 2194 3188 2252; x_wconf 90' lang='lat' dir='ltr'><strong><em>horrenda</em></strong></span> <span class='ocrx_word' id='word_1_314' title='bbox 3248 2198 3370 2254; x_wconf 87' lang='lat' dir='ltr'><strong><em>tabe</em></strong></span> <span class='ocrx_word' id='word_1_315' title='bbox 3430 2214 3562 2256; x_wconf 91' lang='lat' dir='ltr'><strong><em>con-</em></strong></span> 
     </span>
    </p>
   </div>
   <div class='ocr_carea' id='block_1_44' title="bbox 1956 2280 3561 2356">
    <p class='ocr_par' dir='ltr' id='par_1_44' title="bbox 1956 2280 3561 2356">
     <span class='ocr_line' id='line_1_44' title="bbox 1956 2280 3561 2356; baseline 0.013 -26"><span class='ocrx_word' id='word_1_316' title='bbox 1956 2287 2203 2347; x_wconf 90' lang='lat' dir='ltr'><strong><em>sumptus</em></strong></span> <span class='ocrx_word' id='word_1_317' title='bbox 2253 2288 2358 2335; x_wconf 88' lang='lat' dir='ltr'><strong><em>est.</em></strong></span> <span class='ocrx_word' id='word_1_318' title='bbox 2408 2280 2575 2354; x_wconf 88' lang='lat' dir='ltr'><strong><em>quue</em></strong></span> <span class='ocrx_word' id='word_1_319' title='bbox 2627 2285 2900 2356; x_wconf 78' lang='lat' dir='ltr'><strong><em>cognitum</em></strong></span> <span class='ocrx_word' id='word_1_320' title='bbox 2945 2286 3274 2346; x_wconf 81' lang='lat' dir='ltr'><strong><em>Nicomediae</em></strong></span> <span class='ocrx_word' id='word_1_321' title='bbox 3300 2290 3561 2350; x_wconf 84' lang='lat' dir='ltr'><strong><em>Id.men-</em></strong></span> 
     </span>
    </p>
   </div>
   <div class='ocr_carea' id='block_1_45' title="bbox 1583 2388 2210 2452">
    <p class='ocr_par' dir='ltr' id='par_1_45' title="bbox 1583 2388 2210 2452">
     <span class='ocr_line' id='line_1_45' title="bbox 1583 2388 2210 2452; baseline 0.011 -8"><span class='ocrx_word' id='word_1_322' title='bbox 1583 2388 1946 2451; x_wconf 78' lang='lat' dir='ltr'><strong><em>VARIORUM</em></strong></span> <span class='ocrx_word' id='word_1_323' title='bbox 1982 2393 2210 2452; x_wconf 65' lang='lat' dir='ltr'><strong><em>NOTAE.</em></strong></span> 
     </span>
    </p>
   </div>
   <div class='ocr_carea' id='block_1_46' title="bbox 262 2517 1847 2596">
    <p class='ocr_par' dir='ltr' id='par_1_46' title="bbox 262 2517 1847 2596">
     <span class='ocr_line' id='line_1_46' title="bbox 262 2517 1847 2596; baseline 0.007 -24"><span class='ocrx_word' id='word_1_324' title='bbox 262 2517 591 2596; x_wconf 62' lang='lat' dir='ltr'><strong><em>&#39;___Edigtum.</em></strong></span> <span class='ocrx_word' id='word_1_325' title='bbox 647 2520 726 2578; x_wconf 90' lang='lat' dir='ltr'><strong><em>De</em></strong></span> <span class='ocrx_word' id='word_1_326' title='bbox 767 2520 871 2596; x_wconf 70' lang='lat' dir='ltr'><strong><em>hoc</em></strong></span> <span class='ocrx_word' id='word_1_327' title='bbox 908 2521 1086 2579; x_wconf 89' lang='lat' dir='ltr'><strong><em>edicto</em></strong></span> <span class='ocrx_word' id='word_1_328' title='bbox 1125 2523 1248 2581; x_wconf 87' lang='lat' dir='ltr'><strong><em>vide</em></strong></span> <span class='ocrx_word' id='word_1_329' title='bbox 1292 2524 1610 2596; x_wconf 89' lang='lat' dir='ltr'><strong><em>Eusebium,</em></strong></span> <span class='ocrx_word' id='word_1_330' title='bbox 1635 2527 1728 2586; x_wconf 88' lang='lat' dir='ltr'><strong><em>lib.</em></strong></span> <span class='ocrx_word' id='word_1_331' title='bbox 1754 2544 1847 2584; x_wconf 84' lang='lat' dir='ltr'><strong><em>vm</em></strong></span> 
     </span>
    </p>
   </div>
   <div class='ocr_carea' id='block_1_47' title="bbox 262 2586 867 2663">
    <p class='ocr_par' dir='ltr' id='par_1_47' title="bbox 262 2586 867 2663">
     <span class='ocr_line' id='line_1_47' title="bbox 262 2586 867 2663; baseline 0.008 -20"><span class='ocrx_word' id='word_1_332' title='bbox 262 2586 395 2663; x_wconf 59' lang='lat' dir='ltr'><strong><em>Hist.</em></strong></span> <span class='ocrx_word' id='word_1_333' title='bbox 413 2590 601 2663; x_wconf 76' lang='lat' dir='ltr'><strong><em>Eccl.,</em></strong></span> <span class='ocrx_word' id='word_1_334' title='bbox 630 2605 748 2663; x_wconf 89' lang='lat' dir='ltr'><strong><em>cap.</em></strong></span> <span class='ocrx_word' id='word_1_335' title='bbox 779 2594 867 2648; x_wconf 83' lang='lat' dir='ltr'><strong><em>l7.</em></strong></span> 
     </span>
    </p>
   </div>
   <div class='ocr_carea' id='block_1_48' title="bbox 322 2659 1847 2736">
    <p class='ocr_par' dir='ltr' id='par_1_48' title="bbox 322 2659 1847 2736">
     <span class='ocr_line' id='line_1_48' title="bbox 322 2659 1847 2736; baseline 0.009 -22"><span class='ocrx_word' id='word_1_336' title='bbox 322 2659 397 2714; x_wconf 74' lang='lat' dir='ltr'><strong><em>Ad</em></strong></span> <span class='ocrx_word' id='word_1_337' title='bbox 424 2661 598 2736; x_wconf 68' lang='lat' dir='ltr'><strong><em>bonas</em></strong></span> <span class='ocrx_word' id='word_1_338' title='bbox 626 2659 1081 2736; x_wconf 77' lang='lat' dir='ltr'><strong><em>mentesredirent.</em></strong></span> <span class='ocrx_word' id='word_1_339' title='bbox 1112 2665 1389 2736; x_wconf 87' lang='lat' dir='ltr'><strong><em>Ejurando</em></strong></span> <span class='ocrx_word' id='word_1_340' title='bbox 1421 2667 1631 2723; x_wconf 86' lang='lat' dir='ltr'><strong><em>scilicet</em></strong></span> <span class='ocrx_word' id='word_1_341' title='bbox 1663 2667 1847 2727; x_wconf 85' lang='lat' dir='ltr'><strong><em>Chris-</em></strong></span> 
     </span>
    </p>
   </div>
   <div class='ocr_carea' id='block_1_49' title="bbox 261 2731 1844 2809">
    <p class='ocr_par' dir='ltr' id='par_1_49' title="bbox 261 2731 1844 2809">
     <span class='ocr_line' id='line_1_49' title="bbox 261 2731 1844 2809; baseline 0.007 -24"><span class='ocrx_word' id='word_1_342' title='bbox 261 2731 442 2809; x_wconf 65' lang='lat' dir='ltr'><strong><em>tianam</em></strong></span> <span class='ocrx_word' id='word_1_343' title='bbox 469 2731 797 2809; x_wconf 71' lang='lat' dir='ltr'><strong><em>religionem</em></strong></span> <span class='ocrx_word' id='word_1_344' title='bbox 824 2735 876 2789; x_wconf 92' lang='lat' dir='ltr'><strong><em>in</em></strong></span> <span class='ocrx_word' id='word_1_345' title='bbox 908 2731 1203 2809; x_wconf 78' lang='lat' dir='ltr'><strong><em>paganismi</em></strong></span> <span class='ocrx_word' id='word_1_346' title='bbox 1224 2739 1481 2809; x_wconf 70' lang='lat' dir='ltr'><strong><em>gratiam,</em></strong></span> <span class='ocrx_word' id='word_1_347' title='bbox 1509 2740 1600 2809; x_wconf 89' lang='lat' dir='ltr'><strong><em>qui</em></strong></span> <span class='ocrx_word' id='word_1_348' title='bbox 1630 2740 1844 2797; x_wconf 90' lang='lat' dir='ltr'><strong><em>Galerio</em></strong></span> 
     </span>
    </p>
   </div>
   <div class='ocr_carea' id='block_1_50' title="bbox 260 2802 1845 2874">
    <p class='ocr_par' dir='ltr' id='par_1_50' title="bbox 260 2802 1845 2874">
     <span class='ocr_line' id='line_1_50' title="bbox 260 2802 1845 2874; baseline 0.008 -19"><span class='ocrx_word' id='word_1_349' title='bbox 260 2802 359 2874; x_wconf 82' lang='lat' dir='ltr'><strong><em>sola</em></strong></span> <span class='ocrx_word' id='word_1_350' title='bbox 389 2802 529 2874; x_wconf 85' lang='lat' dir='ltr'><strong><em>bona</em></strong></span> <span class='ocrx_word' id='word_1_351' title='bbox 562 2804 755 2869; x_wconf 73' lang='lat' dir='ltr'><strong><em>religio</em></strong></span> <span class='ocrx_word' id='word_1_352' title='bbox 780 2802 925 2859; x_wconf 62' lang='lat' dir='ltr'><strong><em>erat.</em></strong></span> <span class='ocrx_word' id='word_1_353' title='bbox 943 2802 1369 2862; x_wconf 54' lang='lat' dir='ltr'><strong><em>ilium—Each</em></strong></span> <span class='ocrx_word' id='word_1_354' title='bbox 1406 2808 1443 2863; x_wconf 92' lang='lat' dir='ltr'><strong><em>l.</em></strong></span> <span class='ocrx_word' id='word_1_355' title='bbox 1469 2802 1607 2873; x_wconf 31' lang='lat' dir='ltr'><strong><em>&#39;v.&#39;c.</em></strong></span> <span class='ocrx_word' id='word_1_356' title='bbox 1642 2812 1741 2874; x_wconf 85' lang='grc'><strong><em>19,</em></strong></span> <span class='ocrx_word' id='word_1_357' title='bbox 1776 2812 1845 2867; x_wconf 88' lang='lat' dir='ltr'><strong><em>ad</em></strong></span> 
     </span>
    </p>
   </div>
   <div class='ocr_carea' id='block_1_51' title="bbox 262 2872 1846 2953">
    <p class='ocr_par' dir='ltr' id='par_1_51' title="bbox 262 2872 1846 2953">
     <span class='ocr_line' id='line_1_51' title="bbox 262 2872 1846 2953; baseline 0.008 -30"><span class='ocrx_word' id='word_1_358' title='bbox 262 2872 353 2953; x_wconf 76' lang='lat' dir='ltr'><strong><em>hoc</em></strong></span> <span class='ocrx_word' id='word_1_359' title='bbox 385 2873 643 2953; x_wconf 53' lang='lat' dir='ltr'><strong><em>fortassis</em></strong></span> <span class='ocrx_word' id='word_1_360' title='bbox 668 2876 904 2953; x_wconf 79' lang='lat' dir='ltr'><strong><em>edictum</em></strong></span> <span class='ocrx_word' id='word_1_361' title='bbox 934 2878 1226 2953; x_wconf 80' lang='lat' dir='ltr'><strong><em>respiciens</em></strong></span> <span class='ocrx_word' id='word_1_362' title='bbox 1251 2895 1265 2931; x_wconf 90' lang='lat'><strong>:</strong></span> <span class='ocrx_word' id='word_1_363' title='bbox 1299 2872 1539 2953; x_wconf 72' lang='lat' dir='ltr'><strong><em>Sedhazc</em></strong></span> <span class='ocrx_word' id='word_1_364' title='bbox 1560 2883 1672 2953; x_wconf 87' lang='lat' dir='ltr'><strong><em>ipsa</em></strong></span> <span class='ocrx_word' id='word_1_365' title='bbox 1698 2872 1846 2953; x_wconf 75' lang='lat' dir='ltr'><strong><em>igno—</em></strong></span> 
     </span>
    </p>
   </div>
   <div class='ocr_carea' id='block_1_52' title="bbox 259 2944 1845 3017">
    <p class='ocr_par' dir='ltr' id='par_1_52' title="bbox 259 2944 1845 3017">
     <span class='ocr_line' id='line_1_52' title="bbox 259 2944 1845 3017; baseline 0.007 -22"><span class='ocrx_word' id='word_1_366' title='bbox 259 2944 376 3017; x_wconf 78' lang='lat' dir='ltr'><strong><em>ratio</em></strong></span> <span class='ocrx_word' id='word_1_367' title='bbox 414 2945 603 3015; x_wconf 63' lang='lat' dir='ltr'><strong><em>dficit,</em></strong></span> <span class='ocrx_word' id='word_1_368' title='bbox 636 2957 693 3000; x_wconf 82' lang='lat' dir='ltr'><strong><em>ut</em></strong></span> <span class='ocrx_word' id='word_1_369' title='bbox 733 2948 787 3000; x_wconf 91' lang='lat' dir='ltr'><strong><em>in</em></strong></span> <span class='ocrx_word' id='word_1_370' title='bbox 816 2944 1173 3017; x_wconf 83' lang='lat' dir='ltr'><strong><em>persequendis</em></strong></span> <span class='ocrx_word' id='word_1_371' title='bbox 1212 2950 1526 3017; x_wconf 87' lang='lat' dir='ltr'><strong><em>sapientibus</em></strong></span> <span class='ocrx_word' id='word_1_372' title='bbox 1573 2944 1675 3006; x_wconf 77' lang='lat' dir='ltr'><strong><em>iam</em></strong></span> <span class='ocrx_word' id='word_1_373' title='bbox 1718 2944 1845 3008; x_wconf 70' lang='lat' dir='ltr'><strong><em>inali</em></strong></span> 
     </span>
    </p>
   </div>
   <div class='ocr_carea' id='block_1_53' title="bbox 258 3014 1846 3087">
    <p class='ocr_par' dir='ltr' id='par_1_53' title="bbox 258 3014 1846 3087">
     <span class='ocr_line' id='line_1_53' title="bbox 258 3014 1846 3087; baseline 0.009 -21"><span class='ocrx_word' id='word_1_374' title='bbox 258 3014 377 3075; x_wconf 86' lang='lat' dir='ltr'><strong><em>sint.</em></strong></span> <span class='ocrx_word' id='word_1_375' title='bbox 402 3014 711 3087; x_wconf 73' lang='lat' dir='ltr'><strong><em>ﬁnguntque</em></strong></span> <span class='ocrx_word' id='word_1_376' title='bbox 738 3033 792 3071; x_wconf 91' lang='lat' dir='ltr'><strong><em>se</em></strong></span> <span class='ocrx_word' id='word_1_377' title='bbox 815 3018 922 3073; x_wconf 86' lang='lat' dir='ltr'><strong><em>illis</em></strong></span> <span class='ocrx_word' id='word_1_378' title='bbox 947 3014 1240 3086; x_wconf 77' lang='lat' dir='ltr'><strong><em>consulere,</em></strong></span> <span class='ocrx_word' id='word_1_379' title='bbox 1265 3014 1383 3076; x_wconf 84' lang='lat' dir='ltr'><strong><em>illos</em></strong></span> <span class='ocrx_word' id='word_1_380' title='bbox 1404 3021 1472 3075; x_wconf 90' lang='lat' dir='ltr'><strong><em>ad</em></strong></span> <span class='ocrx_word' id='word_1_381' title='bbox 1501 3022 1685 3077; x_wconf 86' lang='lat' dir='ltr'><strong><em>bonam</em></strong></span> <span class='ocrx_word' id='word_1_382' title='bbox 1706 3041 1846 3080; x_wconf 88' lang='lat' dir='ltr'><strong><em>men-</em></strong></span> 
     </span>
    </p>
   </div>
   <div class='ocr_carea' id='block_1_54' title="bbox 258 3087 777 3142">
    <p class='ocr_par' dir='ltr' id='par_1_54' title="bbox 258 3087 777 3142">
     <span class='ocr_line' id='line_1_54' title="bbox 258 3087 777 3142; baseline 0.006 -5"><span class='ocrx_word' id='word_1_383' title='bbox 258 3093 344 3138; x_wconf 88' lang='lat' dir='ltr'><strong><em>tem</em></strong></span> <span class='ocrx_word' id='word_1_384' title='bbox 366 3087 492 3140; x_wconf 82' lang='lat' dir='ltr'><strong><em>velle</em></strong></span> <span class='ocrx_word' id='word_1_385' title='bbox 511 3102 777 3142; x_wconf 86' lang='lat' dir='ltr'><strong><em>revocare.</em></strong></span> 
     </span>
    </p>
   </div>
   <div class='ocr_carea' id='block_1_55' title="bbox 319 3155 1345 3232">
    <p class='ocr_par' dir='ltr' id='par_1_55' title="bbox 319 3155 1345 3232">
     <span class='ocr_line' id='line_1_55' title="bbox 319 3155 1345 3232; baseline 0.007 -23"><span class='ocrx_word' id='word_1_386' title='bbox 319 3155 580 3232; x_wconf 53' lang='lat' dir='ltr'><strong><em>Eripiunt.</em></strong></span> <span class='ocrx_word' id='word_1_387' title='bbox 592 3158 1101 3232; x_wconf 71' lang='lat' dir='ltr'><strong><em>_Priscasediliones</em></strong></span> <span class='ocrx_word' id='word_1_388' title='bbox 1125 3204 1139 3227; x_wconf 94' lang='lat'><strong><em>,</em></strong></span> <span class='ocrx_word' id='word_1_389' title='bbox 1170 3163 1345 3232; x_wconf 88' lang='lat' dir='ltr'><strong><em>primi.</em></strong></span> 
     </span>
    </p>
   </div>
   <div class='ocr_carea' id='block_1_56' title="bbox 325 3225 1850 3304">
    <p class='ocr_par' dir='ltr' id='par_1_56' title="bbox 325 3225 1850 3304">
     <span class='ocr_line' id='line_1_56' title="bbox 325 3225 1850 3304; baseline 0.009 -24"><span class='ocrx_word' id='word_1_390' title='bbox 591 3229 693 3304; x_wconf 78' lang='lat' dir='ltr'><strong><em>Vel</em></strong></span> <span class='ocrx_word' id='word_1_391' title='bbox 722 3230 912 3304; x_wconf 82' lang='lat' dir='ltr'><strong><em>eisdem</em></strong></span> <span class='ocrx_word' id='word_1_392' title='bbox 939 3248 953 3284; x_wconf 93' lang='lat'><strong>:</strong></span> <span class='ocrx_word' id='word_1_393' title='bbox 982 3225 1132 3301; x_wconf 87' lang='lat' dir='ltr'><strong><em>apud</em></strong></span> <span class='ocrx_word' id='word_1_394' title='bbox 1168 3225 1706 3299; x_wconf 68' lang='lat' dir='ltr'><strong><em>Eusebium&#39;Euua-ro;</em></strong></span> <span class='ocrx_word' id='word_1_395' title='bbox 1728 3254 1744 3304; x_wconf 91' lang='lat'><strong>;</strong></span> <span class='ocrx_word' id='word_1_396' title='bbox 1769 3249 1850 3294; x_wconf 90' lang='lat' dir='ltr'><strong><em>at-</em></strong></span> 
     </span>
    </p>
   </div>
   <div class='ocr_carea' id='block_1_57' title="bbox 256 3299 1222 3375">
    <p class='ocr_par' dir='ltr' id='par_1_57' title="bbox 256 3299 1222 3375">
     <span class='ocr_line' id='line_1_57' title="bbox 256 3299 1222 3375; baseline 0.01 -25"><span class='ocrx_word' id='word_1_397' title='bbox 256 3312 361 3375; x_wconf 62' lang='lat' dir='ltr'><strong><em>que</em></strong></span> <span class='ocrx_word' id='word_1_398' title='bbox 373 3299 499 3375; x_wconf 77' lang='lat' dir='ltr'><strong><em>ideo</em></strong></span> <span class='ocrx_word' id='word_1_399' title='bbox 526 3300 733 3375; x_wconf 69' lang='lat' dir='ltr'><strong><em>legisse</em></strong></span> <span class='ocrx_word' id='word_1_400' title='bbox 757 3301 989 3375; x_wconf 82' lang='lat' dir='ltr'><strong><em>videtur,</em></strong></span> <span class='ocrx_word' id='word_1_401' title='bbox 1021 3299 1222 3375; x_wconf 81' lang='lat' dir='ltr'><strong><em>cuique.</em></strong></span> 
     </span>
    </p>
   </div>
   <div class='ocr_carea' id='block_1_58' title="bbox 317 3368 944 3438">
    <p class='ocr_par' dir='ltr' id='par_1_58' title="bbox 317 3368 944 3438">
     <span class='ocr_line' id='line_1_58' title="bbox 317 3368 944 3438; baseline 0.008 -16"><span class='ocrx_word' id='word_1_402' title='bbox 317 3368 551 3425; x_wconf 82' lang='lat' dir='ltr'><strong><em>Diversa.</em></strong></span> <span class='ocrx_word' id='word_1_403' title='bbox 584 3368 742 3427; x_wconf 64' lang='lat' dir='ltr'><strong><em>Adde</em></strong></span> <span class='ocrx_word' id='word_1_404' title='bbox 761 3414 778 3438; x_wconf 93' lang='lat'><strong><em>,</em></strong></span> <span class='ocrx_word' id='word_1_405' title='bbox 808 3373 944 3428; x_wconf 88' lang='lat' dir='ltr'><strong><em>loca.</em></strong></span> 
     </span>
    </p>
   </div>
   <div class='ocr_carea' id='block_1_59' title="bbox 327 3441 1853 3520">
    <p class='ocr_par' dir='ltr' id='par_1_59' title="bbox 327 3441 1853 3520">
     <span class='ocr_line' id='line_1_59' title="bbox 327 3441 1853 3520; baseline 0.011 -29"><span class='ocrx_word' id='word_1_406' title='bbox 327 3441 580 3510; x_wconf 77' lang='lat' dir='ltr'><strong><em>Denique.</em></strong></span> <span class='ocrx_word' id='word_1_407' title='bbox 612 3442 916 3499; x_wconf 83' lang='lat' dir='ltr'><strong><em>Heumann.</em></strong></span> <span class='ocrx_word' id='word_1_408' title='bbox 951 3444 1078 3516; x_wconf 81' lang='lat' dir='ltr'><strong><em>legit</em></strong></span> <span class='ocrx_word' id='word_1_409' title='bbox 1105 3447 1321 3517; x_wconf 84' lang='lat' dir='ltr'><strong><em>proinde</em></strong></span> <span class='ocrx_word' id='word_1_410' title='bbox 1342 3488 1357 3514; x_wconf 94' lang='lat'><strong><em>,</em></strong></span> <span class='ocrx_word' id='word_1_411' title='bbox 1382 3449 1506 3520; x_wconf 90' lang='lat' dir='ltr'><strong><em>quia</em></strong></span> <span class='ocrx_word' id='word_1_412' title='bbox 1530 3451 1582 3506; x_wconf 91' lang='lat' dir='ltr'><strong><em>in</em></strong></span> <span class='ocrx_word' id='word_1_413' title='bbox 1615 3450 1853 3508; x_wconf 88' lang='lat' dir='ltr'><strong><em>Eusebio</em></strong></span> 
     </span>
    </p>
   </div>
   <div class='ocr_carea' id='block_1_60' title="bbox 256 3520 650 3590">
    <p class='ocr_par' dir='ltr' id='par_1_60' title="bbox 256 3520 650 3590">
     <span class='ocr_line' id='line_1_60' title="bbox 256 3520 650 3590; baseline 0 -23"><span class='ocrx_word' id='word_1_414' title='bbox 256 3520 650 3590; x_wconf 58' lang='lat' dir='ltr'><strong><em>CSt_-ror]otpa§u.</em></strong></span> 
     </span>
    </p>
   </div>
   <div class='ocr_carea' id='block_1_61' title="bbox 318 3580 1853 3668">
    <p class='ocr_par' dir='ltr' id='par_1_61' title="bbox 318 3580 1853 3668">
     <span class='ocr_line' id='line_1_61' title="bbox 318 3580 1853 3668; baseline 0.01 -34"><span class='ocrx_word' id='word_1_415' title='bbox 318 3580 611 3668; x_wconf 60' lang='lat' dir='ltr'><strong><em>Deturbati.</em></strong></span> <span class='ocrx_word' id='word_1_416' title='bbox 651 3583 843 3668; x_wconf 42' lang='lat' dir='ltr'><strong><em>&#39;Apud‘</em></strong></span> <span class='ocrx_word' id='word_1_417' title='bbox 893 3585 1182 3668; x_wconf 65' lang='lat' dir='ltr'><strong><em>Eusebium</em></strong></span> <span class='ocrx_word' id='word_1_418' title='bbox 1226 3591 1445 3668; x_wconf 59' lang='lat' dir='ltr'><strong><em>degitur</em></strong></span> <span class='ocrx_word' id='word_1_419' title='bbox 1502 3595 1853 3668; x_wconf 72' lang='grc' dir='ltr'><strong><em>ταρᾳχθέντες</em></strong></span> 
     </span>
    </p>
   </div>
   <div class='ocr_carea' id='block_1_62' title="bbox 258 3658 1851 3734">
    <p class='ocr_par' dir='ltr' id='par_1_62' title="bbox 258 3658 1851 3734">
     <span class='ocr_line' id='line_1_62' title="bbox 258 3658 1851 3734; baseline 0.008 -28"><span class='ocrx_word' id='word_1_420' title='bbox 258 3658 515 3734; x_wconf 49' lang='grc' dir='ltr'><strong><em>ξταντοὸεοτρς</em></strong></span> <span class='ocrx_word' id='word_1_421' title='bbox 537 3658 791 3734; x_wconf 63' lang='grc' dir='ltr'><strong><em>φανάτους</em></strong></span> <span class='ocrx_word' id='word_1_422' title='bbox 820 3658 1087 3734; x_wconf 62' lang='grc' dir='ltr'><strong><em>ᾇπέφιρον.</em></strong></span> <span class='ocrx_word' id='word_1_423' title='bbox 1118 3658 1348 3734; x_wconf 66' lang='lat' dir='ltr'><strong><em>Proinde</em></strong></span> <span class='ocrx_word' id='word_1_424' title='bbox 1377 3658 1687 3734; x_wconf 55' lang='lat' dir='ltr'><strong><em>Laclantius</em></strong></span> <span class='ocrx_word' id='word_1_425' title='bbox 1711 3668 1851 3719; x_wconf 89' lang='lat' dir='ltr'><strong><em>scri-</em></strong></span> 
     </span>
    </p>
   </div>
   <div class='ocr_carea' id='block_1_63' title="bbox 257 3724 1846 3799">
    <p class='ocr_par' dir='ltr' id='par_1_63' title="bbox 257 3724 1846 3799">
     <span class='ocr_line' id='line_1_63' title="bbox 257 3724 1846 3799; baseline 0.007 -20"><span class='ocrx_word' id='word_1_426' title='bbox 257 3724 373 3781; x_wconf 85' lang='lat' dir='ltr'><strong><em>bere</em></strong></span> <span class='ocrx_word' id='word_1_427' title='bbox 395 3726 618 3793; x_wconf 80' lang='lat' dir='ltr'><strong><em>debuit,</em></strong></span> <span class='ocrx_word' id='word_1_428' title='bbox 648 3724 939 3798; x_wconf 74' lang='lat' dir='ltr'><strong><em>perturbati</em></strong></span> <span class='ocrx_word' id='word_1_429' title='bbox 972 3724 1019 3784; x_wconf 77' lang='grc' dir='ltr'><strong><em>ἐι</em></strong></span> <span class='ocrx_word' id='word_1_430' title='bbox 1047 3732 1199 3785; x_wconf 85' lang='lat' dir='ltr'><strong><em>variis</em></strong></span> <span class='ocrx_word' id='word_1_431' title='bbox 1240 3733 1487 3787; x_wconf 87' lang='lat' dir='ltr'><strong><em>mortibus</em></strong></span> <span class='ocrx_word' id='word_1_432' title='bbox 1512 3731 1685 3799; x_wconf 75' lang='lat' dir='ltr'><strong><em>affecti</em></strong></span> <span class='ocrx_word' id='word_1_433' title='bbox 1710 3746 1846 3790; x_wconf 86' lang='lat' dir='ltr'><strong><em>sunt.</em></strong></span> 
     </span>
    </p>
   </div>
   <div class='ocr_carea' id='block_1_64' title="bbox 1350 3804 1704 3860">
    <p class='ocr_par' dir='ltr' id='par_1_64' title="bbox 1350 3804 1704 3860">
     <span class='ocr_line' id='line_1_64' title="bbox 1350 3804 1704 3860; baseline -0.003 -1"><span class='ocrx_word' id='word_1_434' title='bbox 1350 3804 1704 3860; x_wconf 68' lang='lat' dir='ltr'><strong><em>Heuumuus.</em></strong></span> 
     </span>
    </p>
   </div>
   <div class='ocr_carea' id='block_1_65' title="bbox 321 3866 1124 3940">
    <p class='ocr_par' dir='ltr' id='par_1_65' title="bbox 321 3866 1124 3940">
     <span class='ocr_line' id='line_1_65' title="bbox 321 3866 1124 3940; baseline 0.005 -19"><span class='ocrx_word' id='word_1_435' title='bbox 321 3866 625 3940; x_wconf 77' lang='lat' dir='ltr'><strong><em>Observare.</em></strong></span> <span class='ocrx_word' id='word_1_436' title='bbox 661 3869 804 3926; x_wconf 73' lang='lat' dir='ltr'><strong><em>Sub:</em></strong></span> <span class='ocrx_word' id='word_1_437' title='bbox 813 3870 903 3925; x_wconf 89' lang='lat' dir='ltr'><strong><em>udi</em></strong></span> <span class='ocrx_word' id='word_1_438' title='bbox 932 3873 1124 3940; x_wconf 88' lang='lat' dir='ltr'><strong><em>palam.</em></strong></span> 
     </span>
    </p>
   </div>
   <div class='ocr_carea' id='block_1_66' title="bbox 320 3938 1854 4011">
    <p class='ocr_par' dir='ltr' id='par_1_66' title="bbox 320 3938 1854 4011">
     <span class='ocr_line' id='line_1_66' title="bbox 320 3938 1854 4011; baseline 0.007 -20"><span class='ocrx_word' id='word_1_439' title='bbox 320 3938 783 4007; x_wconf 79' lang='lat' dir='ltr'><strong><em>Contemptatione.</em></strong></span> <span class='ocrx_word' id='word_1_440' title='bbox 809 3942 885 3997; x_wconf 89' lang='lat' dir='ltr'><strong><em>Ita</em></strong></span> <span class='ocrx_word' id='word_1_441' title='bbox 914 3938 1219 4011; x_wconf 83' lang='lat' dir='ltr'><strong><em>legendum.</em></strong></span> <span class='ocrx_word' id='word_1_442' title='bbox 1253 3944 1309 3999; x_wconf 86' lang='lat' dir='ltr'><strong><em>In</em></strong></span> <span class='ocrx_word' id='word_1_443' title='bbox 1338 3960 1441 4001; x_wconf 90' lang='lat' dir='ltr'><strong><em>ms.</em></strong></span> <span class='ocrx_word' id='word_1_444' title='bbox 1473 3954 1557 4002; x_wconf 89' lang='lat' dir='ltr'><strong><em>est</em></strong></span> <span class='ocrx_word' id='word_1_445' title='bbox 1577 3960 1707 4001; x_wconf 85' lang='lat' dir='ltr'><strong><em>vero</em></strong></span> <span class='ocrx_word' id='word_1_446' title='bbox 1729 3962 1854 4001; x_wconf 88' lang='lat' dir='ltr'><strong><em>con-</em></strong></span> 
     </span>
    </p>
   </div>
   <div class='ocr_carea' id='block_1_67' title="bbox 257 4011 604 4077">
    <p class='ocr_par' dir='ltr' id='par_1_67' title="bbox 257 4011 604 4077">
     <span class='ocr_line' id='line_1_67' title="bbox 257 4011 604 4077; baseline 0.012 -15"><span class='ocrx_word' id='word_1_447' title='bbox 257 4011 604 4077; x_wconf 82' lang='lat' dir='ltr'><strong><em>lemplatione.</em></strong></span> 
     </span>
    </p>
   </div>
   <div class='ocr_carea' id='block_1_68' title="bbox 317 4079 1283 4155">
    <p class='ocr_par' dir='ltr' id='par_1_68' title="bbox 317 4079 1283 4155">
     <span class='ocr_line' id='line_1_68' title="bbox 317 4079 1283 4155; baseline 0.01 -23"><span class='ocrx_word' id='word_1_448' title='bbox 317 4079 380 4155; x_wconf 84' lang='lat' dir='ltr'><strong><em>l__n</em></strong></span> <span class='ocrx_word' id='word_1_449' title='bbox 407 4082 523 4155; x_wconf 59' lang='lat' dir='ltr'><strong><em>his.</em></strong></span> <span class='ocrx_word' id='word_1_450' title='bbox 545 4083 709 4155; x_wconf 82' lang='lat' dir='ltr'><strong><em>Docti</em></strong></span> <span class='ocrx_word' id='word_1_451' title='bbox 728 4085 920 4155; x_wconf 81' lang='lat' dir='ltr'><strong><em>legunt</em></strong></span> <span class='ocrx_word' id='word_1_452' title='bbox 950 4092 1157 4140; x_wconf 91' lang='lat' dir='ltr'><strong><em>tantum</em></strong></span> <span class='ocrx_word' id='word_1_453' title='bbox 1181 4087 1283 4142; x_wconf 87' lang='lat' dir='ltr'><strong><em>his.</em></strong></span> 
     </span>
    </p>
   </div>
   <div class='ocr_carea' id='block_1_69' title="bbox 256 4151 1127 4219">
    <p class='ocr_par' dir='ltr' id='par_1_69' title="bbox 256 4151 1127 4219">
     <span class='ocr_line' id='line_1_69' title="bbox 256 4151 1127 4219; baseline 0.009 -17"><span class='ocrx_word' id='word_1_454' title='bbox 256 4160 275 4216; x_wconf 75' lang='lat' dir='ltr'><strong><em>J_</em></strong></span> <span class='ocrx_word' id='word_1_455' title='bbox 321 4151 669 4208; x_wconf 80' lang='lat' dir='ltr'><strong><em>Credidimus.</em></strong></span> <span class='ocrx_word' id='word_1_456' title='bbox 693 4151 817 4219; x_wconf 48' lang='grc' dir='ltr'><strong><em>Μελ</em></strong></span> <span class='ocrx_word' id='word_1_457' title='bbox 852 4157 1127 4211; x_wconf 88' lang='lat' dir='ltr'><strong><em>credimus.</em></strong></span> 
     </span>
    </p>
   </div>
   <div class='ocr_carea' id='block_1_70' title="bbox 318 4221 1854 4295">
    <p class='ocr_par' dir='ltr' id='par_1_70' title="bbox 318 4221 1854 4295">
     <span class='ocr_line' id='line_1_70' title="bbox 318 4221 1854 4295; baseline 0.006 -20"><span class='ocrx_word' id='word_1_458' title='bbox 318 4221 685 4295; x_wconf 72' lang='lat' dir='ltr'><strong><em>conuenticula</em></strong></span> <span class='ocrx_word' id='word_1_459' title='bbox 712 4242 806 4279; x_wconf 88' lang='lat' dir='ltr'><strong><em>sua</em></strong></span> <span class='ocrx_word' id='word_1_460' title='bbox 833 4237 1159 4295; x_wconf 87' lang='lat' dir='ltr'><strong><em>componant.</em></strong></span> <span class='ocrx_word' id='word_1_461' title='bbox 1195 4228 1319 4284; x_wconf 62' lang='lat' dir='ltr'><strong><em>llaec</em></strong></span> <span class='ocrx_word' id='word_1_462' title='bbox 1355 4228 1422 4284; x_wconf 91' lang='lat' dir='ltr'><strong><em>de</em></strong></span> <span class='ocrx_word' id='word_1_463' title='bbox 1462 4228 1854 4285; x_wconf 64' lang='lat' dir='ltr'><strong><em>remdilicandis</em></strong></span> 
     </span>
    </p>
   </div>
   <div class='ocr_carea' id='block_1_71' title="bbox 254 4291 1854 4368">
    <p class='ocr_par' dir='ltr' id='par_1_71' title="bbox 254 4291 1854 4368">
     <span class='ocr_line' id='line_1_71' title="bbox 254 4291 1854 4368; baseline 0.006 -22"><span class='ocrx_word' id='word_1_464' title='bbox 254 4291 683 4368; x_wconf 78' lang='lat' dir='ltr'><strong><em>Christianorum</em></strong></span> <span class='ocrx_word' id='word_1_465' title='bbox 713 4291 960 4351; x_wconf 81' lang='lat' dir='ltr'><strong><em>ecclesiis</em></strong></span> <span class='ocrx_word' id='word_1_466' title='bbox 1001 4299 1243 4353; x_wconf 84' lang='lat' dir='ltr'><strong><em>nonnulli</em></strong></span> <span class='ocrx_word' id='word_1_467' title='bbox 1290 4300 1625 4368; x_wconf 82' lang='lat' dir='ltr'><strong><em>intelligunt;</em></strong></span> <span class='ocrx_word' id='word_1_468' title='bbox 1661 4301 1751 4355; x_wconf 83' lang='lat' dir='ltr'><strong><em>alii</em></strong></span> <span class='ocrx_word' id='word_1_469' title='bbox 1783 4301 1854 4356; x_wconf 90' lang='lat' dir='ltr'><strong><em>de</em></strong></span> 
     </span>
    </p>
   </div>
   <div class='ocr_carea' id='block_1_72' title="bbox 256 4365 1848 4440">
    <p class='ocr_par' dir='ltr' id='par_1_72' title="bbox 256 4365 1848 4440">
     <span class='ocr_line' id='line_1_72' title="bbox 256 4365 1848 4440; baseline 0.007 -24"><span class='ocrx_word' id='word_1_470' title='bbox 256 4377 430 4440; x_wconf 61' lang='lat' dir='ltr'><strong><em>cortici</em></strong></span> <span class='ocrx_word' id='word_1_471' title='bbox 475 4365 714 4440; x_wconf 71' lang='lat' dir='ltr'><strong><em>canibus</em></strong></span> <span class='ocrx_word' id='word_1_472' title='bbox 752 4368 1122 4440; x_wconf 76' lang='lat' dir='ltr'><strong><em>celebrandis,</em></strong></span> <span class='ocrx_word' id='word_1_473' title='bbox 1156 4370 1300 4440; x_wconf 89' lang='lat' dir='ltr'><strong><em>quod</em></strong></span> <span class='ocrx_word' id='word_1_474' title='bbox 1348 4365 1549 4426; x_wconf 79' lang='lat' dir='ltr'><strong><em>rectius</em></strong></span> <span class='ocrx_word' id='word_1_475' title='bbox 1578 4365 1662 4426; x_wconf 86' lang='lat' dir='ltr'><strong><em>est</em></strong></span> <span class='ocrx_word' id='word_1_476' title='bbox 1705 4389 1719 4426; x_wconf 91' lang='lat'><strong>:</strong></span> <span class='ocrx_word' id='word_1_477' title='bbox 1768 4372 1848 4428; x_wconf 90' lang='lat' dir='ltr'><strong><em>sic</em></strong></span> 
     </span>
    </p>
   </div>
   <div class='ocr_carea' id='block_1_73' title="bbox 252 4433 1151 4499">
    <p class='ocr_par' dir='ltr' id='par_1_73' title="bbox 252 4433 1151 4499">
     <span class='ocr_line' id='line_1_73' title="bbox 252 4433 1151 4499; baseline 0.006 -11"><span class='ocrx_word' id='word_1_478' title='bbox 252 4433 445 4489; x_wconf 83' lang='lat' dir='ltr'><strong><em>Gallice</em></strong></span> <span class='ocrx_word' id='word_1_479' title='bbox 462 4476 477 4499; x_wconf 90' lang='lat'><strong><em>,</em></strong></span> <span class='ocrx_word' id='word_1_480' title='bbox 508 4436 645 4490; x_wconf 88' lang='lat' dir='ltr'><strong><em>tenir</em></strong></span> <span class='ocrx_word' id='word_1_481' title='bbox 670 4437 806 4491; x_wconf 89' lang='lat' dir='ltr'><strong><em>leurs</em></strong></span> <span class='ocrx_word' id='word_1_482' title='bbox 832 4438 1151 4494; x_wconf 76' lang='lat' dir='ltr'><strong><em>assemblées.</em></strong></span> 
     </span>
    </p>
   </div>
   <div class='ocr_carea' id='block_1_74' title="bbox 318 4504 1845 4580">
    <p class='ocr_par' dir='ltr' id='par_1_74' title="bbox 318 4504 1845 4580">
     <span class='ocr_line' id='line_1_74' title="bbox 318 4504 1845 4580; baseline 0.006 -21"><span class='ocrx_word' id='word_1_483' title='bbox 318 4504 750 4580; x_wconf 62' lang='lat' dir='ltr'><strong><em>Nequidcontra</em></strong></span> <span class='ocrx_word' id='word_1_484' title='bbox 766 4509 1095 4578; x_wconf 80' lang='lat' dir='ltr'><strong><em>disciplinam</em></strong></span> <span class='ocrx_word' id='word_1_485' title='bbox 1120 4519 1296 4578; x_wconf 84' lang='lat' dir='ltr'><strong><em>agant.</em></strong></span> <span class='ocrx_word' id='word_1_486' title='bbox 1325 4510 1531 4567; x_wconf 88' lang='lat' dir='ltr'><strong><em>Plinius</em></strong></span> <span class='ocrx_word' id='word_1_487' title='bbox 1559 4528 1598 4578; x_wconf 88' lang='grc' dir='ltr'><strong><em>ι,</em></strong></span> <span class='ocrx_word' id='word_1_488' title='bbox 1647 4511 1742 4567; x_wconf 87' lang='lat' dir='ltr'><strong><em>lib.</em></strong></span> <span class='ocrx_word' id='word_1_489' title='bbox 1773 4529 1807 4567; x_wconf 69' lang='grc' dir='ltr'><strong><em>κ</em></strong></span> <span class='ocrx_word' id='word_1_490' title='bbox 1828 4555 1845 4580; x_wconf 89' lang='grc'><em>,</em></span> 
     </span>
    </p>
   </div>
   <div class='ocr_carea' id='block_1_75' title="bbox 253 4577 1847 4655">
    <p class='ocr_par' dir='ltr' id='par_1_75' title="bbox 253 4577 1847 4655">
     <span class='ocr_line' id='line_1_75' title="bbox 253 4577 1847 4655; baseline 0.006 -25"><span class='ocrx_word' id='word_1_491' title='bbox 253 4588 332 4643; x_wconf 85' lang='lat' dir='ltr'><strong><em>ep.</em></strong></span> <span class='ocrx_word' id='word_1_492' title='bbox 359 4577 428 4632; x_wconf 74' lang='lat'><strong><em>8‘2</em></strong></span> <span class='ocrx_word' id='word_1_493' title='bbox 486 4577 628 4655; x_wconf 58' lang='lat' dir='ltr'><strong><em>(i9).</em></strong></span> <span class='ocrx_word' id='word_1_494' title='bbox 648 4578 722 4655; x_wconf 77' lang='lat' dir='ltr'><strong><em>_Si</em></strong></span> <span class='ocrx_word' id='word_1_495' title='bbox 761 4580 850 4650; x_wconf 88' lang='lat' dir='ltr'><strong><em>qui</em></strong></span> <span class='ocrx_word' id='word_1_496' title='bbox 896 4577 1072 4635; x_wconf 85' lang='lat' dir='ltr'><strong><em>contra</em></strong></span> <span class='ocrx_word' id='word_1_497' title='bbox 1113 4577 1442 4652; x_wconf 87' lang='lat' dir='ltr'><strong><em>disciplinam</em></strong></span> <span class='ocrx_word' id='word_1_498' title='bbox 1484 4584 1760 4655; x_wconf 85' lang='lat' dir='ltr'><strong><em>gesserint,</em></strong></span> <span class='ocrx_word' id='word_1_499' title='bbox 1791 4577 1847 4639; x_wconf 85' lang='lat' dir='ltr'><strong><em>id</em></strong></span> 
     </span>
    </p>
   </div>
   <div class='ocr_carea' id='block_1_76' title="bbox 252 4650 779 4718">
    <p class='ocr_par' dir='ltr' id='par_1_76' title="bbox 252 4650 779 4718">
     <span class='ocr_line' id='line_1_76' title="bbox 252 4650 779 4718; baseline 0.004 -18"><span class='ocrx_word' id='word_1_500' title='bbox 252 4656 361 4709; x_wconf 78' lang='lat' dir='ltr'><strong><em>est,</em></strong></span> <span class='ocrx_word' id='word_1_501' title='bbox 385 4650 617 4718; x_wconf 80' lang='lat' dir='ltr'><strong><em>egerint.</em></strong></span> <span class='ocrx_word' id='word_1_502' title='bbox 647 4650 779 4704; x_wconf 80' lang='lat' dir='ltr'><strong><em>BUN.</em></strong></span> 
     </span>
    </p>
   </div>
   <div class='ocr_carea' id='block_1_77' title="bbox 317 4719 1844 4794">
    <p class='ocr_par' dir='ltr' id='par_1_77' title="bbox 317 4719 1844 4794">
     <span class='ocr_line' id='line_1_77' title="bbox 317 4719 1844 4794; baseline 0.006 -24"><span class='ocrx_word' id='word_1_503' title='bbox 317 4719 433 4770; x_wconf 80' lang='lat' dir='ltr'><strong><em>Alia</em></strong></span> <span class='ocrx_word' id='word_1_504' title='bbox 460 4729 635 4772; x_wconf 86' lang='lat' dir='ltr'><strong><em>autem</em></strong></span> <span class='ocrx_word' id='word_1_505' title='bbox 663 4721 903 4794; x_wconf 77' lang='lat' dir='ltr'><strong><em>epistola.</em></strong></span> <span class='ocrx_word' id='word_1_506' title='bbox 937 4721 1060 4788; x_wconf 84' lang='lat' dir='ltr'><strong><em>Ms.,</em></strong></span> <span class='ocrx_word' id='word_1_507' title='bbox 1103 4722 1275 4777; x_wconf 85' lang='lat' dir='ltr'><strong><em>Aliam</em></strong></span> <span class='ocrx_word' id='word_1_508' title='bbox 1318 4733 1488 4778; x_wconf 88' lang='lat' dir='ltr'><strong><em>autem</em></strong></span> <span class='ocrx_word' id='word_1_509' title='bbox 1524 4725 1795 4794; x_wconf 87' lang='lat' dir='ltr'><strong><em>epistolam</em></strong></span> <span class='ocrx_word' id='word_1_510' title='bbox 1825 4738 1844 4779; x_wconf 90' lang='lat'><strong><em>:</em></strong></span> 
     </span>
    </p>
   </div>
   <div class='ocr_carea' id='block_1_78' title="bbox 254 4789 1842 4866">
    <p class='ocr_par' dir='ltr' id='par_1_78' title="bbox 254 4789 1842 4866">
     <span class='ocr_line' id='line_1_78' title="bbox 254 4789 1842 4866; baseline 0.006 -25"><span class='ocrx_word' id='word_1_511' title='bbox 254 4789 790 4866; x_wconf 72' lang='lat' dir='ltr'><strong><em>antpneponendum</em></strong></span> <span class='ocrx_word' id='word_1_512' title='bbox 818 4808 940 4862; x_wconf 88' lang='lat' dir='ltr'><strong><em>per;</em></strong></span> <span class='ocrx_word' id='word_1_513' title='bbox 982 4804 1075 4848; x_wconf 85' lang='lat' dir='ltr'><strong><em>aut</em></strong></span> <span class='ocrx_word' id='word_1_514' title='bbox 1102 4794 1402 4865; x_wconf 56' lang='lat' dir='ltr'><strong><em>negandum</em></strong></span> <span class='ocrx_word' id='word_1_515' title='bbox 1443 4807 1503 4851; x_wconf 91' lang='lat' dir='ltr'><strong><em>ut</em></strong></span> <span class='ocrx_word' id='word_1_516' title='bbox 1546 4789 1842 4866; x_wconf 80' lang='lat' dir='ltr'><strong><em>repositum</em></strong></span> 
     </span>
    </p>
   </div>
   <div class='ocr_carea' id='block_1_79' title="bbox 252 4860 615 4916">
    <p class='ocr_par' dir='ltr' id='par_1_79' title="bbox 252 4860 615 4916">
     <span class='ocr_line' id='line_1_79' title="bbox 252 4860 615 4916; baseline 0.006 -3"><span class='ocrx_word' id='word_1_517' title='bbox 252 4868 327 4913; x_wconf 84' lang='lat' dir='ltr'><strong><em>est</em></strong></span> <span class='ocrx_word' id='word_1_518' title='bbox 355 4860 406 4914; x_wconf 91' lang='lat' dir='ltr'><strong><em>in</em></strong></span> <span class='ocrx_word' id='word_1_519' title='bbox 439 4870 615 4916; x_wconf 84' lang='lat' dir='ltr'><strong><em>textu.</em></strong></span> 
     </span>
    </p>
   </div>
   <div class='ocr_carea' id='block_1_80' title="bbox 318 4930 1837 5002">
    <p class='ocr_par' dir='ltr' id='par_1_80' title="bbox 318 4930 1837 5002">
     <span class='ocr_line' id='line_1_80' title="bbox 318 4930 1837 5002; baseline 0.005 -18"><span class='ocrx_word' id='word_1_520' title='bbox 318 4930 680 5002; x_wconf 77' lang='lat' dir='ltr'><strong><em>Signiﬁcaturi</em></strong></span> <span class='ocrx_word' id='word_1_521' title='bbox 717 4948 915 4988; x_wconf 88' lang='lat' dir='ltr'><strong><em>sumus.</em></strong></span> <span class='ocrx_word' id='word_1_522' title='bbox 962 4933 1099 4989; x_wconf 86' lang='lat' dir='ltr'><strong><em>Male</em></strong></span> <span class='ocrx_word' id='word_1_523' title='bbox 1138 4934 1417 5002; x_wconf 78' lang='lat' dir='ltr'><strong><em>Bullinus,</em></strong></span> <span class='ocrx_word' id='word_1_524' title='bbox 1467 4937 1837 4999; x_wconf 77' lang='lat' dir='ltr'><strong><em>indicavimus,</em></strong></span> 
     </span>
    </p>
   </div>
   <div class='ocr_carea' id='block_1_81' title="bbox 253 5003 1842 5072">
    <p class='ocr_par' dir='ltr' id='par_1_81' title="bbox 253 5003 1842 5072">
     <span class='ocr_line' id='line_1_81' title="bbox 253 5003 1842 5072; baseline 0.006 -18"><span class='ocrx_word' id='word_1_525' title='bbox 253 5014 355 5072; x_wconf 83' lang='lat' dir='ltr'><strong><em>rem</em></strong></span> <span class='ocrx_word' id='word_1_526' title='bbox 381 5004 540 5071; x_wconf 87' lang='lat' dir='ltr'><strong><em>quasi</em></strong></span> <span class='ocrx_word' id='word_1_527' title='bbox 564 5003 677 5071; x_wconf 89' lang='lat' dir='ltr'><strong><em>jam</em></strong></span> <span class='ocrx_word' id='word_1_528' title='bbox 704 5012 976 5072; x_wconf 87' lang='lat' dir='ltr'><strong><em>peractam</em></strong></span> <span class='ocrx_word' id='word_1_529' title='bbox 1021 5020 1279 5071; x_wconf 90' lang='lat' dir='ltr'><strong><em>narrans,</em></strong></span> <span class='ocrx_word' id='word_1_530' title='bbox 1322 5021 1443 5062; x_wconf 91' lang='lat' dir='ltr'><strong><em>cum</em></strong></span> <span class='ocrx_word' id='word_1_531' title='bbox 1487 5008 1553 5062; x_wconf 90' lang='lat' dir='ltr'><strong><em>ad</em></strong></span> <span class='ocrx_word' id='word_1_532' title='bbox 1601 5007 1842 5064; x_wconf 80' lang='lat' dir='ltr'><strong><em>futurum</em></strong></span> 
     </span>
    </p>
   </div>
   <div class='ocr_carea' id='block_1_82' title="bbox 253 5071 1839 5150">
    <p class='ocr_par' dir='ltr' id='par_1_82' title="bbox 253 5071 1839 5150">
     <span class='ocr_line' id='line_1_82' title="bbox 253 5071 1839 5150; baseline 0.004 -24"><span class='ocrx_word' id='word_1_533' title='bbox 253 5071 531 5150; x_wconf 72' lang='lat' dir='ltr'><strong><em>referatur.</em></strong></span> <span class='ocrx_word' id='word_1_534' title='bbox 577 5071 764 5143; x_wconf 85' lang='lat' dir='ltr'><strong><em>Neque</em></strong></span> <span class='ocrx_word' id='word_1_535' title='bbox 797 5075 1334 5150; x_wconf 85' lang='lat' dir='ltr'><strong><em>_istud_tribuendum</em></strong></span> <span class='ocrx_word' id='word_1_536' title='bbox 1363 5087 1448 5150; x_wconf 83' lang='lat' dir='ltr'><strong><em>est</em></strong></span> <span class='ocrx_word' id='word_1_537' title='bbox 1483 5081 1656 5133; x_wconf 88' lang='lat' dir='ltr'><strong><em>errori</em></strong></span> <span class='ocrx_word' id='word_1_538' title='bbox 1687 5087 1839 5150; x_wconf 83' lang='lat' dir='ltr'><strong><em>typo-</em></strong></span> 
     </span>
    </p>
   </div>
   <div class='ocr_carea' id='block_1_83' title="bbox 252 5143 1840 5211">
    <p class='ocr_par' dir='ltr' id='par_1_83' title="bbox 252 5143 1840 5211">
     <span class='ocr_line' id='line_1_83' title="bbox 252 5143 1840 5211; baseline 0.005 -14"><span class='ocrx_word' id='word_1_539' title='bbox 252 5144 576 5211; x_wconf 65' lang='lat' dir='ltr'><strong><em>graphorum</em></strong></span> <span class='ocrx_word' id='word_1_540' title='bbox 595 5186 610 5211; x_wconf 94' lang='lat'><strong><em>,</em></strong></span> <span class='ocrx_word' id='word_1_541' title='bbox 646 5160 768 5202; x_wconf 90' lang='lat' dir='ltr'><strong><em>cum</em></strong></span> <span class='ocrx_word' id='word_1_542' title='bbox 797 5143 935 5200; x_wconf 86' lang='lat' dir='ltr'><strong><em>hanc</em></strong></span> <span class='ocrx_word' id='word_1_543' title='bbox 964 5147 1248 5201; x_wconf 87' lang='lat' dir='ltr'><strong><em>lectionem</em></strong></span> <span class='ocrx_word' id='word_1_544' title='bbox 1279 5148 1569 5204; x_wconf 82' lang='lat' dir='ltr'><strong><em>exhibeant</em></strong></span> <span class='ocrx_word' id='word_1_545' title='bbox 1612 5143 1724 5204; x_wconf 64' lang='lat' dir='ltr'><strong><em>tres&#39;</em></strong></span> <span class='ocrx_word' id='word_1_546' title='bbox 1745 5143 1840 5205; x_wconf 52' lang='lat' dir='ltr'><strong><em>&#39;ve-</em></strong></span> 
     </span>
    </p>
   </div>
   <div class='ocr_carea' id='block_1_84' title="bbox 255 5215 1835 5285">
    <p class='ocr_par' dir='ltr' id='par_1_84' title="bbox 255 5215 1835 5285">
     <span class='ocr_line' id='line_1_84' title="bbox 255 5215 1835 5285; baseline 0.007 -22"><span class='ocrx_word' id='word_1_547' title='bbox 255 5217 371 5285; x_wconf 66' lang='lat' dir='ltr'><strong><em>nisti</em></strong></span> <span class='ocrx_word' id='word_1_548' title='bbox 419 5215 644 5270; x_wconf 90' lang='lat' dir='ltr'><strong><em>codices</em></strong></span> <span class='ocrx_word' id='word_1_549' title='bbox 702 5217 1053 5285; x_wconf 88' lang='lat' dir='ltr'><strong><em>manuscripti</em></strong></span> <span class='ocrx_word' id='word_1_550' title='bbox 1103 5217 1439 5274; x_wconf 67' lang='lat' dir='ltr'><strong><em>bibliotheca:</em></strong></span> <span class='ocrx_word' id='word_1_551' title='bbox 1488 5217 1835 5274; x_wconf 76' lang='lat' dir='ltr'><strong><em>Golbertinm.</em></strong></span> 
     </span>
    </p>
   </div>
   <div class='ocr_carea' id='block_1_85' title="bbox 253 5281 1840 5421">
    <p class='ocr_par' dir='ltr' id='par_1_85' title="bbox 253 5281 1840 5421">
     <span class='ocr_line' id='line_1_85' title="bbox 253 5281 1840 5362; baseline 0.006 -25"><span class='ocrx_word' id='word_1_552' title='bbox 253 5281 773 5355; x_wconf 85' lang='lat' dir='ltr'><strong><em>Christophorsonus</em></strong></span> <span class='ocrx_word' id='word_1_553' title='bbox 815 5296 871 5342; x_wconf 90' lang='lat' dir='ltr'><strong><em>et</em></strong></span> <span class='ocrx_word' id='word_1_554' title='bbox 896 5281 1144 5344; x_wconf 82' lang='lat' dir='ltr'><strong><em>Valesius</em></strong></span> <span class='ocrx_word' id='word_1_555' title='bbox 1183 5299 1332 5345; x_wconf 83' lang='lat' dir='ltr'><strong><em>recte</em></strong></span> <span class='ocrx_word' id='word_1_556' title='bbox 1358 5299 1636 5347; x_wconf 82' lang='lat' dir='ltr'><strong><em>verterunt</em></strong></span> <span class='ocrx_word' id='word_1_557' title='bbox 1676 5292 1840 5362; x_wconf 88' lang='lat' dir='ltr'><strong><em>signi-</em></strong></span> 
     </span>
     <span class='ocr_line' id='line_1_86' title="bbox 254 5354 761 5421; baseline 0.006 -14"><span class='ocrx_word' id='word_1_558' title='bbox 254 5354 534 5421; x_wconf 66' lang='lat' dir='ltr'><strong><em>ﬁcabimus.</em></strong></span> <span class='ocrx_word' id='word_1_559' title='bbox 560 5356 761 5413; x_wconf 74' lang='lat' dir='ltr'><strong><em>Bswz.</em></strong></span> 
     </span>
    </p>
   </div>
   <div class='ocr_carea' id='block_1_86' title="bbox 347 5356 761 5413">
    <p class='ocr_par' dir='ltr' id='par_1_86' title="bbox 347 5356 761 5413">
     <span class='ocr_line' id='line_1_87' title="bbox 347 5356 761 5413; baseline 0.005 -5"><span class='ocrx_word' id='word_1_560' title='bbox 347 5356 534 5411; x_wconf 78' lang='lat' dir='ltr'><strong><em>bimus.</em></strong></span> <span class='ocrx_word' id='word_1_561' title='bbox 560 5356 761 5413; x_wconf 74' lang='lat' dir='ltr'><strong><em>Bswz.</em></strong></span> 
     </span>
    </p>
   </div>
   <div class='ocr_carea' id='block_1_87' title="bbox 317 5424 1839 5496">
    <p class='ocr_par' dir='ltr' id='par_1_87' title="bbox 317 5424 1839 5496">
     <span class='ocr_line' id='line_1_88' title="bbox 317 5424 1839 5496; baseline 0.007 -17"><span class='ocrx_word' id='word_1_562' title='bbox 317 5424 539 5481; x_wconf 87' lang='lat' dir='ltr'><strong><em>Perstet.</em></strong></span> <span class='ocrx_word' id='word_1_563' title='bbox 583 5427 706 5492; x_wconf 73' lang='lat' dir='ltr'><strong><em>Ms...</em></strong></span> <span class='ocrx_word' id='word_1_564' title='bbox 754 5426 1040 5496; x_wconf 85' lang='lat' dir='ltr'><strong><em>Perstetur,</em></strong></span> <span class='ocrx_word' id='word_1_565' title='bbox 1085 5430 1705 5489; x_wconf 58' lang='lat' dir='ltr'><strong><em>mendose—Attamen</em></strong></span> <span class='ocrx_word' id='word_1_566' title='bbox 1734 5433 1839 5488; x_wconf 88' lang='lat' dir='ltr'><strong><em>Bu-</em></strong></span> 
     </span>
    </p>
   </div>
   <div class='ocr_carea' id='block_1_88' title="bbox 256 5498 1840 5569">
    <p class='ocr_par' dir='ltr' id='par_1_88' title="bbox 256 5498 1840 5569">
     <span class='ocr_line' id='line_1_89' title="bbox 256 5498 1840 5569; baseline 0.009 -21"><span class='ocrx_word' id='word_1_567' title='bbox 256 5507 550 5552; x_wconf 80' lang='lat' dir='ltr'><strong><em>ttemannus</em></strong></span> <span class='ocrx_word' id='word_1_568' title='bbox 587 5498 777 5563; x_wconf 89' lang='lat' dir='ltr'><strong><em>habet,</em></strong></span> <span class='ocrx_word' id='word_1_569' title='bbox 816 5510 1084 5569; x_wconf 67' lang='lat' dir='ltr'><strong><em>pra&#39;slelur</em></strong></span> <span class='ocrx_word' id='word_1_570' title='bbox 1110 5501 1385 5558; x_wconf 90' lang='lat' dir='ltr'><strong><em>incolumis</em></strong></span> <span class='ocrx_word' id='word_1_571' title='bbox 1421 5514 1476 5559; x_wconf 84' lang='lat' dir='ltr'><strong><em>et</em></strong></span> <span class='ocrx_word' id='word_1_572' title='bbox 1522 5515 1703 5558; x_wconf 87' lang='lat' dir='ltr'><strong><em>notam</em></strong></span> <span class='ocrx_word' id='word_1_573' title='bbox 1754 5520 1840 5561; x_wconf 85' lang='lat' dir='ltr'><strong><em>se-</em></strong></span> 
     </span>
    </p>
   </div>
   <div class='ocr_carea' id='block_1_89' title="bbox 252 5568 1841 5643">
    <p class='ocr_par' dir='ltr' id='par_1_89' title="bbox 252 5568 1841 5643">
     <span class='ocr_line' id='line_1_90' title="bbox 252 5568 1841 5643; baseline 0.006 -23"><span class='ocrx_word' id='word_1_574' title='bbox 252 5576 498 5634; x_wconf 87' lang='lat' dir='ltr'><strong><em>quentem</em></strong></span> <span class='ocrx_word' id='word_1_575' title='bbox 530 5569 771 5626; x_wconf 78' lang='lat' dir='ltr'><strong><em>exhibet.</em></strong></span> <span class='ocrx_word' id='word_1_576' title='bbox 796 5568 1165 5627; x_wconf 43' lang='lat' dir='ltr'><strong><em>ePraestetur</em></strong></span> <span class='ocrx_word' id='word_1_577' title='bbox 1186 5573 1477 5628; x_wconf 90' lang='lat' dir='ltr'><strong><em>incolumis.</em></strong></span> <span class='ocrx_word' id='word_1_578' title='bbox 1509 5575 1652 5629; x_wconf 87' lang='lat' dir='ltr'><strong><em>Editi</em></strong></span> <span class='ocrx_word' id='word_1_579' title='bbox 1678 5616 1693 5639; x_wconf 88' lang='lat'><strong><em>,</em></strong></span> <span class='ocrx_word' id='word_1_580' title='bbox 1718 5590 1841 5643; x_wconf 83' lang='lat' dir='ltr'><strong><em>per-</em></strong></span> 
     </span>
    </p>
   </div>
   <div class='ocr_carea' id='block_1_90' title="bbox 258 5644 1838 5711">
    <p class='ocr_par' dir='ltr' id='par_1_90' title="bbox 258 5644 1838 5711">
     <span class='ocr_line' id='line_1_91' title="bbox 258 5644 1838 5711; baseline 0.009 -23"><span class='ocrx_word' id='word_1_581' title='bbox 258 5644 379 5701; x_wconf 85' lang='lat' dir='ltr'><strong><em>stet;</em></strong></span> <span class='ocrx_word' id='word_1_582' title='bbox 407 5649 466 5693; x_wconf 87' lang='lat' dir='ltr'><strong><em>at</em></strong></span> <span class='ocrx_word' id='word_1_583' title='bbox 494 5655 600 5693; x_wconf 86' lang='lat' dir='ltr'><strong><em>ms.</em></strong></span> <span class='ocrx_word' id='word_1_584' title='bbox 643 5651 912 5710; x_wconf 87' lang='lat' dir='ltr'><strong><em>perstetur</em></strong></span> <span class='ocrx_word' id='word_1_585' title='bbox 942 5660 955 5694; x_wconf 94' lang='lat'>:</span> <span class='ocrx_word' id='word_1_586' title='bbox 1004 5644 1145 5698; x_wconf 89' lang='lat' dir='ltr'><strong><em>unde</em></strong></span> <span class='ocrx_word' id='word_1_587' title='bbox 1188 5645 1495 5711; x_wconf 89' lang='lat' dir='ltr'><strong><em>commodo,</em></strong></span> <span class='ocrx_word' id='word_1_588' title='bbox 1529 5645 1604 5699; x_wconf 88' lang='lat' dir='ltr'><strong><em>uti</em></strong></span> <span class='ocrx_word' id='word_1_589' title='bbox 1634 5644 1838 5702; x_wconf 88' lang='lat' dir='ltr'><strong><em>Critico</em></strong></span> 
     </span>
    </p>
   </div>
   <div class='ocr_carea' id='block_1_91' title="bbox 256 5713 1834 5785">
    <p class='ocr_par' dir='ltr' id='par_1_91' title="bbox 256 5713 1834 5785">
     <span class='ocr_line' id='line_1_92' title="bbox 256 5713 1834 5785; baseline 0.006 -26"><span class='ocrx_word' id='word_1_590' title='bbox 256 5721 459 5785; x_wconf 59' lang='lat' dir='ltr'><strong><em>quoque</em></strong></span> <span class='ocrx_word' id='word_1_591' title='bbox 482 5722 812 5785; x_wconf 82' lang='lat' dir='ltr'><strong><em>anonymoet</em></strong></span> <span class='ocrx_word' id='word_1_592' title='bbox 839 5713 1152 5769; x_wconf 86' lang='lat' dir='ltr'><strong><em>lleumanno</em></strong></span> <span class='ocrx_word' id='word_1_593' title='bbox 1171 5716 1366 5779; x_wconf 87' lang='lat' dir='ltr'><strong><em>visum,</em></strong></span> <span class='ocrx_word' id='word_1_594' title='bbox 1392 5724 1677 5785; x_wconf 74' lang='lat' dir='ltr'><strong><em>prwstetur.</em></strong></span> <span class='ocrx_word' id='word_1_595' title='bbox 1704 5714 1834 5769; x_wconf 85' lang='lat' dir='ltr'><strong><em>Nam</em></strong></span> 
     </span>
    </p>
   </div>
   <div class='ocr_carea' id='block_1_92' title="bbox 256 5775 1837 5860">
    <p class='ocr_par' dir='ltr' id='par_1_92' title="bbox 256 5775 1837 5860">
     <span class='ocr_line' id='line_1_93' title="bbox 256 5775 1837 5860; baseline 0.008 -31"><span class='ocrx_word' id='word_1_596' title='bbox 256 5775 515 5836; x_wconf 72' lang='lat' dir='ltr'><strong><em>Eusebius</em></strong></span> <span class='ocrx_word' id='word_1_597' title='bbox 568 5775 721 5837; x_wconf 75' lang='lat' dir='ltr'><strong><em>vertit</em></strong></span> <span class='ocrx_word' id='word_1_598' title='bbox 776 5786 1110 5860; x_wconf 64' lang='grc' dir='ltr'><strong><em>παραόχεθῇ.</em></strong></span> <span class='ocrx_word' id='word_1_599' title='bbox 1174 5786 1231 5843; x_wconf 90' lang='lat' dir='ltr'><strong><em>Si</em></strong></span> <span class='ocrx_word' id='word_1_600' title='bbox 1274 5775 1363 5843; x_wconf 88' lang='lat' dir='ltr'><strong><em>cui</em></strong></span> <span class='ocrx_word' id='word_1_601' title='bbox 1392 5775 1585 5843; x_wconf 61' lang='lat' dir='ltr'><strong><em>tamen</em></strong></span> <span class='ocrx_word' id='word_1_602' title='bbox 1631 5787 1837 5856; x_wconf 83' lang='lat' dir='ltr'><strong><em>placeat</em></strong></span> 
     </span>
    </p>
   </div>
   <div class='ocr_carea' id='block_1_93' title="bbox 1873 3046 3080 3147">
    <p class='ocr_par' dir='ltr' id='par_1_93' title="bbox 1873 3046 3080 3147">
     <span class='ocr_line' id='line_1_94' title="bbox 1873 3046 3080 3147; baseline 0.007 -18"><span class='ocrx_word' id='word_1_603' title='bbox 1873 3046 1921 3111; x_wconf 65' lang='grc' dir='ltr'><strong>δ</strong></span> <span class='ocrx_word' id='word_1_604' title='bbox 2027 3075 2140 3130; x_wconf 81' lang='lat' dir='ltr'><strong><em>Hoc</em></strong></span> <span class='ocrx_word' id='word_1_605' title='bbox 2179 3077 2399 3132; x_wconf 91' lang='lat' dir='ltr'><strong><em>edictum</em></strong></span> <span class='ocrx_word' id='word_1_606' title='bbox 2427 3080 2731 3147; x_wconf 88' lang='lat' dir='ltr'><strong><em>proponitur</em></strong></span> <span class='ocrx_word' id='word_1_607' title='bbox 2762 3079 3080 3137; x_wconf 75' lang='lat' dir='ltr'><strong><em>Nicomedia:</em></strong></span> 
     </span>
    </p>
   </div>
   <div class='ocr_carea' id='block_1_94' title="bbox 1953 2537 3555 2661">
    <p class='ocr_par' dir='ltr' id='par_1_94' title="bbox 1953 2537 3555 2661">
     <span class='ocr_line' id='line_1_95' title="bbox 1953 2537 3555 2661; baseline 0.01 -74"><span class='ocrx_word' id='word_1_608' title='bbox 1953 2537 2447 2661; x_wconf 57' lang='lat' dir='ltr'><strong><em>perstethconlerat</em></strong></span> <span class='ocrx_word' id='word_1_609' title='bbox 2472 2552 2595 2611; x_wconf 91' lang='lat' dir='ltr'><strong><em>cap.</em></strong></span> <span class='ocrx_word' id='word_1_610' title='bbox 2626 2539 2727 2609; x_wconf 86' lang='grc'><strong><em>18,</em></strong></span> <span class='ocrx_word' id='word_1_611' title='bbox 2759 2540 2853 2596; x_wconf 84' lang='lat' dir='ltr'><strong><em>ﬁn.</em></strong></span> <span class='ocrx_word' id='word_1_612' title='bbox 2885 2541 3200 2612; x_wconf 84' lang='lat' dir='ltr'><strong><em>Respublica</em></strong></span> <span class='ocrx_word' id='word_1_613' title='bbox 3230 2553 3386 2601; x_wconf 88' lang='lat' dir='ltr'><strong><em>staret</em></strong></span> <span class='ocrx_word' id='word_1_614' title='bbox 3410 2547 3555 2603; x_wconf 84' lang='lat' dir='ltr'><strong><em>inco-</em></strong></span> 
     </span>
     <span class='ocr_line' id='line_1_96' title="bbox 1976 2622 2288 2661; baseline 0.013 -3"><span class='ocrx_word' id='word_1_615' title='bbox 1976 2622 2127 2661; x_wconf 76' lang='lat' dir='ltr'><strong><em>umis.</em></strong></span> <span class='ocrx_word' id='word_1_616' title='bbox 2200 2623 2288 2661; x_wconf 76' lang='lat' dir='ltr'><strong><em>un.</em></strong></span> 
     </span>
    </p>
   </div>
   <div class='ocr_carea' id='block_1_95' title="bbox 1976 2622 2288 2663">
    <p class='ocr_par' dir='ltr' id='par_1_95' title="bbox 1976 2622 2288 2663">
     <span class='ocr_line' id='line_1_97' title="bbox 1976 2622 2288 2663; baseline 0.013 -6"><span class='ocrx_word' id='word_1_617' title='bbox 1976 2622 2127 2661; x_wconf 75' lang='lat' dir='ltr'><strong><em>umis.</em></strong></span> <span class='ocrx_word' id='word_1_618' title='bbox 2152 2622 2288 2663; x_wconf 70' lang='lat' dir='ltr'><strong><em>UUN.</em></strong></span> 
     </span>
    </p>
   </div>
   <div class='ocr_carea' id='block_1_96' title="bbox 2023 2697 3553 2778">
    <p class='ocr_par' dir='ltr' id='par_1_96' title="bbox 2023 2697 3553 2778">
     <span class='ocr_line' id='line_1_98' title="bbox 2023 2697 3553 2778; baseline 0.008 -27"><span class='ocrx_word' id='word_1_619' title='bbox 2023 2697 2092 2778; x_wconf 77' lang='lat' dir='ltr'><strong><em>In</em></strong></span> <span class='ocrx_word' id='word_1_620' title='bbox 2121 2700 2326 2778; x_wconf 78' lang='lat' dir='ltr'><strong><em>sedibus</em></strong></span> <span class='ocrx_word' id='word_1_621' title='bbox 2345 2702 2473 2778; x_wconf 65' lang='lat' dir='ltr'><strong><em>suis.</em></strong></span> <span class='ocrx_word' id='word_1_622' title='bbox 2499 2702 2747 2759; x_wconf 75' lang='lat' dir='ltr'><strong><em>Bullinus</em></strong></span> <span class='ocrx_word' id='word_1_623' title='bbox 2766 2704 2927 2778; x_wconf 77' lang='lat' dir='ltr'><strong><em>vertit</em></strong></span> <span class='ocrx_word' id='word_1_624' title='bbox 2947 2706 3001 2778; x_wconf 79' lang='lat' dir='ltr'><strong><em>in</em></strong></span> <span class='ocrx_word' id='word_1_625' title='bbox 3025 2706 3222 2778; x_wconf 83' lang='lat' dir='ltr'><strong><em>laribus</em></strong></span> <span class='ocrx_word' id='word_1_626' title='bbox 3243 2750 3258 2774; x_wconf 97' lang='lat'><strong><em>,</em></strong></span> <span class='ocrx_word' id='word_1_627' title='bbox 3286 2710 3553 2778; x_wconf 81' lang='lat' dir='ltr'><strong><em>quemad-</em></strong></span> 
     </span>
    </p>
   </div>
   <div class='ocr_carea' id='block_1_97' title="bbox 1952 2769 3549 2841">
    <p class='ocr_par' dir='ltr' id='par_1_97' title="bbox 1952 2769 3549 2841">
     <span class='ocr_line' id='line_1_99' title="bbox 1952 2769 3549 2841; baseline 0.008 -18"><span class='ocrx_word' id='word_1_628' title='bbox 1952 2769 2171 2825; x_wconf 92' lang='lat' dir='ltr'><strong><em>modum</em></strong></span> <span class='ocrx_word' id='word_1_629' title='bbox 2217 2772 2411 2841; x_wconf 79' lang='lat' dir='ltr'><strong><em>legitur</em></strong></span> <span class='ocrx_word' id='word_1_630' title='bbox 2454 2774 2506 2828; x_wconf 92' lang='lat' dir='ltr'><strong><em>in</em></strong></span> <span class='ocrx_word' id='word_1_631' title='bbox 2555 2789 2662 2829; x_wconf 93' lang='lat' dir='ltr'><strong><em>uno</em></strong></span> <span class='ocrx_word' id='word_1_632' title='bbox 2712 2776 2898 2832; x_wconf 91' lang='lat' dir='ltr'><strong><em>codice</em></strong></span> <span class='ocrx_word' id='word_1_633' title='bbox 2942 2769 3274 2832; x_wconf 78' lang='lat' dir='ltr'><strong><em>Colbertino.</em></strong></span> <span class='ocrx_word' id='word_1_634' title='bbox 3304 2769 3427 2834; x_wconf 65' lang='lat' dir='ltr'><strong><em>&#39;Sed</em></strong></span> <span class='ocrx_word' id='word_1_635' title='bbox 3455 2781 3549 2837; x_wconf 91' lang='lat' dir='ltr'><strong><em>alii</em></strong></span> 
     </span>
    </p>
   </div>
   <div class='ocr_carea' id='block_1_98' title="bbox 1951 2842 3551 2918">
    <p class='ocr_par' dir='ltr' id='par_1_98' title="bbox 1951 2842 3551 2918">
     <span class='ocr_line' id='line_1_100' title="bbox 1951 2842 3551 2918; baseline 0.008 -25"><span class='ocrx_word' id='word_1_636' title='bbox 1951 2854 2083 2895; x_wconf 92' lang='lat' dir='ltr'><strong><em>mss.</em></strong></span> <span class='ocrx_word' id='word_1_637' title='bbox 2115 2851 2170 2897; x_wconf 92' lang='lat' dir='ltr'><strong><em>et</em></strong></span> <span class='ocrx_word' id='word_1_638' title='bbox 2199 2842 2462 2918; x_wconf 77' lang='lat' dir='ltr'><strong><em>editiones</em></strong></span> <span class='ocrx_word' id='word_1_639' title='bbox 2509 2844 2801 2918; x_wconf 77' lang='lat' dir='ltr'><strong><em>habentia</em></strong></span> <span class='ocrx_word' id='word_1_640' title='bbox 2854 2848 3133 2901; x_wconf 88' lang='lat' dir='ltr'><strong><em>laboribus.</em></strong></span> <span class='ocrx_word' id='word_1_641' title='bbox 3163 2846 3551 2918; x_wconf 82' lang='lat' dir='ltr'><strong><em>Christophor-</em></strong></span> 
     </span>
    </p>
   </div>
   <div class='ocr_carea' id='block_1_99' title="bbox 1951 2914 3553 3039">
    <p class='ocr_par' dir='ltr' id='par_1_99' title="bbox 1951 2914 3553 3039">
     <span class='ocr_line' id='line_1_101' title="bbox 1951 2914 3553 3039; baseline 0.007 -75"><span class='ocrx_word' id='word_1_642' title='bbox 1951 2924 2118 3037; x_wconf 61' lang='lat' dir='ltr'><strong><em>saluus</em></strong></span> <span class='ocrx_word' id='word_1_643' title='bbox 2134 2914 2307 3039; x_wconf 54' lang='grc' dir='ltr'><strong><em>ἄδι-ιη</em></strong></span> <span class='ocrx_word' id='word_1_644' title='bbox 2334 2914 2389 2969; x_wconf 91' lang='lat' dir='ltr'><strong><em>in</em></strong></span> <span class='ocrx_word' id='word_1_645' title='bbox 2418 2918 2526 2968; x_wconf 88' lang='lat' dir='ltr'><strong><em>suis</em></strong></span> <span class='ocrx_word' id='word_1_646' title='bbox 2551 2917 2804 2987; x_wconf 79' lang='lat' dir='ltr'><strong><em>familiis;</em></strong></span> <span class='ocrx_word' id='word_1_647' title='bbox 2840 2918 3080 2974; x_wconf 84' lang='lat' dir='ltr'><strong><em>Valesius</em></strong></span> <span class='ocrx_word' id='word_1_648' title='bbox 3100 2960 3116 2988; x_wconf 90' lang='lat'><strong><em>,</em></strong></span> <span class='ocrx_word' id='word_1_649' title='bbox 3144 2919 3198 2974; x_wconf 88' lang='lat' dir='ltr'><strong><em>in</em></strong></span> <span class='ocrx_word' id='word_1_650' title='bbox 3223 2922 3333 2975; x_wconf 90' lang='lat' dir='ltr'><strong><em>suis</em></strong></span> <span class='ocrx_word' id='word_1_651' title='bbox 3380 2914 3553 2977; x_wconf 80' lang='lat' dir='ltr'><strong><em>donti-</em></strong></span> 
     </span>
     <span class='ocr_line' id='line_1_102' title="bbox 1951 2997 2331 3039; baseline 0.016 -5"><span class='ocrx_word' id='word_1_652' title='bbox 1951 2997 1996 3035; x_wconf 79' lang='grc' dir='ltr'><strong><em>σι</em></strong></span> <span class='ocrx_word' id='word_1_653' title='bbox 2018 3000 2101 3036; x_wconf 84' lang='lat' dir='ltr'><strong><em>ns.</em></strong></span> <span class='ocrx_word' id='word_1_654' title='bbox 2179 3000 2331 3039; x_wconf 66' lang='lat' dir='ltr'><strong><em>awz.</em></strong></span> 
     </span>
    </p>
   </div>
   <div class='ocr_carea' id='block_1_100' title="bbox 1950 2997 2331 3040">
    <p class='ocr_par' dir='ltr' id='par_1_100' title="bbox 1950 2997 2331 3040">
     <span class='ocr_line' id='line_1_103' title="bbox 1950 2997 2331 3040; baseline 0.01 -6"><span class='ocrx_word' id='word_1_655' title='bbox 1950 2997 2101 3037; x_wconf 79' lang='lat' dir='ltr'><strong><em>cutis.</em></strong></span> <span class='ocrx_word' id='word_1_656' title='bbox 2136 2997 2310 3040; x_wconf 71' lang='lat' dir='ltr'><strong>BALUZ</strong></span> <span class='ocrx_word' id='word_1_657' title='bbox 2319 3025 2331 3038; x_wconf 93' lang='lat'><strong><em>.</em></strong></span> 
     </span>
    </p>
   </div>
   <div class='ocr_carea' id='block_1_101' title="bbox 3202 3083 3552 3142">
    <p class='ocr_par' dir='ltr' id='par_1_101' title="bbox 3202 3083 3552 3142">
     <span class='ocr_line' id='line_1_104' title="bbox 3202 3083 3552 3142; baseline 0.014 -5"><span class='ocrx_word' id='word_1_658' title='bbox 3202 3083 3301 3138; x_wconf 89' lang='lat' dir='ltr'><strong><em>idie</em></strong></span> <span class='ocrx_word' id='word_1_659' title='bbox 3344 3085 3552 3142; x_wconf 76' lang='lat' dir='ltr'><strong><em>kalend.</em></strong></span> 
     </span>
    </p>
   </div>
   <div class='ocr_carea' id='block_1_102' title="bbox 1952 3101 3558 3220">
    <p class='ocr_par' dir='ltr' id='par_1_102' title="bbox 1952 3101 3558 3220">
     <span class='ocr_line' id='line_1_105' title="bbox 2027 3101 3552 3170; baseline 0.008 -41"><span class='ocrx_word' id='word_1_660' title='bbox 2027 3101 2140 3130; x_wconf 81' lang='lat' dir='ltr'><strong><em>nuc</em></strong></span> <span class='ocrx_word' id='word_1_661' title='bbox 2179 3101 2399 3132; x_wconf 83' lang='lat' dir='ltr'><strong><em>eawtum</em></strong></span> <span class='ocrx_word' id='word_1_662' title='bbox 2427 3101 2731 3147; x_wconf 74' lang='lat' dir='ltr'><strong><em>proponitur</em></strong></span> <span class='ocrx_word' id='word_1_663' title='bbox 2762 3101 3080 3137; x_wconf 65' lang='lat' dir='ltr'><strong><em>mcomeata.’</em></strong></span> <span class='ocrx_word' id='word_1_664' title='bbox 3129 3101 3301 3170; x_wconf 75' lang='lat' dir='ltr'><strong><em>pnate</em></strong></span> <span class='ocrx_word' id='word_1_665' title='bbox 3344 3101 3552 3142; x_wconf 62' lang='lat' dir='ltr'><strong><em>eatena.</em></strong></span> 
     </span>
     <span class='ocr_line' id='line_1_106' title="bbox 1952 3147 3558 3220; baseline 0.009 -21"><span class='ocrx_word' id='word_1_666' title='bbox 1952 3147 2316 3220; x_wconf 46' lang='lat' dir='ltr'><strong><em>maius.,Gum</em></strong></span> <span class='ocrx_word' id='word_1_667' title='bbox 2371 3153 2423 3204; x_wconf 85' lang='lat' dir='ltr'><strong><em>in</em></strong></span> <span class='ocrx_word' id='word_1_668' title='bbox 2454 3151 2610 3205; x_wconf 89' lang='lat' dir='ltr'><strong><em>titulo</em></strong></span> <span class='ocrx_word' id='word_1_669' title='bbox 2652 3151 2859 3220; x_wconf 79' lang='lat' dir='ltr'><strong><em>praefati</em></strong></span> <span class='ocrx_word' id='word_1_670' title='bbox 2889 3152 3049 3208; x_wconf 89' lang='lat' dir='ltr'><strong><em>edicti</em></strong></span> <span class='ocrx_word' id='word_1_671' title='bbox 3099 3153 3334 3209; x_wconf 69' lang='lat' dir='ltr'><strong><em>Galerius</em></strong></span> <span class='ocrx_word' id='word_1_672' title='bbox 3380 3157 3558 3212; x_wconf 70' lang='lat' dir='ltr'><strong><em>Maxi-</em></strong></span> 
     </span>
    </p>
   </div>
   <div class='ocr_carea' id='block_1_103' title="bbox 1951 3219 3554 3292">
    <p class='ocr_par' dir='ltr' id='par_1_103' title="bbox 1951 3219 3554 3292">
     <span class='ocr_line' id='line_1_107' title="bbox 1951 3219 3554 3292; baseline 0.008 -21"><span class='ocrx_word' id='word_1_673' title='bbox 1951 3219 2155 3292; x_wconf 85' lang='lat' dir='ltr'><strong><em>mianus</em></strong></span> <span class='ocrx_word' id='word_1_674' title='bbox 2200 3219 2409 3275; x_wconf 88' lang='lat' dir='ltr'><strong><em>dicatur</em></strong></span> <span class='ocrx_word' id='word_1_675' title='bbox 2436 3219 2731 3292; x_wconf 66' lang='lat' dir='ltr'><strong><em>tribunitiae</em></strong></span> <span class='ocrx_word' id='word_1_676' title='bbox 2768 3224 3048 3292; x_wconf 87' lang='lat' dir='ltr'><strong><em>potestatis</em></strong></span> <span class='ocrx_word' id='word_1_677' title='bbox 3076 3241 3153 3280; x_wconf 81' lang='lat' dir='ltr'><strong><em>xx</em></strong></span> <span class='ocrx_word' id='word_1_678' title='bbox 3183 3235 3395 3282; x_wconf 89' lang='lat' dir='ltr'><strong><em>constat</em></strong></span> <span class='ocrx_word' id='word_1_679' title='bbox 3419 3227 3554 3284; x_wconf 86' lang='lat' dir='ltr'><strong><em>illud</em></strong></span> 
     </span>
    </p>
   </div>
   <div class='ocr_carea' id='block_1_104' title="bbox 1952 3290 3555 3363">
    <p class='ocr_par' dir='ltr' id='par_1_104' title="bbox 1952 3290 3555 3363">
     <span class='ocr_line' id='line_1_108' title="bbox 1952 3290 3555 3363; baseline 0.007 -20"><span class='ocrx_word' id='word_1_680' title='bbox 1952 3290 2209 3363; x_wconf 76' lang='lat' dir='ltr'><strong><em>emissum</em></strong></span> <span class='ocrx_word' id='word_1_681' title='bbox 2244 3305 2364 3346; x_wconf 87' lang='lat' dir='ltr'><strong><em>esse</em></strong></span> <span class='ocrx_word' id='word_1_682' title='bbox 2396 3301 2513 3363; x_wconf 84' lang='lat' dir='ltr'><strong><em>post</em></strong></span> <span class='ocrx_word' id='word_1_683' title='bbox 2558 3290 2818 3348; x_wconf 78' lang='lat' dir='ltr'><strong><em>kalendas</em></strong></span> <span class='ocrx_word' id='word_1_684' title='bbox 2846 3295 3069 3350; x_wconf 87' lang='lat' dir='ltr'><strong><em>martias</em></strong></span> <span class='ocrx_word' id='word_1_685' title='bbox 3113 3299 3399 3363; x_wconf 88' lang='lat' dir='ltr'><strong><em>currentis</em></strong></span> <span class='ocrx_word' id='word_1_686' title='bbox 3425 3299 3555 3356; x_wconf 83' lang='lat' dir='ltr'><strong><em>anni</em></strong></span> 
     </span>
    </p>
   </div>
   <div class='ocr_carea' id='block_1_105' title="bbox 1953 3358 3552 3438">
    <p class='ocr_par' dir='ltr' id='par_1_105' title="bbox 1953 3358 3552 3438">
     <span class='ocr_line' id='line_1_109' title="bbox 1953 3358 3552 3438; baseline 0.006 -23"><span class='ocrx_word' id='word_1_687' title='bbox 1953 3358 2147 3438; x_wconf 64' lang='lat' dir='ltr'><strong><em>(5H),</em></strong></span> <span class='ocrx_word' id='word_1_688' title='bbox 2178 3362 2373 3438; x_wconf 70' lang='lat' dir='ltr'><strong><em>quibus</em></strong></span> <span class='ocrx_word' id='word_1_689' title='bbox 2396 3358 2758 3438; x_wconf 50' lang='lat' dir='ltr'><strong><em>:tribunitiarn</em></strong></span> <span class='ocrx_word' id='word_1_690' title='bbox 2795 3374 3115 3438; x_wconf 80' lang='lat' dir='ltr'><strong><em>potestatem</em></strong></span> <span class='ocrx_word' id='word_1_691' title='bbox 3143 3384 3215 3423; x_wconf 79' lang='lat' dir='ltr'><strong>xx</strong></span> <span class='ocrx_word' id='word_1_692' title='bbox 3239 3360 3552 3438; x_wconf 87' lang='lat' dir='ltr'><strong><em>auspicatus</em></strong></span> 
     </span>
    </p>
   </div>
   <div class='ocr_carea' id='block_1_106' title="bbox 1951 3431 3549 3504">
    <p class='ocr_par' dir='ltr' id='par_1_106' title="bbox 1951 3431 3549 3504">
     <span class='ocr_line' id='line_1_110' title="bbox 1951 3431 3549 3504; baseline 0.006 -19"><span class='ocrx_word' id='word_1_693' title='bbox 1951 3440 2038 3504; x_wconf 83' lang='lat' dir='ltr'><strong><em>est</em></strong></span> <span class='ocrx_word' id='word_1_694' title='bbox 2065 3431 2204 3486; x_wconf 87' lang='lat' dir='ltr'><strong><em>idem</em></strong></span> <span class='ocrx_word' id='word_1_695' title='bbox 2235 3433 2504 3488; x_wconf 87' lang='lat' dir='ltr'><strong><em>Galerius.</em></strong></span> <span class='ocrx_word' id='word_1_696' title='bbox 2537 3434 2667 3488; x_wconf 89' lang='lat' dir='ltr'><strong><em>Post</em></strong></span> <span class='ocrx_word' id='word_1_697' title='bbox 2693 3431 2843 3489; x_wconf 81' lang='lat' dir='ltr'><strong><em>illum</em></strong></span> <span class='ocrx_word' id='word_1_698' title='bbox 2871 3434 3013 3491; x_wconf 90' lang='lat' dir='ltr'><strong><em>diem</em></strong></span> <span class='ocrx_word' id='word_1_699' title='bbox 3040 3438 3225 3493; x_wconf 91' lang='lat' dir='ltr'><strong><em>datum</em></strong></span> <span class='ocrx_word' id='word_1_700' title='bbox 3244 3479 3261 3504; x_wconf 95' lang='lat'><strong><em>,</em></strong></span> <span class='ocrx_word' id='word_1_701' title='bbox 3298 3431 3362 3494; x_wconf 73' lang='lat' dir='ltr'><strong><em>ei</em></strong></span> <span class='ocrx_word' id='word_1_702' title='bbox 3392 3456 3549 3495; x_wconf 90' lang='lat' dir='ltr'><strong><em>num-</em></strong></span> 
     </span>
    </p>
   </div>
   <div class='ocr_carea' id='block_1_107' title="bbox 1952 3502 3543 3573">
    <p class='ocr_par' dir='ltr' id='par_1_107' title="bbox 1952 3502 3543 3573">
     <span class='ocr_line' id='line_1_111' title="bbox 1952 3502 3543 3573; baseline 0.008 -19"><span class='ocrx_word' id='word_1_703' title='bbox 1952 3502 2057 3573; x_wconf 70' lang='lat' dir='ltr'><strong><em>mis</em></strong></span> <span class='ocrx_word' id='word_1_704' title='bbox 2082 3504 2245 3557; x_wconf 88' lang='lat' dir='ltr'><strong><em>etiam</em></strong></span> <span class='ocrx_word' id='word_1_705' title='bbox 2292 3504 2485 3572; x_wconf 79' lang='lat' dir='ltr'><strong><em>graecis</em></strong></span> <span class='ocrx_word' id='word_1_706' title='bbox 2527 3504 2668 3573; x_wconf 85' lang='lat' dir='ltr'><strong><em>apud</em></strong></span> <span class='ocrx_word' id='word_1_707' title='bbox 2706 3504 2975 3561; x_wconf 82' lang='lat' dir='ltr'><strong><em>Goltzium</em></strong></span> <span class='ocrx_word' id='word_1_708' title='bbox 3025 3502 3255 3565; x_wconf 82' lang='lat' dir='ltr'><strong><em>certum</em></strong></span> <span class='ocrx_word' id='word_1_709' title='bbox 3280 3509 3543 3566; x_wconf 86' lang='lat' dir='ltr'><strong><em>redditur.</em></strong></span> 
     </span>
    </p>
   </div>
   <div class='ocr_carea' id='block_1_108' title="bbox 1959 3571 3552 3648">
    <p class='ocr_par' dir='ltr' id='par_1_108' title="bbox 1959 3571 3552 3648">
     <span class='ocr_line' id='line_1_112' title="bbox 1959 3571 3552 3648; baseline 0.004 -20"><span class='ocrx_word' id='word_1_710' title='bbox 1959 3571 2186 3628; x_wconf 86' lang='lat' dir='ltr'><strong><em>Ultimus</em></strong></span> <span class='ocrx_word' id='word_1_711' title='bbox 2213 3571 2391 3648; x_wconf 71' lang='lat' dir='ltr'><strong><em>enim.</em></strong></span> <span class='ocrx_word' id='word_1_712' title='bbox 2420 3574 2484 3648; x_wconf 90' lang='lat' dir='ltr'><strong><em>in_</em></strong></span> <span class='ocrx_word' id='word_1_713' title='bbox 2519 3571 2628 3645; x_wconf 81' lang='lat' dir='ltr'><strong><em>quo</em></strong></span> <span class='ocrx_word' id='word_1_714' title='bbox 2673 3590 2848 3630; x_wconf 89' lang='lat' dir='ltr'><strong><em>annus</em></strong></span> <span class='ocrx_word' id='word_1_715' title='bbox 2888 3577 3116 3647; x_wconf 79' lang='lat' dir='ltr'><strong><em>Augusti</em></strong></span> <span class='ocrx_word' id='word_1_716' title='bbox 3172 3578 3290 3648; x_wconf 89' lang='lat' dir='ltr'><strong><em>ejus</em></strong></span> <span class='ocrx_word' id='word_1_717' title='bbox 3337 3579 3552 3647; x_wconf 88' lang='lat' dir='ltr'><strong><em>imperii</em></strong></span> 
     </span>
    </p>
   </div>
   <div class='ocr_carea' id='block_1_109' title="bbox 1953 3644 3551 3714">
    <p class='ocr_par' dir='ltr' id='par_1_109' title="bbox 1953 3644 3551 3714">
     <span class='ocr_line' id='line_1_113' title="bbox 1953 3644 3551 3714; baseline 0.004 -17"><span class='ocrx_word' id='word_1_718' title='bbox 1953 3651 2190 3710; x_wconf 90' lang='lat' dir='ltr'><strong><em>notatur,</em></strong></span> <span class='ocrx_word' id='word_1_719' title='bbox 2224 3644 2444 3701; x_wconf 81' lang='lat' dir='ltr'><strong><em>exhibet</em></strong></span> <span class='ocrx_word' id='word_1_720' title='bbox 2472 3644 2570 3701; x_wconf 87' lang='lat' dir='ltr'><strong><em>hos</em></strong></span> <span class='ocrx_word' id='word_1_721' title='bbox 2612 3654 2917 3702; x_wconf 88' lang='lat' dir='ltr'><strong><em>caracteres</em></strong></span> <span class='ocrx_word' id='word_1_722' title='bbox 2958 3644 3020 3702; x_wconf 62' lang='lat' dir='ltr'><strong><em>ll.</em></strong></span> <span class='ocrx_word' id='word_1_723' title='bbox 3055 3648 3115 3701; x_wconf 91' lang='lat' dir='ltr'><strong><em>Z.</em></strong></span> <span class='ocrx_word' id='word_1_724' title='bbox 3148 3644 3351 3714; x_wconf 79' lang='lat' dir='ltr'><strong><em>idest,</em></strong></span> <span class='ocrx_word' id='word_1_725' title='bbox 3383 3644 3551 3704; x_wconf 81' lang='lat' dir='ltr'><strong><em>annus</em></strong></span> 
     </span>
    </p>
   </div>
   <div class='ocr_carea' id='block_1_110' title="bbox 1953 3714 3549 3785">
    <p class='ocr_par' dir='ltr' id='par_1_110' title="bbox 1953 3714 3549 3785">
     <span class='ocr_line' id='line_1_114' title="bbox 1953 3714 3549 3785; baseline 0.006 -18"><span class='ocrx_word' id='word_1_726' title='bbox 1953 3714 2214 3785; x_wconf 87' lang='lat' dir='ltr'><strong><em>septimus.</em></strong></span> <span class='ocrx_word' id='word_1_727' title='bbox 2257 3715 2390 3769; x_wconf 86' lang='lat' dir='ltr'><strong><em>Nam</em></strong></span> <span class='ocrx_word' id='word_1_728' title='bbox 2424 3731 2545 3770; x_wconf 90' lang='lat' dir='ltr'><strong><em>cum</em></strong></span> <span class='ocrx_word' id='word_1_729' title='bbox 2568 3758 2584 3782; x_wconf 90' lang='lat'><strong><em>,</em></strong></span> <span class='ocrx_word' id='word_1_730' title='bbox 2617 3716 2896 3771; x_wconf 86' lang='lat' dir='ltr'><strong><em>Lactantio</em></strong></span> <span class='ocrx_word' id='word_1_731' title='bbox 2938 3727 3076 3773; x_wconf 88' lang='lat' dir='ltr'><strong><em>teste</em></strong></span> <span class='ocrx_word' id='word_1_732' title='bbox 3098 3761 3112 3785; x_wconf 91' lang='lat'><strong><em>,</em></strong></span> <span class='ocrx_word' id='word_1_733' title='bbox 3152 3717 3397 3775; x_wconf 83' lang='lat' dir='ltr'><strong><em>kalendis</em></strong></span> <span class='ocrx_word' id='word_1_734' title='bbox 3424 3723 3549 3777; x_wconf 91' lang='lat' dir='ltr'><strong><em>maii</em></strong></span> 
     </span>
    </p>
   </div>
   <div class='ocr_carea' id='block_1_111' title="bbox 1953 3785 3550 3857">
    <p class='ocr_par' dir='ltr' id='par_1_111' title="bbox 1953 3785 3550 3857">
     <span class='ocr_line' id='line_1_115' title="bbox 1953 3785 3550 3857; baseline 0.005 -18"><span class='ocrx_word' id='word_1_735' title='bbox 1953 3785 2081 3839; x_wconf 90' lang='lat' dir='ltr'><strong><em>anni</em></strong></span> <span class='ocrx_word' id='word_1_736' title='bbox 2103 3800 2235 3841; x_wconf 86' lang='lat' dir='ltr'><strong><em>cccv</em></strong></span> <span class='ocrx_word' id='word_1_737' title='bbox 2259 3787 2529 3857; x_wconf 80' lang='lat' dir='ltr'><strong><em>Augustus</em></strong></span> <span class='ocrx_word' id='word_1_738' title='bbox 2555 3788 2891 3842; x_wconf 88' lang='lat' dir='ltr'><strong><em>renuntiatus</em></strong></span> <span class='ocrx_word' id='word_1_739' title='bbox 2921 3788 3113 3857; x_wconf 79' lang='lat' dir='ltr'><strong><em>fuerit,</em></strong></span> <span class='ocrx_word' id='word_1_740' title='bbox 3144 3788 3391 3845; x_wconf 83' lang='lat' dir='ltr'><strong><em>kalendis</em></strong></span> <span class='ocrx_word' id='word_1_741' title='bbox 3421 3792 3550 3847; x_wconf 90' lang='lat' dir='ltr'><strong><em>maii</em></strong></span> 
     </span>
    </p>
   </div>
   <div class='ocr_carea' id='block_1_112' title="bbox 1952 3856 3548 3932">
    <p class='ocr_par' dir='ltr' id='par_1_112' title="bbox 1952 3856 3548 3932">
     <span class='ocr_line' id='line_1_116' title="bbox 1952 3856 3548 3932; baseline 0.005 -23"><span class='ocrx_word' id='word_1_742' title='bbox 1952 3857 2220 3932; x_wconf 81' lang='lat' dir='ltr'><strong><em>currentis</em></strong></span> <span class='ocrx_word' id='word_1_743' title='bbox 2269 3856 2487 3932; x_wconf 63' lang='lat' dir='ltr'><strong><em>Christi</em></strong></span> <span class='ocrx_word' id='word_1_744' title='bbox 2514 3859 2640 3911; x_wconf 89' lang='lat' dir='ltr'><strong><em>anni</em></strong></span> <span class='ocrx_word' id='word_1_745' title='bbox 2699 3858 2985 3932; x_wconf 79' lang='lat' dir='ltr'><strong><em>septimum</em></strong></span> <span class='ocrx_word' id='word_1_746' title='bbox 3029 3862 3244 3929; x_wconf 89' lang='lat' dir='ltr'><strong><em>imperii</em></strong></span> <span class='ocrx_word' id='word_1_747' title='bbox 3286 3863 3548 3932; x_wconf 84' lang='lat' dir='ltr'><strong><em>Augustei</em></strong></span> 
     </span>
    </p>
   </div>
   <div class='ocr_carea' id='block_1_113' title="bbox 1952 3927 3548 4001">
    <p class='ocr_par' dir='ltr' id='par_1_113' title="bbox 1952 3927 3548 4001">
     <span class='ocr_line' id='line_1_117' title="bbox 1952 3927 3548 4001; baseline 0.006 -23"><span class='ocrx_word' id='word_1_748' title='bbox 1952 3941 2152 4001; x_wconf 69' lang='lat' dir='ltr'><strong><em>annum</em></strong></span> <span class='ocrx_word' id='word_1_749' title='bbox 2187 3929 2437 4001; x_wconf 74' lang='lat' dir='ltr'><strong><em>inempit.</em></strong></span> <span class='ocrx_word' id='word_1_750' title='bbox 2452 3927 2632 4001; x_wconf 76' lang='lat' dir='ltr'><strong><em>Quare</em></strong></span> <span class='ocrx_word' id='word_1_751' title='bbox 2658 3943 2779 3983; x_wconf 91' lang='lat' dir='ltr'><strong><em>cum</em></strong></span> <span class='ocrx_word' id='word_1_752' title='bbox 2805 3929 2948 4001; x_wconf 82' lang='lat' dir='ltr'><strong><em>idem</em></strong></span> <span class='ocrx_word' id='word_1_753' title='bbox 2977 3927 3269 4001; x_wconf 83' lang='lat' dir='ltr'><strong><em>imperator</em></strong></span> <span class='ocrx_word' id='word_1_754' title='bbox 3306 3927 3548 4001; x_wconf 66' lang='lat' dir='ltr'><strong><em>jarndc-</em></strong></span> 
     </span>
    </p>
   </div>
   <div class='ocr_carea' id='block_1_114' title="bbox 1954 3997 3547 4071">
    <p class='ocr_par' dir='ltr' id='par_1_114' title="bbox 1954 3997 3547 4071">
     <span class='ocr_line' id='line_1_118' title="bbox 1954 3997 3547 4071; baseline 0.005 -21"><span class='ocrx_word' id='word_1_755' title='bbox 1954 3997 2140 4051; x_wconf 86' lang='lat' dir='ltr'><strong><em>ﬁciens</em></strong></span> <span class='ocrx_word' id='word_1_756' title='bbox 2166 3999 2399 4071; x_wconf 82' lang='lat' dir='ltr'><strong><em>edictum</em></strong></span> <span class='ocrx_word' id='word_1_757' title='bbox 2428 3999 2577 4071; x_wconf 17' lang='lat' dir='ltr'><strong><em>illud,</em></strong></span> <span class='ocrx_word' id='word_1_758' title='bbox 2608 3999 2994 4071; x_wconf 72' lang='lat' dir='ltr'><strong><em>promulgarit,</em></strong></span> <span class='ocrx_word' id='word_1_759' title='bbox 3029 3997 3253 4071; x_wconf 80' lang='lat' dir='ltr'><strong><em>apparet</em></strong></span> <span class='ocrx_word' id='word_1_760' title='bbox 3278 3997 3547 4058; x_wconf 70' lang='lat' dir='ltr'><strong><em>Lactantii</em></strong></span> 
     </span>
    </p>
   </div>
   <div class='ocr_carea' id='block_1_115' title="bbox 1952 4069 3548 4129">
    <p class='ocr_par' dir='ltr' id='par_1_115' title="bbox 1952 4069 3548 4129">
     <span class='ocr_line' id='line_1_119' title="bbox 1952 4069 3548 4129; baseline 0.004 -7"><span class='ocrx_word' id='word_1_761' title='bbox 1952 4069 2275 4124; x_wconf 88' lang='lat' dir='ltr'><strong><em>sententiam</em></strong></span> <span class='ocrx_word' id='word_1_762' title='bbox 2306 4069 2505 4125; x_wconf 85' lang='lat' dir='ltr'><strong><em>Galerii</em></strong></span> <span class='ocrx_word' id='word_1_763' title='bbox 2533 4069 2837 4125; x_wconf 85' lang='lat' dir='ltr'><strong><em>Maximiani</em></strong></span> <span class='ocrx_word' id='word_1_764' title='bbox 2883 4069 3117 4128; x_wconf 83' lang='lat' dir='ltr'><strong><em>nummis</em></strong></span> <span class='ocrx_word' id='word_1_765' title='bbox 3142 4075 3548 4129; x_wconf 83' lang='lat' dir='ltr'><strong><em>corroboratam</em></strong></span> 
     </span>
    </p>
   </div>
   <div class='ocr_carea' id='block_1_116' title="bbox 1856 4139 3548 4212">
    <p class='ocr_par' dir='ltr' id='par_1_116' title="bbox 1856 4139 3548 4212">
     <span class='ocr_line' id='line_1_120' title="bbox 1856 4139 3548 4212; baseline 0.003 -19"><span class='ocrx_word' id='word_1_766' title='bbox 1856 4139 1860 4145; x_wconf 89' lang='grc'><em>’</em></span> <span class='ocrx_word' id='word_1_767' title='bbox 1953 4154 2109 4212; x_wconf 83' lang='lat' dir='ltr'><strong><em>esse,</em></strong></span> <span class='ocrx_word' id='word_1_768' title='bbox 2141 4155 2531 4211; x_wconf 84' lang='lat' dir='ltr'><strong><em>perperamque</em></strong></span> <span class='ocrx_word' id='word_1_769' title='bbox 2556 4142 2837 4212; x_wconf 89' lang='lat' dir='ltr'><strong><em>scripsisse</em></strong></span> <span class='ocrx_word' id='word_1_770' title='bbox 2860 4142 3133 4199; x_wconf 84' lang='lat' dir='ltr'><strong><em>Valesium</em></strong></span> <span class='ocrx_word' id='word_1_771' title='bbox 3174 4145 3227 4197; x_wconf 92' lang='lat' dir='ltr'><strong><em>in</em></strong></span> <span class='ocrx_word' id='word_1_772' title='bbox 3274 4146 3414 4198; x_wconf 89' lang='lat' dir='ltr'><strong><em>notis</em></strong></span> <span class='ocrx_word' id='word_1_773' title='bbox 3439 4144 3548 4198; x_wconf 82' lang='lat' dir='ltr'><strong><em>Eu-</em></strong></span> 
     </span>
    </p>
   </div>
   <div class='ocr_carea' id='block_1_117' title="bbox 1955 4209 3548 4280">
    <p class='ocr_par' dir='ltr' id='par_1_117' title="bbox 1955 4209 3548 4280">
     <span class='ocr_line' id='line_1_121' title="bbox 1955 4209 3548 4280; baseline 0.003 -17"><span class='ocrx_word' id='word_1_774' title='bbox 1955 4209 2501 4280; x_wconf 35' lang='lat' dir='ltr'><strong><em>sebianis,’aliosque</em></strong></span> <span class='ocrx_word' id='word_1_775' title='bbox 2529 4209 2681 4267; x_wconf 60' lang='lat' dir='ltr'><strong><em>viros&#39;</em></strong></span> <span class='ocrx_word' id='word_1_776' title='bbox 2723 4212 2944 4273; x_wconf 88' lang='lat' dir='ltr'><strong><em>doctos.</em></strong></span> <span class='ocrx_word' id='word_1_777' title='bbox 2973 4214 3207 4268; x_wconf 87' lang='lat' dir='ltr'><strong><em>edictum</em></strong></span> <span class='ocrx_word' id='word_1_778' title='bbox 3246 4214 3375 4267; x_wconf 89' lang='lat' dir='ltr'><strong><em>illud</em></strong></span> <span class='ocrx_word' id='word_1_779' title='bbox 3422 4224 3548 4269; x_wconf 85' lang='lat' dir='ltr'><strong><em>ante</em></strong></span> 
     </span>
    </p>
   </div>
   <div class='ocr_carea' id='block_1_118' title="bbox 1953 4280 3549 4351">
    <p class='ocr_par' dir='ltr' id='par_1_118' title="bbox 1953 4280 3549 4351">
     <span class='ocr_line' id='line_1_122' title="bbox 1953 4280 3549 4351; baseline 0.003 -18"><span class='ocrx_word' id='word_1_780' title='bbox 1953 4294 2196 4334; x_wconf 87' lang='lat' dir='ltr'><strong><em>mensem</em></strong></span> <span class='ocrx_word' id='word_1_781' title='bbox 2228 4282 2477 4351; x_wconf 79' lang='lat' dir='ltr'><strong><em>martium</em></strong></span> <span class='ocrx_word' id='word_1_782' title='bbox 2522 4282 2705 4337; x_wconf 90' lang='lat' dir='ltr'><strong><em>datum</em></strong></span> <span class='ocrx_word' id='word_1_783' title='bbox 2735 4298 2856 4337; x_wconf 90' lang='lat' dir='ltr'><strong><em>esse</em></strong></span> <span class='ocrx_word' id='word_1_784' title='bbox 2886 4281 3110 4351; x_wconf 71' lang='lat' dir='ltr'><strong><em>(Papius</em></strong></span> <span class='ocrx_word' id='word_1_785' title='bbox 3152 4284 3207 4336; x_wconf 90' lang='lat' dir='ltr'><strong><em>in</em></strong></span> <span class='ocrx_word' id='word_1_786' title='bbox 3238 4280 3415 4337; x_wconf 83' lang='lat' dir='ltr'><strong><em>Critic.</em></strong></span> <span class='ocrx_word' id='word_1_787' title='bbox 3440 4282 3549 4337; x_wconf 88' lang='lat' dir='ltr'><strong><em>Ba-</em></strong></span> 
     </span>
    </p>
   </div>
   <div class='ocr_carea' id='block_1_119' title="bbox 1953 4348 3070 4421">
    <p class='ocr_par' dir='ltr' id='par_1_119' title="bbox 1953 4348 3070 4421">
     <span class='ocr_line' id='line_1_123' title="bbox 1953 4348 3070 4421; baseline -0.004 -16"><span class='ocrx_word' id='word_1_788' title='bbox 1953 4368 2069 4405; x_wconf 88' lang='lat' dir='ltr'><strong><em>ron.</em></strong></span> <span class='ocrx_word' id='word_1_789' title='bbox 2100 4352 2168 4404; x_wconf 89' lang='lat' dir='ltr'><strong><em>ad</em></strong></span> <span class='ocrx_word' id='word_1_790' title='bbox 2192 4367 2278 4405; x_wconf 88' lang='lat' dir='ltr'><strong><em>an.</em></strong></span> <span class='ocrx_word' id='word_1_791' title='bbox 2303 4348 2428 4406; x_wconf 84' lang='lat' dir='ltr'><strong><em>Chr.</em></strong></span> <span class='ocrx_word' id='word_1_792' title='bbox 2453 4352 2553 4408; x_wconf 80' lang='grc'>511</span> <span class='ocrx_word' id='word_1_793' title='bbox 2579 4393 2594 4415; x_wconf 82' lang='grc'>,</span> <span class='ocrx_word' id='word_1_794' title='bbox 2625 4369 2767 4405; x_wconf 89' lang='lat' dir='ltr'><strong><em>num.</em></strong></span> <span class='ocrx_word' id='word_1_795' title='bbox 2796 4352 2861 4408; x_wconf 76' lang='grc'>12</span> <span class='ocrx_word' id='word_1_796' title='bbox 2887 4348 2933 4406; x_wconf 81' lang='lat' dir='ltr'><strong><em>et</em></strong></span> <span class='ocrx_word' id='word_1_797' title='bbox 2961 4348 3070 4421; x_wconf 75' lang='lat'><strong><em>13).</em></strong></span> 
     </span>
    </p>
   </div>
   <div class='ocr_carea' id='block_1_120' title="bbox 1872 4421 3541 4493">
    <p class='ocr_par' dir='ltr' id='par_1_120' title="bbox 1872 4421 3541 4493">
     <span class='ocr_line' id='line_1_124' title="bbox 1872 4421 3541 4493; baseline 0.001 -17"><span class='ocrx_word' id='word_1_798' title='bbox 1872 4432 1927 4493; x_wconf 83' lang='lat'><strong><em>1)</em></strong></span> <span class='ocrx_word' id='word_1_799' title='bbox 2023 4421 2231 4478; x_wconf 87' lang='lat' dir='ltr'><strong><em>Prodiit</em></strong></span> <span class='ocrx_word' id='word_1_800' title='bbox 2258 4421 2475 4493; x_wconf 85' lang='lat' dir='ltr'><strong><em>tandem</em></strong></span> <span class='ocrx_word' id='word_1_801' title='bbox 2523 4422 2769 4493; x_wconf 85' lang='lat' dir='ltr'><strong><em>absoluto</em></strong></span> <span class='ocrx_word' id='word_1_802' title='bbox 2815 4436 2957 4478; x_wconf 90' lang='lat' dir='ltr'><strong><em>anno</em></strong></span> <span class='ocrx_word' id='word_1_803' title='bbox 2988 4422 3379 4492; x_wconf 88' lang='lat' dir='ltr'><strong><em>persecutionis</em></strong></span> <span class='ocrx_word' id='word_1_804' title='bbox 3406 4438 3541 4487; x_wconf 75' lang='lat' dir='ltr'><strong><em>VIII,</em></strong></span> 
     </span>
    </p>
   </div>
   <div class='ocr_carea' id='block_1_121' title="bbox 1951 4492 3556 4562">
    <p class='ocr_par' dir='ltr' id='par_1_121' title="bbox 1951 4492 3556 4562">
     <span class='ocr_line' id='line_1_125' title="bbox 1951 4492 3556 4562; baseline 0.004 -15"><span class='ocrx_word' id='word_1_805' title='bbox 1951 4494 2169 4549; x_wconf 88' lang='lat' dir='ltr'><strong><em>ineunte</em></strong></span> <span class='ocrx_word' id='word_1_806' title='bbox 2215 4508 2301 4559; x_wconf 68' lang='grc' dir='ltr'><strong><em>ιχ,</em></strong></span> <span class='ocrx_word' id='word_1_807' title='bbox 2334 4492 2571 4562; x_wconf 88' lang='lat' dir='ltr'><strong><em>edictum</em></strong></span> <span class='ocrx_word' id='word_1_808' title='bbox 2599 4492 2828 4559; x_wconf 89' lang='lat' dir='ltr'><strong><em>Galerii,</em></strong></span> <span class='ocrx_word' id='word_1_809' title='bbox 2858 4509 2965 4562; x_wconf 93' lang='lat' dir='ltr'><strong><em>quo</em></strong></span> <span class='ocrx_word' id='word_1_810' title='bbox 2994 4492 3299 4562; x_wconf 86' lang='lat' dir='ltr'><strong><em>persecutio</em></strong></span> <span class='ocrx_word' id='word_1_811' title='bbox 3330 4495 3556 4562; x_wconf 86' lang='lat' dir='ltr'><strong><em>penitus-</em></strong></span> 
     </span>
    </p>
   </div>
   <div class='ocr_carea' id='block_1_122' title="bbox 1950 4561 3544 4633">
    <p class='ocr_par' dir='ltr' id='par_1_122' title="bbox 1950 4561 3544 4633">
     <span class='ocr_line' id='line_1_126' title="bbox 1950 4561 3544 4633; baseline 0.001 -15"><span class='ocrx_word' id='word_1_812' title='bbox 1950 4566 2216 4631; x_wconf 82' lang='lat' dir='ltr'><strong><em>extincta,</em></strong></span> <span class='ocrx_word' id='word_1_813' title='bbox 2262 4563 2401 4633; x_wconf 89' lang='lat' dir='ltr'><strong><em>inter</em></strong></span> <span class='ocrx_word' id='word_1_814' title='bbox 2444 4561 2551 4618; x_wconf 81' lang='lat' dir='ltr'><strong><em>kal.</em></strong></span> <span class='ocrx_word' id='word_1_815' title='bbox 2593 4564 2815 4619; x_wconf 88' lang='lat' dir='ltr'><strong><em>martias</em></strong></span> <span class='ocrx_word' id='word_1_816' title='bbox 2838 4561 3030 4633; x_wconf 84' lang='lat' dir='ltr'><strong><em>quibus</em></strong></span> <span class='ocrx_word' id='word_1_817' title='bbox 3086 4580 3159 4618; x_wconf 77' lang='lat' dir='ltr'><strong><em>xx</em></strong></span> <span class='ocrx_word' id='word_1_818' title='bbox 3215 4565 3544 4619; x_wconf 89' lang='lat' dir='ltr'><strong><em>tribunitiam</em></strong></span> 
     </span>
    </p>
   </div>
   <div class='ocr_carea' id='block_1_123' title="bbox 1949 4632 3546 4705">
    <p class='ocr_par' dir='ltr' id='par_1_123' title="bbox 1949 4632 3546 4705">
     <span class='ocr_line' id='line_1_127' title="bbox 1949 4632 3546 4705; baseline 0.003 -18"><span class='ocrx_word' id='word_1_819' title='bbox 1949 4644 2270 4702; x_wconf 88' lang='lat' dir='ltr'><strong><em>potestatem</em></strong></span> <span class='ocrx_word' id='word_1_820' title='bbox 2299 4632 2678 4702; x_wconf 85' lang='lat' dir='ltr'><strong><em>inchoaverat,</em></strong></span> <span class='ocrx_word' id='word_1_821' title='bbox 2722 4643 2777 4691; x_wconf 91' lang='lat' dir='ltr'><strong><em>ct</em></strong></span> <span class='ocrx_word' id='word_1_822' title='bbox 2813 4632 2982 4705; x_wconf 87' lang='lat' dir='ltr'><strong><em>pridie</em></strong></span> <span class='ocrx_word' id='word_1_823' title='bbox 3009 4633 3117 4690; x_wconf 88' lang='lat' dir='ltr'><strong><em>kal.</em></strong></span> <span class='ocrx_word' id='word_1_824' title='bbox 3157 4636 3358 4699; x_wconf 89' lang='lat' dir='ltr'><strong><em>maias,</em></strong></span> <span class='ocrx_word' id='word_1_825' title='bbox 3400 4636 3546 4705; x_wconf 87' lang='lat' dir='ltr'><strong><em>quod</em></strong></span> 
     </span>
    </p>
   </div>
   <div class='ocr_carea' id='block_1_124' title="bbox 1946 4705 3538 4779">
    <p class='ocr_par' dir='ltr' id='par_1_124' title="bbox 1946 4705 3538 4779">
     <span class='ocr_line' id='line_1_128' title="bbox 1946 4705 3538 4779; baseline 0.001 -19"><span class='ocrx_word' id='word_1_826' title='bbox 1946 4705 2273 4779; x_wconf 74' lang='lat' dir='ltr'><strong><em>Nicomedize</em></strong></span> <span class='ocrx_word' id='word_1_827' title='bbox 2298 4705 2430 4779; x_wconf 71' lang='lat' dir='ltr'><strong><em>dicit</em></strong></span> <span class='ocrx_word' id='word_1_828' title='bbox 2455 4708 2784 4779; x_wconf 56' lang='lat' dir='ltr'><strong><em>propositum</em></strong></span> <span class='ocrx_word' id='word_1_829' title='bbox 2816 4706 2981 4779; x_wconf 79' lang='lat' dir='ltr'><strong><em>fuisse</em></strong></span> <span class='ocrx_word' id='word_1_830' title='bbox 3022 4706 3353 4779; x_wconf 81' lang='lat' dir='ltr'><strong><em>Lactantius)</em></strong></span> <span class='ocrx_word' id='word_1_831' title='bbox 3390 4706 3538 4763; x_wconf 88' lang='lat' dir='ltr'><strong><em>Dod-</em></strong></span> 
     </span>
    </p>
   </div>
   <div class='ocr_carea' id='block_1_125' title="bbox 1946 4775 3033 4848">
    <p class='ocr_par' dir='ltr' id='par_1_125' title="bbox 1946 4775 3033 4848">
     <span class='ocr_line' id='line_1_129' title="bbox 1946 4775 3033 4848; baseline 0.001 -18"><span class='ocrx_word' id='word_1_832' title='bbox 1946 4776 2122 4848; x_wconf 80' lang='lat' dir='ltr'><strong><em>wellus</em></strong></span> <span class='ocrx_word' id='word_1_833' title='bbox 2153 4776 2293 4848; x_wconf 87' lang='lat' dir='ltr'><strong><em>Diss.</em></strong></span> <span class='ocrx_word' id='word_1_834' title='bbox 2321 4775 2567 4848; x_wconf 81' lang='lat' dir='ltr'><strong><em>Cyprian.</em></strong></span> <span class='ocrx_word' id='word_1_835' title='bbox 2592 4776 2677 4831; x_wconf 84' lang='lat' dir='ltr'><strong><em>XI</em></strong></span> <span class='ocrx_word' id='word_1_836' title='bbox 2694 4822 2709 4840; x_wconf 82' lang='grc'>,</span> <span class='ocrx_word' id='word_1_837' title='bbox 2739 4794 2882 4832; x_wconf 87' lang='lat' dir='ltr'><strong><em>num.</em></strong></span> <span class='ocrx_word' id='word_1_838' title='bbox 2916 4778 3033 4847; x_wconf 75' lang='lat'><strong><em>82).</em></strong></span> 
     </span>
    </p>
   </div>
   <div class='ocr_carea' id='block_1_126' title="bbox 2018 4846 3431 4920">
    <p class='ocr_par' dir='ltr' id='par_1_126' title="bbox 2018 4846 3431 4920">
     <span class='ocr_line' id='line_1_130' title="bbox 2018 4846 3431 4920; baseline -0.001 -18"><span class='ocrx_word' id='word_1_839' title='bbox 2018 4846 2167 4920; x_wconf 60' lang='lat' dir='ltr'><strong><em>ipso.</em></strong></span> <span class='ocrx_word' id='word_1_840' title='bbox 2208 4846 2414 4920; x_wconf 79' lang='lat' dir='ltr'><strong><em>Nempe</em></strong></span> <span class='ocrx_word' id='word_1_841' title='bbox 2433 4847 2653 4920; x_wconf 73' lang='lat' dir='ltr'><strong><em>Galerio</em></strong></span> <span class='ocrx_word' id='word_1_842' title='bbox 2676 4846 3105 4920; x_wconf 28' lang='lat' dir='ltr'><strong><em>Maximianotln</em></strong></span> <span class='ocrx_word' id='word_1_843' title='bbox 3139 4864 3267 4913; x_wconf 88' lang='lat' dir='ltr'><strong><em>ms.,</em></strong></span> <span class='ocrx_word' id='word_1_844' title='bbox 3295 4851 3431 4920; x_wconf 88' lang='lat' dir='ltr'><strong><em>ipsa.</em></strong></span> 
     </span>
    </p>
   </div>
   <div class='ocr_carea' id='block_1_127' title="bbox 2019 4916 3541 4995">
    <p class='ocr_par' dir='ltr' id='par_1_127' title="bbox 2019 4916 3541 4995">
     <span class='ocr_line' id='line_1_131' title="bbox 2019 4916 3541 4995; baseline 0.003 -23"><span class='ocrx_word' id='word_1_845' title='bbox 2019 4917 2145 4995; x_wconf 65' lang='lat' dir='ltr'><strong><em>ipso</em></strong></span> <span class='ocrx_word' id='word_1_846' title='bbox 2175 4916 2435 4995; x_wconf 36' lang='lat' dir='ltr'><strong><em>octiesgt</em></strong></span> <span class='ocrx_word' id='word_1_847' title='bbox 2462 4918 2746 4995; x_wconf 60' lang='lat' dir='ltr'><strong><em>diua-immo</em></strong></span> <span class='ocrx_word' id='word_1_848' title='bbox 2779 4916 3328 4995; x_wconf 56' lang='lat' dir='ltr'><strong><em>iterumﬂonsulibus;</em></strong></span> <span class='ocrx_word' id='word_1_849' title='bbox 3366 4920 3541 4995; x_wconf 76' lang='lat' dir='ltr'><strong><em>Anno</em></strong></span> 
     </span>
    </p>
   </div>
   <div class='ocr_carea' id='block_1_128' title="bbox 1945 4988 3268 5055">
    <p class='ocr_par' dir='ltr' id='par_1_128' title="bbox 1945 4988 3268 5055">
     <span class='ocr_line' id='line_1_132' title="bbox 1945 4988 3268 5055; baseline 0.002 -11"><span class='ocrx_word' id='word_1_850' title='bbox 1945 4989 2152 5044; x_wconf 87' lang='lat' dir='ltr'><strong><em>scilicet</em></strong></span> <span class='ocrx_word' id='word_1_851' title='bbox 2173 4989 2267 5044; x_wconf 81' lang='grc'>511</span> <span class='ocrx_word' id='word_1_852' title='bbox 2296 5029 2312 5053; x_wconf 86' lang='grc'><em>,</em></span> <span class='ocrx_word' id='word_1_853' title='bbox 2343 4988 2661 5055; x_wconf 77' lang='lat' dir='ltr'><strong><em>Maximino;</em></strong></span> <span class='ocrx_word' id='word_1_854' title='bbox 2692 4990 2743 5043; x_wconf 92' lang='lat' dir='ltr'><strong><em>in</em></strong></span> <span class='ocrx_word' id='word_1_855' title='bbox 2772 5004 2898 5052; x_wconf 91' lang='lat' dir='ltr'><strong><em>ms.,</em></strong></span> <span class='ocrx_word' id='word_1_856' title='bbox 2930 4989 3268 5047; x_wconf 75' lang='lat' dir='ltr'><strong><em>Maximiano.</em></strong></span> 
     </span>
    </p>
   </div>
   <div class='ocr_carea' id='block_1_129' title="bbox 2018 5059 2952 5126">
    <p class='ocr_par' dir='ltr' id='par_1_129' title="bbox 2018 5059 2952 5126">
     <span class='ocr_line' id='line_1_133' title="bbox 2018 5059 2952 5126; baseline -0.001 -13"><span class='ocrx_word' id='word_1_857' title='bbox 2018 5059 2069 5113; x_wconf 85' lang='grc' dir='ltr'><em>Ε</em></span> <span class='ocrx_word' id='word_1_858' title='bbox 2091 5060 2345 5113; x_wconf 86' lang='lat' dir='ltr'><strong><em>custodia.</em></strong></span> <span class='ocrx_word' id='word_1_859' title='bbox 2379 5059 2436 5114; x_wconf 89' lang='lat' dir='ltr'><strong><em>In</em></strong></span> <span class='ocrx_word' id='word_1_860' title='bbox 2473 5074 2600 5126; x_wconf 91' lang='lat' dir='ltr'><strong><em>ms.,</em></strong></span> <span class='ocrx_word' id='word_1_861' title='bbox 2631 5070 2679 5115; x_wconf 90' lang='lat' dir='ltr'><strong><em>et</em></strong></span> <span class='ocrx_word' id='word_1_862' title='bbox 2698 5060 2952 5115; x_wconf 87' lang='lat' dir='ltr'><strong><em>custodia.</em></strong></span> 
     </span>
    </p>
   </div>
   <div class='ocr_carea' id='block_1_130' title="bbox 2016 5129 2574 5200">
    <p class='ocr_par' dir='ltr' id='par_1_130' title="bbox 2016 5129 2574 5200">
     <span class='ocr_line' id='line_1_134' title="bbox 2016 5129 2574 5200; baseline 0.004 -16"><span class='ocrx_word' id='word_1_863' title='bbox 2016 5129 2220 5185; x_wconf 85' lang='lat' dir='ltr'><strong><em>Fuerit.</em></strong></span> <span class='ocrx_word' id='word_1_864' title='bbox 2246 5130 2345 5185; x_wconf 86' lang='lat' dir='ltr'><strong><em>Vel</em></strong></span> <span class='ocrx_word' id='word_1_865' title='bbox 2375 5132 2574 5200; x_wconf 77' lang='lat' dir='ltr'><strong><em>fuisset.</em></strong></span> 
     </span>
    </p>
   </div>
   <div class='ocr_carea' id='block_1_131' title="bbox 2015 5220 3538 5294">
    <p class='ocr_par' dir='ltr' id='par_1_131' title="bbox 2015 5220 3538 5294">
     <span class='ocr_line' id='line_1_135' title="bbox 2015 5220 3538 5294; baseline 0.003 -19"><span class='ocrx_word' id='word_1_866' title='bbox 2015 5222 2084 5294; x_wconf 72' lang='grc' dir='ltr'><strong><em>ιιι</em></strong></span> <span class='ocrx_word' id='word_1_867' title='bbox 2110 5238 2287 5294; x_wconf 84' lang='lat' dir='ltr'><strong><em>manu.</em></strong></span> <span class='ocrx_word' id='word_1_868' title='bbox 2305 5220 2422 5294; x_wconf 63' lang='grc' dir='ltr'><strong><em>Δ1)ιό</em></strong></span> <span class='ocrx_word' id='word_1_869' title='bbox 2442 5222 2496 5294; x_wconf 81' lang='lat' dir='ltr'><strong><em>in</em></strong></span> <span class='ocrx_word' id='word_1_870' title='bbox 2522 5238 2752 5294; x_wconf 81' lang='lat' dir='ltr'><strong><em>manum,</em></strong></span> <span class='ocrx_word' id='word_1_871' title='bbox 2783 5224 2838 5277; x_wconf 90' lang='lat' dir='ltr'><strong><em>in</em></strong></span> <span class='ocrx_word' id='word_1_872' title='bbox 2864 5232 3017 5278; x_wconf 85' lang='lat' dir='ltr'><strong><em>sexto</em></strong></span> <span class='ocrx_word' id='word_1_873' title='bbox 3037 5236 3164 5276; x_wconf 84' lang='lat' dir='ltr'><strong><em>casu</em></strong></span> <span class='ocrx_word' id='word_1_874' title='bbox 3191 5240 3290 5292; x_wconf 87' lang='lat' dir='ltr'><strong><em>pro</em></strong></span> <span class='ocrx_word' id='word_1_875' title='bbox 3311 5234 3538 5294; x_wconf 86' lang='lat' dir='ltr'><strong><em>quarto:</em></strong></span> 
     </span>
    </p>
   </div>
   <div class='ocr_carea' id='block_1_132' title="bbox 1942 5291 3544 5366">
    <p class='ocr_par' dir='ltr' id='par_1_132' title="bbox 1942 5291 3544 5366">
     <span class='ocr_line' id='line_1_136' title="bbox 1942 5291 3544 5366; baseline 0.002 -19"><span class='ocrx_word' id='word_1_876' title='bbox 1942 5292 2079 5348; x_wconf 88' lang='lat' dir='ltr'><strong><em>infra</em></strong></span> <span class='ocrx_word' id='word_1_877' title='bbox 2110 5307 2228 5362; x_wconf 88' lang='lat' dir='ltr'><strong><em>cap.</em></strong></span> <span class='ocrx_word' id='word_1_878' title='bbox 2260 5291 2364 5366; x_wconf 74' lang='lat'><strong><em>39,</em></strong></span> <span class='ocrx_word' id='word_1_879' title='bbox 2396 5292 2736 5366; x_wconf 88' lang='lat' dir='ltr'><strong><em>sub_initi_um</em></strong></span> <span class='ocrx_word' id='word_1_880' title='bbox 2760 5333 2775 5356; x_wconf 95' lang='lat'><strong><em>,</em></strong></span> <span class='ocrx_word' id='word_1_881' title='bbox 2821 5294 2876 5366; x_wconf 83' lang='lat' dir='ltr'><strong><em>in</em></strong></span> <span class='ocrx_word' id='word_1_882' title='bbox 2913 5291 3242 5366; x_wconf 84' lang='lat' dir='ltr'><strong><em>matrimonio</em></strong></span> <span class='ocrx_word' id='word_1_883' title='bbox 3273 5291 3544 5366; x_wconf 83' lang='lat' dir='ltr'><strong><em>postulat;</em></strong></span> 
     </span>
    </p>
   </div>
   <div class='ocr_carea' id='block_1_133' title="bbox 1942 5363 3537 5433">
    <p class='ocr_par' dir='ltr' id='par_1_133' title="bbox 1942 5363 3537 5433">
     <span class='ocr_line' id='line_1_137' title="bbox 1942 5363 3537 5433; baseline 0.002 -14"><span class='ocrx_word' id='word_1_884' title='bbox 1942 5374 1997 5419; x_wconf 89' lang='lat' dir='ltr'><strong><em>et</em></strong></span> <span class='ocrx_word' id='word_1_885' title='bbox 2026 5379 2170 5431; x_wconf 73' lang='lat' dir='ltr'><strong><em>saepe</em></strong></span> <span class='ocrx_word' id='word_1_886' title='bbox 2196 5363 2336 5432; x_wconf 90' lang='lat' dir='ltr'><strong><em>apud</em></strong></span> <span class='ocrx_word' id='word_1_887' title='bbox 2363 5363 2610 5419; x_wconf 90' lang='lat' dir='ltr'><strong><em>eumdem</em></strong></span> <span class='ocrx_word' id='word_1_888' title='bbox 2639 5363 3007 5430; x_wconf 88' lang='lat' dir='ltr'><strong><em>Lactantium;</em></strong></span> <span class='ocrx_word' id='word_1_889' title='bbox 3037 5365 3134 5420; x_wconf 90' lang='lat' dir='ltr'><strong><em>lib.</em></strong></span> <span class='ocrx_word' id='word_1_890' title='bbox 3179 5363 3413 5433; x_wconf 35' lang='lat' dir='ltr'><strong><em>nt,’cap.</em></strong></span> <span class='ocrx_word' id='word_1_891' title='bbox 3462 5369 3496 5422; x_wconf 75' lang='grc'><strong>5</strong></span> <span class='ocrx_word' id='word_1_892' title='bbox 3523 5386 3537 5421; x_wconf 91' lang='lat'><strong>:</strong></span> 
     </span>
    </p>
   </div>
   <div class='ocr_carea' id='block_1_134' title="bbox 1944 5435 3539 5504">
    <p class='ocr_par' dir='ltr' id='par_1_134' title="bbox 1944 5435 3539 5504">
     <span class='ocr_line' id='line_1_138' title="bbox 1944 5435 3539 5504; baseline 0.002 -16"><span class='ocrx_word' id='word_1_893' title='bbox 1944 5435 2076 5500; x_wconf 71' lang='lat' dir='ltr'><strong><em>Quae</em></strong></span> <span class='ocrx_word' id='word_1_894' title='bbox 2099 5436 2152 5489; x_wconf 91' lang='lat' dir='ltr'><strong><em>in</em></strong></span> <span class='ocrx_word' id='word_1_895' title='bbox 2172 5450 2343 5488; x_wconf 89' lang='lat' dir='ltr'><strong><em>rerum</em></strong></span> <span class='ocrx_word' id='word_1_896' title='bbox 2362 5442 2549 5487; x_wconf 87' lang='lat' dir='ltr'><strong><em>natura</em></strong></span> <span class='ocrx_word' id='word_1_897' title='bbox 2582 5435 2805 5501; x_wconf 86' lang='lat' dir='ltr'><strong><em>cadunt;</em></strong></span> <span class='ocrx_word' id='word_1_898' title='bbox 2835 5435 2928 5490; x_wconf 88' lang='lat' dir='ltr'><strong><em>lib.</em></strong></span> <span class='ocrx_word' id='word_1_899' title='bbox 2962 5452 3036 5499; x_wconf 87' lang='lat' dir='ltr'><strong><em>tv,</em></strong></span> <span class='ocrx_word' id='word_1_900' title='bbox 3057 5450 3176 5504; x_wconf 85' lang='lat' dir='ltr'><strong><em>cap.</em></strong></span> <span class='ocrx_word' id='word_1_901' title='bbox 3212 5438 3316 5493; x_wconf 80' lang='lat' dir='ltr'><strong><em>l7:</em></strong></span> <span class='ocrx_word' id='word_1_902' title='bbox 3350 5436 3419 5491; x_wconf 87' lang='lat' dir='ltr'><strong><em>In</em></strong></span> <span class='ocrx_word' id='word_1_903' title='bbox 3438 5448 3539 5492; x_wconf 86' lang='lat' dir='ltr'><strong><em>ter-</em></strong></span> 
     </span>
    </p>
   </div>
   <div class='ocr_carea' id='block_1_135' title="bbox 1940 5506 3530 5578">
    <p class='ocr_par' dir='ltr' id='par_1_135' title="bbox 1940 5506 3530 5578">
     <span class='ocr_line' id='line_1_139' title="bbox 1940 5506 3530 5578; baseline 0.001 -19"><span class='ocrx_word' id='word_1_904' title='bbox 1940 5522 2002 5578; x_wconf 72' lang='lat' dir='ltr'><strong><em>ra</em></strong></span> <span class='ocrx_word' id='word_1_905' title='bbox 2028 5516 2134 5561; x_wconf 87' lang='lat' dir='ltr'><strong><em>toto</em></strong></span> <span class='ocrx_word' id='word_1_906' title='bbox 2154 5515 2202 5560; x_wconf 91' lang='lat' dir='ltr'><strong><em>et</em></strong></span> <span class='ocrx_word' id='word_1_907' title='bbox 2228 5520 2445 5578; x_wconf 86' lang='lat' dir='ltr'><strong><em>corpore</em></strong></span> <span class='ocrx_word' id='word_1_908' title='bbox 2476 5514 2524 5559; x_wconf 91' lang='lat' dir='ltr'><strong><em>et</em></strong></span> <span class='ocrx_word' id='word_1_909' title='bbox 2550 5522 2638 5560; x_wconf 89' lang='lat' dir='ltr'><strong><em>ore</em></strong></span> <span class='ocrx_word' id='word_1_910' title='bbox 2665 5508 2950 5578; x_wconf 87' lang='lat' dir='ltr'><strong><em>projectum</em></strong></span> <span class='ocrx_word' id='word_1_911' title='bbox 2966 5524 2987 5575; x_wconf 89' lang='grc'><em>;</em></span> <span class='ocrx_word' id='word_1_912' title='bbox 3015 5507 3112 5563; x_wconf 89' lang='lat' dir='ltr'><strong><em>lib.</em></strong></span> <span class='ocrx_word' id='word_1_913' title='bbox 3145 5506 3214 5563; x_wconf 88' lang='lat' dir='ltr'><strong><em>de</em></strong></span> <span class='ocrx_word' id='word_1_914' title='bbox 3241 5506 3383 5577; x_wconf 84' lang='lat' dir='ltr'><strong><em>Opif.</em></strong></span> <span class='ocrx_word' id='word_1_915' title='bbox 3411 5522 3530 5577; x_wconf 88' lang='lat' dir='ltr'><strong><em>cap.</em></strong></span> 
     </span>
    </p>
   </div>
   <div class='ocr_carea' id='block_1_136' title="bbox 1940 5576 2803 5646">
    <p class='ocr_par' dir='ltr' id='par_1_136' title="bbox 1940 5576 2803 5646">
     <span class='ocr_line' id='line_1_140' title="bbox 1940 5576 2803 5646; baseline 0.006 -18"><span class='ocrx_word' id='word_1_916' title='bbox 1940 5576 2004 5644; x_wconf 82' lang='grc'><strong><em>2,</em></strong></span> <span class='ocrx_word' id='word_1_917' title='bbox 2028 5578 2082 5630; x_wconf 89' lang='lat' dir='ltr'><strong><em>in</em></strong></span> <span class='ocrx_word' id='word_1_918' title='bbox 2108 5594 2165 5629; x_wconf 92' lang='lat' dir='ltr'><strong><em>ea</em></strong></span> <span class='ocrx_word' id='word_1_919' title='bbox 2191 5586 2309 5630; x_wconf 87' lang='lat' dir='ltr'><strong><em>sunt</em></strong></span> <span class='ocrx_word' id='word_1_920' title='bbox 2331 5576 2555 5646; x_wconf 88' lang='lat' dir='ltr'><strong><em>relegata</em></strong></span> <span class='ocrx_word' id='word_1_921' title='bbox 2577 5576 2803 5646; x_wconf 77' lang='lat' dir='ltr'><strong><em>regione.</em></strong></span> 
     </span>
    </p>
   </div>
   <div class='ocr_carea' id='block_1_137' title="bbox 2014 5647 3528 5717">
    <p class='ocr_par' dir='ltr' id='par_1_137' title="bbox 2014 5647 3528 5717">
     <span class='ocr_line' id='line_1_141' title="bbox 2014 5647 3528 5717; baseline -0.001 -16"><span class='ocrx_word' id='word_1_922' title='bbox 2014 5647 2243 5702; x_wconf 76' lang='lat' dir='ltr'><strong><em>Membra</em></strong></span> <span class='ocrx_word' id='word_1_923' title='bbox 2269 5648 2570 5717; x_wconf 82' lang='lat' dir='ltr'><strong><em>deﬂuerent.</em></strong></span> <span class='ocrx_word' id='word_1_924' title='bbox 2612 5647 2865 5704; x_wconf 88' lang='lat' dir='ltr'><strong><em>Nonnulli</em></strong></span> <span class='ocrx_word' id='word_1_925' title='bbox 2902 5648 3159 5706; x_wconf 87' lang='lat' dir='ltr'><strong><em>mallent.</em></strong></span> <span class='ocrx_word' id='word_1_926' title='bbox 3204 5647 3528 5716; x_wconf 74' lang='lat' dir='ltr'><strong><em>diffluerent,</em></strong></span> 
     </span>
    </p>
   </div>
   <div class='ocr_carea' id='block_1_138' title="bbox 1944 5719 3532 5787">
    <p class='ocr_par' dir='ltr' id='par_1_138' title="bbox 1944 5719 3532 5787">
     <span class='ocr_line' id='line_1_142' title="bbox 1944 5719 3532 5787; baseline 0.002 -18"><span class='ocrx_word' id='word_1_927' title='bbox 1944 5726 2002 5770; x_wconf 88' lang='lat' dir='ltr'><strong><em>ut</em></strong></span> <span class='ocrx_word' id='word_1_928' title='bbox 2031 5729 2114 5772; x_wconf 83' lang='lat' dir='ltr'><strong><em>est.</em></strong></span> <span class='ocrx_word' id='word_1_929' title='bbox 2142 5719 2234 5771; x_wconf 89' lang='lat' dir='ltr'><strong><em>lib.</em></strong></span> <span class='ocrx_word' id='word_1_930' title='bbox 2279 5719 2481 5773; x_wconf 82' lang='lat' dir='ltr'><strong><em>tttDiv.</em></strong></span> <span class='ocrx_word' id='word_1_931' title='bbox 2511 5719 2741 5774; x_wconf 91' lang='lat' dir='ltr'><strong><em>lnstitut.</em></strong></span> <span class='ocrx_word' id='word_1_932' title='bbox 2771 5736 2893 5787; x_wconf 88' lang='lat' dir='ltr'><strong><em>cap.</em></strong></span> <span class='ocrx_word' id='word_1_933' title='bbox 2926 5721 2989 5786; x_wconf 86' lang='grc'>1,</span> <span class='ocrx_word' id='word_1_934' title='bbox 3022 5728 3321 5785; x_wconf 84' lang='lat' dir='ltr'><strong><em>corruptum</em></strong></span> <span class='ocrx_word' id='word_1_935' title='bbox 3354 5732 3532 5772; x_wconf 85' lang='lat' dir='ltr'><strong><em>vanes-</em></strong></span> 
     </span>
    </p>
   </div>
   <div class='ocr_carea' id='block_1_139' title="bbox 1938 5787 3531 5862">
    <p class='ocr_par' dir='ltr' id='par_1_139' title="bbox 1938 5787 3531 5862">
     <span class='ocr_line' id='line_1_143' title="bbox 1938 5787 3531 5862; baseline 0.003 -23"><span class='ocrx_word' id='word_1_936' title='bbox 1938 5789 2039 5856; x_wconf 86' lang='lat' dir='ltr'><strong><em>cit,</em></strong></span> <span class='ocrx_word' id='word_1_937' title='bbox 2078 5806 2137 5843; x_wconf 90' lang='lat' dir='ltr'><strong><em>ac</em></strong></span> <span class='ocrx_word' id='word_1_938' title='bbox 2160 5789 2374 5857; x_wconf 74' lang='lat' dir='ltr'><strong><em>(li/ﬂuit;</em></strong></span> <span class='ocrx_word' id='word_1_939' title='bbox 2400 5800 2453 5845; x_wconf 86' lang='lat' dir='ltr'><strong><em>ct</em></strong></span> <span class='ocrx_word' id='word_1_940' title='bbox 2478 5805 2595 5862; x_wconf 80' lang='lat' dir='ltr'><strong><em>cap.</em></strong></span> <span class='ocrx_word' id='word_1_941' title='bbox 2627 5790 2698 5847; x_wconf 73' lang='lat'><strong><em>20</em></strong></span> <span class='ocrx_word' id='word_1_942' title='bbox 2726 5808 2739 5845; x_wconf 84' lang='lat'><strong>:</strong></span> <span class='ocrx_word' id='word_1_943' title='bbox 2770 5790 2969 5859; x_wconf 84' lang='lat' dir='ltr'><strong><em>Corpus</em></strong></span> <span class='ocrx_word' id='word_1_944' title='bbox 2998 5789 3232 5845; x_wconf 84' lang='lat' dir='ltr'><strong><em>relictum</em></strong></span> <span class='ocrx_word' id='word_1_945' title='bbox 3258 5787 3320 5841; x_wconf 85' lang='lat' dir='ltr'><strong><em>ab</em></strong></span> <span class='ocrx_word' id='word_1_946' title='bbox 3341 5788 3531 5843; x_wconf 69' lang='lat' dir='ltr'><strong><em>anima,</em></strong></span> 
     </span>
    </p>
   </div>
  </div>
