4058 6188
459 247 564 307 251

1321 245 1509 303 FIRM.
1549 243 1918 304 LACTANTII
1953 247 2086 304 LIB.
2126 246 2218 304 DE
2255 245 2467 306 MOBT.
2507 245 2889 306 PERSECUT.

3647 249 3759 307 232

460 360 534 417 sis
562 362 802 434 ejusdem
823 403 838 429 ,
869 377 992 420 cum
1034 361 1214 418 futura
1255 371 1438 418 essent
1475 361 1772 419 vicennalia
1798 361 2051 421 Kalendis
2080 363 2135 426 A
2158 379 2272 420 rus.
2304 362 2508 434 Quibus
2546 379 2788 422 annuens
2811 406 2825 432 ,
2855 379 2996 424 novo
3037 380 3192 424 more
3229 368 3541 424 sacerdotes
3583 371 3757 428 maxi-

464 446 665 514 Martiis
692 455 1144 528 impendentibus.

753 533 762 537 ’
1126 537 1377 601 xxxvr

532 641 649 708 Quo
665 641 850 696 nuntio
873 639 1190 695 Maximinus
1213 641 1419 707 audito,
1443 641 1717 712 dispositis
1744 642 1811 698 ab
1827 642 2056 698 Oriente

462 733 708 790 cursibus
736 732 1060 805 pervolavit,
1095 742 1152 787 ut
1181 733 1486 804 provincias
1507 742 1796 803 occuparet
1821 774 1835 798 ,
1865 748 1928 789 ac
1961 733 2056 789 Li-

464 825 605 880 cinio
635 833 910 889 morante,
964 824 1143 880 omnia
1189 824 1291 878 sibi
1323 840 1494 895 usque
1515 823 1581 879 ad
1608 825 1801 880 fretum
1830 823 2056 881 Chalce-

467 915 686 973 donium
705 916 1023 972 vindicaret.
1051 913 1432 988 Ingressusque
1455 917 1794 990 Bithyniam,
1822 933 1929 988 quo
1957 918 2058 974 sibi

466 1009 533 1065 ad
558 1023 794 1081 praesens
817 1010 1050 1065 favorem
1077 1009 1422 1076 conciliaret,
1449 1026 1572 1064 cum
1597 1026 1787 1082 magna
1818 1011 2058 1065 nuntium

469 1103 654 1160 laetitia
676 1105 910 1162 sustollit
929 1122 1174 1164 censum.
1203 1107 1480 1162 Discordia
1505 1109 1645 1162 inter
1671 1108 1861 1164 ambos
1887 1108 2061 1177 impe-

468 1205 678 1253 ratores
697 1238 712 1263 ,
741 1213 802 1252 ac
825 1214 962 1268 pene
983 1197 1203 1253 bellum.
1239 1183 1488 1254 Diversas
1518 1199 1660 1269 ripas
1689 1200 1878 1253 armati
1913 1208 2064 1254 tene-

469 1289 619 1344 bant.
648 1290 754 1345 Sed
778 1290 1174 1346 eonditionibus
1202 1291 1365 1346 certis
1385 1306 1488 1360 pax
1514 1300 1569 1347 et
1588 1291 1821 1346 amicitia
1843 1305 2063 1360 compo-

471 1381 639 1445 nitur,
663 1381 790 1436 etin
823 1381 941 1452 ipso
961 1381 1104 1436 freto
1128 1381 1307 1436 foedus
1336 1379 1425 1450 lit,
1452 1396 1514 1436 ac
1540 1381 1778 1436 dextera:
1800 1381 2062 1450 copulan-

471 1481 575 1526 tur.
606 1471 763 1527 lledit
802 1470 891 1527 ille
938 1487 1179 1539 securus,
1225 1482 1280 1528 et
1327 1469 1387 1527 ﬁt
1434 1473 1607 1543 qualis
1655 1473 1707 1527 in
1749 1473 1900 1544 Syria
1925 1483 1979 1528 et
2008 1473 2060 1528 in

472 1562 708 1635 Egyplo
737 1561 854 1619 fuit.
875 1563 930 1619 ln
957 1565 1143 1635 primis
1166 1565 1548 1636 indulgentiam
1567 1564 1888 1620 Christianis
1910 1580 2062 1620 com-

471 1654 621 1710 muni
645 1656 795 1711 titulo
817 1656 994 1710 datam
1027 1656 1184 1723 tollit,
1217 1656 1525 1712 subornatis
1545 1657 1900 1728 legationibus
1930 1657 2063 1712 civi-

2157 470 2275 511 tnos
2303 471 2399 524 per
2426 455 2666 527 singulas
2705 457 2953 514 civitates
3006 457 3247 530 singulos
3301 474 3367 514 ex
3424 460 3752 530 primoribus

2159 547 2283 604 fecit
2305 588 2322 615 ,
2355 548 2444 619 qui
2473 559 2528 604 et
2547 548 2808 604 sacriﬁcia
2836 565 2930 620 per
2952 564 3142 606 omnes
3167 549 3301 606 deos
3342 565 3471 607 suos
3515 552 3758 623 quotidie

2159 641 2428 708 iacerent,
2452 650 2505 696 et
2543 652 2782 698 veterum
2808 641 3149 706 sacerdotum
3178 642 3481 698 ministerio
3513 643 3754 713 subnixi,

2159 735 2352 792 darent
2378 751 2597 806 operam
2619 777 2636 802 ,
2664 734 2956 792 Christiani
2985 751 3161 806 neque
3203 735 3552 802 iabricarent,
3580 753 3759 809 neque

2160 828 2508 897 publiceaut
2561 826 2806 899 privatim
2852 827 3142 884 colerent:
3187 827 3284 882 sed
3329 829 3759 898 comprehensos

2161 933 2259 974 suo
2283 918 2406 988 jure
2433 919 2500 974 ad
2530 918 2792 975 sacriﬁcia
2819 929 3104 991 cogerent,
3149 921 3232 976 vel
3275 919 3548 990 judicibus
3589 921 3764 976 offer-

2162 1022 2301 1068 rent.
2327 1013 2628 1084 Parumque
2659 1013 2761 1068 hoc
2783 1013 2914 1078 fuit,
2941 1013 3043 1069 nisi
3073 1013 3233 1068 etiam
3261 1015 3557 1082 provinciis
3583 1031 3650 1070 ex
3679 1017 3764 1072 al-

2165 1105 2298 1160 tiore
2323 1105 2597 1176 dignitatis
2621 1105 2788 1176 gradu
2817 1105 3057 1176 singulos
3077 1107 3231 1175 quasi
3255 1106 3543 1162 Pontiﬁces
3570 1124 3768 1177 super-

2164 1205 2420 1267 poneret;
2449 1206 2504 1252 et
2531 1212 2626 1252 eos
2653 1206 2909 1266 utrosque
2929 1196 3175 1252 candidis
3199 1197 3576 1269 chlamydibus
3602 1216 3766 1256 orna-

2165 1298 2245 1344 tos
2268 1289 2718 1359 jussitincedere.
2749 1288 2951 1344 Facere
2979 1301 3158 1344 autem
3187 1290 3442 1359 parabat,
3473 1306 3594 1360 qua:
3615 1293 3766 1361 jam-

2163 1382 2363 1439 dudum
2393 1385 2446 1439 in
2491 1384 2728 1440 Orientis
2774 1384 3014 1455 partibus
3060 1385 3280 1442 iecerat.
3313 1386 3446 1442 Nam
3486 1403 3608 1441 cum
3651 1388 3769 1443 cle-

2164 1482 2424 1533 mentiam
2451 1479 2634 1548 specie
2658 1487 2813 1534 tenus
2840 1481 3209 1549 proﬁteretur,
3241 1480 3416 1536 occidi
3445 1495 3633 1537 servos
3666 1481 3768 1536 Dei

2162 1572 2361 1638 vetuit,
2384 1569 2650 1627 debilitari
2669 1571 2849 1641 jussit.
2883 1572 3065 1642 Itaque
3102 1571 3506 1644 conlessoribus
3532 1572 3756 1627 el‘l'ndie-

2165 1661 2358 1718 bantur
2387 1663 2525 1718 oculi
2544 1705 2559 1730 ,
2583 1665 2997 1733 amputabantur
3020 1679 3212 1719 manus
3233 1705 3248 1729 ,
3279 1664 3446 1734 pedes
3469 1663 3770 1720 detrunca-

473 1755 658 1815 tatam,
694 1763 810 1817 quae
840 1757 1106 1820 peterent,
1121 1765 1188 1804 ne
1220 1751 1356 1804 intra
1375 1751 1618 1806 civitates
1648 1765 1773 1805 suas
1795 1751 2054 1807 Christia-
2081 1751 2132 1812 B
2158 1755 2371 1825 bantur,
2398 1773 2554 1814 nares
2573 1763 2654 1813 vel
2679 1759 2931 1816 auricula;
2947 1759 3355 1815 desecabamur,
3438 1777 3459 1793 ο

473 1832 559 1894 nis
593 1841 969 1896 conventicula
1000 1850 1250 1897 extruere
1293 1842 1498 1908 liceret,
1548 1852 1605 1897 ut
1644 1859 1804 1900 suasu
1851 1857 2071 1905 coactus

473 1941 528 1990 ct
556 1932 814 2007 ini‘pulsus
836 1933 1011 1991 facere
1039 1933 1333 2004 videretur,
1364 1935 1508 2008 quod
1538 1945 1655 1993 erat
1682 1947 1875 2009 sponte
1901 1938 2074 1996 lactu-

2847 1849 3108 1906 XXXVII.

2251 1942 2379 2000 Hznc
2404 1942 2494 2000 ille
2532 1943 2799 2009 moliens,
2823 1942 3158 2000 Constantini
3203 1943 3400 2000 litteris
3445 1943 3778 2000 deterretur.

1839 2069 2201 2134 VARIORUM
2239 2076 2475 2134 NOTAE.

476 2217 672 2294 diﬂluit.
705 2217 1003 2292 Utrobique
1027 2219 1082 2275 in
1107 2233 1239 2275 mss.
1271 2233 1382 2274 rec.
1415 2226 1469 2273 et
1504 2215 1754 2273 omnibus
1781 2213 1893 2273 fere
1915 2216 2071 2271 editis

479 2297 563 2350 est
589 2295 789 2350 deﬂuit.

553 2296 854 2418 5375mm
887 2361 1135 2428 ejusdem.
1162 2361 1296 2418 Cum
1329 2359 1420 2415 hic
1441 2367 1568 2414 ante
1589 2357 1779 2413 mensis
1801 2357 1856 2414 in
1879 2373 1979 2412 ms.
2005 2359 2077 2414 sit

478 2451 704 2491 vacuum
727 2436 953 2490 duarum
975 2433 1234 2488 duntaxat
1259 2433 1555 2486 litterarum
1589 2429 1842 2497 spatium.
1872 2430 2073 2485 nullam

479 2507 636 2562 aliam
664 2521 852 2562 vocent
883 2504 1212 2560 substituere
1239 2516 1396 2572 posse
1430 2500 1634 2556 credidi
1674 2513 1833 2568 quam
1855 2498 1954 2572 _ld.
1979 2516 2075 2568 pro

479 2577 660 2632 Idibus
686 2577 886 2632 mensis
915 2575 1160 2644 ejusdem
1196 2570 1319 2629 m'aii
1342 2614 1356 2637 ,
1387 2587 1493 2639 quo
1527 2570 1902 2644 mense___maio
1932 2572 2074 2644 obiit

479 2649 724 2704 Galerius
770 2647 896 2702 anni
945 2641 1070 2702 aera:
1119 2646 1365 2716 Vulgaris
1410 2645 1536 2716 διι.
1565 2671 1636 2682 -—
1692 2641 2074 2716 Nicomediae...

479 2721 666 2774 mensis
693 2721 941 2792 ejuidem.
967 2717 1029 2792 In,
1045 2733 1148 2773 ms.
1176 2711 1367 2787 legitur
1395 2733 1412 2792 ξ
1436 2715 1460 2768 1
1471 2715 1600 2782 dque
1615 2712 1872 2792 cognitum
1906 2711 2074 2792 Nico-

480 2792 662 2858 media:
695 2784 878 2844 mensis
906 2789 1141 2858 quidem,
1173 2784 1326 2858 quam
1382 2788 1555 2857 futura
1603 2791 1766 2839 essent
1796 2784 2077 2838 vicennalia

481 2857 574 2917 Kl.
607 2859 745 2915 Mar.
771 2857 1197 2931 impendentibus.
1227 2860 1355 2914 llus.

553 2932 803 2987 Kalendis
830 2925 1036 2986 martiis
1069 2928 1490 3001 impendentibus.
1530 2925 1750 2983 Scilicet
1797 2925 2073 2994 sequentis

481 3006 606 3058 anni
633 3004 759 3060 512.

554 3075 891 3130 Maximinus.
921 3071 979 3128 In
1005 3085 1104 3127 ms.
1136 3071 1506 3126 Maximianus.

554 3146 866 3200 Pervolavit.
898 3133 1198 3199 Heumann.
1259 3141 1386 3212 legit
1438 3139 1737 3212 provolavit,
1773 3137 2067 3212 qtriagapud

481 3217 690 3272 Livium
719 3215 930 3287 legitur,
962 3216 1178 3285 infensis
1200 3207 2069 3287 hastishpr'ovolanlduofabii.—

482 3281 795 3342 l’ervalavit:
820 3281 1334 3356 Iieumfprovolavit.
1362 3283 1504 3356 Bene
1525 3323 1550 3356 ,_
1567 3283 1664 3356 nisi
1690 3281 1963 3350 pervolavit
1989 3281 2071 3356 in-

480 3359 622 3413 dicat
668 3357 994 3429 diligentiam
1040 3353 1093 3429 in
1134 3355 1484 3429 accelerando
1528 3353 1751 3429 itinere,
1786 3360 1969 3429 ut_p_er
2014 3353 2068 3406 in

479 3419 794 3498 compositis
814 3437 975 3498 auget
1004 3427 1111 3481 vim
1136 3426 1286 3498 .verbi
1320 3443 1332 3478 :
1364 3424 1505 3498 unde
1527 3424 1792 3492 interpres
1830 3419 1993 3491 Gall,
2018 3439 2070 3477 se

479 3495 644 3572 τεὴρἷ
664 3517 722 3554 en
751 3495 996 3572 diligence
1024 3500 1151 3553 dans
1172 3495 1408 3572 rogum.
1427 3495 1559 3572 Buri.

552 3571 764 3626 Fretum
803 3563 1220 3626 Cbalcedonium.
1253 3567 1308 3624 ld
1352 3573 1463 3631 est,
1509 3563 1848 3633 Bosphorum
1892 3563 2066 3618 Thra-

478 3644 642 3705 cium,
674 3642 760 3697 cui
789 3643 1000 3712 adjacet
1025 3643 1077 3695 in
1102 3636 1699 3712 Bithynia‘Cltalcedon.

550 3704 637 3767 Ad
661 3704 902 3784 prasen}.
934 3704 1243 3767 Lactantius
1273 3711 1469 3784 Instit.,
1499 3710 1534 3762 l.
1567 3724 1658 3784 vn,
1685 3705 1841 3784 (εκ-(ξε
1871 3704 1938 3758 Et
1957 3723 2071 3784 qtae

478 3786 585 3839 alia
614 3773 714 3838 non
737 3785 835 3839 nisi
856 3786 926 3837 ad
959 3795 1181 3856 prirsens
1205 3783 1369 3837 valent
1393 3798 1410 3845 ;
1433 3773 1553 3848 cap.
1587 3780 1652 3834 10
1686 3795 1698 3830 :
1743 3773 1875 3828 Vitia
1899 3773 2071 3856 omnia

480 3855 780 3926 temporalia
807 3865 926 3909 sunt
948 3850 1055 3918 iud
1100 3868 1319 3926 praesens
1363 3858 1919 3926 commoventurmap.
1957 3850 2066 3926 15:

483 3919 727 3993 Quamvis
761 3925 830 3979 ad
856 3939 1077 3996 praesens
1100 3919 1354 3996 'virtutem
1384 3921 1497 3996 _Dei
1524 3919 1807 3996 hominibus
1838 3921 2068 3972 ostende-

478 3986 589 4063 92¢,-
630 3996 765 4051 libro
799 3986 866 4051 de
904 3993 988 4050 Ira
1039 3995 1155 4062 Dei,
1205 4007 1324 4063 cap.
1380 3992 1454 4046 22
1505 4007 1518 4044 :
1568 3987 1690 4044 Non
1737 3986 1804 4040 ad
1850 4001 2070 4057 Ρνίεδεηε

479 4068 693 4122 noxium
714 4081 964 4137 quemque
988 4066 1153 4138 punit.
1176 4063 1414 4119 COLUMB.

550 4133 811 4194 Sustollit.
843 4133 1107 4207 Heumagn.
1139 4137 1263 4207 legit
1290 4133 1517 4188 sustulit.

549 4208 842 4266 Discordia.
857 4208 994 4275 'Ms.,
1027 4205 1371 4264 Discordiam.

552 4279 714 4338 Pene.
737 4279 798 4338 In
821 4296 947 4346 ms.,
979 4297 1130 4353 pena,
1165 4279 1324 4353 male.

553 4353 794 4409 Diversus
839 4348 999 4426 ripas.
1028 4353 1084 4408 Id
1115 4361 1218 4426 est,
1250 4349 1581 4426 liittgra‘l'reti
1605 4348 1978 4426 Chalcedonii.
2003 4382 2073 4392 —

479 4425 720 4480 Diversus
750 4420 909 4495 ripas.
939 4423 1147 4479 Littera
1175 4422 1293 4495 f_r_cti
1315 4420 1890 4495 ACltalced‘oniiarmati
1921 4432 2072 4495 tene-

480 4497 611 4553 bant
633 4513 647 4563 ;
673 4496 726 4566 in
758 4491 1021 4566 Bithyniae
1046 4509 1140 4549 ora
1189 4493 1532 4560 Maximiani,
1558 4492 1612 4547 iu
1634 4491 1902 4560 Tltracire,
1935 4492 2074 4549 Lici-

481 4569 650 4624 niani.
685 4565 854 4622 CELL.

551 4637 770 4692 Armati.
801 4635 860 4691 ln
880 4647 1010 4702 ms.,
1035 4644 1254 4690 armata.

480 4773 481 4776 η
551 4706 730 4764 Freto.
753 4710 808 4762 In
832 4719 961 4769 ms.,
989 4707 1141 4777 fretu.

552 4780 706 4836 Redit
734 4779 840 4833 ille.
884 4776 1103 4834 Scilicet
1128 4776 1466 4832 Maximinus.

554 4851 819 4906 Communi
850 4851 1019 4904 titulo.
1043 4849 1119 4904 Ita
1149 4847 1436 4918 legendum
1465 4862 1587 4904 esse
1617 4857 1840 4903 censent
1868 4848 2074 4906 doctis-

483 4921 606 4977 simi
630 4921 733 4974 viri
758 4920 1060 4976 Cotelerius
1084 4963 1098 4984 ,
1127 4918 1383 4990 Cangins,
1414 4919 1658 4990 Cuperus
1680 4929 1733 4974 et
1757 4920 2073 4976 Columbus.

485 4992 724 5062 Respicit
753 4992 898 5047 enim
920 4991 1227 5047 Lactantius
1253 4989 1319 5046 ad
1360 4989 1808 5046 Cons’titntionem
1851 4993 2075 5059 editam,

487 5079 607 5134 cap.
642 5079 828 5135 xxxiv,
854 5078 974 5135 quae
997 5077 1093 5132 pro
1123 5076 1274 5135 mor_e
1303 5072 1414 5135 tum
1436 5070 1655 5135 recepto
1685 5064 1940 5135 inscripta
1961 5073 2080 5120 erat

490 5131 796 5190 nominibus
848 5131 1154 5188 Maximiani
1219 5132 1420 5188 Galerii
1474 5143 1530 5189 et
1570 5131 1869 5188 Maximini
1897 5135 2076 5202 Dazze,

487 5207 542 5263 id
572 5213 674 5268 est,
699 5205 954 5258 communi
982 5205 1151 5258 titulo.
1181 5203 1236 5258 In
1269 5218 1372 5260 ms.
1401 5214 1485 5259 est
1510 5213 1765 5273 corrupte
1791 5207 1968 5260 tutelo.

491 5348 535 5406 Ε
560 5276 922 5400 Cpnventicutu
959 5284 1193 5330 extruere
1243 5275 1431 5329 liceret.
1465 5274 1847 5344 Conventicula,
1889 5276 1941 5331 id
1971 5283 2077 5342 est,

540 5363 598 5404 cc
623 5362 783 5402 esms.

540 5362 783 5404 ccresras.

566 5418 637 5474 Ut
665 5431 820 5471 suasu
858 5424 1064 5469 coactus
1109 5424 1155 5470 et
1183 5417 1435 5486 impulsus
1483 5419 1652 5487 facere
1697 5418 1974 5472 videretur.
2003 5418 2081 5472 Ita

492 5505 597 5549 ms.
625 5490 789 5544 Recte
810 5487 1051 5558 quidem,
1079 5496 1139 5541 ut
1164 5498 1310 5558 puto.
1345 5488 1512 5543 Suasit
1540 5503 1571 5542 a
1599 5492 1804 5543 suadeo.
1849 5487 2083 5542 Suadere

494 5575 674 5619 autem
707 5560 889 5629 legem,
916 5567 998 5629 est
1018 5557 1390 5611 communibus
1419 5557 1684 5629 snﬂragiis
1712 5559 1983 5628 postulare
2009 5560 2082 5614 le-

497 5648 644 5706 gem.
674 5628 884 5706 Gallice
931 5628 1193 5691 dicerem,
1243 5637 1412 5696 porter
1473 5628 1698 5682 tout’son
1739 5629 1968 5706 stt/fruge
1994 5646 2083 5683 sur

495 5700 599 5759 ine
628 5702 718 5756 loi.
741 5700 942 5770 Itaque,
973 5709 1027 5750 ut
1066 5713 1223 5752 suasu
1265 5710 1622 5770 coactustest
1671 5704 1823 5769 quasi
1856 5702 2076 5766 diceret,

507 5789 699 5829 eamme
717 5787 750 5841 ν
771 5768 924 5842 ayant
943 5771 1021 5826 été
1042 5772 1184 5841 porte
1219 5783 1311 5840 par
1339 5770 1408 5825 les
1429 5768 1676 5843 su/frages
1693 5768 1766 5826 de
1809 5781 1965 5828 toutes
2012 5772 2080 5826 les

2177 2215 2319 2288 villas
2339 2218 2426 2288 qui
2447 2217 2944 2288 demandaienteette
2965 2218 3056 2272 loi.

2251 2287 2299 2340 Μ
2312 2286 2530 2344 aximos.
2558 2287 2613 2342 In
2641 2303 2767 2351 ms.,
2795 2286 3076 2342 Maximus.

2249 2357 2408 2414 Deos.
2437 2360 2492 2414 In
2521 2375 2646 2422 ms.,
2676 2359 2814 2432 dos:
2841 2359 2978 2432 forte
3008 2359 3168 2414 etiam
3215 2359 3395 2414 domos
3445 2376 3564 2414 suas
3587 2401 3603 2425 ,
3635 2362 3788 2432 quod

2177 2431 2378 2485 bonum
2403 2445 2617 2486 sensum
2648 2430 2830 2484 eﬂicit.
2865 2430 3033 2500 Elige.

2254 2500 2358 2557 Per
2377 2518 2549 2556 omnes
2573 2502 2692 2555 deos
2722 2517 2862 2554 suos.
2892 2502 2945 2555 Id
2962 2499 3055 2556 est
3077 2515 3174 2571 per
3194 2501 3371 2556 omnia
3393 2499 3620 2556 deorum
3649 2519 3752 2558 suo
3768 2533 3786 2544 -

2179 2589 2296 2628 runt
2334 2574 2550 2642 templa,
2576 2589 2670 2627 seu
2702 2572 2753 2625 in
2780 2573 3029 2626 omnibus
3059 2571 3291 2640 templis.

2260 2643 2500 2699 Subnixi.
2532 2643 2588 2698 In
2618 2659 2743 2704 ms.,
2775 2644 3007 2698 subnerci.
3037 2673 3107 2684 -—
3129 2642 3416 2697 Ministerio
3440 2642 3663 2697 subnixi.
3702 2643 3790 2699 Ex

2184 2729 2335 2771 more
2382 2715 2680 2780 Lactantii,
2714 2715 2807 2768 lib.
2857 2730 2908 2768 Iv
2940 2713 3093 2780 Inst.,
3141 2728 3262 2784 cap.
3308 2709 3791 2769 iozluridietioue

2181 2788 2386 2841 subnixi
2407 2804 2428 2852 ;
2470 2788 2560 2841 lib.
2612 2803 2688 2849 tv,
2741 2801 2860 2854 cap.
2889 2785 2956 2840 10
2985 2802 2996 2838 :
3025 2783 3284 2839 Potestate
3321 2783 3596 2838 subnixum
3631 2802 3649 2850 ;
3684 2787 3786 2839 lib.

2181 2874 2235 2924 v,
2265 2873 2383 2926 cap.
2419 2863 2454 2914 ti
2484 2876 2497 2912 :
2529 2857 2834 2912 Gladim-mn
2867 2866 3112 2926 potestate
3131 2857 3354 2926 subnixi.
3389 2856 3520 2910 BDN.

2252 2925 2448 2983 Darent
2491 2944 2718 2999 operam,
2759 2925 3041 2981 Christiani
3085 2942 3243 2997 neque
3273 2925 3605 2999 fabricarent.
3636 2926 3787 2980 Sub-

2181 3001 2507 3055 audiendum
2528 2998 2609 3053 ut.
2655 2998 2847 3053 Vellent
2878 3003 3091 3069 faceres,
3120 3009 3215 3066 pro
3237 2998 3416 3051 vellem
3462 3007 3520 3050 ut
3561 2998 3784 3069 faceres.

2181 3073 2347 3140 Quam
2375 3073 2555 3126 vellem
2593 3071 2730 3124 domi
2753 3068 3045 3140 mansisses,
3071 3085 3168 3140 pro
3195 3069 3412 3140 utidomi
3436 3068 3737 3121 nmnsisses.

2243 3143 2500 3198 Colerent.
2552 3142 2763 3196 Mallem
2810 3157 2934 3196 cum
2993 3139 3185 3207 Galea,
3231 3139 3431 3194 Critico
3480 3153 3781 3210 anonymo,

2171 3213 2515 3275 IIenmanno.
2546 3213 2760 3267 coirent.
2796 3212 2932 3266 BUN.

2242 3283 2664 3354 Comprehensos.
2723 3285 2779 3339 In
2804 3299 2929 3349 ms.,
2960 3281 3377 3352 comprehensus.

2246 3359 2512 3426 Cogerent.
2549 3357 2604 3410 In
2634 3369 2763 3422 ms.,
2796 3365 3012 3425 cogeret.

2245 3423 2440 3482 Parum
2483 3428 2578 3480 hoc
2629 3429 2745 3496 fuit,
2790 3423 2888 3479 nisi
2932 3426 3102 3479 etiam.
3131 3423 3211 3478 En
3244 3423 3506 3479 Lactantii
3551 3424 3781 3492 stylum,

2171 3497 2262 3554 lib.
2294 3516 2334 3564 ι,
2363 3513 2482 3564 cap.
2512 3498 2576 3552 10
2607 3495 2635 3550 :7
2656 3497 2849 3550 I’urum
2898 3497 3159 3551 videbatur
3202 3497 3296 3548 nisi
3325 3496 3513 3559 etiam;
3573 3495 3666 3548 Itis.
3721 3511 3782 3559 v,

2171 3583 2290 3636 cap.
2325 3569 2395 3624 9:
2424 3564 2620 3622 Parum
2645 3569 2893 3622 habent...
2925 3570 3026 3621 nisi
3059 3564 3248 3632 etiam;
3281 3567 3374 3622 lib.
3405 3580 3477 3619 vn
3499 3609 3514 3633 ,
3543 3580 3662 3636 cap.
3700 3566 3734 3620 3
3769 3585 3783 3619 :

2171 3638 2242 3694 Et
2269 3645 2362 3695 hoc
2392 3656 2573 3710 parum
2592 3648 2729 3693 est...
2751 3639 2847 3692 nisi
2867 3640 3037 3692 etiam.
3057 3639 3189 3694 Bait.

2245 3733 2646 3803 Superponeret.
2697 3729 2812 3785 Ilnc
2838 3731 3096 3796 verbum,
3126 3729 3297 3799 inquit
3325 3726 3638 3803 Columbus,
3669 3728 3788 3803 fre-3

2172 3800 2580 3874 quentissitnum
2613 3804 2705 3857 illo
2726 3818 2874 3874 arvo;
2899 3803 3046 3856 addit
3084 3815 3376 3874 occurrere
3421 3800 3580 3853 etiam
3634 3800 3782 3874 apud

2171 3867 2459 3930 Minucium
2491 3875 2746 3930 Felicem.
2791 3872 3098 3927 Lactantius
3148 3871 3262 3941 ipse
3314 3870 3408 3924 lib.
3432 3884 3503 3941 tt,
3549 3884 3669 3938 cap.
3703 3867 3785 3925 2:

2176 3947 2314 4013 Quid
2334 3946 2584 4012 capitibus
2614 3946 2788 4000 vestris
2817 3956 3000 3998 terram
3031 3939 3374 4010 superponitis
3392 3941 3417 3995 Ρ
3438 3939 3568 4013 Bt'af.

2243 4011 2491 4073 Candidis
2531 4015 2906 4086 chlamydibus,
2955 4025 3058 4069 etc.
3091 4014 3310 4086 Scilicet
3329 4011 3781 4086 candidicolpris

2173 4099 2352 4145 vestes
2380 4089 2673 4144 induebant
2704 4081 3038 4153 sacerdotes,
3079 4083 3319 4152 exceptis
3343 4083 3441 4148 iis,
3469 4083 3558 4151 qui
3593 4081 3788 4153 inferis

2174 4161 2560 4230 cperabantur,
2585 4160 2662 4214 uti
2690 4149 3033 4230 notissimum
3057 4164 3160 4210 est.
3199 4149 3264 4209 Et
3294 4149 3659 4230 sic_in_sp_ecie
3687 4149 3790 4207 do-

2175 4222 2261 4287 cet
2284 4222 2574 4304 Porphyr.,
2601 4246 2672 4295 tv,
2692 4229 2759 4304 Ili
2791 4228 2858 4282 de
2885 4228 3041 4304 Abst.
3071 4231 3337 4304 προφήςςς
3359 4223 3507 4304 Jovis
3538 4224 3588 4276 in
3619 4222 3786 4279 Creta

2176 4317 2303 4356 usos
2333 4293 2762 4369 esse'ejt'tsmodi
2811 4293 3198 4369 vestimenti'f.’
3219 4296 3402 4369 Silius,
3433 4293 3622 4369 lib._rtt
3643 4335 3659 4360 ,
3693 4310 3754 4348 sa
3775 4324 3789 4335 -

2176 4373 2381 4430 cerdoti
2411 4365 2595 4429 vestem
2623 4373 2820 4426 niveam
2852 4370 3037 4425 tribuit
3071 4387 3084 4432 ;
3113 4366 3319 4420 Plinius
3349 4365 3636 4420 Druidibus
3656 4382 3788 4418 can-

2099 4445 2152 4509 D
2178 4445 2374 4511 didam,
2400 4445 2492 4498 lib.
2521 4459 2630 4507 xvr,
2663 4459 2714 4500 c.
2745 4443 2866 4506 ult.,
2895 4451 2948 4495 et
2977 4439 3236 4512 Apuleius
3265 4436 3567 4512 A_ntistibus
3592 4451 3786 4490 sacro-

2178 4530 2296 4571 rum
2361 4506 2642 4569 candidum
2702 4515 2992 4578 linteamen,
3025 4506 3139 4564 ’lib.
3195 4524 3253 4563 tt.
3285 4506 3487 4563 CUPER.

2223 4589 2381 4653 .Quaz
2401 4587 2730 4658 jamdudum.
2757 4584 2911 4652 Quod
2950 4581 3265 4637 adverbium
3316 4578 3468 4634 deesr
3496 4577 3550 4632 in
3582 4578 3778 4648 priscis

2181 4658 2372 4724 editis;
2397 4659 2590 4730 legitur
2605 4668 2784 4712 autem
2808 4659 2861 4710 in
2891 4669 2994 4710 ms.

2250 4752 2577 4808 Clementiam
2593 4753 2760 4822 specie
2784 4761 2955 4822 tenus.
2984 4747 3126 4822 Nihil
3153 4744 3487 4822 frequentius
3513 4743 3599 4800 his
3621 4746 3789 4822 voci-

2180 4823 2280 4878 bus
2293 4825 2369 4878 sic
2392 4823 2592 4892 junctis
2614 4817 2756 4891 apud
2780 4821 3115 4876 Lactantium
3134 4824 3164 4883 ;'
3185 4833 3285 4873 nec
3313 4819 3529 4880 attinet,
3558 4817 3786 4892 opinor,

2179 4888 2505 4949 exscribere.
2538 4888 2682 4951 Inter
2703 4903 2806 4946 tant
2828 4894 2970 4947 varia
3015 4901 3198 4945 autem
3246 4904 3434 4959 genua
3465 4888 3790 4942 crudelitatis

2179 4965 2313 5019 illud
2344 4965 2618 5033 pessimum
2657 4981 2814 5033 genus
2856 4974 2951 5030 est,
2982 4962 3064 5016 cui
3092 4961 3371 5014 clementia:
3413 4959 3605 5033 species
3646 4960 3790 5033 [also

2183 5028 2439 5109 blanditur
2460 5051 2479 5088 :
2497 5035 2586 5109 ille
2612 5028 2840 5109 gravior,
2872 5028 2959 5109 ille
2983 5033 3162 5088 swvior
3198 5041 3273 5109 est
3300 5028 3552 5109 carniljeag,
3577 5030 3667 5109 qui
3689 5045 3792 5082 ne-

2182 5107 2366 5161 minem
2397 5107 2575 5161 statuit
2611 5099 2859 5161 occidere.
2906 5104 3180 5169 Lactatlt.,
3213 5103 3308 5158 lib.
3343 5117 3373 5157 v
3418 5101 3593 5156 Divin.
3622 5099 3786 5167 Inst.,

2181 5193 2300 5247 cap.
2336 5178 2424 5242 11.

2257 5271 2524 5325 Debititari
2543 5267 2802 5341 jussit._ld
2836 5276 2952 5341 est,
3017 5267 3276 5341 mutilari,
3313 5263 3780 5341 quemadmodum

2189 5345 2288 5404 illi.
2307 5342 2456 5397 verbi
2489 5337 2680 5412 gratia,
2710 5338 3083 5412 Cnttlessores,
3111 5337 3588 5412 quibuscanden-ti
3614 5339 3788 5412 terra,

2184 5413 2432 5470 debilitati
2470 5407 2671 5483 fuerunt
2723 5411 2914 5465 sinistri
2979 5407 3215 5483 peplites.
3264 5409 3397 5483 V_ide
3465 5407 3786 5483 Eusebium,

2184 5487 2278 5541 lib.
2308 5498 2423 5550 vm,
2455 5478 2574 5553 cap.
2606 5482 2695 5549 12,
2728 5494 2779 5537 et
2828 5483 2921 5536 lib.
2953 5478 3068 5536 res
3119 5481 3237 5535 Vita
3269 5478 3630 5553 Constantini,
3658 5492 3785 5546 cap.

2185 5556 2278 5622 58,
2308 5555 2396 5609 ubi
2431 5556 2480 5610 in
2509 5551 2956 5622 Interpretatirme
2995 5553 3187 5606 Valesii
3235 5551 3447 5620 irrepsit
3482 5562 3577 5619 per
3623 5563 3787 5604 ενι-οη

2184 5643 2300 5683 rem
2337 5641 2530 5680 nomen
2562 5625 2765 5689 Licinii,
2794 5639 2891 5692 pro
2919 5626 3134 5678 nomine
3166 5623 3458 5676 Maximini.

2259 5697 2484 5751 Litteris.
2519 5697 2576 5752 In
2606 5711 2730 5757 ms.,
2765 5691 2975 5749 litteras.
3023 5694 3099 5748 De
3127 5694 3208 5746 his
3237 5695 3433 5749 litteris
3459 5691 3580 5746 vide
3614 5691 3790 5748 Euse-

2185 5769 2354 5834 bium,
2385 5768 2586 5826 llistor.
2621 5768 2855 5834 Eccles,
2890 5767 2982 5822 lib.
3014 5781 3088 5833 rx,
3117 5779 3235 5835 cap.
3267 5765 3321 5818 9.
