4058 6188
265 256 371 315 253

1382 252 1478 310 AD
1518 250 1848 310 DONATUM
1885 252 2410 314 CONFESSOBEII.

3434 264 3543 322 εει

262 367 609 428 Dissimulavit
625 381 773 439 ergo.
808 367 875 423 Et
912 374 1090 427 tamen
1137 367 1184 423 si
1224 366 1342 437 quis
1369 366 1660 440 inciderat,
1707 366 1840 425 mari
1868 370 1922 428 Α
1947 365 2065 424 sine
2085 366 2295 426 delectu
2315 409 2332 436 ,
2364 370 2482 429 sine
2509 370 2704 440 modo;
2735 388 2899 446 quum
2927 375 3189 435 satellites
3218 376 3536 447 universos,

259 463 451 521 occulte
497 462 858 530 mergebatur.
905 458 1365 517 Consuetudinem
1426 476 1641 531 quoque
1686 474 1839 515 suam

260 572 359 621 non
383 554 690 619 intermisit,
714 562 771 607 ut
797 550 851 606 in
883 551 1085 622 palatio
1109 566 1208 621 per
1232 551 1471 622 singulos
1500 550 1615 607 dies
1639 549 1842 605 sacrifi-

258 658 477 705 caretur.
501 647 568 701 Et
590 646 692 701 hoc
712 646 916 716 primus
936 645 1250 709 invenerat,
1277 654 1335 700 ut
1360 642 1612 703 animalia
1636 644 1838 709 omnia,

255 742 431 815 quibus
457 740 798 802 vescebatur,
823 753 930 793 non
970 753 1002 793 a
1033 738 1241 807 coquis,
1281 736 1375 791 sed
1403 752 1434 791 a
1463 734 1839 791 sacerdotibus

255 834 313 890 ad
335 848 451 888 aras
473 833 905 896 immolarentur,
924 828 1165 901 nihilque
1187 843 1406 899 prorsus
1431 844 1632 885 mensa:
1662 844 1835 899 appo-

256 936 476 992 neretur,
506 925 607 979 nisi
634 933 725 979 aut
742 922 1061 987 delibatum,
1084 931 1177 977 aut
1198 920 1580 987 sacrificatum,
1604 929 1692 974 aut
1714 935 1839 991 per-

254 1022 412 1077 fusum
443 1034 632 1084 mero;
666 1027 725 1073 ut
751 1018 997 1089 quisquis
1031 1015 1100 1071 ad
1148 1030 1358 1072 coenam
1403 1023 1625 1070 vocatus
1653 1020 1835 1078 esset,

254 1114 547 1185 inquinatus
602 1110 729 1166 inde
768 1118 931 1179 atque
986 1109 1232 1178 impurus
1288 1107 1481 1164 exiret.
1529 1104 1586 1160 ln
1625 1104 1838 1160 c:uteris

253 1220 447 1277 quoque
525 1201 770 1273 magistri
828 1201 913 1257 sui
979 1200 1191 1257 similis.
1261 1198 1394 1255 Nam
1439 1198 1484 1253 si
1527 1196 1655 1267 quid
1706 1197 1839 1253 reli-

254 1298 360 1370 qui,
402 1296 488 1352 vel
523 1293 772 1360 Diocles,
821 1293 907 1350 vel
953 1279 1305 1349 Maximianus
1349 1290 1721 1360 reliquerunt,
1752 1288 1838 1347 hic

251 1388 462 1453 abrasit,
507 1387 627 1442 sine
690 1386 806 1442 ullo
847 1384 1052 1455 pudore
1098 1380 1352 1441 auferens
1398 1382 1599 1437 omnia.
1652 1380 1837 1452 itaque

249 1480 422 1537 horrea
450 1479 786 1550 privatorum
814 1476 1228 1542 claudebantur,
1258 1476 1537 1545 apothecae
1582 1473 1838 1545 obsigna-

248 1573 450 1637 bantur,
480 1571 664 1628 debita
714 1572 768 1626 in
817 1570 1028 1626 futuros
1056 1584 1232 1625 annos
1278 1568 1648 1638 exigebantur.
1701 1566 1838 1622 llinc

247 1667 429 1732 lentes,
476 1665 626 1738 agris
671 1664 999 1730 ferentibus;
1028 1663 1155 1719 hinc
1182 1662 1417 1719 charitas
1448 1658 1704 1717 inaudita.
1735 1652 1838 1716 Ar-

1942 462 2171 528 quoru‘m
2212 476 2469 517 numerus
2497 461 2686 534 ingens
2732 473 2848 521 erat
2873 507 2889 532 ,
2935 468 3189 533 pretiosis
3220 456 3459 526 vestibus
3487 479 3543 528 et

1941 555 2120 611 aureis
2166 558 2400 614 nummis
2448 570 2819 631 expungeret,
2851 566 3111 634 gregariis
3163 575 3219 624 et
3264 570 3543 637 tyronibus

1941 656 2221 718 argentum
2275 649 2460 718 daret,
2491 651 2748 709 barbaros
2793 654 2938 709 omni
2992 671 3194 726 genere
3240 657 3542 729 largitionis

1943 739 2253 798 honoraret.
2286 742 2417 798 Nam
2448 748 2593 820 qgod
2622 747 2916 803 viventium
2948 748 3085 804 bona
3116 751 3197 806 vel
3223 752 3538 822 auferebat,

1942 836 2025 891 vel
2050 833 2194 891 dono
2219 836 2333 892 suis
2359 836 2540 906 dabat,
2571 838 2751 911 [prout
2754 838 2777 912 j
2802 841 3030 912 quisque
3074 844 3302 914 petierat
3326 846 3498 900 aliena
3522 887 3539 912 ,

1940 928 2125 985 nescio
2148 943 2214 982 an
2230 927 2386 1002 [non]
2399 931 2633 1001 agendas
2660 931 2738 987 illi
2760 932 2924 989 fuisse
2951 936 3152 1004 gratias
3176 937 3541 1008 putem,qnod

1941 1036 2092 1077 more
2121 1021 2465 1077 clementium
2490 1023 2758 1080 latronum
2786 1024 3068 1082 incruenta
3093 1027 3264 1100 spolia
3287 1027 3542 1086 detrahe-

1939 1113 2051 1171 bat.

2598 1231 2889 1290 XXXVlll.

2010 1365 2147 1421 Illud
2171 1380 2300 1421 vero
2329 1364 2587 1437 capitale,
2631 1370 2686 1421 et
2710 1382 2870 1437 supra
2897 1382 3085 1424 omnes
3104 1409 3118 1436 ,
3154 1369 3242 1439 qui
3271 1368 3488 1423 fuerunt
3513 1411 3531 1438 ,

1938 1456 2321 1530 corrumpendi
2352 1456 2633 1529 cupiditas,
2660 1459 2788 1531 quid
2820 1454 2996 1515 dicam
3025 1460 3228 1529 nescio,
3258 1461 3359 1516 nisi
3387 1476 3531 1517 ca-ca

1938 1560 1994 1607 et
2012 1546 2329 1615 ,ell‘raenata,
2362 1559 2416 1605 et
2463 1562 2644 1606 tamen
2674 1551 2756 1606 his
2790 1552 2971 1607 verbis
2999 1553 3227 1625 exprimi
3272 1570 3368 1624 pro
3394 1554 3537 1609 indi-

1936 1643 2191 1716 gnatione
2217 1660 2313 1699 sua
2338 1659 2443 1699 non
2487 1652 2683 1716 potest.
2723 1644 2905 1700 Vincit
2935 1645 3167 1702 officium
3198 1646 3391 1719 lingua:
3419 1664 3539 1705 sce-

246 1734 539 1816 memomu;
566 1774 632 1815 ac
674 1773 929 1829 pecorum
957 1772 1150 1829 greges
1198 1773 1266 1813 εχ
1312 1756 1456 1825 agris
1484 1755 1831 1826 περίειηιηιωε
1861 1756 1911 1818 Β
1941 1737 2068 1792 leris
2097 1734 2426 1808 magnitudo.
2456 1736 2721 1804 Eunuchi,
2756 1737 2978 1793 lenones
3005 1740 3388 1794 scrutabantur
3416 1756 3535 1794 om-

244 1855 301 1911 ad
322 1853 582 1911 sacriﬁcia
610 1852 919 1925 quotidiana
937 1894 952 1917 ,
982 1853 1177 1923 quibus
1202 1867 1297 1907 eos
1324 1851 1461 1907 adeo
1488 1857 1824 1918 corruperat,

244 1955 293 2003 ut
326 1954 755 2018 aspernarentur
796 1957 1067 2001 annonam
1092 1984 1109 2009 ,
1153 1952 1210 1999 et
1237 1940 1585 1999 eliundebant
1625 1939 1826 2011 passim

1932 1830 2388 1902 nia.Ubicumque
2405 1829 2677 1884 liberalior
2692 1824 2854 1884 facies
2867 1830 3367 1897 erat,secedendum
3384 1832 3539 1902 patri-

1934 1929 2035 1985 bus
2059 1940 2124 1982 ac
2154 1923 2362 1981 maritis
2389 1920 2502 1978 fuit.
2533 1908 2967 1981 Detrahebantur
2995 1924 3265 1982 nobilibus
3302 1924 3535 1984 loeminis

1566 2070 1930 2132 VARIOBUM
1959 2064 2192 2127 NOTAE.

304 2221 654 2293 Hergebatur.
679 2222 740 2278 In
768 2237 873 2293 m_s.
897 2219 1273 2293 purgabantur.

302 2290 530 2348 Palatio.
573 2290 630 2347 lu
665 2309 767 2348 ms.
802 2290 1086 2346 Palatium.

241 2366 253 2389 ⁷
302 2364 613 2419 Delibatum.
640 2365 768 2418 Erat
807 2364 1065 2433 particula
1095 2375 1265 2416 caena!
1286 2366 1697 2433 paratae,_quam
1723 2353 1824 2433 de-

242 2444 462 2504 cerptam
498 2435 604 2489 diis
632 2426 954 2490 oﬂ‘erebant.
992 2433 1252 2489 Solebant
1279 2426 1461 2486 autem
1490 2426 1641 2484 cibos
1666 2426 1829 2482 etiam

241 2506 412 2562 libare.
442 2507 550 2563 Sil.
584 2506 729 2563 Ital..
750 2507 842 2561 lib.
868 2508 934 2561 7:

260 2507 412 2562 ibure.
442 2507 550 2563 Sil.
584 2507 729 2568 ltal.,
750 2507 842 2561 lib.
868 2508 934 2561 7:

569 2596 786 2646 Primum
805 2596 972 2653 Vestia
993 2594 1209 2653 detersit
1226 2594 1485 2653 honorem,

375 2658 614 2722 l’ndique
638 2666 694 2709 et
717 2660 767 2709 in
790 2650 1132 2721 mediamjccit
1148 2650 1371 2705 libamina
1395 2650 1654 2702 ﬂammam.

239 2763 373 2832 Quod
406 2765 702 2836 Dionysius
730 2764 1113 2836 Halicarn.,}v
1163 2760 1425 2831 Antiquit.
1466 2760 1650 2823 Rom.,
1673 2757 1824 2822 dic-it,

240 2835 503 2890 (lanarum
534 2834 788 2906 primitias
815 2836 997 2890 libare.
1026 2834 1302 2906 Curius.

302 2900 689 2976 Sacrificatnm.
717 2906 832 2971 Est,
860 2906 1000 2977 quod
1023 2921 1089 2977 ex
1122 2904 1334 2958 victima
1364 2900 1467 2956 diis
1486 2900 1665 2977 oblata
1688 2914 1827 2968 prs:-

238 2977 391 3032 cisn'm
420 2972 547 3032 erat
578 2977 633 3032 in
661 2972 953 3045 epulas,'ut
978 2976 1225 3030 solebant
1255 2982 1461 3045 partem
1483 2972 1824 3045 victimarum

237 3062 516 3117 prosecare
541 3058 597 3102 et
625 3038 869 3113 adolere,
920 3057 1124 3117 partem
1178 3038 1518 3100 sacerdotum
1541 3050 1597 3098 et
1616 3041 1828 3097 sacrili—
1854 3038 1901 3102 C

239 3121 461 3174 centium
492 3119 668 3189 epulis
696 3134 995 3175 reservare.
1024 3117 1303 3189 Gumvws.

299 3184 768 3261 Perfusuinmero.
806 3190 1025 3245 Scilicet
1052 3205 1161 3261 quo
1190 3186 1454 3261 solebant
1502 3184 1828 3261 supplicare,

234 3260 356 3316 nthi
386 3254 499 3318 cibi
528 3262 684 3329 quasi
712 3254 1228 3327 sacrarentnr,Quis
1259 3258 1402 3313 enim
1436 3258 1644 3325 ignorat
1675 3254 1829 3329 thure

236 3341 284 3402 et
306 3334 425 3388 vino
447 3326 644 3388 solitos
659 3344 869 3388 veteres
889 3326 1213 3402 supplicare,
1237 3331 1396 3382 etiam
1425 3330 1565 3383 inter
1592 3327 1780 3397 epulas
1806 3326 1828 3378 ?

237 3401 433 3471 llorat.,
471 3420 526 3459 ιν
548 3402 815 3470 Carmin.,
844 3403 901 3470 5,
931 3401 999 3458 de
1027 3402 1272 3471 Augusto
1297 3417 1309 3452 :

475 3494 553 3546 Te
569 3496 752 3544 mensis
773 3494 977 3544 adhibet
994 3494 1162 3543 deum.

478 3557 729 3620 :l'egmulta
754 3569 926 3620 prece,
953 3564 1005 3620 te
1025 3554 1335 3620 prosequitur
1360 3564 1499 3602 mero

472 3617 666 3671 Defuso
690 3617 891 3681 pateris,
914 3617 972 3669 'et
991 3617 1175 3667 laribus
1210 3623 1351 3667 tuum

473 3681 651 3732 Hlscet
670 3694 873 3731 numen.

1477 3738 1750 3794 Gnavws.

303 3833 542 3907 Magistri
562 3834 864 3907 suisimilis.
892 3831 1113 3907 scilicet
1136 3828 1714 3907 Galerii___Maximiani.
1752 3824 1824 3882 Ita

243 3903 411 3974 supra,
440 3922 565 3977 cap.
595 3904 659 3961 2|
690 3905 1059 3975 magnitudinis
1080 3920 1191 3959 sua:
1212 3903 1518 3958 simillimos.

299 3976 522 4032 Reliaui.
553 3977 904 4032 llcumannus
926 3975 1071 4031 delet
1100 3974 1203 4029 hoc
1226 3973 1470 4028 verbum.

348 3988 522 4031 etiaut.
556 3988 904 4031 “CUM'JDHUS
926 3988 1071 4031 αοιει
1101 3988 1203 4029 1100
1226 3988 1470 4028 verbum.

301 3996 522 4047 ιεειηιιιι.
556 3996 904 4032 ucumannus
926 3996 1071 4031 αειθι
1101 3996 1203 4029 HOC
1226 3996 1470 4028 vcruum.

301 4050 594 4116 Apothecw.
626 4047 684 4102 ld
717 4054 819 4111 est,
844 4047 995 4102 cella:
1023 4046 1268 4115 vinariae,
1292 4045 1359 4100 de
1386 4057 1492 4116 qua
1513 4056 1651 4099 voce
1673 4040 1828 4098 Plue-

240 4116 385 4183 drus,
418 4119 516 4175 lib.
549 4135 623 4185 ιν,
655 4117 768 4172 fab.
801 4118 855 4173 ll.

299 4188 501 4244 Debita.
535 4191 801 4245 lleuman.
831 4187 982 4244 addit
1007 4188 1214 4242 tributa.

306 4260 446 4332 Hine
476 4266 640 4332 {ames
660 4303 676 4328 ,
721 4261 862 4331 agris
891 4260 1185 4332 ferentibus.
1214 4256 1290 4332 ita
1317 4271 1422 4312 ms.
1450 4256 1585 4332 nihil
1611 4266 1827 4332 mutan-

244 4329 381 4403 dum.
414 4327 570 4403 Agris
601 4327 906 4403 fei'eritibtts,
940 4329 995 4403 id
1045 4339 1125 4403 est
1150 4370 1165 4392 ,
1216 4330 1332 4383 licet
1354 4331 1500 4403 agris
1528 4327 1823 4403 ferentibus.

242 4399 367 4490 ‘Yide
393 4399 1593 4490 praecedfntiaabr‘as‘it.aberrea‘priratorum
1609 4399 1827 4490 florule-
1849 4429 1904 4490 Ι)

242 4472 437 4539 bantur,
461 4483 568 4529 etc.
595 4474 737 4529 Editi
765 4473 950 4542 legunt
975 4489 1077 4525 non
1109 4472 1386 4542 ferentibus
1408 4513 1422 4538 ,
1455 4472 1633 4525 minus
1664 4472 1819 4525 bene.

240 4544 458 4600 —Hinc
488 4547 649 4614 {ames
672 4585 688 4610 ,
721 4540 859 4613 agris
882 4540 1173 4613 (erunibus.
1206 4540 1308 4597 Alii
1335 4543 1646 4611 corrigunt,
1688 4544 1824 4611 agris

241 4631 333 4686 non
354 4617 633 4686 ferentibus
653 4633 673 4682 ;
691 4616 783 4669 alii
804 4656 818 4681 ,
846 4615 1086 4684 agricolis
1114 4628 1215 4668 non
1259 4615 1553 4686 ferentibus.
1587 4614 1654 4666 Et
1678 4623 1825 4686 reete

241 4680 499 4741 Noti-ius:
535 4680 816 4754 Quamvis,
846 4680 1047 4756 inquit,
1083 4686 1196 4755 agri
1231 4680 1429 4739 multos
1470 4680 1831 4756 [ructusgferJ

241 4765 358 4836 rent
374 4798 389 4822 ,
419 4753 671 4836 [sanitates
701 4768 879 4836 tamen
912 4753 1051 4811 fame
1078 4753 1476 4836 enecabantur;
1503 4757 1626 4826 quia
1658 4753 1826 4809 Maxi-

241 4827 361 4880 mini
402 4830 667 4884 satellites
706 4839 762 4884 et
788 4829 912 4883 vina
940 4837 1163 4893 cuncta,
1195 4836 1254 4883 et
1282 4827 1461 4893 fruges
1504 4842 1694 4880 omnes
1718 4865 1734 4892 ,
1762 4841 1827 4881 ac

240 4911 583 4969 Quacumque
607 4899 723 4969 agri
752 4899 988 4965 ferrent,
1015 4898 1237 4954 immani
1263 4895 1585 4969 crudelitate
1608 4895 1827 4963 aufere-

240 4964 393 5033 bant,
422 4964 576 5042 ut'ea
604 4964 670 5025 iii
689 4970 804 5042 ﬁsci
838 4964 983 5041 pubi.
1015 4969 1243 5042 gratiam
1267 4967 1390 5024 aliis
1432 4968 1487 5023 in
1517 4968 1824 5039 regionibus

241 5040 692 5097 renuntiarentur.
723 5040 858 5098 Butt.

306 5109 669 5192 Arguentorum
687 5151 706 5178 ,
743 5120 850 5192 etc.
876 5112 1012 5192 llaec
1034 5112 1214 5192 omnia
1243 5110 1399 5192 valde
1418 5118 1672 5192 corrupta
1702 5119 1829 5167 sunt

239 5189 347 5253 t_um
377 5182 434 5236 in
462 5196 564 5238 me.
598 5191 712 5237 tum
742 5183 796 5237 in
825 5183 1016 5246 editis,
1048 5184 1123 5241 ita
1151 5193 1210 5238 ut
1236 5182 1323 5237 vix
1352 5182 1577 5253 intelligi
1604 5192 1823 5250 queant.

241 5249 311 5305 Ea
336 5267 465 5307 vero
492 5254 571 5309 sic
601 5253 827 5324 legenda
853 5268 973 5310 esse
999 5255 1200 5311 credidi
1230 5271 1242 5307 :
1273 5249 1707 5308 Armentor'uiuac
1736 5270 1827 5323 pe-
1860 5262 1867 5267 ‘

242 5336 414 5405 eorum
432 5342 606 5405 greges
650 5341 714 5379 ex
736 5326 887 5405 agris
916 5325 1243 5405 rapiebantur
1271 5324 1337 5377 ad
1366 5326 1621 5393 sacriﬁcia
1658 5326 1829 5395 quoti-

243 5395 424 5460 diana,
454 5395 636 5467 quibus
655 5395 852 5467 aulicos
873 5395 998 5450 adeo
1028 5405 1357 5467 corruperat,
1402 5404 1455 5449 ut
1492 5410 1829 5467 aspernaren-

244 5476 321 5518 tur
346 5465 603 5522 annonam
620 5484 641 5532 ;
682 5477 729 5521 et
758 5465 1083 5534 claudebant
1114 5465 1301 5537 passim
1332 5470 1439 5521 sine
1466 5466 1690 5532 delectu,
1723 5468 1831 5525 sine

242 5537 390 5591 modo
411 5579 428 5602 ,
475 5555 585 5594 cum
627 5537 872 5593 satellites
912 5540 1204 5605 universos,
1235 5550 1450 5607 quorum
1479 5554 1717 5594 numerus
1746 5541 1828 5594 in-

241 5623 362 5687 gens
390 5619 539 5687 erat,
570 5609 805 5687 pretiosis
823 5610 1057 5687 pestibus
1085 5619 1131 5687 et
1150 5609 1319 5687 aureis
1343 5609 1559 5687 nummis
1587 5611 1833 5667 excoleret

244 5678 334 5751 (id
362 5688 479 5751 est,
507 5681 839 5749 demulceret)
859 5721 875 5746 ,
913 5681 1158 5751 gregariis
1204 5689 1251 5736 et
1280 5680 1527 5734 tironibus
1568 5692 1831 5749 argentum

246 5745 422 5819 daret,
448 5748 688 5809 barbaros
712 5745 865 5809 omni
878 5745 1059 5822 gbnere
1088 5752 1369 5824 largitionis
1392 5745 1679 5807 honorarit.

2008 2203 2137 2259 Eos.
2164 2200 2260 2257 Vel
2288 2215 2409 2255 suos
2432 2241 2446 2265 ,
2478 2197 2531 2254 id
2558 2206 2674 2264 est,
2705 2199 2922 2255 aulicos.

2001 2276 2329 2342 συνῆψεν-αῖ.
2362 2271 2495 2339 Quia
2513 2270 2624 2340 jam
2650 2272 2768 2326 mo's
2798 2271 3115 2338 int-aluerat,
3154 2278 3216 2329 nt
3262 2271 3314 2328 in
3345 2275 3535 2331 conri-

1930 2347 2034 2405 viis
2063 2359 2255 2401 carnes
2285 2345 2677 2413 praeberentur,
2705 2356 2826 2411 quae
2853 2342 3016 2399 [dolis
3055 2344 3252 2400 υωιω
3275 2346 3507 2402 fuerant.

2004 2412 2369 2483 E/I'undebant.
2403 2414 2542 2478 Alii,
2569 2412 2879 2479 effundebat.

2012 2487 2294 2545 Satellites.
2328 2486 2384 2539 In
2426 2499 2527 2537 ms.
2562 2483 2709 2549 lites,
2741 2486 2858 2539 sine
2890 2483 2992 2537 ulla
3043 2484 3233 2539 lacuna
3286 2503 3302 2541 :
3350 2504 3537 2546 verum

1937 2575 2057 2617 cum
2111 2558 2333 2613 doctiss.
2384 2554 2737 2627 Toinardert
2765 2554 2941 2609 'l‘ollio
2982 2555 3198 2624 reposui
3243 2559 3533 2627 satellites;

1933 2640 2226 2699 nostraque
2254 2626 2519 2699 correctio
2548 2624 2900 2699 conﬁrmatur
2932 2634 3043 2699 tum
3075 2641 3140 2679 ex
3170 2624 3530 2697 sequentibus

1934 2703 2069 2757 dono
2090 2692 2197 2753 suis
2218 2697 2406 2760 dabat,
2436 2705 2549 2768 tum
2577 2709 2644 2749 ex
2667 2692 2889 2768 Rutilum
2910 2735 2924 2758 ,
2957 2694 3051 2768 lib,
3085 2710 3212 2763 rm,
3251 2692 3382 2768 't-ap.
3416 2701 3483 2754 l7
3515 2717 3528 2755 :

1937 2772 2087 2829 Unde
2107 2781 2151 2825 et
2171 2777 2366 2824 montes
2393 2767 2507 2819 (ηιτί
2528 2805 2543 2829 ,
2576 2775 2632 2819 ut
2657 2766 2729 2819 ita
3024 2765 3353 2838 congregatas
3382 2773 3536 2837 fami.

1932 2844 2148 2899 tioribus
2187 2842 2294 2896 suis
2342 2854 2403 2893 ac
2432 2838 2735 2892 satellitibus
2764 2835 3076 2906 largiebatur
3096 2835 3541 2902 {et‘Lactantim

1931 2915 2068 2971 infra
2089 2957 2104 2980 ,
2133 2926 2253 2979 cap.
2279 2911 2349 2966 58
2368 2950 2384 2975 ,
2414 2910 2515 2964 sub
2558 2910 2719 2964 linem
2754 2924 2767 2960 :
2800 2905 2899 2961 llis
2928 2908 3231 2964 satellitibus
3260 2921 3307 2965 et
3334 2922 3531 2983 protec-

1933 2988 2129 3041 toribus
2156 2985 2370 3038 cinctus.

2008 3057 2352 3128 Expungeret.
2412 3048 2535 3128 bis”
2585 3049 3275 3128 Enumerantur—Amas
3310 3055 3531 3110 nummis

1932 3122 2259 3199 expurigerét.
2290 3123 2448 3199 Quod
2474 3133 2558 3199 est
2578 3164 2597 3199 ,_
2604 3122 2860 3199 satellites
2885 3122 3115 3199 pretiosis
3134 3123 3420 3199 aestibus-et
3438 3140 3534 3180 au-

1936 3192 2037 3254 reis
2064 3192 2616 3263 nummis.’Reficiendi
2643 3209 2802 3266 genus
2829 3201 2903 3246 est
2918 3233 2943 3266 ,ν
2966 3194 3198 3266 protinus
3220 3195 3364 3249 aliud
3404 3197 3534 3250 invi-

1932 3287 2088 3337 cem.,
2120 3271 2326 3325 Seneca
2346 3309 2363 3336 ,
2389 3262 2481 3322 lib.
2512 3280 2587 3329 Iv,
2615 3262 2775 3333 Bern,
2805 3280 2858 3319 c.
2888 3265 2961 3319 40
2989 3281 3002 3315 :
3029 3262 3250 3334 Mittere,
3280 3276 3327 3320 et
3347 3282 3533 3321 manus

1932 3358 2140 3396 munere
2166 3354 2471 3411 expungere.
2508 3338 2640 3411 BUN.

2003 3406 2262 3466 Barbaros
2278 3406 2416 3465 enini
2430 3425 2611 3479 genere
2628 3406 2911 3478 largitionis
2931 3406 3220 3465 honorum.
3245 3407 3369 3475 ηε,
3391 3410 3531 3464 ornati

1930 3500 2113 3556 genere
2139 3481 2512 3556 largitionibus.

2007 3553 2192 3608 Prout.
2222 3546 2307 3607 'ln
2355 3566 2455 3605 ms.
2499 3549 2856 3606 desideratur.
2872 3546 3162 3620 -—_Dabat,
3196 3558 3252 3601 ut
3291 3550 3524 3620 quisque.

1933 3625 2089 3680 Prius
2116 3623 2277 3689 editi,
2308 3622 2461 3676 dabat
2490 3632 2638 3690 prout
2666 3624 2895 3688 quisque.
2937 3618 2999 3690 ln
3014 3634 3123 3690 ms.
3152 3628 3302 3690 teste
3339 3618 3530 3674 critico

1930 3710 2201 3767 anonymo
2221 3735 2235 3758 ,
2266 3687 2507 3746 dabatur
2534 3693 2745 3767 quisque
2768 3687 2797 3745 :'
2819 3691 2943 3767 hinc
2972 3689 3065 3767 ille
3086 3687 3307 3743 criticus
3332 3693 3530 3747 rectius

1934 3760 2346 3833 luit,'dabatur,
2388 3774 2444 3818 ut
2488 3760 2720 3833 quisque,
2774 3760 2954 3833 addo,
2999 3760 3228 3833 aliorum
3260 3771 3412 3829 prout
3443 3778 3532 3818 me

1932 3828 2194 3903 nusquam
2224 3836 2352 3890 alibi
2386 3835 2437 3889 in
2468 3828 2747 3889 Lactantio
2772 3832 3111 3903 observasse.
3142 3828 3273 3885 Bon.

2007 3907 2195 3962 Nescio
2233 3924 2301 3960 an
2343 3904 2516 3978 [non]
2546 3902 2774 3977 agendas
2813 3902 2891 3978 illi
2923 3904 3082 3978 fuisse
3110 3905 3303 3978 gratius
3331 3914 3525 3978 putem.

1932 3977 2077 4060 Lego
2101 3994 2221 4034 cum
2244 3971 2457 4048 (Supero
2485 3971 2553 4032 (in
2573 3971 2675 4032 non
2692 4016 2710 4043 ,
2738 3973 2883 4047 quod
2902 3971 2987 4028 est
3016 3972 3206 4028 ironia.
3232 3971 3356 4028 Non
3377 3976 3533 4032 deest

1930 4066 1986 4159 Tn
2006 4066 2151 4176 $3128
2170 4121 2489 4176 clementiam
2511 4120 2788 4175 latronum.
2816 4114 2907 4171 Sic
2926 4110 3215 4171 Salvianus
3240 4135 3252 4168 :
3282 4115 3531 4171 Latrones

1932 4194 2028 4248 hoc
2057 4194 2317 4261 proverbio
2348 4193 2421 4246 uti
2442 4193 2605 4247 solent
2627 4232 2643 4257 ,
2674 4199 2727 4244 ut
2754 4186 2937 4259 quibus
2967 4202 3068 4240 nou
3088 4190 3325 4258 auferunt
3354 4190 3526 4254 vitam,

1933 4263 2133 4319 dedisse
2159 4280 2212 4317 se
2240 4262 2435 4316 dicunt.

2005 4334 2253 4404 Capitale.
2281 4333 2336 4388 In
2365 4347 2489 4396 ms.,
2521 4330 2769 4404 Capituli.

2006 4403 2095 4460 Et.
2127 4404 2201 4461 Ita
2229 4419 2328 4458 Ins.
2362 4404 2494 4457 Aliis
2520 4403 2601 4465 ei,
2628 4416 2723 4469 pro
2746 4406 2815 4454 et.
3146 4454 3151 4463 ,

2006 4475 2143 4543 Quid
2166 4474 2331 4528 dicant
2348 4475 2534 4543 nescio.
2561 4464 2893 4533 Lactantius,
2916 4468 3011 4543 lib.
3042 4485 3079 4531 l,
3104 4482 3224 4538 cap.
3252 4464 3316 4526 2]
3342 4485 3354 4523 :
3391 4468 3533 4543 Nam

1929 4549 1993 4619 de
2020 4540 2432 4619 infantibus,qui
2456 4542 2682 4619 Saturno
2704 4540 3099 4598 immolabantur
3121 4550 3327 4614 propter
3350 4542 3529 4599 odium

1927 4616 2104 4688 lovis,
2137 4616 2261 4688 quid
2290 4618 2456 4669 dicam
2485 4616 2674 4688 nescio.

2002 4684 2238 4759 Exprimi
2286 4685 2768 4759 proindignatione
2794 4692 2888 4739 sua
2931 4700 3033 4759 non
3079 4690 3259 4759 potest.
3294 4684 3350 4747 ln
3400 4694 3528 4750 ms.,

1929 4753 2228 4830 exprimere.
2252 4756 2403 4826 Quod
2431 4758 2477 4813 si
2503 4753 2667 4826 legas,
2701 4756 2891 4830 deesse
2917 4753 3337 4830 videtur‘MensJ'
3368 4770 3530 4830 atque

1928 4816 2008 4886 sic
2039 4838 2181 4885 esset
2208 4816 2492 4899 legendum
2516 4871 2531 4895 ,
2557 4816 2605 4882 ’ἐι
2635 4816 2803 4882 tamen
2830 4827 2909 4880 Itis
2938 4827 3099 4899 verbis
3122 4816 3285 4899 [utens
3302 4816 3527 4897 Iampri-

1927 4918 2064 4957 mere
2092 4919 2182 4971 pro
2212 4896 2559 4972 indignatione
2586 4917 2683 4954 sua
2710 4916 2812 4953 non
2828 4907 3019 4972 potest.
3047 4897 3136 4972 Sic
3166 4896 3478 4972 Lactantius
3504 4938 3518 4962 ,

1929 4975 2021 5028 lib.
2054 4964 2104 5027 vi
2149 4964 2343 5025 Divin.’
2377 4966 2635 5034 Institut.,
2669 4982 2790 5039 cap.
2822 4964 2894 5022 ΞΤ)
2926 4985 2939 5020 :
2972 4966 3165 5033 Quibus
3208 4968 3302 5039 hoc
3325 4968 3487 5021 verbis
3511 5010 3526 5032 ,

1928 5054 2018 5098 aut
2046 5060 2147 5113 qua
2171 5044 2516 5113 indignatione
2544 5038 2749 5113 tantum
2763 5040 2907 5113 nefas
2935 5038 3255 5110 prosequar?
3277 5039 3427 5093 vincit
3450 5042 3531 5112 of-

1929 5116 2106 5185 ﬁciunt
2131 5112 2319 5183 lingula
2339 5113 2542 5185 sceleris
2565 5112 2882 5185 magnitudo.

2006 5180 2281 5239 Nobilibus
2309 5183 2551 5254 [ωηιὶηἱε.
2585 5180 2833 5254 Augebat
2858 5180 3241 5254 indignitatem
3261 5180 3364 5246 rei,
3386 5180 3531 5251 quod

1930 5258 2124 5312 nobiles
2178 5251 2378 5311 essent.
2430 5254 2563 5308 Nam
2592 5251 2787 5310 servile
2826 5267 3081 5322 prorsus,
3108 5260 3163 5313 et
3191 5251 3375 5308 liberis
3403 5268 3531 5308 cor-

1930 5329 2152 5399 poribus
2181 5325 2497 5383 detestabile
2520 5334 2642 5399 erat
2661 5368 2676 5399 ,
2708 5323 3421 5399 sic!considerari._Serviti_a
3449 5325 3530 5379 sic

1931 5392 2179 5455 solebant
2220 5413 2250 5452 a
2282 5397 2634 5464 mangonibus
2664 5392 3000 5466 inspicienda
3028 5392 3527 5466 sisliklicitAantilms.

1931 5468 2171 5527 Cownn.
2192 5460 2541 5523 —llnflinitis
2564 5510 2579 5535 ,
2626 5466 2719 5524 lib.
2752 5460 2861 5522 'vin
2885 5508 2899 5533 ,
2950 5481 3069 5535 cap.
3116 5460 3185 5520 17
3218 5482 3229 5518 :
3259 5460 3353 5519 Cui
3384 5467 3531 5519 etiam

1932 5543 2065 5598 inter
2091 5553 2275 5598 cwtera
2298 5542 2390 5596 hoc
2413 5541 2563 5595 etiam
2594 5539 2857 5601 singulare
2883 5537 3110 5593 studium
3136 5539 3264 5601 eral,
3287 5552 3349 5589 ne
3372 5537 3530 5588 ullam

1932 5622 2037 5669 non
2065 5613 2179 5668 dico
2208 5614 2415 5678 urbem,
2458 5611 2547 5665 sed
2570 5610 2645 5666 vel
2675 5605 2818 5665 breve
2844 5609 3088 5680 oppiduni
3107 5650 3121 5673 ,
3152 5606 3338 5680 absque
3380 5605 3531 5658 adul-

1934 5686 2059 5740 terio
2094 5684 2342 5739 nobilium
2370 5672 2755 5749 matronarum,
2785 5672 3029 5753 quiia-per
3058 5672 3169 5753 loca
3207 5672 3418 5753 [uissent
3447 5692 3531 5753 re-

1935 5763 2121 5828 pertw,
2156 5755 2233 5812 vel
2262 5754 2579 5826 corruptione
2609 5742 2861 5825 virginum
2890 5742 3183 5822 prieterirct.
3208 5742 3417 5804 Latinis
3438 5750 3534 5819 [ie-
