4058 6188
487 271 599 336 ὶὸδ

1351 271 1539 331 FIRM.
1578 271 1944 330 LACTANTII
1981 271 2112 330 LIB.
2155 272 2243 330 DE
2283 273 2492 330 MORT.
2534 270 2921 333 PERSECUT.

3678 272 3800 336 25$

490 402 706 461 vestes,
758 391 993 462 itemQue
1062 386 1378 461 virginibus,
1425 399 1481 446 ct
1531 404 1629 461 per
1680 386 1945 461 singulos,
2000 389 2513 451 ar-AMaximiano
2557 405 2618 446 se
2648 389 3018 457 tradiderunt,
3066 386 3210 444 malo
3262 386 3477 459 generis
3526 385 3783 458 humani,

489 492 574 539 tus
599 481 1035 555 inspiciebantur,
1065 496 1134 537 ne
1163 496 1267 552 qna
1309 495 1434 551 pars
1461 482 1707 552 corporis
1734 481 1884 552 regio
1914 479 2084 537 cubili

488 586 639 633 esset
663 576 899 646 indigna.
937 574 995 631 Si
1018 589 1123 646 qua
1149 573 1578 641 detrectavcrat,
1607 573 1661 628 in
1691 588 1829 644 aqua
1854 572 2086 629 necaba-

490 678 611 734 tur;
644 677 915 737 tamquam
943 666 1241 734 majestatis
1286 664 1490 720 crimen
1521 673 1667 719 esset
1691 663 1790 718 sub
1816 662 1908 719 illo
1935 661 2089 717 adul-

488 769 607 815 tero
637 752 909 829 pudicitia.
944 757 1157 828 Aliqui,
1206 756 1570 825 constupratis
1616 755 1907 821 uxoribus,
1953 768 2087 823 quas

487 852 558 908 ob
586 850 892 907 castitatem
938 863 1001 904 ac
1046 848 1206 905 fidem
1248 847 1560 903 carissimas
1588 846 1890 911 habebant,
1918 860 2085 916 quum

489 943 733 999 dolorem
756 941 899 997 ferre
920 956 1028 996 non
1050 948 1294 1011 possent.
1311 956 1370 996 se
1387 941 1532 1011 ipsos
1553 941 1712 996 etiam
1736 947 2081 994 necaverunt.

486 1034 600 1091 Sub
621 1033 725 1090 hoc
748 1042 1011 1097 monstro,
1036 1032 1309 1103 pudicitia:
1337 1032 1618 1103 integritas
1647 1032 1795 1087 nulla
1812 1074 1827 1099 ,
1860 1032 1962 1086 nisi
1991 1031 2082 1086 ubi

487 1129 769 1186 barbaram
837 1126 1116 1183 libidinem
1180 1125 1499 1182 deformitas
1552 1125 1779 1196 insignis
1842 1125 2079 1182 arcebat.

488 1222 772 1277 Postremo
802 1221 946 1276 hunc
969 1221 1081 1291 jam
1108 1220 1396 1275 induxerat
1422 1236 1651 1287 morem,
1676 1228 1736 1275 ut
1762 1235 1922 1276 nemo
1948 1234 2082 1275 uxo-

485 1328 601 1370 rem
642 1313 759 1368 sine
786 1313 1050 1383 permissu
1079 1312 1198 1381 ejus
1224 1311 1484 1379 duceret,
1513 1321 1570 1367 ut
1606 1311 1720 1382 ipse
1748 1310 1800 1365 in
1831 1311 2082 1366 omnibus

485 1404 687 1476 nuptiis
717 1412 1075 1476 przegustator
1098 1413 1265 1459 esset.
1290 1403 1554 1473 lngennas
1574 1402 1810 1475 virgines
1831 1403 2083 1458 imminu-

484 1506 567 1551 tas
609 1496 782 1551 servis
822 1496 935 1552 suis
975 1495 1212 1551 donabat
1239 1509 1456 1551 uxores.
1483 1494 1589 1551 Sed
1611 1504 1669 1550 et
1693 1493 1934 1551 Comites
1964 1495 2082 1565 ejus

487 1589 589 1645 sub
618 1589 712 1644 tali
739 1588 993 1658 Principe
1018 1587 1365 1642 imitabantur
1392 1586 1533 1659 [hoc
1554 1587 1894 1658 exemplum,
1924 1594 1981 1643 et
2003 1586 2081 1642 ci-

485 1678 669 1752 vium]
714 1695 935 1738 suorum
965 1678 1160 1734 cubilia
1189 1680 1408 1749 impune
1452 1678 1745 1735 violabant.
1775 1678 1908 1746 Quis
1934 1679 2078 1735 enim

2192 488 2253 535 ut
2280 480 2360 535 illi
2389 480 2675 538 barbaram
2726 480 3043 537 servitutem
3078 479 3375 552 fugientes,
3429 480 3483 536 in
3513 480 3790 539 Romanos

2188 569 2615 628 dominarentur.
2641 572 2736 628 His
2761 572 3081 629 satellitibus
3106 580 3163 629 et
3188 572 3582 643 protectoribus
3635 574 3787 631 eine-

2190 671 2276 719 tus
2297 704 2313 733 ,
2344 662 2622 721 Orientem
2641 664 2876 721 ludibrio
2904 664 3109 720 habuit.
3539 685 3542 688 θ

2868 754 3114 811 XXXIX.
3652 809 3661 812 Α

2260 850 2499 921 Denique
2520 865 2682 920 quum
2711 849 3023 906 libidinibus
3046 849 3159 905 suis
3175 849 3499 921 hanelegem
3522 850 3787 921 dedisset,

2187 951 2247 998 ut
2293 944 2370 998 fas
2409 952 2622 1013 putaret
2656 941 2915 1013 quidquid
2945 941 3306 1011 concupisset,
3340 957 3410 998 ne
3436 941 3506 997 ab
3546 943 3790 1013 Augusta

2185 1033 2425 1106 quidem,
2479 1048 2638 1105 quam
2685 1049 2858 1105 nuper
2903 1033 3279 1105 appellaverat
3326 1044 3575 1103 matrem,
3614 1037 3793 1106 potuit

2188 1134 2506 1196 temperare.
2542 1125 2777 1181 Venerat
2817 1133 2939 1195 post
2966 1125 3171 1181 obitum
3208 1125 3518 1182 Maximiani
3561 1127 3633 1183 ad
3661 1142 3792 1184 eum

2185 1218 2422 1285 Valeria,
2455 1233 2619 1289 quum
2654 1233 2715 1275 se
2744 1228 2959 1290 putaret
2986 1219 3040 1274 in
3078 1220 3321 1289 patribus
3347 1220 3462 1291 ejus
3487 1223 3650 1278 tutius
3674 1237 3799 1278 mo-

2184 1322 2446 1378 raturam,
2478 1326 2544 1367 eo
2584 1311 2818 1368 maxime
2843 1311 2987 1382 quod
3010 1312 3242 1368 habebat
3272 1328 3517 1369 uxorem.
3550 1314 3657 1371 Sed
3682 1316 3797 1371 ani-

2183 1404 2290 1459 mal
2322 1403 2587 1459 nefarium
2612 1403 2856 1473 protinus
2880 1403 3188 1460 inardescit.
3221 1404 3409 1460 Adhuc
3430 1405 3485 1461 in
3512 1407 3647 1463 atris
3667 1422 3797 1464 ves-

2184 1494 2325 1550 tibus
2353 1503 2470 1550 erat
2511 1494 2723 1559 mulier,
2765 1493 3002 1549 nondum
3046 1495 3219 1552 luctus
3247 1504 3491 1566 tempore
3532 1496 3785 1567 impleto.

2182 1586 2396 1658 Legatis
2424 1586 2714 1657 praemissis
2742 1584 2802 1642 in
2841 1587 3185 1642 matrimonio
3226 1588 3482 1657 postulat,
3509 1588 3790 1659 ejecturus

2182 1692 2426 1745 uxorem,
2471 1676 2519 1732 si
2564 1677 2925 1749 impetrasset.
2973 1678 3272 1749 Respondit
3318 1678 3410 1735 illa
3436 1680 3628 1749 libere,
3663 1697 3791 1752 qua:

481 1772 813 1829 vindicaret?
853 1771 1200 1828 Mediocrium
1245 1771 1417 1837 tilias,
1460 1781 1526 1826 ‘ut
1568 1772 1764 1842 cuique
1806 1770 2076 1840 libuerat,
2109 1783 2157 1843 Β
2182 1771 2297 1827 sola
2349 1778 2563 1841 poterat
2608 1786 2624 1826 :
2669 1770 2843 1840 primo
2883 1784 2993 1825 non
3043 1786 3202 1842 posse
3240 1771 3308 1827 de
3357 1773 3560 1842 nuptiis
3600 1773 3655 1829 in
3690 1772 3791 1829 illo

481 1865 745 1937 rapiebat.
792 1865 1101 1930 Primariae,
1153 1879 1271 1936 qua:
1316 1865 1432 1936 rapi
1458 1880 1564 1920 non
1594 1873 1876 1936 poterant,
1903 1864 1956 1920 in
1982 1865 2079 1921 be-

424 2016 429 2021 ,
482 1959 692 2016 neficiis
723 1963 1074 2029 petebantur;
1128 1973 1228 2014 nec
1273 1958 1510 2014 recusari
1553 1958 1786 2025 licebat,
1841 1958 2078 2014 subscri-

482 2052 646 2107 bente
674 2050 1030 2121 lmperatore,
1081 2051 1209 2121 quin
1256 2059 1347 2105 aut
1372 2051 1707 2119 pereundum
1755 2059 1942 2117 esset,
1984 2059 2078 2106 aut

479 2144 763 2201 habendus
816 2158 985 2215 gener
1035 2143 1230 2214 aliquis
1260 2143 1539 2199 barbarus.
1591 2143 1722 2199 Nam
1748 2143 1864 2200 fere
1893 2144 2075 2200 nullus

478 2236 707 2306 stipator
764 2234 817 2289 in
868 2235 1174 2301 latereiei,
1204 2236 1307 2290 nisi
1349 2250 1421 2291 ex
1469 2245 1628 2307 gente
1689 2236 1917 2303 horum,
1981 2237 2072 2307 qui

478 2343 512 2384 a
563 2327 755 2385 Gothis
804 2336 1047 2399 tempore
1093 2327 1453 2385 vicennalium
1504 2328 1661 2385 terris
1715 2329 1828 2384 suis
1895 2328 2067 2401 pulsi,

2184 1863 2337 1920 ferali
2384 1863 2569 1918 habitu
2602 1877 2787 1935 agere,
2827 1862 3019 1934 tepidis
3065 1863 3241 1920 adhuc
3287 1865 3559 1922 cineribus
3600 1867 3787 1923 mariti

2182 1958 2287 2021 sui,
2318 1956 2484 2028 patris
2511 1955 2662 2028 ejus;
2688 1956 2885 2013 deinde
2915 1957 3062 2014 illum
3095 1957 3259 2029 impie
3285 1958 3484 2027 facere,
3516 1960 3660 2031 quod
3681 1961 3791 2017 sibi

2182 2049 2343 2105 fidam
2369 2048 2669 2119 :conjugem
2710 2049 2979 2119 repudiet,
3029 2049 3172 2106 idem
3211 2051 3394 2123 utique
3445 2052 3684 2109 facturus
3731 2062 3792 2110 et

2181 2143 2321 2208 sibi;
2363 2152 2672 2213 postremo,
2724 2140 2878 2197 nefas
2929 2156 3053 2200 esse
3100 2142 3247 2199 illius
3290 2144 3525 2199 nominis
3559 2159 3625 2200 ac
3677 2145 3803 2201 loci

2179 2233 2435 2290 feminam
2478 2232 2595 2289 sine
2623 2247 2795 2298 more,
2822 2233 2940 2289 sine
2968 2235 3242 2305 exemplo,
3270 2235 3521 2291 maritum
3549 2236 3785 2309 alterum

2177 2326 2429 2399 experiri.
2474 2324 2760 2384 Nuntiatur
2804 2324 3009 2382 homini
3050 2325 3180 2398 quid
3209 2336 3357 2386 esset
3396 2343 3548 2385 ausa.
3582 2327 3785 2385 Libido

1826 2470 2187 2530 VARIORUM
2226 2470 2461 2530 ΝΟΤᾹΞ.

476 2611 633 2663 mina:
652 2622 757 2662 non
788 2606 918 2662 solae
945 2613 1105 2673 sunt,
1136 2620 1256 2674 qua:
1298 2605 1429 2661 viris
1450 2606 1650 2675 juncta:
1695 2614 1820 2662 sunt
1846 2649 1862 2674 ,
1891 2607 1987 2664 sed
2015 2616 2070 2665 et

475 2680 731 2749 virgines.
759 2676 1282 2751 GlossariaLabbei,
1315 2676 1569 2751 Foemina,
1599 2679 1769 2751 θήλεια
1788 2694 1949 2749 quam
1972 2694 2070 2735 vo-

477 2748 593 2806 cem
619 2751 779 2821 vulgo
802 2763 896 2818 per
922 2748 1157 2821 {uentinea
1175 2789 1191 2815 ,
1221 2763 1317 2821 seu
1343 2764 1462 2818 quae
1484 2748 1724 2804 fceminei
1752 2748 1915 2806 sexus
1945 2761 2030 2806 est
2050 2791 2067 2817 ,

478 2818 1088 2892 interpreiantur,'quod
1107 2818 1406 2890 virginibus
1426 2835 1640 2892 quoque
1665 2821 1940 2892 proprium
1964 2830 2068 2877 est.

1671 2890 1933 2956 BAuLunt.

564 2963 756 3017 Vestes.
780 2960 838 3016 In
869 2975 996 3023 ms.,
1027 2959 1176 3026 Vris,
1207 2960 1368 3015 male.

2243 2608 2290 2663 Α
2311 2609 2557 2666 Gothis...
2589 2612 2744 2682 pulsi.
2769 2611 2851 2669 Ad
2880 2612 3152 2669 Galerium
3185 2612 3562 2669 Maximianum
3590 2612 3781 2668 Caesa-

2174 2694 2289 2755 rem
2320 2682 2695 2755 confugerunt,
2725 2694 2781 2740 et
2822 2694 3006 2752 postea
3034 2699 3095 2739 se
3132 2683 3441 2751 Maximino,
3473 2699 3631 2755 quem
3672 2683 3789 2755 Ga-

2175 2751 2340 2825 lerius
2365 2751 2732 2824 adoptaverat.
2763 2751 3144 2825 adjunxeruut,
3187 2764 3244 2809 et
3273 2756 3326 2809 in
3370 2751 3653 2810 numerum
3681 2754 3789 2811 Sa-

2177 2822 2404 2895 tell_itnm
2440 2822 2504 2879 ac
2528 2822 2891 2892 protectorum
2929 2824 3046 2895 ejus
3065 2825 3243 2881 allecti
3268 2833 3414 2881 sunt.
3445 2827 3647 2881 Bawz.

2253 2893 2653 2967 Proteum-ibus.
2679 2896 2736 2951 id
2758 2904 2859 2962 est,
2891 2893 3133 2967 corporis
3161 2896 3492 2967 custodibus.

2255 2964 2511 3021 Orientem
2551 2966 2770 3022 ludibrio
2811 2964 3007 3021 habuit.
3052 2967 3151 3022 Ms.
3195 2981 3293 3035 pro
3332 2966 3572 3032 ludibrio,
3618 2965 3786 3023 habet

544 3031 913 3114 :Pergsingulos
957 3040 1102 3112 artus
1129 3031 1550 3114 inspiciebantur.
1593 3030 2069 3114 casaubonusno-
2095 3051 2141 3114 ρ
2176 3035 2421 3114 indibria,
2436 3038 2849 3114 corrupte.l_l:e_c
2864 3035 3004 3093 'mire
3023 3030 3351 3114 conveniunt
3369 3053 3491 3114 eum
3522 3030 3789 3114 extremis

478 3112 585 3170 tat,
620 3111 678 3158 ut
721 3117 907 3158 servos
930 3143 947 3169 ,
993 3102 1073 3173 sic
1101 3109 1384 3173 etiservas
1410 3103 1580 3158 nudas
1623 3104 1691 3158 ab
1735 3105 2070 3173 emptoribus

477 3175 645 3248 [uisse
675 3172 1107 3248 inspectas._Non
1138 3172 1405 3248 absimilis
1432 3173 1638 3244 (inquit
1661 3173 1909 3248 Tollius)
1937 3176 2067 3248 olim

478 3241 773 3372 gersarum'
797 3244 1011 3300 licentia
1035 3285 1049 3310 ,
1079 3251 1136 3300 et
1176 3241 1337 3301 hodie
1362 3241 1654 3300 Turcarum
1676 3285 1693 3314 ,
1742 3241 1904 3317 atque
1940 3246 2070 3302 item

522 3330 784 3373 ersarum.

551 3407 946 3479 Detrectaverat.
978 3407 1076 3463 Ms.
1109 3407 1235 3479 legit
1259 3409 1643 3465 detractaverat.
1986 3474 1989 3477 _

550 3478 822 3547 Tanquam
848 3480 1127 3550 majestatis
1168 3478 1365 3535 crimen
1409 3492 1535 3535 esset
1562 3481 1655 3535 sub
1700 3482 1793 3536 illo
1838 3483 2071 3538 adultero

481 3551 747 3621 pudicitia.
778 3550 1011 3625 Ita‘ms.
1039 3550 1240 3625 _Ne_scio
1266 3566 1372 3625 quo
1397 3561 1555 3625 pacto
1596 3552 1759 3625 dictio
1784 3554 2030 3625 pudicitia
2054 3595 2069 3618 ,

480 3620 920 3695 tainnecessaria
948 3620 1014 3676 ad
1039 3621 1198 3693 hujus
1226 3622 1330 3679 loci
1359 3620 1802 3695 intelligentiam,
1831 3625 1885 3680 in
1916 3624 2068 3680 nulla

481 3692 719 3747 editione
743 3691 1064 3761 reperiatur.

551 3762 844 3833 castitatem
865 3779 925 3816 ac
954 3764 1127 3827 ﬁdem.
1156 3763 1214 3819 in
1245 3779 1374 3828 ms.,
1402 3765 1629 3821 castitate
1657 3782 1718 3821 ac
1749 3767 1868 3833 ﬁde.

554 3832 787 3905 Monstro
807 3873 823 3905 ε
854 3833 1136 3900 ρυάὶεὶῑὶω.
1179 3834 1422 3889 Ministro
1447 3832 1755 3892 constanter
1781 3839 1973 3905 legitur
2017 3838 2070 3893 in

481 3918 585 3959 ms.
614 3902 929 3973 quodiferri
962 3920 1065 3959 non
1096 3914 1309 3973 potest;
1339 3906 1505 3961 dictio
1545 3909 1689 3962 enim
1717 3902 1934 3963 ministri
1962 3924 2071 3963 non

479 3975 732 4029 convenit
762 3972 1018 4045 Principi.
1049 3972 1382 4045 Legendum,
1417 3976 1526 4030 Sub
1554 3978 1649 4032 hoc
1669 3990 1926 4044 monstro,
1971 3997 2070 4044 pu-

479 4045 680 4121 dicitiw‘
691 4045 953 4121 integritas
973 4045 1307 4121 nulla;_aut,'
1344 4045 1453 4102 Sub
1484 4048 1579 4121 hoc
1600 4059 1825 4105 monstro
1844 4050 2072 4121 impudi-

476 4116 639 4181 citite,
661 4116 925 4186 integritas
954 4116 1120 4171 nulla.
1144 4118 1427 4173 ALIELOV.
1456 4128 1502 4173 et
1523 4119 1783 4175 ΒΑυωιιι.

555 4204 623 4260 Ut
648 4206 759 4276 ipse
783 4206 837 4260 in
857 4205 1090 4282 omnibus
1118 4210 1311 4279 nuptiis
1334 4219 1676 4282 prazgustator
1701 4221 1847 4266 esset.
1876 4212 1933 4267 ld
1963 4221 2069 4282 est,

473 4291 673 4348 novam
707 4286 927 4346 nuptam
951 4277 1255 4348 deﬂoraret;
1300 4281 1345 4335 si
1374 4277 1476 4335 hoc
1504 4282 1672 4336 verbo
1698 4283 1772 4337 uti
1802 4283 1949 4339 licet.

545 4346 806 4419 lngenuas
835 4346 1052 4419 virgines
1078 4350 1395 4406 imminutus.
1419 4350 1748 4416 lmminutas,
1774 4353 1823 4408 id
1845 4364 1929 4409 est
1951 4370 2072 4411 cor-

473 4420 1104 4514 {up-tavaelhviollatas.
1133 4422 1455 4514 Proh-a'ms.
1485 4424 2066 4514 codicis‘.lec'l.io;.‘nec
2091 4453 2147 4514 Ι)

473 4490 753 4565 mutanda,
776 4489 1039 4565 siquidem
1064 4492 1293 4565 ipsemet
1314 4493 1644 4565 Lactantius,
1670 4494 1786 4550 Div.
1806 4489 2059 4565 ln‘stitut.,

471 4559 569 4635 l_ib.
602 4576 650 4623 ι.
680 4575 800 4629 cap.
834 4558 903 4635 l9
922 4598 937 4624 ,
964 4558 1126 4635 paulo
1149 4574 1275 4617 ante
1298 4564 1481 4627 linem,
1512 4565 1579 4619 de
1600 4558 1797 4635 spurco
1817 4567 1909 4623 illo
1930 4558 2066 4624 Jove

469 4628 807 4707 Paganorum
837 4630 914 4683 ait
943 4628 1262 4707 :ilfleliguam
1283 4650 1435 4707 suam
1451 4635 1603 4689 vitam
1623 4628 1677 4689 in
1703 4639 1894 4707 stupris
1920 4639 2066 4695 adul-

469 4703 710 4774 teriisque
728 4701 1062 4774 consumpsit.
1093 4700 1282 4774 Omitto
1309 4703 1525 4772 virgines
1552 4722 1680 4774 quas
1707 4700 1977 4764 imminuit.

520 4769 780 4897 hami“.
805 4770 863 4827 ια
899 4769 1004 4840 eSt,
1031 4773 1169 4828 aulae
1200 4769 1473 4845 proceres,
1506 4769 1598 4847 qui
1630 4776 1923 4850 principem
1949 4795 2067 4838 sec-

464 4849 737 4897 labantur.
1658 4884 1663 4889 .

541 4910 889 4994 [mi-labantur
917 4911 1034 4985 [hoc
1055 4917 1364 4994 exemplum,
1395 4926 1447 4994 et
1468 4917 1677 4991 civium]
1700 4936 1932 4989 suorum,
1954 4931 2059 4980 etc.

468 4981 597 5063 Ms,
632 4981 958 5063 Inritabatuf,
988 4981 1266 5063 mendose.
1299 4981 1401 5063 [{er
1429 4991 1524 5043 hoc
1561 4981 1852 5060 exemplum
1898 4981 1945 5048 et
1987 4997 2066 5049 ci-

469 5054 642 5134 uium,
669 5054 1305 5134 quindecim__litterarum
1332 5060 1579 5134 lacunam
1604 5054 1954 5133 manuscripti
1983 5081 2067 5121 co-

470 5122 610 5205 dicis
635 5122 897 5205 supplevi.
931 5126 1307 5205 Aliter_tamen
1330 5130 1439 5205 legi
1458 5140 1818 5205 _posset,_cum
1844 5122 2063 5205 propius

466 5195 1093 5278 inspicientiappareant
1110 5200 1175 5278 in
1188 5214 1289 5278 ms.
1313 5195 1434 5278 dua:
1457 5195 1765 5260 litterae—Tr.
1782 5195 1902 5278 quae
1925 5195 2069 5278 prio-

470 5266 559 5321 res
583 5276 707 5320 sunt
731 5266 924 5322 littera:
950 5269 1100 5324 vocis
1131 5268 1367 5326 Tribuni.

554 5333 625 5420 in
644 5334 933 5406 Beneﬁciis.
963 5336 1277 5420 Bene/icium
1305 5356 1372 5420 eo
1396 5343 1516 5399 loco
1541 5345 1806 5420 significat
1830 5364 2065 5404 remune-

469 5412 1057 5535 gti‘zngtcfaoncessam
1077 5412 1149 5467 ob
1168 5412 1413 5484 quaedam
1437 5412 1619 5473 munia
1644 5427 1794 5475 recte
1815 5427 2070 5493 suscepta

625 5494 649 5532 r
796 5519 811 5534 .

469 5489 525 5535 et
554 5489 811 5547 perlecta.

543 5549 795 5631 [iecusari
828 5549 1026 5631 licebat.
1072 5551 1151 5608 Ita
1176 5568 1280 5610 ms.
1309 5553 1519 5613 Mallem
1538 5599 1553 5625 ,
1579 5574 1819 5616 recusare
1845 5561 2062 5631 licebat,

470 5629 617 5675 metu
647 5622 1053 5677 submersionis.

468 5760 478 5777 Β
538 5690 780 5777 ,δςίραιᾳν
803 5692 856 5747 in
885 5692 1042 5777 latere
1157 5693 1247 5751 Sic
1276 5708 1633 5772 reposuerunt
1677 5702 1938 5776 editores,
1966 5721 2067 5777 pro

460 5762 640 5817 inlata
668 5763 772 5832 rei,
827 5764 971 5834 quod
996 5764 1161 5822 estin
1189 5781 1291 5825 ms.
1322 5762 1597 5840 corrupte.
1688 5826 1700 5836 _
1738 5768 1741 5773 ’
1813 5776 1816 5783 ‘
1868 5762 1879 5764 ⁷
1925 5762 1979 5795 ’τ

2173 3107 2351 3179 verbis
2376 3109 2564 3177 capitis
2586 3108 2684 3164 i9:
2712 3108 2850 3162 Daia
2869 3124 3054 3164 vero...
3076 3109 3269 3179 accepit
3296 3107 3554 3164 Orientem
3570 3109 3788 3165 calean-

2174 3178 2298 3233 dum
2326 3189 2473 3250 atque
2500 3180 2891 3235 conterendum.

2201 3287 2205 3291 ‘
2242 3269 2592 3340 Concupisset.
2619 3271 2710 3327 Sic
2734 3281 2789 3327 et
2813 3271 3142 3337 Lactantius,
3172 3271 3418 3339 audisset,
3439 3272 3725 3340 quasisset.

2246 3341 2486 3397 Matrem.
2512 3343 2737 3413 Propter
2750 3342 3018 3398 Maximini
3035 3342 3380 3411 adoptionem
3401 3357 3429 3394 a
3452 3342 3785 3398 Maximiano

2172 3411 2392 3470 Galerio
2424 3411 2637 3478 iactam,
2659 3413 2814 3483 cujus
2843 3429 2978 3469 uxor
2997 3422 3053 3468 et
3081 3413 3237 3469 vidua
3264 3422 3383 3468 erat
3409 3413 3655 3470 Valeria.
3808 3442 3813 3445 -

2245 3485 2325 3538 Ad
2371 3501 2509 3539 eum.
2561 3484 2779 3540 Scilicet
2840 3484 3187 3539 Maximinum
3263 3484 3471 3550 Daiam,
3525 3484 3579 3538 in
3624 3484 3787 3554 cujus

2173 3555 2349 3610 aulam
2378 3555 2466 3609 illa
2492 3564 2614 3624 post
2641 3555 2819 3611 mariti
2848 3564 3075 3610 mortem
3106 3563 3475 3619 concesserat,
3502 3554 3574 3609 ibi
3605 3568 3666 3609 se
3694 3565 3785 3609 tu-

2170 3628 2278 3681 tius
2309 3635 2635 3681 moraturam
2666 3641 2786 3681 esse
2817 3637 3031 3695 putans,
3073 3634 3256 3695 spreto
3282 3624 3509 3695 Licinio,
3537 3626 3624 3681 cui
3654 3642 3781 3682 eant

2170 3696 2416 3754 Galerius
2445 3697 2939 3753 commendaverat.
2972 3698 3174 3752 BALUZ.

2245 3792 2554 3847 Pratmissis.
2597 3791 2724 3859 Ms-,
2758 3791 2957 3858 primis.
2978 3790 3361 3845 ——Buneman.
3387 3788 3631 3859 sequitur
3669 3804 3781 3844 ms.

2171 3872 2227 3919 et
2251 3862 2431 3927 habet,
2476 3861 2680 3934 Legatis
2711 3864 3248 3934 primis,notamque
3278 3870 3596 3934 sequentem
3622 3860 3784 3934 exhi-

2171 3932 2592 4005 betz—Legatis
2619 3932 2994 4005 primierditi
3019 3947 3229 4005 omnes,
3268 3932 3447 4005 legatis
3476 3932 3779 4005 praemissis.

2172 4004 2244 4061 At
2275 4021 2377 4062 ms.
2407 4002 2603 4076 primis.
2621 4002 2710 4060 'Ad
2749 4003 3089 4076 indicandam
3141 4002 3531 4076 impudentiam
3562 4002 3786 4076 videtur

2171 4075 2373 4133 dixisse
2397 4073 2586 4148 legatis
2616 4074 2824 4147 primis,
2870 4074 2923 4131 id
2952 4082 3038 4132 est
3075 4089 3164 4145 per
3202 4073 3393 4145 primos
3410 4074 3541 4198 janlt3
3553 4073 3775 4144 legatos.

3546 4159 3635 4198 ua.

3546 4159 3635 4199 UN.

2247 4239 2378 4308 Quae
2408 4239 2522 4295 sola
2551 4248 2767 4310 poterat.
2800 4238 3059 4303 Subaudi,
3107 4238 3264 4294 libere
3301 4237 3627 4310 respondere.
3659 4236 3783 4293 Non

2171 4311 2461 4366 verebatur
2489 4313 2655 4376 enim,
2701 4326 2770 4367 ne
2798 4310 2970 4380 ipsam
3000 4309 3056 4365 vi
3086 4317 3388 4380 stupraret,
3432 4309 3517 4363 vel
3559 4318 3784 4380 necaret

2172 4382 2513 4438 Maximinus.
2530 4381 2759 4437 Tantum
2773 4378 2980 4437 scilicet
3005 4381 3060 4436 in
3083 4378 3427 4448 Imperatoris
3445 4394 3668 4436 uxorem
3697 4379 3786 4434 vi-

2170 4453 2332 4524 duam
2362 4467 2468 4508 non
2496 4452 2730 4524 audebat
2756 4462 3037 4524 tyrannus.
3066 4451 3416 4508 Haunuuus.

2242 4522 2442 4578 Ferali.
2469 4524 2568 4579 Ms.
2603 4522 2792 4592 fetiali,
2819 4532 3094 4591 corrupte.

2243 4594 2426 4649 Patris
2453 4597 2580 4660 eius.
2604 4591 2828 4652 Scilicet
2846 4593 3047 4650 Galerii
3066 4591 3388 4660 Maximiani,
3421 4592 3514 4662 qui
3539 4600 3657 4649 erat
3682 4607 3784 4663 per

2168 4666 2513 4729 adoptionem
2535 4676 2688 4736 pater
2725 4666 3018 4736 Maximini.

2241 4736 2451 4793 Fidum.
2483 4733 2552 4793 In
2583 4753 2687 4793 rns.
2718 4736 2893 4806 ﬁdem.
2938 4735 3124 4804 Forte,
3155 4734 3380 4806 ﬁdelem,
3403 4733 3658 4791 breviatis
3688 4733 3785 4789 lit-

2170 4809 2321 4865 teris.

2243 4900 2485 4979 No_min_i_s
2518 4918 2580 4979 ac
2615 4899 2826 4979 loc_i_.__ld
2861 4907 2964 4979 est,
2989 4898 3286 4979 dignitatis.
3316 4897 3478 4979 libav
3510 4895 3783 4979 institut.,

2170 4986 2290 5055 cap.
2323 4974 2350 5027 1
2374 4990 2388 5025 :
2416 4971 2540 5055 Non
2558 4972 2892 5055 ignobilia...
2921 4969 3390 5055 loeia’Spartianlnls
3416 4969 3784 5055 iu'Antunino

2172 5038 2329 5107 Geta,
2360 5058 2479 5113 cap.
2508 5044 2542 5098 5
2562 5038 2717 5097 {Sed
2734 5043 2844 5111 iam
2880 5042 3058 5111 optimi
3086 5038 3142 5095 in
3182 5039 3447 5113 republica
3473 5038 3592 5113 loci.
3624 5039 3787 5113 Larn—

2171 5113 2386 5185 pridius-
2417 5108 2471 5168 in
2498 5113 2659 5170 Alex.
2686 5108 3051 5184 Sever.,'cap.
3074 5113 3143 5169 5:
3176 5108 3301 5167 Non
3318 5109 3636 5234 magni
3657 5108 3783 5167 loci.

3503 5194 3636 5236 nun.

2243 5255 2534 5311 Feminam.
2567 5255 2625 5311 lu
2652 5269 2757 5311 ms.
2784 5254 2997 5326 femina.

2245 5346 2373 5402 Sine
2399 5344 2649 5415 exemplo.
2682 5344 2780 5401 Via
2811 5346 3117 5415 exemplum
3168 5345 3529 5402 secundarum
3564 5345 3785 5414 nuptia-

2172 5433 2315 5489 rum
2339 5418 2391 5489 in
2437 5418 2726 5489 Augusteis
2768 5417 2971 5489 feminis
3009 5417 3291 5483 habemus,
3332 5427 3529 5488 prmter
3558 5416 3784 5489 Lucilius

2172 5488 2321 5558 Lucii
2345 5485 2470 5542 Veri
2498 5485 2713 5555 uxoris,
2736 5485 2894 5558 quam
2922 5498 3044 5557 post
3071 5489 3177 5543 viri
3198 5485 3427 5544 mortem
3458 5497 3611 5558 pater
3642 5487 3785 5541 Mar-

2174 5575 2272 5616 cus
2298 5557 2600 5614 Antoninus
2625 5557 2850 5616 Claudio
2878 5558 3208 5629 Pompeiano
3245 5559 3383 5623 seni,
3400 5557 3628 5629 -equitis
3668 5558 3786 5612 llo-

2174 5630 2319 5703 mani
2350 5630 2479 5695 tilio,
2508 5632 2727 5703 invitam
2758 5640 2936 5686 tamen
2962 5628 3199 5685 tradidit.
3240 5629 3375 5687 Vide
3403 5628 3682 5703 Capitolia.
3727 5630 3785 5685 in

2176 5702 2380 5766 Marco,
2409 5716 2529 5772 cap.
2552 5702 2646 5757 20.
2990 5769 3033 5772 Α
3112 5769 3120 5772 Α
3187 5770 3195 5772 _
3724 5713 3729 5717 ⁴

2250 5769 2492 5831 Homini;
2509 5773 2614 5831 Pro
2639 5772 2737 5842 illi,
2760 5773 2968 5830 scilicet
2988 5769 3294 5829 Maximino.
