4058 6188
279 275 390 332 257

1415 271 1506 326 AD
1549 269 1878 326 DONATUM
1919 265 2468 327 CONFESSOREM.‘

3473 274 3584 334 958

278 389 333 445 in
375 389 500 443 iram
546 387 898 458 furoremque
955 387 1305 443 convertitur.
1353 386 1542 443 Statim
1589 390 1868 444 nmlierem
1897 391 1949 450 Α
1973 395 2159 442 centes
2182 388 2300 442 duci
2327 388 2604 457 jubentur.
2626 389 2810 444 Fletus
2829 391 3274 460 etcomploratio,
3305 409 3409 448 non
3440 396 3581 449 illius

275 479 585 552 proscribit,
615 481 753 536 bona
790 479 908 550 ejus
935 479 1096 550 rapit,
1125 479 1300 535 aufert
1325 481 1574 548 comites,
1607 479 1874 550 spadones

275 574 327 628 in
361 571 642 626 tormentis
681 580 859 638 necat,
891 572 1061 641 ipsam
1092 585 1213 627 cum
1261 579 1434 627 matre
1460 571 1512 626 in
1538 570 1757 627 exilium
1787 585 1875 626 re-

275 664 444 734 legat;
470 678 573 719 uec
595 663 648 718 in
679 663 856 719 locum
887 671 1095 718 certum
1113 679 1125 716 :
1146 662 1243 720 sed
1270 663 1373 718 huc
1397 671 1559 734 atque
1588 663 1713 718 illuc
1734 677 1875 732 prte-

269 755 480 826 cipitem
511 769 635 810 cum
678 755 907 811 ludibrio
931 755 1207 823 exturbat,
1237 763 1291 810 et
1312 754 1514 810 amicas
1540 753 1659 825 ejus
1686 753 1872 809 afficto

268 846 534 904 adulterio
561 846 801 902 damnat.
861 877 878 916 ι

1020 982 1135 1039 XL.

339 1116 471 1175 Erat
499 1117 805 1174 clarissima
836 1116 1078 1185 foamina,
1107 1117 1191 1172 cui
1219 1132 1284 1171 ex
1314 1114 1743 1186 liliisjuvenibus
1765 1113 1876 1183 jam

272 1220 492 1281 nepotes
513 1219 692 1266 erant.
711 1209 862 1265 [Iane
876 1208 1090 1265 Valeria
1119 1218 1386 1278 tamquam
1407 1217 1630 1262 matrem
1655 1207 1878 1261 alteram

273 1304 553 1373 diligebat,
582 1304 738 1374 cujus
769 1303 998 1360 consilio
1025 1313 1271 1373 negatam
1300 1302 1402 1356 sibi
1433 1302 1752 1371 suspicatur.
1783 1301 1883 1356 Dat

270 1399 544 1469 negotium
574 1397 793 1453 Prresidi
829 1398 1104 1461 Eratineo,
1137 1406 1194 1450 ut
1213 1411 1330 1450 eam
1352 1411 1472 1450 cum
1501 1395 1766 1450 dedecore
1795 1395 1880 1449 in-

270 1492 522 1549 terficiat.
557 1492 694 1548 Huic
739 1492 861 1548 aliae
886 1493 1006 1548 dum
1047 1492 1429 1562 adjunguntur,
1467 1507 1622 1562 teque
1652 1491 1878 1558 nobiles,

269 1601 498 1656 quarum
525 1585 696 1640 altera
717 1584 990 1640 Vestalem
1015 1584 1264 1638 famulam
1295 1583 1554 1652 virginem
1583 1583 1769 1637 Romae
1793 1597 1884 1637 re-

269 1675 524 1748 liquerat,
570 1677 803 1748 fugitivae
836 1685 964 1731 tunc
989 1676 1214 1731 Valeria:
1264 1675 1561 1730 familiaris.
1593 1674 1776 1730 Altera
1803 1674 1887 1730 vi-

277 1784 392 1824 rum
425 1769 618 1825 habuit
647 1779 971 1836 senatorem,
1004 1783 1106 1823 non
1138 1768 1298 1824 nimis
1329 1771 1581 1837 Augusta:
1610 1769 1880 1838 proxima.
1910 1789 1960 1850 Β

275 1859 380 1917 Sed
425 1871 657 1931 utraque
697 1861 767 1916 ob
795 1862 1047 1916 eximiam
1077 1859 1530 1930 pulchritudinem
1557 1859 1799 1929 corporis
1819 1874 1884 1916 ac

276 1953 595 2026 pudicitiam
623 1954 933 2009 necabatur.
953 1953 1250 2024 Rapiuntur
1265 1952 1441 2008 subito
1470 1952 1739 2019 mulieres,
1774 1966 1882 2008 non

273 2047 337 2102 ad
359 2046 655 2118 judicium,
680 2045 773 2103 sed
797 2046 862 2100 ad
884 2045 1276 2100 lactrocinium.
1301 2043 1410 2100 Nec
1430 2045 1572 2099 enim
1601 2045 1882 2115 quisquam

266 2149 559 2197 accusator
592 2141 831 2196 extabat.
882 2140 1155 2194 Invenitur
1191 2138 1407 2210 quidam
1437 2138 1655 2194 Iudaeus
1683 2138 1752 2193 ob
1781 2137 1884 2192 alia

266 2231 513 2288 facinora
541 2247 693 2298 reus,
719 2232 811 2302 qui
839 2245 934 2302 spe
957 2231 1288 2302 impunitatis
1325 2231 1596 2296 inductus,
1625 2231 1884 2286 adversus

269 2325 517 2380 insontes
552 2323 866 2387 mentiatur,
896 2322 1068 2379 Judex
1097 2337 1282 2392 aequus
1301 2330 1356 2376 et
1379 2321 1606 2391 diligens
1631 2331 1782 2376 extra
1802 2321 1882 2376 ci-

269 2418 492 2472 vitatem
512 2430 638 2471 cum
651 2415 922 2486 praesidio,
962 2430 1031 2470 ne
1061 2414 1332 2484 lapidibus
1386 2413 1670 2479 obruatur,
1697 2422 1885 2483 protu-

259 2502 336 2566 lit.
367 2510 660 2581 Agebatur
690 2509 805 2565 haec
851 2507 1114 2579 tragmdia
1147 2507 1358 2563 Nicaear.
1411 2505 1728 2577 lnrogantur
1767 2514 1880 2560 tor-

259 2616 438 2662 menta
467 2605 685 2672 Iudaeo,
721 2604 847 2660 dum
877 2619 997 2675 quae
1017 2605 1202 2674 jussus
1232 2600 1384 2675 [erat
1408 2602 1645 2668 diceret;
1676 2601 1761 2656 hae
1791 2598 1882 2673 ne]

259 2696 638 2769 loquerentur,
677 2697 868 2767 pugnis
902 2711 934 2752 a
981 2695 1281 2751 tortoribus
1325 2703 1689 2751 coercentur:
1729 2694 1888 2748 inuo-

1978 486 2184 533 tantum
2208 477 2405 545 mariti,
2433 479 2524 549 qui
2545 479 2728 535 aderat
2750 481 2885 536 bene
2911 483 3115 537 meritae
3138 485 3314 551 uxori,
3342 486 3436 540 sed
3465 501 3581 540 om-

1976 569 2146 637 nium,
2176 585 2312 642 quos
2334 586 2422 628 res
2448 571 2662 642 indigna
2689 583 2742 628 et
2764 573 3000 629 inaudita
3021 585 3382 632 contraxerat.
3415 586 3492 634 Ae
3515 593 3582 633 ne

1976 663 2180 734 impetu
2231 665 2413 735 populi
2459 665 2527 720 de
2587 667 2899 722 carnificum
2951 669 3198 724 manibus
3243 681 3579 740 raperentur,

1975 759 2208 828 promoti
2257 759 2475 814 militari
2527 759 2686 813 modo
2724 761 2970 815 instructi
3023 761 3211 817 velites
3243 753 3296 817 et
3321 763 3582 832 sagittarii

1977 859 2394 920 prosequuntur.
2429 849 2502 904 Ita
2531 851 2723 904 mediae
2769 852 2908 905 inter
2931 866 3132 907 cuneos
3160 861 3486 910 armatorum
3513 855 3581 910 ad

1978 944 2296 1014 supplicium
2310 944 2574 999 deductae.
2605 945 3012 1015 Jacuisseulque
3039 947 3340 1017 insepultae,
3367 949 3583 1005 domes-

1982 1037 2103 1090 ticis
2126 1037 2177 1090 in
2207 1036 2384 1106 fugam
2417 1039 2606 1102 versis,
2633 1037 2732 1090 nisi
2755 1051 2846 1091 eas
2871 1037 3062 1093 furtiva
3095 1039 3388 1095 amicorum
3422 1043 3583 1096 mise-

1980 1127 2205 1182 ricordia
2236 1128 2535 1197 sepelisset.
2589 1127 2700 1181 Nec
2729 1128 2975 1184 adultero
3006 1130 3293 1199 impunitas
3323 1132 3581 1201 promissa

1979 1218 2307 1288 persolvitur
2331 1237 2343 1273 :
2381 1217 2475 1272 sed
2503 1219 2740 1287 patibulo
2761 1218 2973 1286 affixus,
3010 1222 3221 1290 aperuit
3250 1237 3410 1276 omne
3439 1238 3584 1293 mys-

1984 1311 2199 1375 terium,
2231 1319 2286 1366 et
2313 1311 2414 1366 sub
2461 1321 2704 1366 extremo
2747 1313 2937 1380 spiritu
2978 1313 3150 1383 inquit
3191 1313 3463 1380 erunibus,
3492 1315 3584 1384 qui

1981 1402 2256 1471 videbant,
2291 1401 2399 1474 [ac]
2428 1403 2742 1459 innocentes
2771 1414 2824 1459 et
2843 1405 3050 1460 occisas
3076 1421 3200 1461 esse
3226 1415 3468 1462 testatur.

2701 1514 2834 1572 XLI.

2057 1635 2294 1703 Augusta
2350 1648 2482 1689 vero
2540 1633 2592 1688 in
2647 1633 2891 1689 desertas
2941 1635 3200 1705 quasdam
3256 1636 3578 1693 solitudines

1987 1725 2161 1798 Syriae
2176 1726 2435 1797 relegata,
2456 1736 2660 1796 patrem
2692 1742 2848 1781 suum
2874 1727 3258 1782 Diocletianum
3284 1743 3378 1798 per
3402 1730 3580 1784 occul-

1988 1825 2073 1872 tos
2101 1834 2326 1888 gnarum
2358 1818 2680 1872 calamitatis
2707 1833 2818 1873 sum
2848 1817 2995 1872 fecit.
3024 1818 3183 1873 Mittit
3210 1819 3299 1874 ille
3329 1820 3534 1890 legatos
3555 1863 3572 1890 ,

1987 1921 2043 1967 et
2068 1921 2219 1982 rogat
2250 1922 2306 1966 ut
2347 1912 2411 1968 ad
2443 1929 2502 1968 se
2545 1912 2706 1967 filiam
2746 1913 3004 1968 remittat.
3036 1913 3177 1969 Nihil
3205 1913 3438 1986 proficit.
3470 1914 3578 1970 Ite-

1985 2018 2106 2059 rum
2135 2019 2197 2058 ac
2218 2004 2414 2074 saepius
2459 2005 2727 2059 obsecrat.
2771 2003 2887 2060 Non
2935 2007 3242 2062 remittitur.
3290 2007 3575 2063 Postremo

1987 2107 2271 2167 cognatum
2323 2113 2478 2152 suum
2525 2098 2810 2168 quemdam
2874 2100 3158 2154 militarem
3205 2117 3265 2155 ac
3301 2110 3579 2172 potentem

1987 2189 2158 2243 virmn
2191 2189 2365 2258 legat,
2395 2191 2483 2259 qui
2516 2206 2636 2245 eum
2670 2191 3052 2247 beneficiorum
3083 2207 3302 2248 suorum
3331 2192 3580 2248 admoni-

1989 2288 2102 2334 tum
2151 2280 2489 2349 deprecetur.
2539 2281 2589 2336 Is
2619 2297 2870 2353 quoque,
2923 2282 3234 2354 imperfecta
3282 2286 3580 2355 legatione,

1989 2370 2171 2426 irritas
2196 2386 2382 2441 preces
2404 2374 2688 2430 remmtiat.

2705 2487 2859 2542 XLII.

2058 2600 2368 2672 Eodemque
2402 2611 2643 2672 tempore
2677 2603 2824 2657 senis
2862 2601 3168 2658 Maximiani
3211 2595 3402 2660 statua:
3437 2605 3580 2662 Con-

1994 2695 2212 2749 stantini
2230 2695 2381 2766 jussu
2409 2697 3167 2768 revellehantur,etimagiues
3187 2713 3310 2754 cum
3338 2717 3443 2771 quo
3467 2703 3583 2772 pic-

1583 2809 1945 2866 VARIORUM
1982 2809 2211 2866 NOTAE.

319 2932 570 2987 Comites.
593 2931 692 2987 llic
711 2930 952 2987 feminini
975 2931 1207 3003 generis.

2057 2926 2312 3001 lustrucli
2327 2928 2496 3001 velites
2525 2937 2570 2982 et
2612 2929 2864 3000 sagittarii
2899 2939 3294 3000 prosequuntur.
3343 2930 3428 2987 Sic
3459 2931 3578 3001 lego

319 3003 509 3078 Ipsgm
528 3013 819 3078 cunimatre
837 3005 891 3078 in
915 2999 1126 3078 exilium
1141 3002 1351 3078 relegat.
1376 2999 1642 3078 Valeriam
1667 3013 1860 3067 nempe
1888 3015 1934 3078 ρ
1964 3012 2085 3052 cum
2121 2999 2367 3078 _Baluzio‘
2389 3000 2531 3078 inter
2573 2999 2682 3053 suae
2725 3001 2976 3078 editionis
3017 3011 3212 3078 errata,
3259 3018 3378 3056 cum
3425 3005 3493 3057 sit
3513 2999 3576 3078 in

254 3072 370 3130 eum
403 3075 593 3129 Prisca
624 3075 942 3144 Diocletiani
964 3089 1150 3138 uxore,
1184 3072 1381 3143 dequa
1410 3072 1652 3144 pluribus
1679 3081 1858 3126 actum

254 3158 330 3201 est
353 3146 426 3200 ad
459 3161 580 3214 cap.
614 3146 701 3200 15.
737 3143 938 3214 Ipsam,
964 3148 1016 3199 in
1049 3161 1150 3198 ms.
1180 3145 1318 3214 ipsa.

326 3217 542 3271 Amicos
571 3218 706 3282 eius.
729 3217 948 3270 Scilicet
979 3215 1222 3270 Valeria}.

320 3288 530 3358 Aﬁicto.
563 3287 664 3341 Ms.
687 3287 889 3358 amicta,
912 3297 1183 3355 corrupte.

323 3356 661 3426 suspicatur.
709 3356 798 3413 Sic
842 3361 895 3412 in
947 3373 1049 3412 ms.
1103 3357 1244 3413 Editi
1297 3371 1428 3412 vero
1480 3356 1860 3427 suspicabatur.

255 3431 586 3486 Maximinus
612 3429 816 3485 scilicet
834 3430 1146 3499 suspicatur.

325 3520 600 3574 Eratineo.
652 3519 826 3574 Locus
875 3519 1086 3574 videtur
1132 3527 1452 3588 corruptus:
1485 3516 1737 3572 Praesidis
1767 3531 1868 3570 no.

259 3607 376 3646 men
428 3602 535 3646 est.
585 3590 786 3645 BALUZ.
818 3620 887 3629 —
913 3590 1117 3644 Forsan
1148 3590 1392 3655 Eratino,
1422 3597 1481 3642 ut
1520 3589 1589 3642 sit
1621 3588 1868 3643 Graecum

263 3665 536 3738 ἐρατεινὸν,
559 3662 701 3732 quod
724 3661 863 3716 idem
885 3663 989 3716 τιοέ
1024 3664 1228 3735 ἀσμιος.
1255 3663 1503 3715 Attamen
1524 3659 1871 3714 Heumannus

263 3735 376 3788 loco
394 3732 646 3788 Eratineo
662 3734 964 3803 suspicatur
989 3682 1276 3803 legendum
1303 3747 1422 3787 esse
1445 3731 1695 3803 protinus,
1727 3729 1871 3800 quod

261 3806 490 3860 verbum
517 3801 797 3859 Lactantio
839 3813 924 3858 est
969 3801 1251 3870 familiare,
1295 3812 1353 3857 ut
1398 3801 1609 3856 videtur
1649 3803 1873 3869 hujusce

262 3876 376 3930 libri
409 3891 533 3946 cap.
559 3875 654 3942 ‘29,
684 3875 754 3946 50
782 3882 836 3930 et
853 3876 944 3931 59.
1007 3916 1009 3919 -

265 3943 638 4088 ﬁrmatam.
683 3945 933 4001 Nonnulli
974 3946 1154 4017 legere
1201 3943 1391 4001 volunt
1426 3943 1549 4014 jure
1579 3957 1643 3998 ac
1680 3944 1875 3999 merito

321 4035 454 4073 iam.

321 4035 454 4073 tam.

335 4110 620 4181 Fugitive.
654 4109 711 4165 In
745 4124 847 4165 ms.
876 4110 1081 4180 furtive,
1115 4109 1274 4164 male.

336 4174 466 4238 Non
484 4184 637 4237 nimis
653 4174 901 4252 Augustae
917 4183 1168 4251 proxima.
1199 4181 1277 4252 Ita
1295 4190 1376 4234 ms
1390 4215 1402 4229 .
1426 4174 1678 4231 Nonnulli
1700 4175 1879 4248 legere

267 4255 456 4309 volunt
483 4271 584 4308 non
605 4251 810 4319 minus;
839 4253 927 4306 alii
955 4269 1056 4306 non
1079 4251 1228 4306 nihil.

339 4325 663 4379 Necabatur.
697 4325 795 4378 Ms.
828 4324 1155 4379 necabantur.

336 4395 613 4450 Invenitur
640 4395 848 4467 quidam
877 4394 1115 4459 Judteus,
1149 4404 1252 4449 etc.
1282 4391 1814 4467 Nonltoempritnttm
1845 4403 1875 4467 τι

274 4539 505 4608 exempli
539 4537 705 4605 Nero,
733 4553 855 4592 cum
895 4537 1178 4608 Octaviam,
1199 4550 1418 4608 uxorem
1445 4533 1878 4608 repudiare__vel-

271 4609 344 4664 let
369 4603 937 4680 in'gratiam'l’oppege
967 4607 1120 4680 Vide:
1140 4606 1310 4680 'I‘acit.
1332 4606 1423 4680 lib.
1457 4620 1544 4658 xrv
1573 4603 1876 4660 Annalium.

341 4677 520 4734 Judea:
547 4697 724 4751 (equus
752 4677 803 4733 ei
827 4679 1060 4749 diligens.
1094 4677 1300 4734 Irouice
1327 4677 1548 4731 dictum.

346 4771 632 4825 Obruatur.
659 4770 878 4826 Scilicet
897 4784 928 4824 a
949 4767 1175 4832 civibus,
1198 4770 1288 4837 qui
1314 4763 1877 4837 earuutginnocentiam

273 4852 570 4906 noverant;
602 4843 687 4897 vel
709 4841 866 4906 forte,
890 4855 959 4895 ne
987 4835 1230 4895 Judaeus'
1249 4840 1364 4908 ipse
1393 4838 1462 4893 ob
1491 4835 1681 4892 falsum
1723 4838 1876 4891 testi-

275 4914 520 4968 monium
552 4912 820 4982 lapidibus
845 4913 1120 4966 obruatur.

344 4982 537 5037 Iussus
567 4978 676 5038 erat
706 4985 926 5046 diceret;
967 4984 1047 5035 Ita:
1073 4997 1137 5034 ne
1156 4982 1499 5048 loquerentur.
1527 4978 1617 5034 Sic
1647 4979 1880 5035 restituit

276 5057 498 5110 criticus
536 5055 993 5126 anonymus,_qui
1032 5067 1133 5126 ms.
1166 5053 1491 5126 inspexerat
1515 5050 1566 5104 in
1607 5066 1876 5126 quoqua-

279 5127 577 5181 tuordecim
604 5123 822 5181 circiter
858 5123 1052 5179 desunt
1089 5125 1300 5178 litterm.
1347 5123 1446 5177 Alii
1481 5123 1663 5190 legunt
1703 5124 1879 5184 iussus

276 5199 414 5250 clam
446 5208 580 5265 erat,
625 5198 841 5268 palam,_
863 5204 919 5268 et
954 5198 1032 5268 sic
1073 5195 1356 5268 legendum
1393 5207 1527 5268 esse
1560 5194 1881 5268 conjiciebat

278 5263 764 5324 doctissimus'Nic.
799 5265 1070 5322 Heinsius.
1098 5263 1169 5320 At
1205 5267 1260 5320 in
1306 5280 1408 5320 ms.
1431 5264 1531 5334 legi
1557 5263 1878 5334 loquerentur

280 5349 333 5392 et
360 5349 669 5404 coercentur,
700 5354 819 5408 qum
849 5337 996 5392 uolui
1027 5345 1253 5392 mutare.

347 5409 618 5464 labentur.
649 5409 826 5476 Adde,
856 5408 922 5464 ad
949 5409 1292 5480 supplicium.

358 5480 594 5536 Tantum.
619 5482 720 5536 Ms.
753 5481 901 5534 tanti.

354 5549 709 5625 ςρηιναπενᾳι.
739 5551 796 5607 Id
821 5561 924 5618 est,
955 5551 1309 5609 advocaverat
1335 5551 1402 5608 ad
1432 5552 1816 5625 spectaculum.

353 5622 613 5678 Manibus.
644 5624 703 5679 In
731 5638 836 5679 ms.
863 5640 1065 5678 manus.

357 5692 611 5776 gravitati.
641 5695 739 5776 Vel
753 5695 1036 5776 progressi,
1063 5695 1148 5774 vel
1171 5703 1230 5748 ut
1249 5695 1433 5749 volunt
1452 5692 1692 5776 quidam,
1716 5693 1881 5751 duces

283 5764 562 5839 militares,
592 5767 685 5844 qui
703 5763 771 5824 ad
789 5763 1008 5824 ordines
1030 5763 1236 5840 priores
1261 5763 1489 5846 prometi
1518 5773 1662 5834 sunt.

1969 3069 2450 3141 ms.,instructibile
2481 3086 2621 3124 mens
2663 3073 2970 3141 essagittari,
3013 3073 3158 3126 nullo
3195 3088 3376 3138 sensu,
3415 3084 3470 3128 et
3507 3077 3579 3128 sit

1969 3140 2109 3215 idem
2155 3141 2450 3195 litterarum
2485 3140 2788 3215 numerus.
2821 3141 2987 3215 Recte
3017 3143 3159 3198 cnim
3201 3144 3287 3198 hic
3328 3144 3572 3215 (inquit)

1967 3212 2380 3285 conjunguntur.
2418 3214 2586 3285 velites
2629 3219 2685 3266 et
2717 3214 2988 3283 sagittarii,
3041 3229 3164 3268 cum
3215 3212 3575 3285 utrique—sint

1970 3283 2104 3337 levis
2130 3291 2414 3337 armaturae
2444 3284 2662 3337 milites.

2003 3351 2442 3479 dducuiﬁsentque.
2481 3353 2556 3408 Ita
2596 3369 2700 3408 ms.
2731 3363 2785 3410 et
2813 3364 2977 3411 recte.
3006 3355 3167 3410 Deest
3187 3373 3284 3424 que
3310 3356 3361 3411 in
3386 3356 3576 3426 priscis

2044 3437 2189 3477 lllOlll
2235 3441 2314 3478 IIS.

1971 3437 2052 3480 CUI
2065 3437 2314 3479 llOlIIDIIS.

2045 3495 2309 3575 Adultera.
2353 3495 2567 3550 Scilicet
2593 3494 2798 3551 Judaao.
2845 3498 3111 3562 Adultera,
3158 3497 3209 3553 in
3250 3512 3374 3564 ms.,
3423 3498 3574 3552 adul-

1973 3577 2120 3620 terra.

2046 3636 2276 3708 Aperuit.
2309 3635 2656 3708 Heumannus
2682 3637 2810 3707 legit
2835 3638 3016 3708 aperit.

2049 3706 2243 3775 Inquit.
2276 3707 2374 3762 Ms.
2408 3711 2460 3760 in
2505 3710 2661 3773 quod.
2718 3706 3001 3763 Redundat
3060 3709 3163 3763 hoc
3195 3707 3417 3762 verbum
3440 3749 3455 3772 ,
3484 3710 3568 3765 vel

1975 3779 2288 3834 mutandum
2319 3788 2375 3831 ut
2403 3777 2628 3834 fecimus
2652 3820 2666 3844 ,
2697 3795 2818 3832 cum
2848 3779 3121 3834 additione
3150 3779 3570 3849 conjunctionis,

1977 3867 2036 3922 ac
2058 3864 2178 3919 quae
2203 3849 2357 3904 deest
2393 3851 2444 3903 in
2477 3866 2579 3902 nts.
2618 3849 2778 3922 quasi
2807 3850 3045 3922 diceret,
3093 3851 3185 3904 sub
3215 3861 3438 3906 extremo
3463 3854 3572 3922 spi-

1976 3921 2082 3974 ritu
2103 3922 2302 3974 locutus
2331 3932 2440 3985 est,
2473 3926 2548 3974 vel
2573 3921 2644 3974 ait
2671 3921 2902 3976 omnibus
2926 3923 3013 3992 qui
3035 3923 3265 3976 videbant
3283 3963 3298 3987 ,
3321 3939 3382 3976 ac
3422 3921 3570 3978 inno-

1983 4001 2150 4046 centes
2177 3992 2370 4045 occisas
2389 4008 2496 4045 esse
2519 4001 2748 4048 testatur.

2054 4063 2304 4130 Augusta.
2334 4063 2543 4118 Valeria
2574 4079 2800 4132 nempe,
2820 4062 3017 4120 Galerii
3045 4055 3351 4119 Maximiani
3386 4064 3562 4120 vidua.

2054 4133 2301 4204 (inurunt.
2328 4133 2422 4187 Ms.
2457 4151 2776 4204 magnarum,
2808 4135 2968 4190 male.

2054 4203 2394 4258 Calamitatis.
2417 4205 2472 4258 In
2503 4203 2602 4257 ms.
2630 4247 2646 4270 ,
2667 4207 3003 4259 calamitates.

2055 4275 2380 4344 Deprecetur.
2406 4275 2502 4330 Ms.
2559 4273 2892 4344 Deprecatur.
2923 4305 2996 4316 -—
3038 4273 3363 4342 Deprecetur.
3394 4275 3564 4331 Valde

1983 4357 2254 4416 precetur.
2283 4346 2395 4400 Cic.
2430 4347 2521 4399 lib.
2555 4362 2591 4399 ιι
2615 4386 2630 4408 ,
2660 4347 2816 4415 epist.
2847 4346 2916 4399 24
2949 4363 2962 4398 :
2993 4345 3210 4414 Legatos
3224 4356 3428 4399 senatus
3461 4364 3562 4401 non

336 4416 848 4478 ‘ﬂ'efmurﬂumm”
877 4416 1115 4477 “mutus:
1149 4416 1252 4449 cw'
1284 4416 1412 4472 “"".
1431 4416 1530 4475 ""‘5
1577 4416 1814 4473 .I’r'."'""'
1845 4416 1875 4472 εξ
1900 4419 1954 4478 D
1979 4419 2047 4470 ad
2068 4417 2440 4487 deprecandam
2463 4432 2668 4483 pacem,
2697 4417 2785 4470 sed
2822 4417 2889 4468 ad
2928 4416 3114 4470 bellum
3159 4417 3562 4471 denuntiandunt

269 4468 558 4522 Maxnmno
617 4477 916 4522 rnventum.
981 4467 1274 4520 l’ractverat
1330 4480 1471 4517 enim
1517 4464 1587 4516 llll
1629 4479 1710 4516 Vll‘
1750 4461 1876 4514 b0l|l
1983 4489 2186 4522 ...ςηηη
2236 4517 2305 4522 _
2352 4486 2653 4522 ηοηηηιη..
2731 4487 2803 4522 Mc
2894 4487 3192 4522 Αοηνηρηιη..
3243 4487 3377 4522 mna
3413 4489 3560 4522 Ma...

1983 4489 2207 4542 miserat.
2236 4517 2305 4526 —
2345 4486 2672 4556 Deprecetur.
2727 4487 2850 4549 Ms.,
2894 4487 3211 4557 deprecatur.
3243 4487 3378 4542 Illud
3413 4489 3561 4558 prius

1982 4561 2220 4625 rectius,
2273 4573 2372 4627 pro
2424 4568 2673 4625 precetur,
2725 4574 2790 4612 ex
2841 4558 3020 4613 indole
3060 4559 3362 4623 Lactantii,
3408 4560 3561 4628 cujus

1982 4633 2226 4698 exempla
2256 4629 2479 4683 iudicari
2503 4629 2569 4682 ad
2599 4630 2691 4683 lib.
2715 4645 2771 4683 Ill
2801 4630 2971 4684 lnstit.
3003 4645 3122 4697 cap.
3156 4630 3243 4683 l7.
3273 4629 3405 4684 Bon.

2054 4699 2359 4773 lnipet'fecta
2390 4700 2655 4773 legatione.
2694 4701 2771 4755 Ita
2815 4717 2916 4755 ms.
2967 4701 3206 4773 nonnulli
3231 4701 3427 4756 eruditi
3459 4702 3562 4773 legi

1979 4771 2267 4835 volebant,
2302 4771 2526 4842 perfecta
2575 4771 2845 4842 legatione.
2877 4773 3047 4838 Quam
3078 4772 3317 4826 ultimam
3372 4771 3559 4827 lectio-

1981 4859 2105 4900 nem
2157 4843 2311 4898 valde
2369 4842 2560 4912 probat
2614 4843 2993 4897 Bunemannus
3020 4852 3201 4897 notam
3243 4854 3558 4912 sequentem

1980 4911 2379 4970 exbibens:-—’
2421 4912 2661 4982 Perfecta
2713 4916 2979 4982 legatione.
3025 4911 3113 4968 Sic
3165 4911 3387 4968 omnino
3437 4930 3560 4969 cum

1981 4984 2200 5040 Heinsio
2249 4982 2530 5054 legendum
2560 4999 2654 5053 pro
2682 4985 2808 5039 etltl.
2832 5001 2898 5038 ex
2924 4999 3027 5038 ms.
3081 4985 3428 5054 imperfecta;
3459 4987 3559 5041 nisi

1979 5057 2138 5110 malis
2157 5097 2172 5120 ,
2191 5057 2306 5126 jam
2338 5054 2571 5125 perfecta
2600 5055 2884 5126 legatione.
2917 5055 3049 5110 Bon.

2055 5125 2346 5192 Eodemque
2371 5137 2611 5195 tempore.
2637 5125 2712 5180 Ita
2740 5142 2839 5181 ms.
2861 5127 2974 5183 Duo
2993 5126 3187 5184 eruditi
3209 5127 3307 5181 viri
3336 5128 3560 5197 vellent,

1981 5198 2154 5278 eodem
2169 5213 2372 5278 quoque
2394 5208 2634 5265 tempore.

2055 5270 2226 5324 Senis.
2252 5269 2306 5322 In
2336 5283 2438 5322 ms.
2467 5284 2639 5322 senex.

2054 5341 2378 5395 Maximiani.
2409 5339 2643 5394 Herculii
2666 5355 2876 5411 nempe.

2057 5413 2207 5467 Senis
2261 5411 2564 5464 Maximiani
2610 5421 2859 5466 stature...
2918 5413 3302 5469 reseilebantur.
3354 5413 3564 5468 Conﬁr-

1981 5493 2197 5541 mantur
2225 5485 2292 5538 ab
2316 5483 2580 5549 Eusebio,
2615 5484 2739 5536 hist.
2787 5483 2931 5538 Eccl.
2995 5485 3090 5538 lib.
3123 5499 3244 5548 vnr,
3297 5500 3413 5551 cap.
3452 5483 3560 5544 I3;

1984 5557 2119 5612 lil).I
2152 5555 2287 5610 Vita:
2312 5557 2675 5620 Constantiu.,
2726 5570 2846 5623 cap.
2889 5556 2977 5620 47,
3022 5555 3090 5610 de
3141 5555 3335 5624 quibus
3380 5553 3564 5623 dispu-

1984 5635 2098 5680 tant
2126 5627 2373 5682 Baluzius
2402 5635 2455 5682 et
2475 5625 2715 5682 Nurrius.
2753 5626 2884 5682 Bon.

2057 5697 2318 5768 Imagines
2349 5713 2460 5750 cum
2485 5715 2584 5764 quo
2612 5699 2776 5768 pictus
2798 5707 2943 5753 esset.
2976 5695 3050 5752 Ita
3075 5693 3416 5768 ms.__absque
3454 5691 3564 5764 ulla

1984 5765 2194 5828 lacuna.
2225 5767 2352 5824 Post
2381 5765 2654 5841 imagines,
2686 5768 2897 5835 videtur
2921 5768 3109 5830 deesse
3135 5765 3293 5826 illius.
