4058 6188
487 277 604 338 9.59

1365 279 1554 336 FIRM.
1599 273 1966 333 LACTAN’I‘II
2003 269 2133 328 LIB.
2176 271 2266 330 DE
2305 271 2517 330 MORT.
2559 273 2940 333 PERSECUT.
3040 348 3047 356 .

3692 279 3800 337 260

493 409 582 456 tus
605 403 782 458 esset,
805 392 1244 452 detrahebantur.
1279 394 1346 449 Et
1375 398 1497 465 quia
1532 409 1691 449 senes
1721 391 1882 446 ambo
1927 388 2086 443 simul
2114 399 2167 458 Α
2194 389 2262 443 tia
2291 431 2303 454 ,
2349 391 2631 460 utriusque
2681 391 2939 462 imagines
2988 393 3145 446 simul
3189 393 3455 448 locantur.
3488 393 3788 452 Maxentius

496 493 812 562 plerumque
837 488 965 557 picti
1008 495 1197 552 erant,
1252 496 1308 542 et
1356 487 1617 557 imagines
1665 485 1824 540 simul
1851 482 2092 554 depone-

497 588 694 640 bantur
721 581 1024 636 amborum.
1072 579 1258 651 Itaque
1290 595 1454 648 quum
1496 580 1706 635 videret
1729 579 1884 633 vivus
1903 618 1920 644 ,
1948 574 2092 646 quod

497 675 630 731 nulli
660 688 892 743 unquam
921 673 1306 744 imperatorum
1355 672 1661 738 acciderat,
1692 670 1890 741 duplici
1931 669 2092 741 a'gri-

495 767 682 822 tudine
709 765 941 821 affectus
967 807 982 832 ,
1014 765 1358 820 moriendum
1401 765 1502 819 sibi
1531 777 1652 820 esse
1678 763 1940 819 decrevit.
1970 761 2092 816 Jac-

495 865 645 916 tabat
671 875 730 916 se
768 860 873 915 huc
916 869 1079 931 atque
1119 861 1247 915 illuc
1267 903 1281 927 ,
1310 869 1570 915 aestuante
1610 860 1786 913 anima
1818 872 1914 928 per
1938 856 2093 911 dolo-

489 969 642 1017 rem,
677 967 775 1008 nec
800 967 1048 1007 somnum
1067 995 1082 1017 ,
1105 955 1229 1007 ‘nec
1247 953 1423 1007 cibum
1453 951 1690 1022 capiens.
1740 949 1982 1019 Suspiria
2037 955 2093 1002 et

453 1053 456 1056 ’
492 1045 724 1114 gemitus
748 1085 764 1110 ,
795 1043 1001 1098 crebra:
1031 1044 1280 1114 lacrymte
1303 1085 1316 1106 ,
1343 1043 1486 1112 jugis
1515 1041 1774 1096 volutatio
1823 1039 2090 1109 corporis,

497 1152 638 1192 nunc
667 1137 720 1191 in
754 1137 925 1202 lecto,
968 1151 1110 1191 nunc
1138 1135 1305 1190 humi.
1338 1134 1412 1190 Ita
1461 1135 1650 1206 viginti
1688 1147 1947 1188 annorum
1971 1131 2093 1186 feli-

493 1231 746 1285 cissimus
809 1230 1122 1299 imperator,
1175 1227 1240 1282 ad
1305 1227 1561 1282 humilem
1616 1227 1779 1281 vitam
1853 1224 2094 1294 deiectus

502 1323 638 1378 adeo
667 1365 682 1388 ,
710 1332 766 1378 et
795 1322 1135 1393 proculcatas
1158 1321 1401 1391 injuriis,
1439 1329 1600 1389 atque
1649 1320 1704 1374 in
1756 1317 1937 1372 odium
1970 1317 2094 1371 vita:

497 1413 767 1484 dejectus,
796 1423 1072 1485 postremo
1092 1411 1234 1467 fame
1269 1420 1431 1483 atque
1455 1424 1656 1482 angore
1685 1408 1960 1466 confectus
1986 1414 2089 1462 est.

1232 1545 1420 1602 XLIII.

573 1680 723 1739 Unus
761 1682 870 1754 jam
929 1691 1208 1754 supererat
1259 1682 1328 1738 dc
1378 1681 1704 1736 adversariis
1757 1681 1895 1749 Dci,
1940 1679 2094 1751 cujus

2199 489 2457 552 tanquam
2507 482 2748 538 divinum
2821 485 3086 540 auxilium
3149 485 3382 542 libenter
3428 491 3791 560 amplectitur.

2197 570 2313 626 Jam
2336 573 2478 627 enim
2518 573 2722 628 bellum
2750 573 3109 630 Constantino
3136 577 3442 644 indixerat,
3490 582 3641 649 quasi
3697 598 3795 639 ne-

2193 678 2314 719 cem
2345 665 2510 734 patris
2531 666 2612 720 sui
2643 666 3032 722 vindicaturus.
3064 667 3218 725 Unde
3240 669 3477 738 suspicio
3506 672 3796 741 inciderat,

2194 771 2381 811 senem
2432 758 2582 811 illttm
2633 767 2739 813 tam
2788 759 3123 814 exitiabilem
3190 761 3413 816 tinxisse
3461 762 3791 819 discordiam

2193 863 2320 903 cum
2346 849 2454 904 filio
2474 892 2488 914 ,
2519 860 2578 904 ut
2605 852 2670 905 ad
2697 852 2833 906 alios
2859 852 3218 908 succitlcndos
3241 854 3380 908 viam
3426 855 3527 911 sibi
3559 857 3799 924 faceret,

2191 945 2386 1014 quibus
2411 945 2661 1000 omnibus
2690 946 2914 1001 sublatis
2944 988 2958 1010 ,
2987 947 3086 1000 sibi
3110 961 3172 1000 ac
3201 947 3312 1001 filio
3341 947 3505 1002 totius
3526 950 3678 1004 orbis
3705 948 3832 1005 im-'

2192 1039 2400 1108 perium
2427 1037 2739 1093 vindicaret.
2773 1037 2879 1093 Sed
2905 1038 2954 1092 id
2980 1027 3180 1092 ‘lalsum
3213 1039 3328 1093 fuit.
3362 1039 3493 1094 Nam
3523 1040 3574 1095 id
3606 1057 3804 1112 propo-

2191 1131 2278 1184 siti
2310 1131 2568 1196 habebat,
2595 1141 2652 1185 ιιι
2683 1142 2734 1186 ct
2759 1131 2869 1186 lilio
2892 1173 2905 1196 ,
2965 1140 3020 1187 et
3072 1133 3286 1188 caeteris
3332 1133 3582 1190 extinctis
3602 1175 3618 1204 ,
3651 1149 3711 1191 se
3741 1151 3806 1192 ac

2193 1221 2578 1278 Diocletianum
2607 1223 2916 1278 restitueret
2943 1223 2994 1278 in
3028 1239 3275 1295 regnum.

2917 1356 3105 1413 XLIV.

2265 1491 2384 1548 Jam
2411 1501 2554 1549 mota
2581 1493 2722 1548 inter
2741 1508 2836 1548 eos
2866 1491 3080 1548 fuerant
3110 1507 3258 1547 arma
3281 1493 3485 1548 civilia.
3521 1494 3588 1549 Et
3611 1511 3808 1566 quam-

2192 1585 2277 1639 vis
2303 1599 2362 1641 se
2386 1584 2686 1640 Maxentius
2708 1584 2894 1639 Romae
2915 1585 3230 1640 contineret
3255 1626 3270 1650 ,
3301 1585 3448 1661 quod
3479 1601 3806 1656 responsum

2191 1686 2511 1748 acceperat,
2565 1677 2862 1748 periturum
2910 1692 3064 1744 esse,
3127 1678 3170 1732 si
3217 1688 3372 1734 extra
3423 1689 3604 1749 portas
3654 1681 3809 1736 urbis

505 1791 650 1832 nunc
703 1776 902 1832 exitum
951 1777 1268 1848 ruinamqne
1303 1775 1636 1831 subnectam.
1683 1775 1814 1831 Cum
1873 1775 2094 1830 haberet
2123 1783 2172 1843 Β
2196 1772 2437 1838 exiSSet;
2467 1780 2644 1827 tamen
2675 1771 2873 1826 bellant
2903 1786 3003 1840 per
3047 1771 3273 1827 idoneos
3300 1772 3469 1828 duces
3490 1773 3808 1842 gerebatur.

499 1868 900 1926 aemulationem
932 1868 1191 1924 adversus
1245 1867 1510 1922 Licinium
1535 1907 1551 1932 ,
1599 1867 1721 1938 quia
1763 1867 2017 1937 prmlatus
2041 1866 2090 1932 ei

500 1975 530 2014 a
559 1957 882 2020 Maximiano
911 1959 1114 2025 fuerat,
1163 1959 1290 2014 licet
1318 1973 1490 2029 nuper
1534 1973 1655 2013 cum
1703 1973 1767 2013 eo
1805 1958 2092 2013 amicitiam

499 2052 871 2107 confirmasset
891 2094 907 2119 ,
941 2063 1119 2107 tamen
1151 2060 1210 2107 ttt
1234 2051 1435 2106 audivit
1463 2051 1800 2107 Constantini
1849 2066 2094 2107 sororem

500 2143 709 2199 Licinio
733 2158 856 2198 esse
894 2142 1247 2214 desponsam,
1294 2143 1620 2198 existimavit
1670 2141 1988 2196 affinitatem
2032 2143 2097 2196 il—

502 2228 607 2289 Iam
659 2233 889 2290 duorum
935 2236 1318 2306 imperatorum
1359 2244 1546 2290 contra
1598 2249 1659 2304 se
1709 2233 1971 2304 copulari.
2018 2231 2088 2290 Et

501 2327 618 2395 ipse
667 2325 872 2395 legatos
918 2327 984 2380 ad
1041 2325 1228 2381 urbem
1279 2325 1426 2380 misit
1471 2326 1722 2393 occulte,
1777 2326 2099 2384 societatem

501 2417 758 2474 Maxentii
787 2427 954 2490 atque
977 2419 1274 2474 amicitiam
1316 2416 1670 2489 postulatum.
1702 2418 1904 2474 Scribit
1938 2417 2102 2473 etiam

499 2507 858 2566 familiariter.
889 2510 1246 2582 Rccipiuntur
1289 2509 1450 2580 legati
1505 2508 1767 2594 benigne,
1807 2510 1870 2564 lit
1916 2509 2104 2564 amici-

2199 1864 2330 1920 ‘Plus
2355 1864 2547 1918 virium
2577 1862 2848 1918 Maxentio
2875 1873 3030 1928 erat,
3069 1863 3212 1934 quod
3241 1872 3298 1918 et
3326 1865 3489 1934 patris
3533 1865 3615 1918 sui
3644 1879 3810 1919 exero

2201 1955 2366 2011 citum
2418 1963 2696 2026 receperat
2729 1970 2759 2009 a
2808 1955 3045 2020 Severo,
3095 1965 3153 2010 et
3201 1969 3358 2010 suum
3407 1957 3684 2026 proprium
3739 1955 3814 2011 de

2203 2049 2404 2104 Mauris
2433 2059 2592 2118 atque
2646 2046 2792 2101 Italis
2845 2061 3018 2117 nuper
3060 2055 3386 2104 extraxerat.
3445 2049 3767 2103 Dimicatum
3795 2089 3812 2114 ,

2173 2131 2260 2196 'et
2302 2139 2624 2195 Maxentiaui
2681 2138 2882 2194 milites
2938 2139 3344 2208 praevalebant;
3399 2138 3572 2194 donec
3613 2149 3808 2210 postea

2204 2234 2526 2290 conﬁrmato
2547 2232 2730 2288 animo
2755 2232 3172 2300 Constantinus,
3208 2241 3264 2288 et
3304 2232 3373 2288 ad
3399 2242 3686 2304 utrumque
3709 2249 3813 2305 pa-

2206 2335 2390 2394 ratus,
2423 2328 2606 2398 copias
2630 2341 2822 2383 omnes
2861 2327 2928 2382 ad
2955 2328 3142 2384 urbem
3185 2328 3405 2399 propius
3432 2329 3711 2394 admovit,
3742 2338 3804 2384 et

2207 2419 2479 2490 eregione
2523 2419 2709 2475 Pontis
2763 2419 2909 2475 Mulii
2956 2420 3222 2475 consedit.
3275 2421 3592 2476 Imminebat
3647 2421 3812 2488 dies,

2204 2526 2313 2582 quo
2337 2511 2638 2568 Maxentius
2659 2512 2942 2582 imperium
2975 2521 3230 2584 ceperat,
3253 2513 3345 2584 qui
3376 2522 3460 2569 cst
3497 2513 3565 2568 ad
3590 2524 3814 2570 sextum

1856 2645 2219 2706 VARIORUM
2254 2649 2484 2707 NOTAE.

498 2857 542 2912 ῃ
572 2787 734 2912 Senles
759 2785 926 2840 ambo.
957 2785 1323 2843 Diocletianus
1353 2783 1590 2850 scilicet,
1641 2792 1695 2839 et
1725 2782 2086 2840 Maximianus

550 2876 674 2912 crcu
703 2873 804 2912 tus.

450 2887 459 2891 -
498 2860 804 2913 Herculius.

572 2929 702 2983 Cum
735 2928 922 2982 uideret
976 2928 1139 2982 vivus.
1192 2927 1591 2990 Diocletianus,
1639 2925 1794 2994 cuius
1858 2926 2090 2981 viventis

498 3000 760 3069 imagines
802 2999 1214 3068 deponebantur
1241 3016 1255 3065 ;
1310 3000 1435 3069 quia
1461 2997 1765 3069 conjuncta:
1790 3007 2088 3053 erantcum

497 3071 821 3128 imaginibus
843 3069 1099 3125 Herculii.

637 3143 749 3196 ulli.
777 3142 832 3196 In
865 3159 992 3208 ms.,
1016 3141 1184 3195 nulla.

573 3214 776 3283 Duplici
825 3212 1145 3281 wgritudine.
1191 3210 1411 3267 Scilicet
1451 3212 1522 3268 ob
1560 3211 1944 3266 contumeliam
1974 3219 2086 3265 tum

495 3285 651 3350 ﬁlias,
683 3294 793 3338 tum
821 3284 923 3338 sibi
953 3284 1171 3336 illatam.
1210 3283 1384 3338 Heuu.

574 3357 776 3408 Anima.
811 3354 867 3409 In
900 3369 1026 3418 ms.,
1056 3355 1303 3409 animam.

571 3425 676 3480 Per
697 3427 943 3481 dolorem.
977 3423 1034 3480 Id
1066 3435 1182 3494 est,
1214 3441 1322 3496 pro:
1342 3425 1517 3480 dolore
1537 3466 1552 3495 ,
1583 3426 1667 3481 vel
1693 3435 1901 3500 propter
1941 3425 2088 3480 dolo-

493 3514 600 3555 rem
609 3541 620 3551 .

571 3569 832 3638 Suspiria.
864 3564 1222 3638 Cuspinianus
1246 3569 1302 3624 in
1349 3567 1682 3623 Diocletiano
1710 3585 1724 3626 :
1759 3568 1981 3633 Quidam
2010 3567 2092 3620 di-

493 3651 613 3694 cunt
643 3651 848 3713 stupore
875 3641 1088 3713 mentis,
1135 3650 1181 3694 et
1233 3643 1387 3711 longa
1415 3640 1715 3713 aegritudine
1761 3644 2082 3707 confectum,

493 3711 879 3784 animantinter
897 3712 1122 3784 suspiria
1141 3713 1362 3784 efﬂasse.
1402 3713 1479 3784 lix
1505 3711 1781 3766 Caunum.

566 3783 726 3836 Adeo.
757 3783 866 3836 Viri
898 3783 1041 3836 docti
1081 3781 1330 3852 legebant
1355 3799 1388 3836 a
1414 3781 1548 3837 Deo.

563 3852 633 3907 In
661 3854 835 3906 odium
861 3854 975 3924 uita:
991 3854 1234 3924 dejectus.
1257 3854 1333 3924 Ita
1356 3867 1457 3907 ms.
1490 3853 1616 3908 licet
1644 3869 1770 3908 mox
1797 3868 2090 3924 princesse-

490 3924 564 3980 rit
589 3925 833 3993 dejectus.
864 3923 1053 3991 Quare
1087 3925 1273 3993 plures
1319 3923 1502 3988 legere
1556 3926 1782 3979 mallent
1804 3923 2088 3990 devectus;

493 3997 585 4049 alii
613 3995 865 4056 adductus
893 4037 908 4058 ,
936 4003 996 4047 ut
1021 3994 1212 4049 Cicero
1233 3995 1285 4047 in
1307 3995 1480 4047 odium
1501 4033 1516 4057 .
1545 3994 1603 4047 in
1623 3996 1873 4050 invidiam
1913 3996 2088 4049 addu-

491 4083 623 4120 cere.
644 4096 714 4106 -
738 4063 805 4120 In
832 4065 1007 4137 odium
1035 4067 1151 4119 vitae
1175 4065 1419 4135 dejectus.
1453 4064 1674 4135 Legitur
1713 4082 1810 4135 pro
1837 4066 2085 4137 dejectus,

493 4137 904 4209 deductusapud
937 4136 1352 4209 Buneman._qui
1403 4147 1591 4209 notant
1621 4136 1938 4206 sequentem
1991 4137 2090 4191 de—

491 4208 603 4262 dit:
628 4239 698 4250 —
727 4206 994 4262 In'odium
1019 4208 1136 4262 vitte
1162 4207 1431 4262 deductus.
1449 4206 1524 4260 lta
1553 4207 1798 4262 Grauius
1824 4209 2082 4262 correxit.

491 4279 802 4336 Lactantius
845 4279 940 4334 lib.
985 4294 1054 4344 ιι,
1087 4294 1206 4348 cap.
1238 4279 1263 4332 1
1301 4296 1316 4333 :
1349 4277 1429 4332 Ad
1459 4288 1736 4332 extremam
1765 4279 2089 4332 mendicandi

490 4356 835 4408 necessitatem
861 4351 1108 4406 deductus
1137 4367 1155 4418 ;
1180 4349 1272 4404 lib.
1306 4365 1373 4416 ιι,
1404 4365 1524 4420 cap.
1558 4349 1584 4402 1
1621 4367 1634 4402 :
1674 4350 1922 4404 deductus
1947 4351 2083 4402 ad...

489 4424 782 4479 cwcitatem.
855 4421 969 4476 Val.
1013 4421 1154 4476 Max.
1208 4421 1302 4475 lib.
1358 4438 1414 4485 t,
1455 4437 1574 4488 cap.
1612 4423 1681 4475 I:
1741 4421 1975 4491 Regulus

490 4497 684 4564 captivi
707 4496 979 4550 fortunam
1009 4493 1272 4547 deductus.
1313 4491 1433 4561 Ipsa
1463 4491 1680 4563 phrasis
1718 4495 1805 4547 vix
1846 4493 2088 4548 invenie-

491 4574 598 4620 tur.
625 4568 756 4621 BDN.

563 4636 728 4690 Fame
755 4646 903 4704 atque
922 4650 1113 4705 angore
1135 4637 1396 4705 confectus
1439 4643 1532 4688 est.
1585 4633 1689 4688 Alii
1729 4649 1850 4688 eum
1897 4635 2089 4690 morbo

493 4721 648 4776 aquae
679 4703 1288 4776 intercutisextinctum
1317 4703 1537 4769 ferunt,
1566 4705 1657 4758 alii
1683 4719 1894 4776 veneno
1916 4745 1931 4771 ,
1965 4706 2090 4760 Sui-

493 4775 591 4832 das
617 4777 928 4848 suspendio.
960 4775 1032 4833 Ut
1081 4786 1138 4830 ut
1185 4791 1245 4830 se
1282 4790 1370 4830 res
1421 4776 1654 4848 habeat,
1706 4775 1914 4848 perisse
1962 4791 2088 4832 eum

491 4843 867 4905 constat'anno
890 4849 1015 4916 5η,
1049 4857 1176 4904 ante
1195 4848 1412 4918 nuptias
1438 4843 1631 4901 Licinii
1651 4855 1706 4902 et
1728 4844 2083 4972 Soustantiaz.

1773 4933 1943 4972 Αοιυε.

1773 4933 1943 4972 Αθιυε.

568 4992 716 5048 Unus
743 5001 1028 5061 supererat.
1079 4989 1342 5048 Nimirum
1397 4989 1718 5046 Maximinus
1767 4991 2088 5062 cognomine

491 5069 633 5126 Daza
660 5066 742 5122 vel
774 5067 900 5120 Daia
924 5106 938 5130 ,
965 5063 1140 5119 adhuc
1162 5064 1252 5136 qui
1283 5063 1488 5118 Orienti
1515 5071 1762 5133 praeerat.

566 5138 718 5206 Quia.
749 5136 806 5191 In
839 5152 942 5191 ms.
971 5138 1057 5201 qui
1078 5137 1165 5190 ad.

569 5212 656 5266 Ut.
689 5209 744 5262 In
771 5225 872 5262 ms.
907 5208 989 5262 bis
1017 5207 1278 5276 repetitur
1302 5215 1380 5275 ut,
1403 5216 1477 5259 ut.

564 5280 886 5337 Constantini
913 5295 1160 5333 sororem.
1187 5277 1560 5332 Constantiam
1587 5317 1603 5342 ,
1635 5292 1756 5348 quae
1793 5287 1976 5347 postea
2006 5278 2087 5333 sic

493 5355 625 5413 Ario
661 5352 783 5406 favit
802 5391 818 5418 ,
852 5359 909 5404 ut
931 5351 1090 5420 etiam
1121 5347 1342 5405 fratrem
1371 5365 1528 5404 suum
1555 5349 1623 5403 ad
1652 5347 1775 5404 eum
1801 5361 2087 5420 protegen-

492 5429 620 5486 dum
648 5417 1204 5492 impelleretsBawz.

565 5490 907 5565 Desponsam.
937 5490 995 5565 l_d
1019 5503 1104 5546 est
1123 5532 1139 5558 ,
1161 5492 1544 5565 desponsatam.

566 5563 916 5623 Postulatum.
942 5563 998 5616 In
1047 5579 1151 5617 ms.
1210 5564 1399 5633 legitur
1429 5564 1776 5633 postulatam;
1828 5564 1956 5618 editi
1987 5563 2086 5618 ha-

493 5644 624 5700 bent
647 5636 931 5710 postulans.
959 5633 1282 5704 Scripsimus
1304 5637 1646 5706 postulatum,
1695 5637 1838 5706 quod
1886 5639 2087 5693 rectius

494 5713 727 5774 videtur.

569 5780 938 5843 Familiariter.
962 5776 1022 5836 Id
1044 5784 1133 5836 est
1153 5819 1170 5847 ,
1197 5779 1394 5836 amice.

2266 2784 2461 2860 Necem
2488 2787 2652 2856 patris
2678 2785 3124 2860 sui.Maximiani
3157 2788 3414 2854 Herculii.
3443 2807 3601 2860 quem
3628 2790 3815 2848 Cons-

2198 2859 2437 2911 tantinns
2475 2859 2797 2926 strangulari
2821 2860 3058 2928 jusserat
3097 2861 3238 2923 apud
3280 2859 3590 2917 Massiliam.
3643 2865 3810 2918 Zozi-

2199 2945 2320 3003 ntus
2352 2929 2518 3003 lib._tt
2572 2945 2586 2982 :
2621 2928 2944 3003 Maxentius
2983 2932 3274 2986 occasiones
3326 2935 3535 3003 gerendi
3562 2937 3815 2988 adversus

2199 2999 2596 3074 Constantinum
2613 2999 2734 3074 belli
2757 3002 3043 3074 quaerebat,
3067 3019 3219 3072 seque
3244 2999 3415 3058 dolere
3452 3017 3661 3074 propter
3687 3005 3811 3074 obi-

2119 3067 2164 3130 C
2197 3080 2302 3123 tum
2329 3074 2489 3141 patris
2519 3073 2598 3123 sui
2624 3067 2872 3126 simulans
2895 3114 2910 3141 ,
2950 3073 3034 3126 cui
3056 3067 3233 3128 mortis
3258 3067 3469 3130 causam
3508 3067 3814 3132 constanti-

2195 3159 2291 3196 nus
2312 3143 2628 3207 prcebuisset.
2662 3143 2860 3198 BALUZ.

2268 3213 2455 3267 Senem
2487 3212 2655 3266 illum.
2686 3214 3066 3270 Maximianum
3088 3215 3423 3273 Herculium.

2263 3283 2396 3337 Tam
2417 3285 2747 3339 exitiabilem.
2791 3286 2880 3340 Sic
2909 3289 3164 3356 reposui,
3189 3303 3313 3343 cum
3344 3291 3396 3345 in
3430 3305 3530 3344 ms.
3580 3292 3650 3345 sit
3681 3301 3810 3346 xta-

2195 3355 2369 3421 bilem,
2394 3370 2518 3430 cum
2547 3356 2762 3430 defectu
2781 3357 2943 3430 trium
2962 3355 3316 3430 antquatuor
3345 3361 3626 3415 initialium
3656 3362 3812 3418 litte-

2192 3443 2395 3500 rarum.
2421 3428 2606 3500 Potest
2655 3429 2817 3482 etiam
2869 3429 2973 3499 legi
3005 3470 3020 3495 ,
3075 3428 3120 3483 si
3172 3431 3380 3498 mavis,
3411 3434 3765 3487 detestabilem
3792 3477 3808 3500 ,

2193 3499 2582 3567 supprimeudo
2607 3509 2734 3554 tam.

2267 3568 2509 3624 Finxisse
2537 3568 2885 3626 Discordiam.
2906 3569 3195 3635 Eutronius
3211 3573 3306 3628 lib.
3327 3590 3357 3630 x
3381 3592 3393 3628 :
3423 3573 3557 3630 Inde
3584 3576 3653 3629 ad
3673 3575 3808 3631 Gal-

2195 3641 2292 3696 lias
2324 3644 2578 3715 profectus
2599 3652 2690 3707 est,
2719 3642 2839 3696 dolo
2869 3644 3172 3712 composito,
3202 3655 3451 3715 tanquam
3471 3664 3504 3700 a
3526 3646 3638 3715 [ilio
3671 3658 3811 3703 esset

2191 3713 2453 3783 expulsus.
2476 3713 2677 3768 BALUZ.

2263 3783 2636 3840 Succidendos.
2693 3783 2752 3844 In
2784 3800 2885 3840 ms.
2909 3786 3280 3846 succedendos.

2261 3855 2386 3908 Jam
2407 3865 2545 3908 mota
2562 3857 2692 3910 inter
2721 3873 2804 3909 eos
2832 3861 3035 3926 fuerant
3065 3875 3211 3912 arma
3234 3860 3423 3914 civilia.
3453 3858 3601 3916 Inter
3623 3859 3806 3917 Cons-

2192 3928 2452 4001 tantinum
2481 3937 2537 3981 et
2564 3926 2888 4001 Maxentium
2911 3969 2926 3993 ,
2959 3930 3028 3982 ab
3045 3944 3202 4001 anno
3228 3946 3429 4001 nempe
3454 3932 3581 3986 5H.

2262 3997 2601 4068 Responsum.
2633 3997 2714 4052 Ab
2736 4001 2957 4053 oraculo
2979 3998 3213 4055 scilicet.

2262 4069 2451 4123 Duces.
2484 4070 2608 4134 Ms.,
2636 4070 2845 4124 ducere.

2260 4160 2329 4215 Et
2355 4178 2511 4235 suttnt_
2532 4163 2814 4232 praprium.
2867 4163 3096 4224 Locutio
3148 4164 3498 4224 Lactantiana
3529 4186 3539 4220 :
3573 4167 3670 4222 lib.
3705 4183 3791 4235 tv,

2190 4247 2308 4300 cap.
2475 4233 2641 4306 Situm
2666 4236 2969 4303 proprium;
3004 4238 3094 4291 lib.
3129 4252 3186 4292 ιιι
3212 4278 3225 4300 ,
3252 4252 3370 4306 cap.
3400 4237 3548 4296 IOet
3571 4239 3665 4295 lib.
3714 4233 3796 4303 tv,

2188 4318 2308 4379 Cap.
2336 4303 2406 4379 40
2437 4322 2448 4354 :
2482 4303 2590 4358 Suo
2643 4307 2885 4379 proprio;
2918 4307 3008 4362 lib.
3043 4323 3096 4372 ν,
3131 4323 3250 4375 cap.
3273 4303 3368 4379 72':
3404 4309 3508 4362 Alii
3548 4326 3644 4362 suo
3676 4327 3803 4379 pro-

2191 4375 2303 4450 prio
2319 4376 2559 4428 adversus
2579 4379 2748 4450 justas
2773 4378 2893 4450 odio
2917 4395 2935 4442 ;
2961 4388 3011 4432 ct
3058 4379 3125 4434 de
3153 4378 3294 4447 Upif.
3325 4394 3444 4448 cap.
3469 4381 3505 4433 2
3535 4397 3548 4432 :
3599 4375 3802 4450 Singu-

2011 4421 2084 4520 id
2110 4452 2164 4513 D
2191 4421 2252 4501 lis
2280 4457 2449 4500 autem
2476 4421 2744 4517 generibus
2763 4448 2830 4502 ad
2876 4421 3253 4518 piopulst‘indgs
3290 4421 3507 4520 impietas
3546 4421 3787 4507 εεῖέηῖοσ

2194 4534 2287 4572 sua
2309 4521 2519 4586 propria
2544 4520 2852 4573 munimenta
2873 4521 3152 4575 constituit.

2265 4608 2439 4663 Italis.
2473 4609 2664 4684 Heum.
2691 4621 2875 4684 putat,
2904 4612 3199 4682 etquidem
3239 4625 3405 4680 recte,
3424 4613 3637 4684 legend.
3670 4629 3800 4671 esse

2197 4679 2392 4753 Getulis
2414 4723 2427 4745 ,
2456 4683 2554 4753 qui
2593 4679 2791 4736 Mauris
2815 4694 2968 4738 erant
2999 4679 3248 4753 proximi.
3282 4715 3351 4726 —
3377 4685 3455 4740 De
3479 4679 3689 4740 Mauris
3716 4697 3803 4740 at-

2193 4769 2290 4824 que
2314 4751 2486 4807 Italis.
2518 4752 2779 4808 lleuman.
2811 4751 3114 4824 ingenibse.
3148 4757 3210 4810 de
3252 4756 3455 4812 Mauris
3475 4775 3535 4811 ac
3571 4757 3796 4814 Gerulis.

2192 4823 2398 4891 Nempe
2423 4826 2566 4880 enim
2600 4825 2654 4881 hi
2700 4825 2857 4879 vicini
2877 4823 3209 4896 junguntur.
3239 4829 3482 4884 Tolerari
3499 4840 3675 4883 tamen
3701 4844 3802 4895 po-

2193 4904 2298 4949 test
2323 4911 2423 4949 ms.
2470 4907 2683 4966 recepta
2742 4896 2939 4963 lectio;
2995 4914 3118 4953 nam
3150 4899 3237 4954 vel
3266 4902 3500 4956 maxime
3543 4915 3802 4955 necessa-

2191 4967 2330 5041 rium
2377 4966 2506 5032 fuit,
2559 4969 2721 5023 etiam
2765 4982 2832 5022 ex
2869 4967 3047 5041 Italis,
3067 4970 3278 5041 quippe
3308 4971 3788 5041 propinquioribus

2193 5037 2326 5162 Locis
2375 5047 2675 5163 gxtractum
2717 5040 3012 5095 exercitum
3067 5037 3532 5098 Romam‘ver‘sus’
3560 5054 3788 5097 contra-

2233 5124 2344 5163 ere.
2422 5125 2507 5163 un.

2233 5124 2344 5164 ere.
2375 5124 2507 5163 UUN.

2265 5201 2576 5276 Dimicatum
2594 5244 2608 5267 ,
2637 5209 2741 5257 etc.
2783 5199 3134 5276 Heumannus
3160 5205 3288 5276 legit
3307 5247 3322 5271 ,
3355 5203 3672 5259 Dimicatum
3694 5216 3791 5260 est.

2262 5274 2343 5326 Ad
2388 5283 2656 5342 utrumque
2705 5283 2936 5343 paratus.
2991 5274 3260 5330 Eventum
3307 5293 3430 5346 pttta
3482 5287 3795 5346 perempto-

2191 5345 2375 5419 rium,
2407 5346 2569 5419 citam
2615 5355 2866 5419 mortem,
2915 5355 3008 5400 aut
3052 5345 3332 5403 victoriam
3384 5345 3587 5402 lanam.
3632 5345 3792 5419 Apud

2193 5415 2472 5486 Virgilium
2501 5413 2787 5484 Eneidos,
2821 5417 2860 5471 l.
2894 5433 2951 5484 tt,
2986 5434 3040 5472 v.
3066 5419 3127 5474 61
3167 5437 3181 5473 :

2406 5527 2589 5579 Fidens
2609 5531 2781 5595 animi,
2807 5538 2956 5596 atque
2980 5533 3040 5583 ad
3065 5540 3332 5597 utrumque
3357 5543 3573 5598 paratus.

2268 5632 2450 5707 Pontis
2499 5632 2673 5707 Mulii.
2714 5634 2923 5706 Sequor
2960 5651 3062 5691 ms.
3095 5637 3187 5707 qui
3226 5635 3372 5693 haud
3414 5652 3574 5693 secus
3604 5637 3788 5692 habet.

2188 5705 2247 5834 llr;
2291 5705 2455 5832 e‘digs
2479 5716 2568 5832 (est
2596 5704 2814 5778 Mulvii,’
2833 5709 2977 5780 quod
3020 5704 3208 5764 verum
3243 5718 3329 5765 est
3357 5723 3594 5783 nomen,
3623 5708 3795 5767 hodie

2245 5793 2310 5832 on
2335 5793 2362 5832 e
2443 5793 2477 5830 ο
2497 5795 2549 5833 e.

2245 5793 2362 5832 ante
2385 5793 2432 5831 Μ
2443 5793 2549 5833 οιο.
