4058 6188
290 251 384 309 261

1412 251 1503 306 Ai)
1545 250 1678 308 1)οΝ
1687 249 1875 307 ATUM
1915 246 2438 308 CONFESSOREM.

3467 249 3577 306 26!

289 366 531 425 kalendas
563 364 908 431 novembris;
951 372 1005 419 et
1051 365 1467 435 quinquennalia
1513 367 1876 420 terminaban-
1901 365 1956 426 Α
1981 379 2170 434 magna
2198 365 2430 420 Senatus
2460 364 2754 434 populique
2797 363 3024 418 Romani
3076 363 3262 419 laetitia
3293 375 3576 435 susceptus

287 471 383 515 tur.
416 458 787 518 Commonitus
817 465 901 512 est
927 456 982 512 in
1009 458 1195 528 quiete
1219 458 1607 514 Constantinus
1625 500 1641 525 ,
1673 467 1734 513 ut
1760 473 1875 514 coe-

286 554 412 608 leste
440 552 654 622 signum
690 551 782 606 Dei
804 559 1017 606 notaret
1064 552 1118 606 in
1173 551 1343 608 scutis
1368 591 1383 617 ,
1426 561 1591 622 atque
1635 552 1706 606 ita
1733 566 1876 622 pra:-

285 643 405 698 lium
438 644 823 700 committeret.
855 642 1007 698 Fecit
1058 651 1118 697 ut
1153 641 1332 712 justus
1371 653 1486 712 est,
1517 653 1573 698 et
1603 652 1877 699 tranversa

287 734 560 801 Xlittcra,
596 749 809 792 summo
859 735 1035 804 capite
1091 734 1472 800 circumﬂexo,
1524 734 1877 792 Cbristumin

285 829 444 886 scutis
471 817 640 883 notat.
673 827 790 895 Quo
810 825 966 896 signo
991 836 1231 881 armatus
1254 827 1528 883 exercitus
1568 828 1712 898 capit
1764 827 1876 884 fer.

288 936 416 976 run).
451 918 704 976 Procedit
733 919 904 974 hostis
939 919 1149 974 obviam
1187 921 1306 974 sine
1336 921 1662 989 imperatore
1685 961 1701 985 ,
1746 936 1880 991 pon-

289 1022 492 1081 temque
525 1011 941 1081 transgreditur.
999 1012 1161 1066 Acies
1197 1011 1310 1084 pari
1364 1011 1542 1067 fronte
1584 1013 1875 1068 concurrit.

290 1107 498 1162 Summa
530 1105 582 1158 vi
614 1104 865 1174 utrinque
893 1115 1178 1173 pugnatur.
1206 1104 1391 1175 Neque
1425 1105 1508 1159 bis
1541 1104 1662 1176 fuga
1709 1116 1834 1161 nota
1857 1147 1874 1174 ,

291 1213 453 1268 neque
478 1197 608 1259 illis.
635 1196 720 1258 Fit
745 1197 798 1251 in
830 1196 962 1251 urbe
988 1197 1186 1251 seditio
1211 1238 1224 1261 ,
1253 1206 1309 1252 et
1351 1197 1458 1252 dux
1497 1198 1873 1268 increpitatur,

291 1293 427 1348 velut
447 1291 698 1356 desertor
721 1290 913 1349 salutis
944 1290 1190 1360 publicae.
1223 1289 1467 1360 Tumque
1514 1301 1739 1361 repente
1785 1307 1882 1362 po-

290 1384 439 1456 pulus
483 1383 794 1452 (Circenses
823 1382 966 1440 enim
999 1381 1161 1435 natali
1193 1396 1294 1436 suo
1323 1380 1562 1451 edebat),
1595 1397 1727 1439 voce
1751 1384 1882 1439 sub-

289 1476 510 1540 clamat,
547 1473 956 1536 Constantinum
989 1472 1129 1528 vinci
1155 1487 1262 1527 non
1292 1487 1471 1542 posse.

348 1568 465 1637 Qua
491 1583 626 1623 voce
654 1575 1031 1630 consternatus
1061 1566 1290 1636 proripit
1315 1581 1398 1634 se,
1439 1582 1502 1624 ac
1528 1570 1731 1624 vocatis
1760 1569 1883 1640 qui-

289 1662 506 1727 busdam
537 1660 912 1727 Senatoribus,
956 1660 1122 1714 libros
1155 1659 1448 1731 Sibyllinos
1478 1661 1667 1732 inspici
1703 1663 1878 1731 jubet,

1979 456 2283 528 Imperator
2330 454 2757 522 Constantinus,
2815 456 3093 511 Maximini
3138 455 3417 526 perfidiam
3475 470 3573 511 co-

1976 551 2216 622 gnoscit,
2247 551 2451 606 litteras
2471 549 2857 621 deprehendit,
2880 559 3086 605 statuas
3113 559 3167 606 et
3198 551 3459 620 imagines
3489 551 3573 605 in-

1979 644 2150 700 venit.
2209 643 2439 700 Senatus
2486 643 2866 710 Constantino,
2911 645 3124 700 virtutis
3169 647 3364 714 gratia,
3417 645 3578 716 primi

1981 735 2220 790 nominis
2252 735 2464 790 titulum
2497 735 2762 801 decrevit,
2795 750 2955 804 quem
2983 735 3082 789 sibi
3115 735 3434 790 Maximinus
3463 736 3579 792 vin-

1982 827 2217 893 dicabat,
2259 828 2324 882 ad
2356 842 2514 898 quem
2543 827 2767 883 victoria
2794 827 3036 882 liberata:
3061 826 3217 882 Urbis
3244 843 3408 898 quum
3439 827 3578 884 fuiso

1982 928 2068 975 set
2108 920 2290 985 allata,
2325 935 2433 976 non
2478 920 2637 974 aliter
2674 919 2922 989 accepit,
2963 934 3123 990 quam
3161 921 3208 975 si
3247 920 3364 990 ipse
3401 924 3581 978 victus

1983 1023 2147 1070 esset.
2175 1011 2407 1084 Cognito
2443 1013 2644 1068 deinde
2691 1013 2926 1068 Senatus
2968 1012 3212 1078 decreto,
3259 1013 3339 1068 sic
3379 1015 3582 1069 exarsit

1981 1105 2193 1173 dolore,
2240 1116 2300 1161 ut
2340 1107 2652 1162 inimicitias
2695 1116 2883 1176 aperte
2923 1107 3290 1176 profiteretur,
3341 1108 3581 1162 convicia

1979 1195 2118 1267 jocis
2142 1199 2304 1252 mixta
2327 1198 2588 1254 adversus
2617 1199 2998 1269 imperatorem
3025 1199 3321 1255 maximum
3350 1199 3575 1257 diceret.

2700 1332 2861 1398 XLV.

2056 1471 2461 1536 Constantinus,
2505 1468 2668 1525 rebus
2709 1469 2764 1523 in
2810 1467 2954 1524 Urbe
3006 1469 3343 1539 compositis,
3390 1468 3583 1540 hyeme

1985 1566 2230 1636 proxima
2263 1563 2621 1619 Mediolanum
2648 1562 2946 1616 contendit.
2981 1561 3188 1616 Eodem
3219 1562 3454 1616 Licinius
3483 1561 3583 1615 ad-

1942 1679 1944 1681 ν
1987 1661 2156 1724 venit,
2187 1667 2246 1713 ut
2275 1658 2548 1728 acciperet
2590 1671 2835 1710 uxorem.
2878 1655 3202 1710 Maximinus
3242 1657 3330 1709 ubi
3363 1671 3458 1710 eos
3496 1656 3583 1711 in-

287 1753 334 1807 in
358 1752 555 1822 quibus
582 1759 857 1821 repertum
889 1757 989 1816 est,
1024 1749 1120 1804 illo
1145 1748 1233 1805 die
1261 1750 1470 1806 hostem
1509 1751 1876 1809 Romanorum
1908 1759 1956 1820 Β
1986 1754 2193 1809 tellexit
2229 1751 2536 1822 nuptiarum
2569 1749 2906 1805 solemnibus
2945 1757 3259 1820 occupatos,
3289 1749 3584 1804 exercitum

286 1862 396 1903 esse
435 1833 761 1916 periturum.
792 1845 910 1914 Quo
940 1857 1202 1914 responso
1232 1845 1283 1898 in
1325 1859 1477 1914 spem
1522 1846 1757 1902 victoria:
1797 1848 1880 1902 in-

283 1940 473 1996 ductus
505 1939 776 2016 procedit,
819 1939 872 1992 in
915 1939 1086 1994 aciem
1123 1923 1287 1994 venit.
1332 1939 1476 1993 Pons
1517 1954 1549 1992 a
1585 1949 1735 2010 tergo
1761 1941 1880 2010 ejus

282 2032 570 2087 scinditur.
615 2032 697 2088 Eo
739 2030 875 2094 viso,
923 2043 1098 2102 pugna
1127 2029 1420 2096 crudescit,
1452 2039 1507 2087 et
1547 2047 1740 2088 manus
1783 2033 1879 2088 Dei

279 2133 565 2196 supererat
613 2124 769 2180 aciei.
819 2122 1188 2180 Maxentiaous
1243 2133 1609 2193 proterretur;
1657 2126 1773 2194 ipse
1823 2127 1878 2182 in

281 2214 460 2288 fugam
491 2232 684 2273 versus
722 2225 977 2286 properat
1017 2215 1084 2269 ad
1125 2225 1379 2284 pontem,
1411 2217 1502 2286 qui
1541 2217 1878 2287 interruptus

275 2323 402 2378 erat,
436 2325 506 2366 ac
537 2309 884 2366 multitudine
918 2308 1237 2379 fugientium
1257 2309 1520 2379 fpressus,
1551 2311 1605 2366 in
1634 2311 1875 2366 Tiberim

274 2404 614 2462 delurbatur.
644 2404 902 2460 Confecto
934 2402 1152 2458 tandem
1181 2403 1531 2460 acerbissimo
1558 2405 1724 2472 bello,
1753 2422 1876 2463 cum

1987 1848 2154 1902 movit
2181 1861 2212 1900 e
2238 1846 2416 1916 Syria,
2453 1843 2648 1914 hyeme
2680 1857 2844 1912 quam
2871 1855 2993 1897 eum
3026 1841 3261 1898 maxime
3299 1842 3580 1905 suaviente.

1986 1954 2041 2000 et
2085 1941 2452 1997 mansionibus
2492 1939 2815 2010 geminatis,
2863 1937 2917 1992 in
2948 1936 3252 2008 Bithyniam
3284 1937 3580 2002 concurrit,

1985 2037 2263 2094 debilitato
2289 2033 2521 2106 agmine.
2565 2032 2698 2087 Nam
2733 2031 2983 2087 maximis
3023 2031 3311 2099 imbribus,
3342 2040 3397 2086 et
3436 2031 3578 2085 nivi-

1983 2132 2105 2198 bus,
2129 2138 2185 2187 et
2212 2131 2344 2196 luto,
2378 2138 2432 2184 et
2460 2127 2684 2196 frigore,
2719 2134 2774 2180 et
2799 2124 2989 2180 labore
3009 2124 3248 2195 j'umenta
3275 2123 3453 2179 omnis
3479 2139 3578 2194 ge-

1985 2223 2133 2279 neris
2185 2222 2382 2277 amissa
2434 2227 2582 2286 sunt,
2635 2232 2864 2289 quorum
2921 2217 3245 2272 miserabilis
3301 2231 3399 2286 per
3441 2217 3581 2270 viam

1987 2325 2194 2387 strages
2233 2313 2468 2384 speciem
2495 2313 2605 2382 jam
2636 2311 2797 2365 futuri
2826 2309 2974 2375 belli,
3008 2317 3065 2364 et
3101 2309 3332 2364 similem
3363 2307 3577 2364 cladem

1987 2407 2250 2462 militibus
2269 2403 2572 2460 nuntiabat.
2597 2402 2708 2458 Nec
2731 2402 2848 2472 ipse
2871 2402 3010 2456 intra
3035 2400 3171 2457 fines
3197 2415 3322 2456 suos
3343 2409 3584 2458 moratus

1604 2539 1967 2599 VARIORUM
2007 2540 2237 2598 NOTAE.

337 2654 492 2719 Dies,
521 2670 622 2719 quo
645 2652 939 2707 Maxentius
963 2653 1234 2724 imperium
1264 2662 1536 2724 ceperat...
1593 2654 1626 2709 6
1655 2655 1864 2711 kalend.

273 2727 531 2798 novemb.,
563 2735 670 2779 etc.
716 2725 1034 2798 Maxentius,
1059 2734 1142 2798 ait
1186 2725 1572 2798 exLaﬁctantio
1615 2728 1803 2798 liquet,
1836 2727 1868 2783 6

272 2796 490 2852 kalend.
539 2797 793 2851 novemb.
829 2795 879 2849 id
919 2804 1022 2857 est,
1049 2795 1117 2849 27
1147 2796 1327 2850 octob.
1361 2797 1654 2864 imperator
1672 2795 1870 2853 'ilom:c

270 2871 576 2937 appellatus
602 2876 706 2922 est.
742 2866 1076 2922 Maxentium
1118 2867 1246 2920 vicit
1286 2868 1673 2924 Constantinus
1715 2869 1748 2924 6
1777 2869 1872 2924 ka-

271 2938 411 2994 lend.
447 2942 706 2994 novemb.
737 2947 955 2992 auctore
979 2939 1169 2992 eodem
1199 2938 1498 2992 Lactantio.

335 3011 699 3066 Commonitus
729 3010 782 3061 in
809 3009 992 3079 quiete.
1024 3010 1304 3078 Proprium
1343 3011 1444 3062 hoc
1476 3008 1719 3065 verbum.
1747 3010 1867 3065 Mo-

1973 2666 2209 2711 cunctus.

2046 2727 2333 2784 Scinditur.
2365 2725 2442 2782 De
2463 2727 2644 2782 exciso
2674 2736 2836 2795 ponte
2855 2727 2978 2784 vide
3000 2728 3198 2786 Euseb.
3222 2729 3317 2784 lib.
3342 2747 3395 2786 ix
3423 2731 3562 2789 llist.

1974 2799 2186 2854 Eccles.
2217 2814 2337 2869 cap.
2369 2798 2424 2861 9,
2455 2807 2511 2852 et
2541 2796 2842 2870 Zozimnm,
2875 2799 2966 2854 lib.
3003 2817 3077 2866 xi,
3103 2815 3219 2870 cap.
3257 2801 3345 2858 452

2049 2871 2329 2940 Supererat
2356 2870 2503 2924 aciei.
2543 2869 2746 2924 Biblica
2777 2871 2890 2924 lucc
2923 2872 3134 2939 phrasis
3163 2869 3285 2928 esse
3325 2872 3578 2931 videtur:

1976 2942 2147 2998 Exod.
2181 2949 2321 3011 'cap.
2371 2956 2611 3013 xvu,_v._
2667 2941 2751 3013 _H.
2798 2940 2962 2997 Forte
3016 2943 3299 3013 legendum
3350 2947 3584 3001 suberrat

1978 3014 2106 3068 aciei
2148 3009 2343 3095 (inquit
2379 3009 2622 3095 Bauldri)
2665 3011 2718 3066 id
2749 3021 2868 3095 est,
2901 3009 3166 3095 seseliuc
3215 3027 3269 3069 ct
3319 3015 3443 3095 illuc
3489 3035 3583 3086 per

271 3085 375 3138 neri
422 3082 576 3136 enim
625 3073 899 3155 dicuntur,
940 3073 1145 3155 quibus
1169 3081 1314 3155 _Dens
1359 3080 1560 3155 aliquid
1601 3098 1696 3150 per
1723 3097 1868 3137 som-
1895 3073 1940 3134 C
1978 3073 2327 3155 pugnantium
2378 3073 2615 3155 ordines'
2653 3073 2932 3150 extendit,
2992 3085 3097 3140 vim
3150 3099 3299 3142 suam
3353 3073 3582 3143 latenter

270 3157 413 3210 nium
439 3155 692 3221 imperat.
727 3151 858 3206 Vide
883 3150 1128 3220 lnscript.
1155 3152 1334 3220 Antiq.
1361 3151 1616 3206 TOLLIUS.

338 3223 560 3281 Caelata
618 3224 843 3291 signum.
896 3221 1197 3275 lmmortale
1257 3224 1459 3293 signum
1527 3223 1653 3278 alibi
1715 3233 1875 3280 vocat

271 3297 590 3351 Lactantius
637 3295 728 3347 lib.
770 3309 847 3360 tv,
885 3307 1004 3361 cap.
1034 3295 1126 3360 27,
1171 3293 1226 3346 id
1266 3305 1369 3359 cst,
1413 3295 1626 3364 signum
1671 3302 1869 3350 crucis.

273 3369 374 3423 Iste
395 3381 568 3440 porro
595 3365 746 3440 locus
773 3373 858 3419 est
885 3367 1066 3440 magni
1089 3366 1367 3440 momenti.
1403 3365 1588 3433 Signat
1619 3367 1786 3430 enim,
1817 3378 1875 3421 et

271 3435 482 3506 locum,
503 3447 557 3491 et
580 3435 721 3494 diem
746 3451 851 3504 quo
872 3451 1022 3498 crux,
1057 3437 1107 3491 in
1130 3450 1233 3504 qua
1263 3435 1521 3500 vinceret,
1555 3445 1768 3491 ostensa
1792 3445 1876 3492 est

272 3510 653 3565 Constantino.
686 3506 817 3560 Nam
846 3522 965 3561 cmn
992 3523 1058 3560 ex
1089 3507 1395 3577 testimonio
1425 3506 1662 3568 Eusebii,
1692 3508 1784 3577 qui
1813 3523 1875 3563 se

275 3582 324 3634 id
347 3581 630 3648 accepisse
655 3579 728 3644 ait
750 3578 817 3631 ab
846 3592 940 3632 ore
969 3574 1305 3632 Constantini
1327 3617 1340 3638 ,
1375 3587 1587 3648 constet
1613 3574 1786 3634 visum
1805 3581 1874 3634 ah

274 3669 336 3706 eo
363 3647 551 3708 crueis
584 3649 882 3717 troplneum
907 3650 958 3702 in
979 3650 1118 3703 coelo
1150 3648 1294 3702 horis
1317 3647 1646 3715 meridianis,
1672 3652 1792 3704 sole
1817 3649 1872 3704 in

274 3739 528 3778 occasum
584 3729 873 3790 vergente;
932 3729 985 3775 ct
1044 3719 1380 3776 addubitanti
1448 3721 1703 3790 quidnam
1770 3721 1874 3775 hoc

276 3808 552 3864 spectrnm
603 3789 704 3846 sibi
748 3791 927 3864 vellet,
975 3790 1420 3864 nocteisequenti
1461 3789 1733 3864 Christum
1779 3790 1874 3864 Dei

273 3861 570 3920 dormienti
607 3861 922 3931 apparuisse
963 3877 1086 3915 cum
1118 3863 1272 3931 signo
1316 3862 1430 3927 illo,
1467 3861 1611 3931 quod
1651 3863 1704 3918 in
1733 3862 1874 3931 coelo

274 3950 557 3991 ostensum
593 3930 788 3995 fuerat,
819 3930 1263 4002 prteccpisseque,
1293 3941 1351 3986 ut
1379 3930 1594 3985 militari
1623 3935 1776 4002 signo
1802 3930 1871 3992 ad

273 4007 688 4064 similitudinem
720 4006 860 4072 ejus,
892 4003 1034 4074 quod
1068 4005 1119 4056 in
1154 4007 1294 4058 coelo
1320 4003 1562 4070 vidisset,
1589 4002 1870 4070 fabricato,

276 4095 338 4132 eo
373 4090 652 4147 tamquam
698 4076 918 4129 salutari
961 4075 1210 4144 praesidio
1256 4075 1306 4128 in
1355 4075 1551 4147 przcliis
1591 4084 1870 4142 uteretur;

277 4163 493 4204 certum
517 4146 602 4203 est
644 4158 922 4216 utramque
952 4147 1214 4200 visionem
1245 4161 1352 4199 uno
1390 4149 1440 4199 in
1481 4146 1619 4213 loco,
1651 4155 1706 4200 et
1734 4147 1872 4199 intra

276 4223 519 4291 Spatium
541 4220 746 4287 aliquot
772 4219 1029 4291 horarum
1051 4218 1362 4285 contigisse.

351 4292 422 4345 Et
458 4302 750 4343 transversa
785 4287 836 4342 X
873 4288 1061 4351 littera,
1099 4304 1298 4340 summo
1326 4287 1493 4355 capite
1521 4288 1868 4357 circumﬂexo.

280 4362 550 4417 Christum
590 4363 645 4414 in
679 4362 834 4413 scutis
864 4369 1023 4412 notat.
1055 4359 1150 4412 Ms.
1184 4357 1404 4411 Christo.
1448 4358 1572 4413 [11cc
1613 4361 1680 4413 ita
1717 4357 1872 4412 intelo

274 4434 496 4504 ligenda
525 4442 671 4497 sunt,
713 4430 1007 4504 utAChristi
1047 4429 1441 4504 Monogramma
1471 4431 1870 4504 circumﬂexum

276 4501 446 4559 inierit
474 4506 528 4560 in
570 4505 745 4574 capite
775 4501 984 4567 Labari,
1019 4511 1074 4556 ut
1105 4501 1348 4555 videmus
1382 4501 1434 4555 in
1470 4503 1700 4555 nummis
1727 4509 1874 4556 vete-

275 4579 453 4632 ribus.

354 4649 490 4702 Sine
513 4648 841 4715 imperatore.
876 4643 1006 4699 Siue
1034 4642 1322 4699 Maxentio.

351 4713 652 4772 Concurrit.
686 4717 1020 4782 Concurrere,
1063 4717 1260 4786 passim
1293 4723 1375 4768 est
1410 4713 1474 4769 ad
1510 4730 1738 4786 pugnam
1764 4756 1778 4778 ,
1810 4713 1878 4770 ad

280 4793 534 4858 praelium
580 4791 891 4858 procedere.
941 4787 1161 4857 Accipio
1209 4795 1387 4840 autem
1429 4787 1514 4841 hic
1561 4788 1676 4855 pari
1715 4791 1881 4857 fronte

279 4877 609 4924 concurrere,
645 4876 741 4929 pro
770 4861 961 4914 eadem
989 4859 1180 4914 Iiducia
1208 4868 1262 4912 et
1289 4858 1587 4929 alacritate,
1617 4874 1720 4928 qua
1751 4873 1884 4911 con-

280 4941 364 4985 tra
399 4943 455 4986 te
484 4927 702 4986 veniant
731 4932 935 4994 hostes,
971 4931 1184 4984 obviam
1217 4930 1321 4983 illis
1343 4927 1442 4983 ire.
1482 4929 1572 4983 Vel
1603 4927 1648 4982 si
1687 4932 1876 4994 mavis,

280 5020 466 5056 omnes
503 5004 689 5074 (aquati
729 5008 894 5072 fronte
929 5011 1262 5056 concurrunt.
1309 4997 1603 5066 Concurrit,
1632 5000 1722 5054 alii
1759 5016 1884 5053 con-

277 5083 520 5129 currunt.

357 5144 549 5214 Neque
574 5146 654 5200 his
678 5150 974 5218 frigentem,
994 5161 1150 5215 neque
1178 5143 1300 5218 illis.
1327 5142 1454 5199 llaec
1477 5141 1680 5212 Virgilii
1709 5141 1884 5218 Verba

281 5219 338 5271 in
382 5213 768 5283 antiquissimo
804 5213 1078 5271 Lactantii
1107 5215 1294 5270 codice
1331 5226 1648 5270 conservata
1689 5213 1888 5269 conﬁr-

283 5297 448 5342 mant
469 5304 497 5340 a
532 5289 710 5343 Pierio
745 5299 979 5354 asserta,
1011 5287 1102 5340 lib.
1135 5302 1167 5340 x
1199 5285 1327 5342 Ain.
1357 5285 1619 5341 vers.757
1651 5304 1663 5339 :
1694 5287 1767 5340 bis
1799 5301 1886 5339 ne-

279 5375 465 5428 que...
492 5377 664 5428 neque,
703 5377 810 5416 non
840 5374 990 5426 vero,
1021 5367 1079 5414 ut
1105 5357 1284 5426 hodie,
1308 5374 1465 5430 neque
1491 5373 1579 5411 nec
1603 5356 1884 5429 legendum

281 5446 435 5486 esse.
477 5431 600 5488 Bon.

360 5501 497 5573 Du
520 5505 877 5573 increpitatur.
905 5501 1227 5558 Maxentius.

359 5572 559 5628 Natali
577 5571 688 5630 suo.
707 5574 764 5629 Id
783 5584 888 5641 est,
913 5575 1109 5629 dieillo
1134 5589 1242 5644 quo
1271 5573 1565 5643 imperator
1586 5571 1756 5626 factus
1781 5579 1885 5644 est.

361 5644 586 5700 Edebat.
616 5647 716 5703 Ms.
747 5647 1042 5712 Cumque...
1076 5656 1122 5700 et
1149 5643 1336 5702 debita.
1383 5646 1527 5700 nullo
1567 5658 1750 5697 sensu.
1783 5643 1889 5697 Pro

278 5723 332 5771 et
363 5716 568 5783 debita,
595 5733 716 5772 cum
749 5716 1024 5773 nonnullis
1051 5717 1179 5770 viris
1205 5717 1377 5772 doctis
1411 5718 1528 5785 lego
1558 5712 1758 5780 edebat,
1783 5715 1892 5785 sci-

279 5787 426 5849 licet
483 5786 794 5847 Maxentius.
840 5787 942 5846 Ms.
993 5786 1252 5860 Cumque,
1305 5788 1426 5860 lego
1473 5784 1714 5860 tumque;
1767 5784 1891 5842 aliis

1977 3153 2164 3211 contra
2207 3153 2712 3228 Maxentiiumilitcs
2757 3170 3008 3228 exerens.
3061 3155 3210 3218 Acies
3250 3157 3394 3212 enim
3438 3173 3585 3228 saepe

1975 3242 2174 3296 pugna,
2208 3241 2327 3296 seu
2354 3224 2597 3294 praelium
2640 3236 2744 3280 est.
2781 3226 3066 3284 Suberrare
3109 3239 3285 3282 autem
3334 3229 3484 3294 aciei,
3518 3224 3586 3285 ut

1974 3295 2114 3367 apud
2149 3295 2523 3361 Claudianum,
2549 3296 2816 3351 suberrare
2841 3297 3116 3363 montibus.
3143 3298 3248 3367 Sed
3277 3299 3578 3355 chntanu.

1976 3365 2047 3421 ita
2093 3368 2376 3439 legendum
2415 3382 2535 3420 esse
2579 3375 2727 3436 putat
2764 3386 2775 3419 ;
2810 3372 2878 3421 At
2930 3385 3088 3422 manu
3137 3365 3234 3423 Dei
3284 3383 3581 3439 superante,

1976 3441 2110 3492 acies
2138 3438 2472 3492 Maxentiana
2498 3447 2832 3506 proterretur'.

2051 3509 2416 3562 Maxentianus
2447 3518 2774 3572 proterretur.
2810 3508 2883 3566 Ita
2919 3526 3021 3565 ms.
3057 3508 3435 3567 Maxentianus
3477 3515 3584 3568 sci-

1977 3580 2105 3652 licet
2149 3581 2324 3633 miles.
2370 3578 2473 3652 nlii
2519 3579 2726 3652 volunt,
2775 3578 3136 3652 Maxentiana,
3191 3599 3385 3652 nempe
3424 3586 3580 3648 aries.

1976 3651 2228 3724 Nonnulli
2258 3649 2505 3724 _malnnt,
2555 3647 2880 3724 Maxentium
2928 3647 3405 3724 proterrenturfﬁ
3454 3655 3582 3724 quid

1977 3719 2365 3799 immutandum
2409 3728 2574 3784 esset,
2611 3721 2870 3799 _mallem,
2926 3719 3224 3784 Maxentius
3277 3719 3579 3799 proteritur.

1979 3793 2276 3847 Proterrere
2301 3801 2383 3846 est
2409 3790 2664 3846 terrendo
2695 3791 2900 3862 fugare.
3277 3790 3289 3799 ’
3518 3800 3521 3802 ’

2047 3865 2140 3918 Ac.
2171 3863 2228 3917 In
2258 3877 2382 3927 tns.,
2415 3863 2536 3916 hac.

2052 3935 2300 3989 Tandem.
2336 3935 2457 4002 Ms.,
2483 3944 2670 3990 tamen.

2048 4005 2297 4059 Titulum.
2353 4005 2571 4060 Scilicet
2629 4007 2857 4062 maximi.
2915 4007 3047 4065 Post
3095 4017 3327 4075 mortem
3375 4011 3580 4068 Galerii

1977 4078 2319 4152 Maximinus,
2352 4079 2473 4146 quia
2509 4079 2656 4152 prior
2698 4078 2900 4152 Cursor,
2945 4097 3250 4152 quanquam
3297 4095 3580 4152 postremo

1976 4153 2249 4224 Augustus
2294 4147 2487 4224 fuerat,
2519 4148 2731 4224 primas
2761 4151 2863 4224 sibi
2893 4147 2974 4205 in'
2997 4147 3164 4207 titulis
3207 4147 3369 4224 atque
3401 4157 3577 4224 hono-

1976 4224 2127 4275 ribus
2168 4221 2306 4273 inter
2347 4219 2462 4288 ejus
2509 4221 2764 4288 temporis
2810 4223 3083 4289 Augustos
3132 4219 3460 4286 vindicabat,
3507 4223 3584 4277 ait

1977 4291 2273 4362 Eusebius,
2300 4289 2818 4362 ῌίείεΕυοΙεεηιώ.
2867 4307 2953 4355 ix,
3005 4308 3124 4362 cap.
3159 4295 3248 4347 10.
3291 4293 3408 4346 .lam
3452 4308 3582 4347 vero

1974 4365 2203 4418 Senatus
2245 4361 2504 4426 decrevit,
2538 4371 2594 4414 ut
2625 4361 2830 4430 primus
2870 4361 3233 4433 Augustarum
3264 4364 3575 4419 Constanti-

1930 4461 1952 4515 )
1978 4443 2261 4515 nusesset.

2067 4503 2382 4561 Vindicabat.
2410 4503 2593 4571 Forte,
2621 4503 2922 4560 vindicarat.

2052 4597 2710 4672 Adversus_imperatorem
2756 4600 3054 4672 maximum.
3101 4599 3452 4672 Imperatoris
3505 4602 3570 4656 ii-

1982 4670 2134 4736 liom,
2183 4669 2286 4740 qui
2314 4662 2695 4740 Transalpinas
2741 4662 3044 4740 provincias
3094 4662 3431 4740 haereditate,
3470 4673 3577 4730 Ita-

1983 4743 2108 4795 liam
2136 4737 2448 4794 ct‘Africam
2490 4739 2712 4794 victoria
2741 4737 2990 4795 tenebat.
3026 4741 3141 4798 Non
3182 4746 3325 4798 enim
3358 4737 3468 4799 veri
3497 4756 3582 4802 est

1986 4812 2441 4885 simile,_senatns
2478 4809 2579 4885 illo
2613 4810 2832 4865 decreto
2870 4814 3084 4885 proximi
3131 4825 3242 4868 tum
3278 4830 3580 4885 cognomen

1986 4884 2165 4937 datum
2197 4881 2380 4936 fuisse.
2411 4881 2510 4934 Adi
2541 4882 2830 4951 Cuperum.
2855 4883 3021 4938 CELL.

2058 4953 2345 5009 Contendit.
2395 4951 2628 5006 Verbum
2677 4953 2817 5022 istud
2867 4955 2920 5006 in
2965 4971 3066 5010 ms.
3112 4971 3361 5022 mancum
3403 4965 3488 5014 est
3531 4969 3588 5014 et

1987 5040 2154 5095 prope
2180 5023 2455 5084 detritum,
2481 5037 2545 5076 ac
2576 5024 2669 5095 vix
2694 5021 2798 5091 legi
2823 5033 3018 5092 potest.

2112 5111 2304 5149 xorem.
2367 5095 2583 5148 Scilicet
2631 5091 3042 5163 Constantiam,
3096 5097 3436 5165 Constantini
3488 5117 3578 5159 so-

1986 5182 2186 5223 rorem.

2065 5261 2253 5332 Quam.
2280 5258 2537 5315 Voculam
2561 5257 2700 5314 hanc
2725 5257 3010 5332 delendam
3037 5271 3186 5332 putat
3214 5262 3582 5331 lleumannus.

2064 5331 2418 5388 Mansionibus
2463 5332 2750 5402 geminatis.
2805 5329 2862 5386 Id
2917 5329 3181 5398 esu—una
3233 5329 3325 5392 die
3379 5347 3588 5393 tantum

1990 5401 2672 5477 fecit_itineris,_quantum
2718 5401 2837 5477 dua:
2883 5405 3196 5462 mansiones
3226 5407 3280 5462 in
3311 5408 3392 5464 via
3423 5408 3590 5477 Regia

1990 5474 2258 5529 distabant
2302 5473 2550 5546 invicem.
2603 5471 2715 5528 Nec
2763 5475 2818 5528 in
2860 5477 3058 5546 prima,
3102 5478 3196 5533 sed
3247 5479 3300 5533 in
3355 5471 3590 5534 secunda

1990 5547 2316 5616 quiescebat.
2348 5544 2586 5602 Camn.

2064 5640 2132 5696 In
2175 5640 2474 5710 Bithyniam
2512 5641 2792 5696 concurrit.
2835 5642 2912 5697 Ita
2943 5658 3045 5699 ms.
3078 5643 3328 5700 Nonnulli
3371 5643 3581 5708 volunt,

1992 5714 2247 5794 accurrit;
2274 5713 2542 5794 Almelov.
2569 5715 2822 5794 cucurrit.
2846 5714 2981 5772 Nam
3002 5715 3158 5772 facile
3185 5731 3269 5782 cu,
3299 5714 3355 5770 in
3374 5729 3511 5784 cum,
3531 5722 3591 5774 et

1996 5793 2180 5857 postea
2207 5792 2262 5841 in
2285 5800 2402 5852 con,
2429 5792 2690 5840 mutatum
2713 5794 2821 5841 est.

3359 5973 3419 5980 ...-
