4058 6188
494 239 610 298 265

501 366 586 412 est
616 378 627 413 :
655 356 747 413 sed
775 356 1062 427 transjecto
1089 356 1336 426 protinus
1365 357 1526 424 freto,
1552 357 1621 414 ad
1644 358 1886 430 Byzantii
1912 365 2092 427 portas
2117 368 2175 428 Α

504 451 735 506 accessit
766 459 1023 505 armatus.
1067 449 1236 504 Erant
1275 449 1349 506 ibi
1395 450 1596 507 milites
1643 449 1984 521 praesidiarii,
2030 449 2097 505 ad

507 541 817 612 bujusmodi
855 556 1013 599 casus
1063 556 1095 596 a
1133 542 1342 598 Licinio
1386 543 1672 599 conlocati.
1712 543 1824 599 Hos
1864 544 2095 614 primum

501 639 823 694 muneribus
855 648 911 694 et
938 637 1219 709 promissis
1256 638 1463 694 illicere
1506 638 1735 693 tentavit
1769 656 1784 693 :
1814 647 2000 708 postea
2042 637 2097 692 vi

500 741 556 787 et
579 734 979 804 oppugnatione
1006 741 1240 799 terrere;
1271 746 1372 789 nec
1395 740 1570 788 tamen
1597 731 1884 803 quidquam
1906 732 1986 787 vis
2004 738 2098 787 aut

495 824 760 894 promissa
788 824 1095 880 valuerunt.

569 918 689 974 Jam
727 917 1031 989 consumpti
1061 925 1214 974 erant
1237 916 1355 974 dies
1381 917 1625 974 undecim
1645 960 1660 984 ,
1705 932 1803 988 per
1836 932 1971 988 quos
1997 915 2098 971 fuit

493 1010 724 1080 spatium
744 1010 972 1065 nuntios
992 1010 1310 1081 litterasque
1333 1009 1577 1065 mittendi
1599 1010 2092 1079 adltnperatorem,

492 1115 615 1157 cum
642 1101 843 1157 milites
872 1115 977 1156 non
1004 1099 1131 1166 fide,
1146 1101 1240 1155 sed
1271 1100 1535 1170 paucitate
1559 1099 1747 1167 diffisi,
1775 1100 1985 1167 seipsos
2001 1097 2098 1154 de-

495 1194 709 1249 derunt.
744 1192 880 1248 Hinc
908 1192 1178 1263 promovit
1199 1190 1546 1256 Heracleam;
1577 1199 1631 1246 et
1660 1191 1768 1245 illic
1789 1190 1976 1246 eadem
2003 1204 2094 1244 ra-

493 1286 639 1339 tione
662 1284 931 1351 detentus,
963 1284 1169 1354 aliquot
1196 1283 1402 1337 diernm
1434 1291 1645 1351 tempus
1666 1282 1866 1338 amisit.
1897 1280 2095 1351 Etjam

490 1375 763 1441 Licinius,
791 1374 1045 1430 festinato
1072 1375 1292 1440 itinere,
1321 1388 1443 1428 cum
1475 1375 1658 1443 paucis
1691 1373 2094 1443 Adrianopolitn

489 1475 746 1533 venerat,
773 1480 896 1536 cum
936 1466 1065 1531 ille,
1109 1475 1327 1535 accepta
1376 1466 1429 1519 in
1472 1464 1747 1521 deditione
1795 1463 2091 1530 Perintho,

493 1559 768 1630 aliquanto
807 1566 1081 1624 moratus,
1126 1558 1391 1628 processit
1428 1558 1496 1612 ad
1549 1544 1886 1613 mansionem
1919 1555 2085 1612 millia

492 1653 682 1711 decem
704 1663 760 1709 et
778 1661 919 1709 octo.
953 1652 1062 1708 Nec
1080 1652 1221 1708 enim
1246 1660 1453 1722 poterat
1482 1653 1725 1718 ulterius,
1757 1650 2087 1721 Liciniojam

1359 241 1545 302 FIRM.
1590 241 1955 300 LAC'I‘AN'I‘II
1996 242 2126 300 LIB.
2169 242 2257 301 DF.
2299 242 2507 301 MORT.
2553 243 2936 306 PERSECUT.

3691 248 3797 314 264

2915 362 3100 421 XLVI.

2271 453 2761 539 Propinquantibus
2809 474 2938 532 ergo
2990 460 3350 530 exercitibus,
3395 462 3507 532 jam
3557 464 3795 523 futurum

2198 549 2508 618 propediem
2538 554 2778 622 praelium
2808 554 3106 611 videbatur.
3134 555 3271 612 Tum
3292 556 3619 615 Maximinus
3644 561 3792 630 ejus-

2197 641 2344 696 modi
2394 651 2576 699 votum
2622 645 2742 701 Jovi
2790 648 2971 717 vovit,
3019 649 3155 703 utsi
3204 648 3484 706 victoriam
3529 652 3797 724 cepisset,

2198 731 2625 792 Christianorum
2652 753 2846 794 nomen
2875 740 3247 811 extingueret,
3278 741 3625 815 lunditusquc
3649 745 3800 802 dele-

2198 834 2301 880 ret.
2344 826 2494 884 Tunc
2523 831 2762 900 proxima
2811 843 2967 889 nocte
3004 833 3212 890 Licinio
3240 834 3542 906 quiescenti
3583 837 3800 896 adsistit

2200 918 2443 989 Angelus
2474 920 2602 987 Dei,
2636 937 2863 985 monens
2888 934 2947 979 ut
2985 927 3139 982 ocius
3181 936 3462 998 surgeret,
3490 936 3655 1000 atque
3674 944 3802 985 ora-

2198 1021 2281 1066 ret
2333 1014 2497 1069 Denm
2545 1031 2818 1072 summum
2856 1034 2977 1073 eum
3004 1021 3149 1075 omni
3187 1019 3427 1077 exercitu
3471 1037 3600 1087 suo;
3652 1023 3799 1080 illius

2200 1106 2313 1160 fore
2338 1106 2637 1195 victoriam,
2668 1112 2710 1164 si
2751 1110 2990 1166 fecisset.
3025 1111 3153 1169 Post
3175 1113 3271 1167 has
3298 1127 3489 1182 voces,
3527 1106 3649 1170 cum
3672 1129 3798 1171 sur-

2197 1215 2325 1271 gere
2364 1202 2465 1256 sibi
2498 1202 2642 1258 visus
2670 1212 2848 1270 esset,
2880 1214 3076 1260 etcum
3108 1205 3227 1275 ipso
3252 1207 3342 1277 qui
3368 1207 3657 1275 monebat,
3690 1208 3795 1263 ad-

2198 1303 2398 1360 staret,
2435 1304 2560 1349 tunc
2583 1295 2815 1351 docebat
2856 1313 2977 1352 eum
3009 1298 3279 1368 quomodo
3316 1308 3371 1355 et
3399 1299 3589 1371 quibus
3615 1300 3799 1357 verbis

2196 1395 2340 1441 esset
2377 1388 2660 1442 oramlum.
2719 1388 2976 1445 Discusso
3017 1389 3210 1445 deinde
3257 1405 3480 1458 somno,
3523 1392 3797 1449 notarium

2191 1476 2354 1547 jussit
2392 1479 2589 1546 acciri,
2620 1487 2677 1535 et
2718 1481 2856 1536 sicut
2883 1481 3159 1550 audierat,
3193 1486 3307 1539 haec
3336 1485 3497 1541 verba
3524 1486 3749 1542 dictavit
3778 1504 3796 1544 :

2197 1569 2409 1624 Summe
2436 1570 2604 1637 Deus,
2639 1581 2687 1626 te
2729 1590 2995 1643 rogamus.
3029 1574 3219 1631 Sancte
3242 1576 3413 1647 Deus,
3455 1588 3503 1633 te
3526 1595 3795 1651 regamus.

2199 1658 2411 1714 Omnem
2431 1663 2680 1730 iustitiam
2707 1663 2797 1718 tibi
2826 1667 3239 1721 commendamus
3262 1708 3278 1733 ,
3321 1669 3538 1724 salutem
3565 1681 3798 1727 nostram

497 1750 787 1806 secundant
826 1749 1158 1804 mansionem
1191 1757 1409 1803 tenente
1428 1746 1718 1801 distantem
1743 1745 1983 1801 millibus
2009 1753 2090 1800 ιο·
2119 1762 2169 1822 Β
2196 1754 2287 1807 tibi
2324 1757 2736 1812 commendamus
2761 1802 2776 1826 ,
2805 1758 3077 1829 imperium
3102 1771 3334 1816 nostrum
3353 1763 3443 1818 tibi
3470 1768 3796 1821 commenda-

494 1842 694 1909 tidem;
726 1841 839 1913 qui,
867 1840 1111 1896 collectis
1136 1854 1201 1895 ex
1233 1838 1476 1910 proximo
1507 1839 1719 1908 quantis
1743 1838 1914 1907 potuit
1941 1836 2087 1891 mili-

408 1976 417 1981 -
490 1933 652 1998 tibus,
683 1932 939 2003 pergebat
958 1931 1173 1996 obviam
1200 1929 1507 1997 Maximino,
1536 1929 1706 2000 magis
1730 1938 1790 1985 ut
1817 1945 1940 1986 eum
1973 1945 2087 1984 mo-

492 2035 724 2093 raretur,
759 2040 919 2096 quam
945 2025 1223 2095 proposito
1246 2022 1557 2088 dimicandi,
1585 2033 1677 2077 aut
1703 2037 1799 2093 Spe
1826 2022 2086 2077 victoriae.

499 2120 711 2191 Quippe
736 2134 859 2175 cum
885 2118 975 2174 ille
999 2117 1330 2189 septuaginta
1353 2117 1575 2171 millium
1592 2124 1918 2171 armatorum
1946 2131 2094 2171 exer-

491 2214 659 2269 citum
689 2212 947 2281 duceret,
975 2211 1091 2282 ipse
1141 2212 1227 2266 vix
1270 2211 1483 2281 triginta
1527 2210 1753 2265 millium
1806 2225 2087 2265 numerum

489 2307 819 2377 collegisset.
851 2304 1034 2375 Sparsi
1064 2307 1207 2360 enim
1226 2304 1425 2359 milites
1446 2319 1541 2374 per
1569 2303 1811 2358 diversas
1840 2304 2094 2373 regiones

489 2398 740 2466 fuerant,
771 2406 828 2455 et
846 2398 1068 2454 adunari
1090 2412 1280 2454 omnes
1303 2399 1564 2467 angustia:
1592 2396 1852 2465 temporis
1881 2410 1989 2451 non
2021 2395 2096 2450 si—

496 2494 717 2551 nebant.

2196 1865 2330 1902 mus.
2366 1846 2470 1903 Per
2497 1859 2544 1904 te
2571 1851 2805 1918 vivimus,
2821 1862 2966 1926 perte
2980 1853 3189 1908 victores
3216 1864 3262 1908 et
3300 1854 3473 1927 felices
3500 1858 3792 1912 existimas.

2198 1939 2410 1995 Summe
2447 1951 2620 1995 sancte
2660 1940 2831 2009 Deus,
2871 1960 3044 2013 preces
3072 1955 3274 2000 nostras
3312 1947 3520 2003 exaudi.
3562 1947 3797 2006 Brachia

2196 2039 2369 2085 nostra
2396 2031 2467 2084 ad
2514 2040 2562 2087 te
2611 2033 2881 2088 tendimus.
2929 2033 3155 2101 Exaudi,
3185 2046 3357 2092 sancte
3393 2054 3585 2093 summe
3623 2038 3793 2097 Deus.

2200 2122 2519 2179 Scribuntur
2546 2124 2663 2179 hsce
2686 2125 2736 2179 in
2774 2125 2966 2182 libellis
2993 2127 3265 2198 pluribus,
3310 2137 3366 2185 et
3405 2147 3501 2200 per
3525 2133 3797 2208 ιιι-ωροξί-

2200 2222 2284 2269 tos
2312 2214 2665 2286 tribunosque
2720 2218 3030 2283 mittuntur,
3065 2226 3124 2274 ut
3158 2235 3286 2276 suos
3329 2223 3557 2294 quisque
3586 2226 3795 2282 milites

2195 2306 2407 2361 doceat.
2437 2305 2620 2362 Crevit
2644 2309 2855 2364 animus
2885 2313 3148 2368 universis
3171 2355 3185 2380 ,
3235 2313 3512 2371 victoriam
3539 2317 3642 2372 sibi
3668 2333 3799 2375 cre-

2195 2397 2445 2455 dentibus
2475 2399 2542 2455 de
2567 2401 2706 2456 caelo
2736 2403 3055 2463 nuntiatam.
3088 2388 3285 2461 Statuit
3307 2408 3601 2478 imperator
3648 2427 3798 2480 pra:-

2194 2491 2322 2546 lium
2337 2490 2444 2548 diei
2472 2492 2828 2551 kalendarum
2857 2496 3137 2564 maiarum,
3165 2514 3284 2569 qua:
3310 2511 3558 2558 octavum
3586 2519 3796 2562 annum

1808 2623 2168 2684 VARIORUM
2207 2627 2435 2685 NOTAE.

559 2765 854 2837 Transjecto
884 2765 1116 2836 protinus
1143 2763 1291 2834 freto.
1320 2760 1568 2818 Thracia:
1600 2760 1871 2816 nimirum.
1904 2760 2076 2831 Vulgo

486 2838 796 2910 Bosphorus
822 2837 1084 2910 Thracius
1116 2846 1474 2910 nuncupatur.

558 2902 639 2963 A'd
664 2908 956 2978 Imjusmodi
977 2923 1146 2978 casus.
1160 2906 1217 2961 In
1245 2908 1411 2960 veteri
1433 2904 1619 2978 codice
1640 2903 1855 2974 legitur,
1880 2902 2075 2978 adhu-

2181 2763 2570 2851 quisipierim,
2601 2777 2798 2851 praeter
2824 2779 3087 2851 nostrum,
3113 2775 3379 2830 victoriam
3406 2792 3601 2848 capere
3624 2795 3793 2851 usur-

2182 2836 2518 2916 pavit‘i'Nain
2551 2836 2755 2916 nullum
2789 2842 2920 2916 mihi
2952 2836 3160 2915 uspiam
3188 2836 3496 2916 exemplum
3530 2836 3794 2907 observa.

2183 2914 2321 2988 tum.
2343 2906 2486 2988 Nihil
2517 2910 2866 2988 usitatiuseo
2892 2906 3151 2984 loquendi
3184 2906 3509 2988 modo-apud
3542 2906 3794 2978 Lactan—

480 2973 919 3058 jusmodi'cau‘sa
962 2976 1163 3058 Licinio
1211 2976 1483 3058 coniocati.
1531 2976 1721 3058 Nostra
1773 2974 2080 3058 emendatio
2107 2973 2153 3036 C
2187 2979 2353 3043 tium,
2400 2978 2458 3058 in_
2498 2979 2651 3058 cujus
2680 2983 2938 3052 scriptis,
2967 2973 3032 3058 ἰιι
3077 2990 3351 3058 praecipue
3395 2973 3791 3057 I'ibiviiﬂffpé.

487 3046 625 3105 bona
676 3058 782 3106 est.
827 3049 891 3103 Et
936 3063 1079 3117 saepe
1115 3049 1170 3100 in
1216 3047 1454 3115 antiquis
1490 3046 1765 3117 codicibus
1811 3046 2079 3117 reperitur

487 3122 747 3191 scriptum
783 3136 960 3184 causa,
998 3116 1097 3186 pro
1139 3133 1328 3181 casus;
1359 3127 1417 3170 ιιι
1455 3118 1596 3191 apud
1633 3116 1690 3191 S_.
1737 3116 2078 3191 Ambrosium

486 3186 645 3262 epist.
675 3190 747 3246 45
780 3208 792 3245 :
828 3191 897 3244 In
926 3200 1111 3262 natura
1137 3204 1287 3242 casus
1315 3200 1388 3262 est
1407 3229 1423 3254 ,
1456 3188 1510 3239 in
1535 3187 1774 3262 electione
1797 3186 2083 3262 judicium;

487 3257 587 3332 pro
615 3278 722 3332 qtto
750 3263 805 3316 in
837 3259 1205 3316 vetustissimo
1243 3258 1432 3313 codice
1468 3272 1568 3312 ms.
1604 3258 1859 3332 Ecclesiae
1900 3257 2080 3332 Bello-
2116 3290 2133 3301 ι

487 3329 734 3389 vacensis
785 3334 1045 3403 scriptum
1096 3338 1181 3386 est
1227 3346 1422 3397 causa,
1475 3329 1719 3399 quamvis
1734 3343 1872 3454 Bnon
1922 3330 2079 3383 bene.

1781 3414 1937 3454 ALUZ.

1781 3414 1937 3454 ΑιυΖ.

560 3474 788 3530 Illicere.
817 3472 876 3529 In
904 3488 1007 3529 ms.
1034 3472 1236 3528 illicire.

559 3565 675 3622 Nec
698 3577 865 3622 tamen
893 3567 1173 3639 quidquam
1194 3565 1268 3620 vis
1287 3574 1379 3619 aut
1398 3564 1654 3636 promissa
1694 3561 1983 3618 valuerunt.
2010 3561 2086 3618 Ita

486 3653 591 3697 ms.
754 3650 763 3654 ’

558 3709 951 3781 imperatorem.
982 3708 1204 3781 Scilicet
1232 3708 1510 3781 Licinium.

560 3774 832 3835 Paucitate
865 3780 1050 3850 difﬁsi.
1081 3778 1200 3835 Gal.
1255 3780 1522 3846 malebat,
1555 3775 1825 3850 Paucitate
1861 3774 2085 3850 defecti.

488 3852 633 3907 Nihil
679 3844 1016 3905 mutandum.
1047 3850 1137 3907 Sic
1166 3851 1385 3906 Tacitus
1415 3844 1515 3903 lib.
1540 3864 1576 3902 ιι
1619 3844 1755 3903 Ilist.
1779 3889 1797 3915 ,
1823 3862 1946 3914 cap.
1976 3847 2085 3902 23:

490 3923 713 3992 Diffisus
758 3921 1013 3992 paucitate
1051 3920 1386 3992 cohortium;
1416 3923 1492 3973 uti
1530 3918 1980 3992 JactGronovius
2019 3934 2088 3973 ex

489 3988 595 4049 ius.
624 3988 797 4047 Oxon.
843 3991 1102 4046 restituit.
1129 3989 1416 4045 Contraria
1448 3990 1610 4044 modo
1646 3988 1852 4056 Livius,
1885 3989 1980 4044 lib.
2012 4003 2087 4053 vi,

487 4080 608 4133 cap.
636 4063 708 4120 25
735 4079 750 4116 :
782 4062 999 4133 ﬁdentes
1043 4062 1264 4115 militum
1314 4077 1545 4133 numero.
1576 4059 1924 4133 Lactantiana
1961 4073 2092 4112 vero

490 4128 949 4207 phrasis,lih..vin
970 4132 1229 4200 Institut.,
1254 4147 1373 4202 cap.
1396 4133 1419 4187 1
1446 4149 1460 4186 :
1481 4132 1688 4187 Dum...
1711 4128 1922 4186 caelesti
1949 4144 2093 4185 mer-

488 4204 621 4262 cede
643 4204 856 4261 diffidit;
887 4204 1019 4259 BUN.

565 4297 887 4353 Heracleam.
917 4297 1015 4352 Ms.
1057 4294 1376 4350 Heracliam.
1416 4292 1936 4359 ScilicetThraciaa,
1968 4306 2088 4363 qua:

490 4379 572 4426 est
597 4378 652 4425 et
675 4366 1146 4425 Perinthusinfra.
1174 4367 1424 4423 Zozimns
1449 4366 1544 4421 lib.
1563 4381 1603 4431 ι,
1631 4380 1752 4434 cap.
1777 4364 1868 4420 62.

562 4440 785 4510 Accepta
812 4438 1153 4510 indedt'tione.
1180 4438 1257 4493 Ita
1286 4438 1382 4493 Ms.
1408 4437 1715 4510 Legendum
1741 4444 1886 4510 esset
1916 4436 1970 4510 in
1997 4436 2087 4489 de-

491 4508 751 4565 ditionem.
771 4509 879 4566 Sed
906 4517 965 4564 ut
984 4510 1095 4579 jam
1116 4524 1277 4578 supra
1296 4508 1577 4577 adnotavi,
1599 4509 1676 4563 sic
1697 4508 1933 4578 loquitur
1954 4509 2086 4563 Lac-

494 4586 715 4636 latitius.

565 4650 836 4705 Perintho.
864 4649 990 4713 Ms.,
1023 4647 1296 4704 Pereat/to.

563 4721 764 4776 Licinio
791 4722 906 4793 jam
932 4721 1209 4793 secundum
1243 4720 1559 4793 mansionem
1588 4727 1788 4793 tenente
1813 4719 2085 4793 distantem

490 4786 718 4848 millibus
744 4786 972 4847 totidem.
1006 4792 1098 4847 Sic
1127 4791 1244 4860 lego
1271 4807 1394 4846 cum
1435 4790 1627 4846 Vossio
1656 4799 1712 4844 et
1757 4789 1994 4844 Baluzio.
2024 4791 2083 4845 In

491 4864 849 4934 Manuscripto
869 4874 952 4919 est
970 4906 986 4927 ,
1015 4862 1239 4918 secunda
1266 4863 1529 4916 mansione
1555 4869 1751 4915 tenente
1774 4862 2081 4927 destantum,

494 4936 753 4991 mendose
779 4935 1023 4990 omnino.

567 5006 671 5074 Qui
693 5007 935 5061 collectis:
961 5005 1094 5061 Cum
1124 5005 1317 5061 Vossio
1346 5003 1497 5076 lego,
1534 5003 1668 5072 Qui;
1711 5002 1914 5059 scilicet
1943 5001 2083 5058 Lici-

494 5078 636 5142 nius,
661 5078 720 5133 In
752 5092 854 5133 ms.
878 5087 985 5145 est,
1007 5087 1177 5142 atque.

567 5149 807 5214 Quantis.
842 5148 946 5204 Pro
966 5157 1107 5219 quot.

569 5220 773 5290 Quippe
799 5236 917 5273 cum
943 5217 1050 5274 ille.
1078 5217 1420 5275 Maximinus.

564 5290 690 5346 lose
714 5292 820 5346 vim.
851 5290 1107 5346 Licinius.
1228 5294 1234 5303 '
1972 5333 1986 5345 .

618 5361 1061 5433 ropinquantibus.
1092 5360 1329 5417 Verbum
1359 5375 1425 5433 ex
1451 5360 1626 5432 poetis
1647 5401 1662 5427 ,
1704 5358 1889 5433 utjam
1918 5372 2081 5428 supra

493 5429 870 5491 observavi'ad
899 5432 1109 5488 initium
1137 5433 1327 5502 capitis
1352 5429 1657 5502 24,'estque
1681 5429 1822 5501 apud
1853 5429 2083 5486 Lactan-

495 5510 649 5561 tittm.

566 5578 629 5633 Si
644 5577 903 5634 victoriam
934 5577 1163 5646 cepisset.
1183 5574 1240 5629 Id
1266 5582 1378 5638 est,
1402 5580 1750 5646 reportasset.
1770 5571 1905 5641 Quid
1934 5570 2080 5646 aliud

493 5651 637 5710 enim
665 5650 943 5707 victoriam
975 5642 1156 5717 capere
1182 5659 1304 5701 esse
1330 5642 1539 5717 possit,
1571 5660 1731 5717 quam
1777 5684 1794 5711 ,
1825 5642 2081 5717 utvuklgo

493 5719 668 5783 Latinl
692 5722 856 5782 locuti
881 5714 1354 5797 sunt,'reportare',
1371 5714 1618 5791 adipisci,
1648 5714 1942 5789 consequi?
1968 5714 2077 5773 Sed

2184 3058 2416 3115 quenter
2444 3049 2676 3131 legimus
2694 3093 2710 3120 ,
2743 3049 2923 3121 capere
2940 3049 3185 3132 Δτιὴ-ιιὶιεηι
3204 3100 3220 3126 ,
3246 3049 3436 3129 capere
3453 3049 3792 3132 sapientiam,

2187 3127 2684 3201 capiareprimaeui1
2721 3141 2903 3195 capere
2925 3127 3155 3201 fructus,
3182 3127 3365 3199 capere
3392 3127 3659 3201 notitiam,
3693 3127 3787 3191 lib;

2186 3189 2254 3279 de
2280 3189 2362 3279 Ira
2377 3189 2491 3279 Dei,
2511 3207 2632 3279 cap.
2653 3193 2685 3248 7
2710 3212 2724 3249 :
2749 3189 2936 3279 capere
2952 3189 3180 3265 morbos;
3210 3189 3303 3256 lib.
3329 3202 3399 3259 de
3415 3189 3791 3279 0pilic.,'cap.

2186 3265 2221 3315 4
2247 3302 2262 3327 ,
2293 3278 2475 3331 capere
2496 3274 2729 3318 mortem.
2756 3265 2888 3321 Ibid.

2257 3350 2668 3434 C(zristianorum
2716 3362 3278 3434 nomenuextingueret.
3319 3366 3632 3424 Lactantius
3662 3371 3787 3428 Div.

2190 3422 2423 3550 issetiiut.
2562 3443 2600 3496 ι,
2621 3444 2740 3500 cap.
2768 3431 2834 3486 I8
2851 3449 2863 3483 :
2883 3422 3129 3504 Magnam
3153 3447 3350 3505 partem
3378 3422 3796 3511 generisltuwmav-

2352 3513 2459 3551 man
2487 3539 2502 3551 .
3344 3514 3347 3523 '

2352 3513 2502 3553 tnxu.
3344 3514 3347 3523 ³

2266 3587 2674 3672 Quiescenti.__ld
2699 3601 2809 3662 est,
2851 3593 3163 3672 dormienti.
3196 3595 3405 3672 Confer
3433 3602 3790 3672 elegantissi-

2190 3674 2336 3744 mum
2357 3660 2627 3744 Lactantii
2649 3660 2823 3744 locum
2852 3665 2975 3720 libri
3007 3669 3336 3744 'tleOpiticiu
3360 3672 3480 3735 Dei.
3512 3660 3636 3744 cap.
3668 3675 3741 3731 18
3773 3695 3788 3732 :

2193 3729 2394 3802 Corpus
2423 3732 2557 3817 enim
2580 3734 2823 3817 vigilante
2859 3753 3012 3791 sensu
3052 3729 3170 3817 licet
3188 3744 3360 3817 jaceat
3387 3729 3672 3811 immobile,
3706 3729 3792 3801 ta;

2191 3819 2308 3887 mea
2332 3819 2437 3887 non
2461 3814 2535 3859 est
2555 3809 2777 3873 quietum
2796 3823 2888 3874 ;...
2920 3824 2985 3865 ne
3013 3809 3404 3868 saluberrimam
3428 3809 3795 3886 quietemﬁcor~

2193 3883 2333 3944 poris
2364 3883 2717 3947 interrumpat.

2264 3963 2432 4054 Detim
2453 3983 2732 4054 summum.
2749 3969 2862 4054 l-ioc
2873 3972 3136 4054 epitheto,
3148 3988 3270 4054 cum
3284 3974 3361 4054 de
3379 3992 3510 4054 vero
3542 3979 3654 4054 Deo
3674 3984 3794 4054 agi-

2196 4045 2302 4118 tur,
2335 4038 2423 4118 vix_
2439 4038 2727 4118 quidquam
2761 4038 3095 4118 frequentius
3122 4038 3177 4100 in
3200 4038 3526 4105 indubitatis
3546 4038 3790 4107 Lactaii-

2195 4107 2254 4192 tii
2282 4107 2776 4192 lucubrationibus;
2819 4107 2881 4192 et
2913 4115 2966 4192 in
2999 4115 3102 4170 hoc
3123 4132 3290 4192 opere
3318 4135 3438 4191 cap.
3471 4122 3494 4175 1
3520 4161 3534 4185 ,
3562 4137 3687 4192 cap.
3715 4125 3786 4180 47

2194 4186 2251 4233 et
2273 4178 2421 4232 alibi.
2448 4178 2589 4251 Quin
2622 4181 2739 4236 haec
2759 4185 2920 4239 etiam
2951 4185 3093 4242 inter
3119 4178 3221 4242 alia
3251 4178 3592 4247 Lactantinm
3625 4178 3789 4251 istius

2195 4250 2608 4330 quoquenltbelli
2631 4264 2907 4323 parentem
2936 4272 3057 4314 esse
3078 4259 3378 4330 suadeant,
3410 4263 3649 4319 dubitari
3673 4250 3787 4323 non

2200 4328 2392 4390 potest.
2417 4319 2674 4377 BAULDRl.

2111 4380 2167 4440 D
2200 4380 2216 4390 ’
2262 4414 2324 4470 Si
2351 4416 2568 4486 fecisset.
2588 4418 2733 4492 Lege
2760 4421 2959 4492 potius,
2989 4422 3044 4477 id
3072 4425 3118 4478 si
3137 4426 3368 4496 fecisset,
3399 4427 3473 4482 ait
3502 4427 3780 4485 lleuman-

2190 4501 2309 4544 ηυξ.

2263 4579 2559 4637 Notarium.
2589 4581 2645 4637 Id
2664 4591 2782 4651 est,
2816 4600 2980 4640 unum
3002 4600 3032 4640 a
3063 4588 3309 4643 secretis.

2258 4652 2448 4708 Acciri.
2481 4654 2577 4709 Ms.
2606 4656 2781 4710 asciri.

2187 4827 2205 4871 ι
2263 4745 2494 4801 Omnem.
2545 4746 2847 4804 Heumann.
2894 4758 3044 4821 putat
3095 4751 3437 4810 scribendum
3490 4771 3613 4811 esse
3656 4774 3786 4812 nos.

2208 4834 2337 4871 ram.

2208 4834 2337 4871 ναηλ

2256 4912 2489 4992 Libellis.
2522 4912 2577 4968 Id
2605 4913 3357 4992 est,_cltartis_hrevioribus;
3390 4919 3461 4975 ita
3494 4930 3611 4992 post
3660 4920 3790 4977 Gis-

2185 4983 2394 5040 bertam
2423 4985 2693 5055 (luperum
2716 4984 2938 5041 doctiss.
2972 4986 3343 5045 Heumanntts.

2258 5074 2596 5155 Praepositos.
2641 5076 2922 5146 Przepositi
2952 5087 3107 5134 erant
3148 5082 3559 5155 primariitqui
3606 5098 3785 5153 prme-

2184 5157 2307 5221 rant
2335 5147 2633 5221 legionibus
2654 5188 2671 5215 ,
2703 5157 2762 5203 ιιι
2803 5158 2950 5220 patet
2975 5166 3044 5206 ex
3072 5147 3392 5221 quibusdam
3413 5147 3642 5211 'Gr'uter'i
3696 5157 3788 5211 in—

2186 5218 2592 5288 scriptionibus.

2258 5309 2538 5366 Universis.
2568 5308 2788 5366 Scilicet
2816 5310 3007 5368 Licinii
3034 5314 3316 5373 militibus.

2259 5402 2479 5487 Statuit
2499 5404 2780 5487 imperator:
2802 5406 3166 5487 praeliumjiei
3347 5410 3642 5487 ﬂaiarum.
3671 5412 3787 5487 [m-

2185 5483 2407 5545 perator,
2427 5482 2487 5528 ut
2507 5475 2740 5542 videtur,
2758 5475 3015 5534 Licinius.
3038 5478 3296 5537 Kalendis
3316 5481 3440 5538 Maii
3462 5483 3638 5542 factus
3663 5484 3783 5543 fue-

2185 5555 2269 5602 rat
2289 5544 2471 5600 Caesar
2499 5545 2838 5605 Maximinus.

2183 5635 2393 5770 magn.
2434 5637 2590 5697 Docti
2616 5648 2802 5714 putant
2829 5642 3173 5705 scribendum
3202 5659 3327 5703 esse
3354 5647 3408 5703 in
3437 5645 3617 5719 diem;
3667 5663 3783 5709 non
