4058 6188
439 202 545 258 267

1775 206 2082 264 FIRMIANI
2122 209 2486 269 LACTANTII

3642 213 3746 272 268

435 320 536 384 nit,
557 335 680 376 cum
705 319 1040 390 locusprrelii
1064 320 1279 375 abesset
1303 320 1467 376 millia
1489 330 1707 377 centum
1726 326 2028 393 sexaginta;
2065 328 2108 387 Α
2137 329 2204 383 da
2254 346 2375 386 esse
2427 328 2790 396 credidimus,
2851 327 3047 399 quibus
3098 327 3394 383 divinitatis
3439 334 3746 387 reverentia

439 414 714 484 raptisque
745 413 868 467 filiis
911 424 962 466 et
1002 427 1189 476 uxore,
1219 419 1274 466 et
1300 413 1481 484 paucis
1503 429 1564 468 ex
1597 414 1793 485 palatio
1834 417 2041 470 comiti-

436 505 559 572 bus,
590 506 772 575 petivit
813 502 1109 560 Orientem.
1160 499 1267 566 Sed
1301 504 1356 559 in
1399 503 1764 576 Cappadocia,
1796 507 2042 564 collectis

439 614 506 654 ex
536 599 652 667 fuga
685 608 738 653 et
775 595 842 653 ab
870 595 1092 655 Oriente
1115 595 1395 663 militibus,
1430 600 1688 654 substitit.
1726 599 1803 654 Ita
1833 611 2038 656 vestem

441 689 755 762 resumpsit.

1123 787 1351 843 XLVIII.

514 877 748 935 Licinius
804 896 952 946 vero,
1009 892 1227 945 accepta
1273 879 1546 936 exercitus
1577 888 1726 950 parte
1767 895 1830 936 ac
1859 879 2042 936 distri-

433 974 584 1040 buta,
637 975 844 1044 trajecit
888 975 1185 1030 exercitum
1227 975 1277 1029 in
1336 974 1643 1046 Bithyniam
1699 976 1883 1046 paucis
1924 984 2046 1042 post

437 1083 670 1138 pugnam
721 1067 930 1134 diebus,
978 1077 1032 1124 et
1071 1066 1438 1123 Nicomediam
1490 1068 1785 1139 ingressus,
1816 1068 2041 1138 gratiam

437 1159 570 1223 Deo,
618 1159 770 1230 cujus
823 1160 1021 1214 auxilio
1068 1161 1290 1225 vicerat,
1337 1161 1559 1228 retulit;
1610 1177 1672 1216 ac
1717 1161 1804 1216 die
1861 1162 2043 1217 iduum

432 1251 710 1308 Iuniarum
746 1295 760 1318 ,
807 1251 1158 1309 Constantino
1199 1266 1356 1326 atque
1407 1255 1522 1324 ipso
1581 1264 1664 1310 ter
1708 1255 2040 1320 consulibus,

433 1347 503 1402 de
533 1349 868 1404 restituenda
899 1349 1138 1405 Ecclesia
1172 1349 1476 1420 hujusmodi
1518 1349 1726 1405 litteras
1758 1349 2041 1419 prmidem

435 1437 587 1495 datas
616 1441 842 1512 prOponi
865 1440 1048 1511 jussit.

948 1533 1276 1590 LITTEIUE
1317 1533 1562 1589 LICINII.

519 1645 538 1676 ι
575 1622 708 1678 Cum
767 1625 1014 1686 feliciter.
1047 1635 1152 1679 tam
1196 1640 1297 1696 ego
1337 1623 2040 1694 ConSIantinusAugustus,

2145 423 2546 488 continebatur,
2604 431 2660 476 ut
2704 423 2962 477 daremus
3013 430 3069 476 et
3115 409 3450 486 christianis,
3485 434 3539 480 et
3570 427 3747 480 omni-

2144 515 2246 570 bus
2275 516 2498 571 liberam
2544 523 2862 585 potestatem
2907 514 3166 584 sequendi
3207 515 3549 586 religionem,
3585 533 3748 588 quam

2145 609 2374 679 quisque
2425 608 2724 675 voluisset,
2775 623 2884 678 quo
2929 607 3145 678 quidem
3195 608 3450 664 divinitas
3485 610 3556 664 .in
3609 613 3744 669 sede

2145 701 2385 764 caelesti,
2437 701 2590 756 nobis
2641 709 2803 771 atque
2854 701 3106 756 omnibus
3163 701 3252 772 qui
3317 702 3420 757 sub
3483 712 3753 772 potestate

2145 802 2329 848 nostra
2379 801 2506 847 sunt
2552 792 2866 858 constituti,
2921 792 3131 863 placata
3180 807 3245 848 ac
3301 793 3531 865 propitia
3585 797 3754 864 possit

2145 885 2398 940 existere.
2441 884 2623 956 Itaque
2675 883 2779 940 hoc
2825 885 3054 940 consilio
3104 885 3304 941 salubri
3345 901 3409 942 ac
3449 889 3754 944 rectissima

2146 981 2357 1035 ratione
2403 978 2694 1034 ineundum
2728 994 2849 1034 esse
2877 979 3236 1046 credidimus,
3280 989 3339 1035 ut
3367 980 3501 1035 nulli
3529 982 3754 1036 omnino

2147 1073 2450 1129 facultatem
2473 1072 2844 1143 abnegandam
2874 1081 3219 1142 putaremus,
3249 1073 3339 1143 qui
3363 1074 3446 1128 vel
3489 1074 3753 1130 observa-

2147 1165 2279 1220 tioni
2330 1164 2780 1231 christianorum,
2813 1164 2895 1220 vel
2927 1165 2976 1220 ei
3007 1164 3250 1234 religioni
3303 1176 3545 1222 mentem
3595 1183 3753 1223 suam

2147 1261 2369 1317 dederat
2388 1297 2404 1324 ,
2432 1276 2590 1330 quam
2623 1263 2737 1330 ipse
2756 1260 2859 1315 sibi
2891 1261 3221 1330 aptissimam
3250 1273 3376 1318 esse
3406 1264 3663 1331 sentiret;
3697 1271 3758 1320 ut

2148 1354 2321 1423 possit
2359 1352 2516 1407 nobis
2565 1366 2774 1406 summa
2813 1351 3089 1418 divinitas,
3115 1352 3268 1422 cuius
3297 1355 3538 1425 religioni
3568 1355 3756 1412 liberis

2146 1447 2418 1502 mentibus
2464 1444 2839 1516 obsequimur,
2883 1445 2935 1499 in
2965 1445 3219 1502 omnibus
3249 1447 3467 1502 solitum
3500 1448 3749 1505 favorem

2145 1551 2303 1592 suum
2330 1536 2870 1606 benevolentiamque
2895 1547 3169 1606 pra-stare.
3200 1538 3376 1605 Quare
3420 1541 3562 1596 seire
3597 1543 3757 1596 Dica-

2147 1631 2349 1683 tionem
2401 1637 2548 1682 tuam
2590 1629 2886 1693 convenit,
2934 1628 3199 1696 placuisse
3229 1630 3406 1695 nobis,
3441 1640 3520 1697 ut,
3556 1635 3756 1689 amotis

439 1735 598 1789 quam
651 1721 813 1775 etiam
846 1736 947 1791 ego
1001 1720 1241 1776 Licinius
1285 1721 1580 1790 Augustus,
1613 1721 1752 1790 apud
1785 1721 2039 1776 Mediola-
2071 1723 2120 1781 Β
2144 1723 2395 1777 omnibus
2417 1721 2638 1776 omnino
2659 1720 3079 1786 conditionibus,
3104 1737 3225 1792 quin
3254 1722 3399 1792 prius
3428 1725 3645 1794 scriptis
3675 1726 3743 1780 ad

432 1828 561 1865 num
594 1814 1075 1885 convenissemus,
1118 1823 1283 1884 atque
1311 1813 1587 1877 universa,
1614 1828 1733 1882 qua:
1784 1812 1853 1868 ad
1883 1827 2033 1868 com-

427 1904 587 1958 moda
619 1917 674 1959 et
722 1907 1068 1961 securitatem
1097 1905 1365 1976 publicam
1421 1905 1776 1975 pertinerent,
1804 1905 1858 1959 in
1892 1915 2039 1960 trac-

433 2004 576 2052 tatu..
598 1997 944 2068 haberemus,
969 2000 1083 2054 haec
1130 1999 1269 2054 inter
1315 2007 1508 2054 cmtera
1558 2015 1677 2070 qua:
1727 1997 2048 2054 videbamus

431 2089 680 2160 pluribus
707 2091 1017 2147 hominibus
1048 2092 1345 2160 profutura,
1371 2094 1453 2146 vel
1484 2093 1533 2146 in
1565 2091 1756 2162 primis
1791 2091 2046 2148 ordinan-

2137 1813 2377 1870 ofﬁcium
2423 1823 2572 1868 tuum
2605 1813 2748 1869 datis
2780 1828 2942 1883 super
2965 1813 3378 1868 christianarum
3411 1818 3629 1872 nomine
3661 1819 3750 1872 vi-

2139 1905 2436 1969 debantur,
2483 1921 2625 1960 nunc
2669 1921 2797 1960 vere
2824 1921 2886 1960 ac
2915 1904 3231 1974 simpliciter
3256 1905 3628 1976 unusquisque
3646 1921 3743 1963 eo.

2146 2016 2294 2066 rum,
2325 1999 2420 2071 qui
2448 1999 2697 2055 eamdem
2740 1997 3093 2054 observanda
3140 1999 3381 2069 religioni
3431 1998 3760 2056 chriStiano-

2148 2109 2268 2148 rum
2304 2103 2498 2164 gerunt
2536 2093 2867 2147 voluntatem
2893 2133 2907 2156 ,
2962 2091 3096 2145 citra
3132 2090 3296 2145 ullam
3329 2091 3760 2161 inquietudinem

1747 2207 2114 2266 VARIORUM
2157 2208 2392 2265 NOTAE.

502 2325 672 2384 Locus
699 2327 890 2399 pretii.
920 2327 1284 2399 Fortepmpe
1330 2326 1646 2382 Heracleam
1674 2326 1740 2380 ad
1767 2325 1833 2380 M
1865 2324 2032 2380 millia

429 2411 688 2468 passuum
701 2397 707 2399 ”
719 2412 909 2452 versus
937 2397 1312 2452 Occidentem.

506 2466 689 2523 Petivit
761 2469 1039 2525 Orientem.
1099 2469 1350 2523 Zozimus
1426 2486 1438 2520 :
1509 2467 1612 2522 Per
1667 2467 1924 2521 Orientem
1977 2468 2032 2520 in

421 2535 713 2612 Egypturn
741 2541 1023 2612 discedens,
1059 2555 1148 2607 spe
1167 2539 1510 2612 cogendorum
1526 2541 1809 2612 copiarum,
1826 2548 2034 2609 quanta:

423 2611 650 2679 gerendo
676 2611 808 2665 bello
827 2611 1144 2678 sufﬁcerent.
1179 2610 1380 2664 Bacuz.

493 2679 561 2751 In
592 2679 944 2750 Cappadocia.
981 2681 1035 2734 In
1069 2697 1194 2742 ms.,
1220 2698 1284 2735 ex
1308 2681 1664 2751 Cappadocia.

499 2750 696 2807 Vestem
726 2753 1019 2823 resumpsit.
1053 2751 1315 2806 Nimirum
1342 2750 1658 2822 purpuram,
1689 2753 1901 2822 signum
1928 2751 2029 2804 im-

427 2824 719 2892 peratoriae
745 2822 1068 2892 majeStatis.

504 2893 810 2948 Distributa.
853 2893 907 2948 In
955 2908 1081 2947 suas
1130 2894 1388 2964 legiones,
1433 2902 1493 2948 ut
1522 2892 1648 2947 inde
1679 2892 2029 2962 supplemen-

427 2972 542 3018 tum
571 2975 716 3018 essct
741 2964 1064 3030 legionibus.

500 3033 746 3106 Irtijecit.
771 3034 876 3089 Per
897 3034 1236 3106 Bosphorum
1270 3034 1582 3093 Thracium.

505 3101 767 3176 Pugnant.
801 3106 862 3160 In
892 3101 1024 3168 ms.,
1046 3122 1250 3174 pugna;
1280 3107 1439 3159 male.

502 3174 735 3231 Gratiam
761 3176 934 3232 Deo...
953 3176 1302 3230 retulit.Alius
1327 3186 1434 3229 tum
1462 3175 1702 3230 Licinius
1720 3174 1819 3231 fuit
1848 3177 1915 3230 ab
1939 3191 2026 3240 eo,

426 3249 524 3371 qui
553 3258 742 3371 postga
779 3247 970 3374 lgit’etus
1021 3257 1142 3304 est:
1172 3246 1418 3301 laudatus
1442 3248 1608 3301 etiam
1649 3248 1718 3302 ab
1765 3248 2026 3313 Eusebio,

459 3335 572 3374 .Ix.
601 3333 648 3371 c.
719 3359 728 3370 .
859 3335 910 3374 η.
1001 3331 1004 3334 '

459 3358 470 3370 .
497 3335 572 3378 IX,
601 3333 648 3371 (Σ.
675 3331 728 3371 ‘J.
781 3331 910 3374 ΒυΝ.
1001 3331 1004 3334 ’

512 3389 604 3442 Die
645 3388 840 3443 Iduum
887 3389 1188 3443 Juniarum.
1218 3389 1322 3443 Ista
1371 3404 1476 3442 non
1520 3399 1646 3443 sunt
1675 3389 2027 3459 intelligenda

432 3459 501 3532 de
529 3460 617 3515 die
644 3475 752 3530 quo
773 3460 956 3515 datum
985 3473 1061 3515 εει
1092 3461 1355 3532 edictum,
1379 3460 1471 3514 sed
1504 3461 1572 3514 de
1593 3461 1682 3517 die
1702 3477 1810 3532 quo
1838 3461 2031 3517 Licinii

425 3530 580 3601 jussu
608 3534 940 3601 propositum
963 3540 1047 3586 est
1062 3531 1404 3585 Nicomediae.
1436 3532 1635 3586 Bacuz.

431 3600 438 3601 ί
503 3600 837 3658 Constantino
861 3615 1013 3674 atque
1040 3605 1154 3673 ipso
1199 3612 1274 3656 ter
1315 3602 1629 3658 consulibus.
1660 3603 1718 3658 Id
1749 3612 1855 3668 est,
1889 3618 2032 3658 anno

431 3671 630 3728 Christi
661 3674 788 3728 515.
1709 3716 1716 3723 .

495 3676 630 3728 tristi
661 3675 788 3730 515.
1709 3716 1716 3723 .

505 3742 582 3798 De
621 3745 932 3801 restituenda
967 3745 1212 3799 Ecclesia.
1244 3744 1640 3800 Nicomediensi
1663 3747 1892 3810 scilicet,
1927 3761 2033 3801 ca:-

433 3817 838 3888 terisque,_quaa
866 3825 991 3870 ante
1022 3817 1344 3870 decennium
1376 3832 1471 3884 per
1496 3825 1664 3871 totam
1700 3818 2030 3888 Bithyniam,

433 3885 599 3955 cujus
659 3885 975 3951 Nicomedia
1044 3887 1294 3955 princeps
1367 3899 1484 3940 erat
1530 3888 1720 3942 civitas
1753 3929 1767 3952 ,
1821 3885 2034 3942 fuerant

438 3971 666 4012 eversae.
712 3955 844 4012 Nam
873 3956 1300 4012 Nicomediensis
1343 3957 1559 4025 quidem
1591 3959 1762 4026 prima
1790 3960 2030 4013 omnium

437 4043 630 4083 eversa
677 4027 874 4096 fuerat,
907 4039 963 4084 et
1013 4028 1134 4082 solo
1187 4028 1465 4097 nil-aequata
1492 4070 1506 4093 ,
1540 4037 1599 4082 ut
1637 4043 1708 4084 ex
1756 4030 1934 4099 capite
1965 4031 2033 4084 12

437 4109 646 4152 certum
674 4109 773 4155 εει.

515 4169 755 4225 Litteras.
783 4171 888 4226 Eas
913 4170 1204 4238 descripsit
1242 4169 1522 4233 Eusebius,
1549 4171 1586 4224 1.
1619 4185 1676 4231 x,
1707 4184 1756 4224 c.
1789 4171 1844 4235 5,
1878 4171 1976 4226 sed
2002 4188 2033 4227 c

439 4256 664 4314 romana
679 4243 923 4314 Iinguain
941 4256 1172 4310 graecum
1190 4257 1496 4314 sermonem
1522 4242 1826 4314 translatas,
1843 4252 1902 4297 ut
1920 4244 2034 4312 ipse

443 4312 540 4386 ait.
572 4311 729 4380 Quod
761 4311 899 4386 ergo
948 4328 1042 4367 eas
1083 4329 1222 4366 nunc
1244 4313 1511 4386 habemus
1553 4312 1737 4386 latine.
1769 4315 1843 4365 uti
1874 4311 2032 4386 edita:

449 4385 620 4452 primo
653 4397 798 4450 sunt,
829 4383 985 4440 unius
1014 4385 1273 4438 Lactantii
1300 4383 1592 4452 diligentitc
1614 4383 1895 4438 debemus.
1925 4384 2030 4441 Sed

443 4453 549 4509 iste
572 4457 753 4510 omisit
806 4456 1198 4527 praefationem,
1232 4471 1390 4523 quam
1420 4456 1683 4509 Eusebius
1721 4455 1898 4510 habet.
1934 4455 2034 4511 BA-

446 4541 569 4582 Luz.
591 4555 664 4567 --
693 4527 927 4580 Litteras.
951 4527 1010 4580 ιιι
1038 4536 1143 4582 est.
1171 4542 1233 4578 ex
1264 4528 1542 4593 utriusque
1577 4527 1890 4594 interpretis
1915 4541 2036 4582 ver-

447 4599 619 4662 si-nte,
642 4599 882 4652 edictum.
912 4599 974 4650 I'Zt
1028 4596 1220 4664 Pagius
1249 4596 1462 4662 quidem
1489 4608 1672 4650 exerte
1701 4598 1752 4648 in
1788 4596 1888 4650 hoc
1917 4598 2036 4666 ipso

447 4677 790 4736 argumento,
815 4666 1103 4736 epistolam,
1135 4666 1327 4734 inquit,
1358 4677 1403 4717 et
1425 4667 1647 4719 edictum
1677 4667 1760 4719 hic
1801 4684 1904 4721 non
1929 4671 2036 4724 dis-

446 4738 642 4806 tinguo.
678 4737 784 4794 Sed
830 4752 982 4803 csse,
1010 4746 1260 4790 accurate
1303 4736 1592 4805 loquendo,
1637 4737 1879 4794 nonnihil
1919 4740 2034 4792 dis-

445 4809 688 4864 criminis
718 4810 856 4864 inter
877 4809 1048 4862 edicta
1076 4817 1130 4860 et
1154 4808 1360 4861 litteras
1390 4809 1772 4876 imperatorum
1801 4810 1866 4861 ad
1899 4826 2038 4876 pra:-

445 4879 591 4948 sides
643 4879 798 4935 datas
829 4920 843 4940 ,
892 4881 1000 4948 iam
1043 4890 1191 4942 ante,
1228 4879 1278 4931 ni
1331 4876 1504 4940 fallor,
1553 4878 1792 4933 osted’dit
1841 4880 2033 4935 Paulus

445 4947 661 5004 Bauldri
695 4961 815 5006 nota
844 4947 1025 5004 ultima
1055 4950 1120 5002 ad
1151 4951 1246 5002 has
1276 4950 1481 5004 litteras
1500 4951 1666 5002 infra.

522 5020 773 5092 Proponi.
793 5022 1078 5092 Vopiscus,
1095 5022 1150 5074 in
1176 5021 1380 5084 Firmo,
1413 5035 1462 5075 c.
1495 5022 1548 5084 5,
1573 5021 1791 5075 edictum
1818 5024 2034 5092 prapom'

436 5093 611 5162 jussit.
647 5091 922 5160 Frequens
949 5093 1178 5147 verbum-
1198 5109 1484 5162 proponere
1527 5093 1626 5146 hoc
1654 5095 1834 5148 modo.
1858 5091 1992 5148 Bon.

518 5161 650 5218 Tam
693 5180 786 5234 ego
807 5161 1205 5236 Colmantinus.’
1243 5163 1365 5228 Ms.,
1395 5173 1499 5216 tant
1551 5179 1644 5234 ego
1695 5182 1848 5236 quam
1893 5165 2030 5219 Con-

445 5236 701 5289 stantinus
729 5251 746 5299 ;
773 5236 934 5288 male.
966 5235 1089 5290 Vid.
1124 5250 1237 5302 seq.

521 5307 686 5372 Quam
739 5307 909 5360 etiam.
970 5306 1092 5358 Min
1131 5306 1376 5374 exempla
1429 5306 1806 5374 particularum
1856 5316 2028 5360 tam...

373 5419 382 5426 .
441 5393 598 5442 quam
624 5378 775 5431 etiam
797 5378 922 5431 dedi
952 5375 1026 5430 ad
1053 5377 1199 5431 Lact.
1243 5377 1279 5430 ι.
1315 5391 1347 5430 v
1376 5378 1530 5442 lnst.,
1560 5393 1609 5431 c.
1643 5376 1750 5440 20,’
1764 5387 1868 5431 tam
1903 5394 2029 5432 con-

442 5456 753 5517 temptum...
780 5465 932 5517 quam
957 5448 1107 5500 etiam
1136 5449 1371 5514 iniurias.
1400 5448 1530 5502 BUN.

556 5520 858 5573 rcdidimus.
885 5519 1010 5581 515.,
1041 5519 1310 5573 credimus.

515 5590 827 5644 Divinitatis.
862 5589 986 5652 Ms.,
1013 5590 1273 5642 divinitas.

509 5661 892 5718 Continebatur.
925 5659 1250 5722 lleumann.,
1278 5661 1581 5716 continetur.

507 5733 786 5804 Sequetttli.
814 5732 868 5788 In
895 5731 1011 5800 Msa,
1037 5732 1283 5802 sequenti.

2059 3017 2106 3088 C

2213 2325 2328 2390 Quo
2357 2323 2560 2392 quidem
2590 2321 2853 2383 divinitas,
2910 2328 3014 2376 etc.
3049 2320 3276 2390 Quidam
3310 2320 3501 2390 legunt
3528 2329 3588 2374 ut
3636 2325 3760 2393 q‘ui-

2141 2397 2256 2450 dem
2286 2396 2562 2466 diviaitas';
2595 2394 2841 2466 nonnulli
2872 2409 2992 2462 quo,
3019 2403 3255 2466 _pro_ut,
3286 2393 3426 2466 sicut
3477 2393 3615 2447 infra
3658 2413 3764 2466 quo

2140 2469 2319 2521 scires.
2346 2465 2584 2520 Pronum
2619 2465 2718 2518 fuit
2745 2479 2867 2518 cum
2897 2463 3114 2518 erudito
3143 2463 3418 2518 'I‘oinardo
3443 2463 3766 2522 exscribere

2137 2553 2203 2592 ex
2259 2539 2512 2599 Eusebio,
2542 2536 2576 2589 Ι.
2616 2550 2672 2598 x,
2704 2550 2752 2589 c.
2811 2535 2844 2588 5
2869 2576 2884 2598 ,
2919 2545 2972 2588 et
2994 2535 3325 2604 Nicephoro,
3360 2535 3395 2587 I.
3429 2551 3525 2596 vn,
3567 2550 3617 2589 c.
3644 2537 3706 2590 41
3743 2555 3760 2591 :

2141 2609 2256 2674 Quo
2283 2607 2532 2678 quidquid
2583 2616 2655 2660 est
2703 2606 2984 2659 divinitatis
3036 2615 3085 2659 et
3130 2607 3207 2678 rei
3259 2604 3497 2670 caelestis,
3528 2607 3672 2659 nobis
3705 2615 3758 2661 et

2137 2682 2386 2734 universis
2414 2681 2502 2748 qui
2531 2679 2623 2732 sub
2653 2678 2868 2741 imperio
2900 2685 3076 2730 nostra
3103 2677 3298 2746 degunt
3327 2679 3611 2740 constituti,
3634 2683 3759 2746 pro-

2140 2753 2322 2819 pitium
2344 2767 2452 2806 esse
2479 2750 2655 2817 possit.
2689 2749 2800 2818 Ego
2829 2757 2887 2800 ut
2913 2763 2944 2802 a
2990 2749 3364 2819 manuscripto
3391 2749 3569 2802 minus
3600 2765 3760 2804 rece-

2137 2817 2284 2887 dam,
2321 2822 2504 2877 leviori
2537 2817 2832 2874 mutatidne
2856 2819 2974 2885 lego
2993 2834 3115 2872 cum
3143 2817 3459 2872 doctissimo
3481 2819 3700 2873 Gricvio
3729 2837 3748 2875 :

2141 2892 2254 2957 Quo
2285 2893 2487 2961 quidem
2513 2891 2752 2943 divinitas
2794 2891 2848 2942 in
2869 2890 2990 2942 sede
3030 2890 3220 2943 caelesti
3251 2889 3416 2952 nobis,
3449 2901 3600 2959 atque
3627 2907 3749 2944 ont-

2138 2964 2284 3024 nibus
2314 2965 2398 3034 qui
2419 2963 2510 3016 sub
2537 2971 2784 3034 potestate
2834 2971 3032 3034 nostra
3054 2971 3175 3034 sunt
3206 2961 3471 3034 constituti
3496 2962 3756 3034 ,_placata

2135 3044 2184 3087 et
2235 3030 2456 3104 propitia
2491 3030 2651 3104 passit
2697 3033 2932 3104 existere.
2969 3031 3240 3104 Almeluv.
3293 3041 3350 3085 et
3380 3030 3640 3102 Sparkius
3673 3033 3758 3088 Ie.

2134 3102 2284 3174 gunt,
2314 3102 2449 3174 quod
2491 3102 2696 3174 quidem
2727 3103 3035 3156 divinitas...
3065 3102 3327 3172 placatum
3359 3112 3406 3156 et
3461 3105 3746 3173 prapitium

2136 3178 2295 3243 possit
2326 3181 2380 3246 cf
2381 3179 2549 3239 ﬁcere.

2208 3243 2458 3301 Consilio.
2485 3247 2626 3311 Lege
2644 3245 2938 3306 consilium,
2966 3245 3140 3300 deleta
3167 3243 3367 3315 virgula
3390 3245 3747 3314 postsalubri,

2139 3335 2203 3376 ex
2229 3320 2419 3374 Grmco
2447 3317 2686 3373 Eusebii.

2211 3391 2448 3443 Dederat.
2484 3390 2557 3442 Ita
2589 3405 2689 3440 ms.
2724 3387 2922 3442 Priscae
2951 3385 3216 3443 editiones
3244 3429 3260 3454 ,
3308 3385 3517 3442 dederet
3549 3404 3567 3442 :
3625 3387 3751 3460 lege

2137 3463 2313 3532 potius
2345 3461 2562 3514 dederit.

2210 3554 2425 3609 Summa
2448 3553 2712 3607 diuinitas.
2737 3553 2843 3608 Nec
2863 3553 3016 3606 aliter
3043 3549 3356 3606 Lactantius
3387 3552 3560 3606 Divin.
3591 3550 3752 3606 Insti-

2137 3635 2238 3679 tut.
2277 3627 2367 3680 lib.
2408 3640 2504 3685 vn,
2531 3640 2652 3693 cap.
2689 3624 2784 3690 26,
2837 3625 2892 3678 in
2951 3623 3176 3692 Epilogo
3218 3623 3284 3676 ad
3331 3621 3751 3678 Constantinum

2137 3698 2266 3766 imp.
2292 3707 2415 3750 ante
2443 3696 2602 3751 tinem
2639 3713 2652 3748 :
2686 3695 2754 3749 Te
2783 3695 3100 3763 providentia
3127 3709 3341 3766 summae
3366 3695 3648 3750 divinitatis
3674 3696 3748 3749 ad

2137 3769 2401 3838 fastigium
2449 3767 2732 3834 principale
2774 3766 3078 3837 provexerit.
3140 3765 3207 3819 Et
3249 3766 3337 3818 lib.
3381 3780 3436 3830 v,
3479 3780 3598 3833 cap.
3631 3767 3746 3822 I0:

2141 3839 2352 3906 Olfensa
2398 3839 2635 3892 divinitas
2675 3839 2862 3892 scelere
2900 3838 3160 3891 hominum
3189 3852 3342 3905 prat‘e
3363 3838 3754 3907 religiosorum,-

2139 3913 2284 3980 gravi
2308 3928 2391 3964 eos
2418 3911 2698 3980 infortunio
2722 3918 2928 3962 mactat.
2959 3907 3026 3980 Et
3053 3923 3210 3980 supra
3231 3949 3245 3970 ,
3295 3907 3576 3980 divinitatis
3608 3923 3751 3961 reuc-

2135 3978 2321 4035 rcntia.
2356 3978 2488 4034 Nota
2517 3981 2848 4046 divinitatem,
2879 3995 2977 4048 pro
2993 3978 3099 4032 Deo
3119 3993 3148 4031 a
3167 3978 3441 4032 Lactantio
3473 3980 3745 4046 usurpari.

2137 4082 2209 4092 —-
2240 4052 2453 4107 Summa
2479 4052 2740 4104 divinitas.
2775 4052 2887 4106 Non
2917 4049 3150 4118 Jupiter,
3177 4059 3234 4102 ut
3261 4049 3480 4118 quidam
3521 4059 3743 4118 putant,

2138 4125 2236 4176 sed
2288 4124 2426 4178 Deus
2480 4137 2722 4177 summus
2778 4113 3064 4177 indicatur.
3115 4113 3490 4190 Confngnrr"
3613 4113 3744 4177 57!.

2139 4195 2296 4259 Sche
2324 4193 2394 4247 ita
2424 4193 2760 4260 Lactantius,
2809 4194 2900 4248 lib.
2927 4209 3000 4253 1v,
3032 4205 3151 4261 cap.
3180 4189 3214 4246 3
3240 4209 3253 4244 :
3286 4189 3539 4244 Divinitas
3564 4232 3580 4254 ,
3630 4207 3750 4257 qua:

2138 4266 2386 4335 gubernat
2413 4265 2548 4318 ltunc
2570 4265 2851 4328 mundum;
2883 4265 2974 4318 lib.
3000 4279 3054 4330 v,
3088 4278 3210 4333 cap.
3239 4263 3305 4316 I0
3328 4279 3339 4313 :
3375 4261 3588 4328 Uﬂ‘ensa
3614 4262 3748 4317 divi-

2139 4338 2294 4400 nitas,
2329 4345 2432 4390 ctc.
2462 4337 2592 4390 BDN.

2061 4409 2116 4469 D
2213 4428 2437 4483 Solitum
2458 4432 2704 4498 favorem.
2737 4427 2834 4482 Ms.
2859 4428 3011 4480 solita
3039 4429 3303 4498 fervorem.

2213 4496 2547 4553 Dicationem.
2577 4499 2632 4553 Id
2660 4508 2774 4562 est,
2815 4496 3179 4566 dignationem.
3241 4496 3403 4559 Vide,
3457 4497 3504 4551 si
3558 4497 3741 4562 lubet,

2137 4570 2324 4641 Cangii
2355 4567 2689 4626 Glossarium
2713 4571 2804 4623 lat.
2837 4569 2992 4639 Apud
3024 4569 3314 4641 Eusebium
3338 4577 3457 4633 est,
3503 4567 3748 4622 Devotio-

2139 4640 2272 4695 nem.
2302 4673 2373 4681 —
2397 4641 2736 4696 Dicationem.
2761 4642 2870 4701 Sic,
2906 4655 3001 4709 pro
3022 4640 3250 4693 aliorqu
3283 4640 3651 4708 dignationem.
3673 4655 3742 4693 ex

2137 4729 2243 4767 ms.
2274 4713 2687 4768 restituendum.
2720 4711 2944 4776 Dicatio,
2969 4710 3142 4779 inquit
3179 4709 3425 4771 Nurrius,
3457 4723 3532 4766 est
3560 4712 3743 4764 titulus

2138 4786 2366 4851 honoris,
2398 4787 2483 4849 qui
2513 4784 2816 4851 prwsulibus
2847 4793 2893 4836 et
2917 4781 3305 4850 proconsulibus
3335 4781 3570 4834 dabatur.
3607 4779 3742 4836 Bos.

2213 4856 2431 4926 Scriptis
2453 4857 2520 4908 ad
2542 4856 2925 4926 o/[tciumrtuum
2949 4854 3100 4906 datis.
3123 4855 3223 4926 Pro
3244 4851 3312 4926 ad
3334 4853 3548 4922 oﬂ'icium
3570 4862 3739 4917 tuum,

2137 4927 2276 4996 apud
2308 4923 2868 4981 cuimlcm'i'juscbitun
2898 4925 3091 4993 legitur
3112 4966 3125 4988 ,
3153 4923 3220 4976 ad
3241 4923 3555 4996 devmionem
3577 4933 3737 4976 tuam.

2211 4999 2381 5065 Super
2426 4998 2821 5050 christianorum
2864 4997 3066 5049 nomine
3114 4995 3437 5060 videbantur,
3468 5011 3603 5047 nunc
3627 5011 3739 5048 vere

2111 5073 2197 5148 ge
2217 5068 2515 5148 simpliciter
2540 5069 2900 5148 unusquisque.
2921 5065 3226 5148 Suppleqda
3249 5074 3304 5119 et
3329 5065 3645 5148 corrigenda
3669 5081 3740 5120 ex

2135 5138 2354 5193 Eusebii
2385 5137 2606 5199 Crmcis,
2631 5135 2722 5192 lib.
2755 5153 2813 5200 κ,
2849 5153 2970 5204 cap.
2995 5138 3030 5192 5
3057 5155 3069 5189 :
3125 5135 3295 5206 Super
3339 5137 3737 5189 christianorum

2134 5212 2338 5263 nomine
2363 5210 2772 5270 continebantur,
2797 5218 2842 5261 et
2861 5225 2975 5275 qua:
2998 5225 3210 5276 prorsus
3238 5209 3400 5270 ιωυω,
3429 5219 3474 5262 et
3496 5225 3528 5259 a
3560 5218 3737 5260 nostra

2134 5281 2396 5334 clementia
2423 5282 2604 5332 aliena?
2629 5297 2738 5332 esse
2765 5280 3082 5343 videbantur,
3115 5295 3188 5332 cm
3215 5277 3498 5341 tollantur;
3529 5290 3575 5332 et
3603 5295 3737 5331 nunc

2133 5353 2289 5406 libere
2307 5367 2367 5404 ac
2395 5351 2695 5419 simpliciter
2744 5352 3110 5420 unusquisque.
3153 5347 3287 5420 Vide
3317 5349 3381 5420 ad
3410 5350 3523 5404 Ilzl‘c
3551 5349 3738 5420 obser-

2133 5425 2401 5548 vaItionem
2445 5415 2599 5478 erud.
2655 5422 2804 5475 Pauli
2853 5415 3067 5477 Bauld'ri
3095 5435 3162 5476 ex
3183 5415 3313 5476 edit.
3348 5418 3730 5491 Ultrajcctina,

2133 5509 2188 5548 in
2217 5509 2295 5548 ra.

2133 5509 2295 5549 πηνα.

2205 5586 2310 5642 Pro
2361 5603 2493 5642 nunc
2541 5604 2652 5642 vere
2691 5587 2830 5658 apud
2872 5586 3164 5643 Eusebium
3195 5593 3279 5642 est
3305 5585 3497 5650 libere;
3528 5584 3580 5640 in
3626 5596 3729 5640 ms.

2131 5675 2267 5712 nunc
2295 5673 2489 5715 cavere.

2208 5728 2383 5786 Ullam
2401 5732 2822 5803 inquietudinem.
2850 5731 2949 5788 Ms.
2975 5730 3145 5785 illam.
