4058 6188
292 182 403 241 269

1459 184 1663 244 LIBER
1705 187 1796 243 DE
1838 183 2048 242 MORT.
2084 184 2468 245 PERSECUT.

3509 188 3617 245 270

303 313 367 354 ac
394 297 707 354 molestiam
732 298 814 355 sui
840 297 1072 370 idipsum
1098 299 1389 356 observare
1411 302 1759 357 contendant.
1777 302 1908 371 Quae
1936 302 1993 364 Α
2017 315 2124 355 non
2154 300 2431 356 hominum
2455 298 2809 372 singulorum,
2825 299 3248 370 pertinentia,ea
3271 301 3451 358 omnia
3475 302 3614 371 lege,

299 386 657 446 sollicitudini
692 401 797 446 tua:
829 392 1143 460 plenissime
1199 391 1551 463 significanda
1581 409 1702 449 esse
1730 394 1909 451 credi-

300 478 510 549 dimus,
546 498 659 559 quo
701 484 868 538 scires
907 498 1008 537 nos
1049 484 1271 539 liberam
1302 492 1462 559 atque
1490 485 1788 541 absolutam
1821 502 1911 541 co-

301 568 476 629 lenda:
528 556 807 645 religionis
854 589 964 630 suae
1001 574 1313 658 facultatem
1368 556 1574 632 hisdem
1606 576 1911 634 Christianis

304 658 541 722 dedisse.
559 654 713 735 Quod
737 683 859 721 cum
890 654 1100 722 hisdem
1127 683 1156 721 a
1180 669 1334 722 nobis
1363 656 1622 723 indultum
1650 684 1768 725 esse
1791 685 1914 739 per-

303 756 509 847 videas,
541 744 791 839 intelligit
807 750 1011 816 Dicatio
1040 770 1152 828 tua,
1171 763 1330 818 etiam
1359 763 1478 817 aliis
1507 763 1778 835 religionis
1802 779 1913 821 sure

302 848 386 906 vel
414 848 777 907 observantia:
810 861 1130 923 potestatem
1157 853 1404 909 similiter
1434 864 1709 925 apertam,
1750 864 1804 910 et
1844 856 1913 910 li-

303 932 492 1000 beram
526 960 626 1015 pro
647 947 828 1016 quiete
856 947 1114 1015 temporis
1143 946 1311 1002 nostri
1338 961 1457 1002 esse
1485 962 1829 1013 concessam;
1859 957 1917 1004 ιιι

304 1037 356 1092 in
384 1037 617 1093 colendo
645 1037 788 1108 quod
821 1038 1044 1109 quisque
1072 1037 1331 1109 delegerit
1373 1038 1566 1093 habeat
1593 1038 1815 1094 liberam
1848 1037 1917 1093 fa-

305 1127 727 1199 cultatem,quia
762 1114 1039 1199 (nolumus
1066 1128 1301 1200 detrahi)
1334 1128 1562 1194 honori,
1594 1144 1770 1198 neque
1796 1130 1913 1182 cui-

305 1235 468 1290 quam
501 1219 747 1289 religioni
780 1219 981 1290 aliquid
1010 1235 1037 1273 a
1066 1220 1241 1275 nobis.
1274 1221 1448 1290 Atque
1480 1219 1582 1274 hoc
1610 1220 1830 1289 insuper
1861 1220 1913 1273 in

306 1328 543 1385 persona
587 1312 1008 1369 christianornm
1057 1313 1403 1369 statuendum
1433 1328 1553 1368 esse
1579 1314 1913 1381 censuimus,

305 1404 451 1477 quod
478 1405 526 1459 si
556 1403 747 1460 eadem
774 1404 916 1470 loca,
945 1404 1014 1459 ad
1042 1420 1162 1475 quae
1185 1414 1342 1460 antea
1374 1406 1665 1461 convenire
1689 1419 1917 1460 consue-

305 1508 522 1563 verant,
556 1496 623 1552 de
650 1497 846 1568 quibus
878 1495 1038 1551 etiam
1066 1497 1205 1551 datis
1234 1497 1300 1551 ad
1329 1497 1566 1552 officium
1596 1506 1744 1552 tuum
1776 1498 1919 1551 litte-

304 1578 385 1643 ris
412 1600 560 1643 certa
591 1587 819 1669 antehac
846 1588 1015 1643 forma
1060 1587 1236 1643 fuerat
1286 1591 1706 1659 comprehensa,
1738 1589 1918 1659 priore

2013 408 2116 463 qua
2145 392 2396 463 superius
2416 434 2432 460 ,
2461 390 3004 462 comprehendimus,
3036 394 3170 449 citra
3204 394 3366 449 ullam
3394 408 3618 465 prorsus

2013 486 2415 557 ambiguitatem
2437 485 2524 541 vel
2554 487 2979 542 controversiam
3020 486 3226 543 hisdem
3266 486 3618 551 citristianis,

2013 578 2067 635 id
2088 589 2171 636 est
2194 620 2211 646 ,
2241 580 2454 651 corpori
2495 589 2550 636 et
2576 580 2963 635 conventiculis
2993 594 3182 636 eorum
3212 580 3362 636 reddi
3382 580 3619 649 jubebis,

2014 673 2320 742 supradicta
2367 673 2570 728 scilicet
2615 673 2826 729 ratione
2867 681 3115 739 servata,
3170 681 3229 727 ut
3258 672 3407 742 iiqui
3433 671 3621 726 eadem

2016 764 2133 819 sine
2158 764 2354 833 pretio,
2384 764 2526 818 sicut
2549 762 2804 829 diximus,
2827 763 3184 826 restituerint,
3209 762 3621 818 indemnitateni

2015 856 2085 911 de
2115 866 2296 912 nostra
2328 856 2700 912 benevolentia
2747 867 2988 927 sperent.
3030 856 3089 911 In
3131 857 3330 927 quibus
3369 855 3624 912 omnibus

2016 950 2327 1020 supradicto
2399 951 2612 1021 corpori
2680 948 3101 1007 christianorum
3174 951 3627 1007 intercessionem

2016 1051 2164 1099 tuam
2190 1043 2622 1099 efficacissimam
2644 1043 2903 1100 exhibere
2934 1043 3157 1100 debebis
3178 1085 3193 1112 ,
3218 1053 3278 1099 ut
3302 1050 3629 1114 praeceptum

2017 1146 2262 1192 nostrum
2301 1138 2619 1206 quantocius
2667 1136 3031 1206 compleatur,
3080 1149 3189 1207 quo
3235 1136 3399 1190 etiam
3433 1139 3484 1189 in
3523 1133 3661 1191 hoc.

2019 1245 2118 1300 per
2146 1229 2490 1284 clementiam
2532 1238 2783 1283 'nostram
2833 1228 3002 1298 quieti
3031 1227 3259 1299 publica:
3289 1227 3626 1282 consulatur.

2021 1322 2293 1376 Hactenus
2320 1320 2432 1386 fiet,
2457 1320 2685 1375 utsicut
2727 1320 2977 1389 superius
3026 1320 3463 1390 conprehensum
3512 1327 3631 1383 est,

2020 1413 2238 1469 divinus
2259 1412 2410 1483 juxta
2454 1427 2552 1467 nos
2580 1412 2751 1480 favor,
2781 1413 2949 1483 quem’
2974 1415 3028 1468 in
3062 1415 3226 1467 tantis
3252 1426 3442 1466 sumus
3470 1411 3634 1465 rebus

2021 1506 2256 1575 experti,
2288 1520 2386 1575 per
2415 1518 2576 1560 omne
2600 1512 2814 1573 tempus
2839 1517 3102 1574 prospere
3130 1502 3476 1558 successibus
3504 1516 3635 1557 nos-

2020 1595 2118 1650 tris
2144 1609 2265 1650 cum
2304 1593 2636 1650 beatitudine
2691 1602 2875 1647 nostra
2927 1593 3135 1661 publica
3184 1600 3519 1662 perseveret.
3562 1590 3636 1646 Ut

307 1668 559 1752 iempore
592 1680 758 1752 aliqui
786 1681 868 1735 vel
897 1696 926 1735 a
958 1681 1093 1737 ﬁsco
1120 1690 1306 1737 nostro
1333 1722 1349 1748 ,
1397 1681 1481 1736 vel
1532 1682 1599 1737 ab
1627 1682 1734 1736 alio
1776 1697 1912 1753 quo-
1946 1683 1996 1744 B
2023 1697 2202 1744 autem
2231 1686 2392 1758 hujus
2418 1686 2709 1742 sanctionis
2724 1684 3114 1741 benevolentiae
3141 1697 3341 1740 nostra:
3366 1683 3540 1739 forma
3565 1683 3635 1738 ad

307 1789 548 1845 cumque
564 1773 819 1829 videntur
844 1789 964 1830 esse
993 1776 1238 1839 mercati,
1258 1774 1446 1830 eadem
1469 1774 1779 1830 Christianis
1804 1775 1923 1831 sine

380 1870 566 1934 eunia,
600 1878 655 1924 et
680 1868 798 1924 sine
822 1868 928 1923 ulla
956 1868 1115 1941 pretii
1148 1867 1428 1939 petitione,
1453 1868 1750 1940 postposita
1777 1868 1927 1924 omni

380 1885 566 1934 eunia,
600 1885 655 1924 et
680 1885 798 1924 sme
822 1885 928 1923 uua
956 1885 1115 1941 pretn
1148 1885 1428 1939 petitione,
1453 1885 1750 1940 postposita
1777 1885 1927 1924 omnt

304 1885 667 2017 ii'itStratione
722 1969 884 2036 atque
935 1959 1288 2032 ambiguitate
1313 2002 1328 2027 ,
1382 1962 1758 2016 restituantur.
1824 1958 1927 2027 Qui

306 2054 478 2109 etiam
500 2053 648 2109 dono
675 2052 893 2109 fuerunt
917 2052 1215 2118 consecuti,
1232 2052 1422 2109 eadem
1445 2048 1695 2108 similiter
1717 2044 1928 2108 hisdem

310 2142 637 2203 ehristianis
705 2147 1026 2218 quantocius
1073 2145 1347 2202 reddant:
1397 2145 1561 2201 etiam
1603 2145 1688 2201 vel
1733 2144 1785 2199 hi
1832 2145 1926 2215 qui

306 2244 589 2304 emerunt,
610 2239 699 2295 vel
718 2239 807 2310 qui
829 2238 975 2294 dono
997 2237 1213 2295 fuerunt
1229 2240 1505 2296 consecuti
1524 2279 1541 2307 ,
1563 2238 1608 2294 si
1637 2237 1925 2310 petiverint

306 2334 383 2391 de
415 2343 603 2389 nostra
634 2333 1005 2389 benevolentia
1032 2333 1235 2403 aliquid
1256 2375 1273 2401 ,
1305 2330 1580 2389 Vicarium
1612 2331 1919 2407 postulent,

308 2440 429 2496 quo
448 2434 505 2481 et
530 2422 663 2496 ipsis
681 2438 780 2496 per
810 2433 1046 2481 nostram
1076 2425 1415 2481 clementiam
1440 2418 1770 2480 consulatur.
1791 2424 1924 2495 Quae

306 2514 501 2572 omnia
550 2516 765 2588 corpori
819 2516 1234 2574 Christianorum
1265 2519 1509 2587 protinus
1537 2532 1633 2589 per
1659 2518 1929 2576 interces-

310 2613 534 2668 sionem
562 2619 728 2680 tuam,
755 2626 820 2667 ac
848 2611 965 2667 sine
992 2627 1141 2667 mora
1174 2612 1312 2666 tradi
1338 2611 1626 2682 Oportebit.
1678 2613 1743 2667 Et
1788 2628 1924 2684 quo-

310 2707 469 2761 niam
522 2705 684 2762 iidem
736 2705 1015 2761 christiani
1068 2720 1174 2760 non
1204 2704 1264 2761 ea
1293 2705 1409 2762 loca
1442 2714 1678 2772 tantum,
1716 2702 1784 2760 ad
1814 2720 1933 2775 quae

310 2797 621 2854 convenire
648 2807 1072 2865 consueverunt,
1100 2788 1195 2853 sed
1216 2796 1322 2853 alia
1344 2798 1507 2854 etiam
1531 2796 1786 2875 habuisse
1812 2811 1939 2851 nos-

311 2890 539 2958 cuntur,
569 2889 639 2946 ad
671 2890 763 2961 jus
784 2890 1030 2961 corporis
1058 2903 1277 2956 eorum,
1304 2888 1357 2943 id
1382 2896 1497 2955 est,
1531 2887 1897 2945 Ecclesiarum
1915 2928 1931 2956 ,
1960 2875 2007 2939 C
2039 2880 2194 2954 petiit
2242 2895 2256 2931 :

2024 1778 2267 1834 omnium
2303 1777 2471 1847 possit
2498 1776 2781 1853 pervenire
2809 1776 3078 1841 notitiam,
3109 1775 3316 1846 perlata
3349 1789 3632 1845 program-

2026 1879 2172 1925 mate
2198 1878 2290 1923 tuo
2318 1867 2433 1923 haec
2455 1869 2656 1937 scripta
2680 1877 2735 1922 et
2760 1862 2961 1938 ubique
2983 1881 3289 1938 proponere
3305 1907 3322 1931 ,
3347 1875 3403 1921 et
3424 1866 3493 1921 ad
3521 1880 3639 1921 om-

2028 1961 2177 2015 nium
2208 1959 2487 2015 scientiam
2511 1968 2563 2014 te
2586 1958 2828 2029 perferre
2850 1958 3158 2022 conveniet,
3190 1967 3247 2014 ut
3280 1957 3441 2025 hujus
3472 1957 3636 2014 bene-

2031 2052 2281 2108 volentim
2310 2060 2508 2107 nostra:
2536 2050 2744 2107 sanctio
2765 2052 2933 2108 latere
2960 2067 3065 2107 non
3097 2052 3285 2123 pussit.
3325 2072 3343 2105 ι

2047 2124 2057 2139 “
2111 2144 2208 2201 llis
2234 2143 2430 2200 litteris
2454 2144 2767 2215 pr0positis,
2795 2145 2958 2201 etiam
2986 2146 3153 2201 verbo
3182 2145 3427 2203 hortatus
3450 2155 3556 2212 est,
3587 2158 3647 2202 ut

2028 2235 2409 2292 conventicula
2432 2236 2484 2290 in
2516 2244 2716 2291 statum
2745 2236 3027 2307 pristinum
3053 2236 3426 2294 redderentur.
3453 2238 3543 2295 Sic
3570 2238 3640 2293 ab

2029 2344 2219 2387 eversa
2252 2328 2492 2384 Ecclesia
2523 2344 2695 2400 usque
2722 2329 2787 2383 ad
2818 2331 3120 2386 restitutam
3152 2326 3369 2387 fuerunt
3397 2331 3524 2388 anni
3546 2329 3642 2388 de-

2030 2438 2174 2492 cem,
2206 2438 2420 2480 menses
2448 2424 2568 2495 plus
2587 2424 2765 2479 minus
2793 2435 3045 2494 quatuor.

2744 2546 2929 2614 thx.
3020 2528 3027 2534 ’
3106 2616 3116 2627 ,

2110 2690 2366 2762 Sequenti
2412 2698 2590 2746 autem
2638 2688 2849 2745 Licinio
2890 2705 3012 2745 cum
3046 2689 3290 2747 exercitu
3321 2701 3634 2763 tyrannum,

2042 2786 2300 2858 profugus
2329 2786 2625 2853 concessit,
2658 2793 2714 2840 et
2739 2798 2927 2839 rursus
2953 2784 3115 2840 Tauri
3138 2786 3336 2842 montis
3357 2789 3636 2860 angustias

2302 2878 2653 2933 munimentis
2691 2876 2895 2933 ibidem
2940 2891 3004 2933 ac
3058 2877 3298 2935 turribus
3347 2878 3641 2951 fabricatis,

1671 3016 2037 3078 VARIOHUM
2076 3012 2309 3074 NOTAE.

397 3138 728 3197 Plenissime.
759 3136 817 3196 ln
849 3147 951 3195 ms.
982 3139 1297 3207 plenissima.

403 3211 641 3267 Hisdem.
664 3212 722 3269 In
744 3227 847 3267 ms.
877 3211 1058 3266 isdem.

294 3286 303 3295 ‘
402 3284 611 3338 Dicatio
639 3293 746 3338 tua.
776 3283 945 3353 Apud
964 3282 1273 3347 Eusebium,
1298 3282 1496 3336 devotio
1523 3289 1633 3353 tua.

403 3352 474 3409 Ut
492 3356 549 3427 in
567 3353 778 3427 colendo
808 3348 1184 3427 duodquisgue
1204 3353 1465 3427 delegerit.
1516 3348 1775 3427 Sic__lego
1812 3366 1935 3427 cum

314 3426 648 3483 doctissimo
675 3421 909 3490 Grzevio,
943 3421 1047 3480 levi
1079 3421 1212 3480 facta
1245 3421 1564 3479 mutatione.
1617 3421 1728 3490 Ms.
1748 3421 1934 3489 habet,

315 3506 380 3552 ιι
413 3499 465 3549 in
490 3496 705 3551 colenda
732 3495 868 3567 quod
892 3488 1104 3568 quisque
1119 3494 1369 3569 diligeret,
1398 3494 1580 3550 habeat
1607 3488 1821 3549 liberam
1849 3488 1936 3565 fa?-

315 3569 590 3621 cssltatem.
622 3568 729 3621 aui.

314 3569 590 3632 cuiatem,
622 3569 729 3632 qui.

409 3585 415 3619 ξ
557 3585 571 3620 ι
715 3609 729 3623 .

409 3585 555 3705 alii:
576 3585 837 3708 ,nliilitmus
885 3636 1107 3693 detrahi.
1155 3636 1215 3691 In
1256 3653 1358 3691 ms.
1388 3647 1471 3693 est
1496 3636 1607 3708 qui,
1639 3636 1796 3705 cujus
1823 3636 1939 3692 vice

320 3712 487 3783 posui
519 3706 663 3780 quia,
693 3720 747 3783 et
766 3710 872 3765 duo
901 3710 1211 3783 verbaquae
1234 3709 1450 3775 desunt,
1473 3706 1541 3764 ex
1562 3707 1797 3763 Eusebio
1811 3721 1940 3776 sup-

321 3778 604 3854 pieviper
627 3778 862 3854 nolumus
884 3778 1123 3833 detrahi.‘
1237 3851 1276 3854 __
1383 3850 1430 3854 Η
1514 3802 1537 3854 _'
1604 3849 1616 3854 Α
1677 3850 1688 3854 Δ
1891 3831 1897 3837 .

397 3852 473 3906 In
508 3849 760 3921 persona.
806 3851 1106 3907 Heumann.
1141 3867 1208 3907 ex
1237 3850 1470 3906 Eusebio
1513 3849 1643 3922 legit
1669 3850 1725 3904 in
1754 3864 1932 3920 perso-

321 3941 474 3981 nam.

397 3993 635 4053 Eadem.
667 3992 885 4060 Eorum,
907 3992 1060 4063 juxta
1088 3992 1482 4048 ileutnannum.

401 4064 495 4120 Αα
516 4078 632 4131 qua
656 4076 823 4118 antea.
850 4064 906 4136 [η
930 4079 1039 4136 ηις.
1060 4065 1130 4118 ad
1150 4080 1262 4134 quae
1288 4081 1340 4136 q.
1365 4074 1535 4118 antea.

404 4137 811 4206 Consueverant.
842 4134 1048 4192 Tollius
1070 4137 1221 4206 legit,
1243 4134 1631 4206 consueverunt.

403 4206 611 4277 Aliqui.
636 4205 709 4277 ita
740 4207 950 4263 restitui
982 4218 1049 4263 ex
1067 4224 1171 4262 ms.
1202 4207 1359 4277 Apud
1386 4205 1697 4277 Eusebium
1738 4213 1858 4272 est,
1897 4205 1943 4259 si

322 4270 597 4355 qui‘nu'ta
616 4270 736 4346 fisco
757 4288 950 4355 nostra.
976 4277 1175 4355 Omnes
1205 4270 1340 4355 editi
1364 4274 1553 4355 “ferunt
1586 4275 1805 4355 aliquid.

405 4344 794 4403 Restituuntur.
825 4346 914 4405 Sic
937 4364 1035 4403 ms.
1065 4348 1234 4403 Prisci
1258 4346 1386 4403 editi
1418 4344 1618 4402 habent
1652 4344 1938 4402 restituant.

403 4420 672 4478 Fuerunt.
703 4414 845 4491 Lege
862 4418 1080 4491 fuerint,
1107 4436 1170 4491 ev
1194 4418 1385 4475 Graeco
1412 4418 1645 4474 Eusebii.

403 4489 929 4574 geno‘fueruntalta
960 4506 1061 4573 ms.
1093 4489 1425 4574 donaverunt.

409 4563 481 4618 Si
514 4558 794 4631 potiuerint.
837 4561 913 4617 lta
941 4562 1225 4631 scripsisse
1252 4561 1585 4616 Lactantium
1614 4575 1680 4614 ex
1711 4558 1947 4615 Eusebio

327 4650 445 4708 pro
473 4630 632 4688 certo
656 4633 852 4700 habeo,
885 4650 990 4688 non
1019 4630 1313 4708 putiverint,
1352 4632 1494 4707 quod
1523 4644 1606 4687 est
1638 4634 1689 4684 in
1715 4645 1950 4708 atauus—

327 4704 536 4775 Eripto
554 4714 827 4775 corrupte,
852 4719 914 4760 ac
946 4706 1150 4758 nullum
1182 4704 1399 4760 sensum
1430 4710 1672 4775 praestat.
1714 4704 1778 4755 Et
1822 4716 1947 4775 mox

329 4771 497 4851 idern
547 4772 843 4851 Eusebius,
883 4776 1199 4851 npoaﬂgmat
1219 4783 1291 4849 τῷ
1314 4776 1399 4831 ἐπὶ
1420 4771 1585 4851 iam
1605 4772 1854 4851 ’ξὶςπᾲρχῳ
1875 4771 1950 4829 δι·

330 4850 582 4914 κάξοντι,
599 4844 781 4918 adeant
808 4842 1037 4918 locorum
1058 4842 1363 4918 Pgnfectjum
1389 4847 1474 4918 qui
1490 4846 1584 4918 jus
1608 4842 1750 4898 dicit}
1769 4842 1953 4918 itaque

333 4918 434 4998 hic
488 4916 771 4998 legendum
822 4915 1060 4998 profecto
1104 4914 1550 4997 Vicariumper'l’
1573 4914 1952 4985 majusculutn.

332 4988 401 5047 In
426 4988 612 5060 editis
626 4994 707 5042 est
725 4989 1029 5058 putaverint,
1054 4994 1326 5060 corrupte.

428 5054 699 5131 Vicarittm
725 5054 998 5131 postulent.
1049 5059 1105 5116 id
1142 5054 1262 5127 est',
1310 5057 1381 5131 ad
1424 5054 1683 5131 Vt'carium
1722 5064 1957 5131 nostrum

336 5142 497 5194 eant,
530 5144 591 5184 ex
618 5122 805 5200 ϐιῆςιὲοο
834 5122 1073 5186 Eusebii.
1099 5132 1200 5186 Alii
1233 5122 1420 5200 putant
1440 5122 1721 5200 legendum
1751 5140 1891 5191 esse,
1914 5126 1958 5179 si

334 5200 627 5292 petiverint
656 5199 922 5292 defiat-ra
949 5199 1293 5292 benet't’alerttia
1316 5199 1512 5292 aliquid
1538 5199 1804 5280 vicarium,
1835 5213 1957 5292 Eos-

337 5266 663 5341 iulent,quo
684 5266 907 5342 egt‘ipsis.
927 5282 1032 5328 etc.
1077 5272 1356 5342 Vicarium,
1380 5266 1430 5326 id
1461 5282 1697 5337 eSt,rem
1717 5266 1959 5342 ejusdem

681 5334 944 5425 vicarium
973 5344 1246 5425 postulent.
1276 5334 1506 5425 .Diasius
1551 5334 1711 5425 atque
1750 5334 1960 5425 Tollius

340 5411 559 5485 aliquid
582 5411 981 5480 vicarium,rem
1001 5413 1251 5469 vicariam
1276 5416 1600 5483 intelligunt.
1629 5428 1722 5485 pro
1745 5411 1966 5485 restitu-
2046 5412 2057 5417 ’

342 5481 545 5550 tione;
572 5494 628 5540 et
637 5488 751 5557 _istje
780 5485 941 5557 etiam
964 5487 1261 5556 Optaverim,
1294 5501 1391 5557 pro
1419 5481 1728 5557 putaverint.
1770 5481 1842 5535 At
1862 5482 1967 5536 Cu-

340 5564 528 5629 perus
554 5565 608 5611 et
634 5555 1165 5629 BaluziusVicarium
1199 5555 1488 5627 provinciae
1508 5556 1961 5629 interpretantur,

341 5624 550 5699 italum
570 5642 635 5699 ex
663 5626 872 5698 imperii
901 5627 1085 5686 notitia
1116 5624 1501 5699 magistratum.
1529 5624 1709 5682 CELL.

428 5694 578 5765 Qua.
605 5694 665 5755 In
689 5694 822 5768 ms,
850 5714 938 5756 co.

1970 4381 2026 4443 D

2114 3133 2349 3204 Corpori.
2372 3131 2439 3204 id
2460 3140 2563 3204 est.
2592 3132 2842 3188 societati.

2117 3203 2306 3260 Iidem.
2334 3203 2456 3271 Ms.,
2487 3203 2642 3258 idem.

2115 3276 2241 3333 Non
2268 3292 2330 3331 ea
2353 3274 2484 3330 loca.
2518 3274 2645 3339 Mm,
2677 3272 2801 3330 Non
2829 3276 2884 3330 in
2912 3292 2973 3331 ea
2993 3277 3126 3331 loca.
3164 3282 3165 3287 ‘

2114 3348 2513 3420 Consueverunt.
2539 3344 2634 3400 Ms.
2656 3388 2673 3413 ,
2701 3358 3043 3415 consuerunt;
3080 3348 3218 3404 sicut
3241 3350 3301 3405 n°
3329 3352 3383 3420 7,
3432 3366 3646 3408 consue-

2042 3430 2179 3473 rant.
2209 3419 2493 3474 Hennam.

2119 3490 2235 3557 Qua
2258 3489 2533 3561 ruperius,
2574 3489 3068 3561 comprehendimus.
3103 3490 3196 3546 Vel
3219 3492 3369 3561 juxta
3397 3495 3645 3551 Gratcum

2046 3560 2287 3640 Eu_s_e_bi_i,
2317 3559 2449 3640 sicut
2478 3560 2712 3640 superius
2732 3560 3151 3629 comprehensum
3181 3559 3277 3617 est.
3306 3562 3587 3621 Heumann.

2119 3631 2355 3686 Hisdem.
2387 3628 2509 3693 Ms.,
2532 3628 2685 3683 idem.

2114 3698 2466 3755 Restituerint.
2490 3699 2615 3762 bis,
2648 3700 2937 3754 restituant.
3704 3756 3707 3759 η

2117 3770 2186 3827 In
2212 3772 2457 3826 tantis....
2499 3770 2667 3825 rebus.
2701 3768 2756 3825 Id
2781 3780 2885 3837 est,
2908 3771 2962 3826 in
2995 3776 3101 3826 tam
3123 3772 3326 3829 multis.
3361 3774 3558 3832 Euseb.
3594 3779 3643 3832 ἐν

2042 3844 2264 3904 πολλοῖς.
2289 3843 2423 3897 BUN.

2123 3913 2350 3988 Perfata.
2376 3913 2439 3988 In
2466 3911 2593 3988 bis,
2622 3908 2821 3988 P'lata,
2848 3912 2992 3988 quod
3022 3923 3103 3969 est
3134 3916 3352 3983 perlata,
3384 3933 3489 3973 non
3520 3936 3640 3988 pro-

2050 3988 2176 4052 lata,
2209 3987 2336 4059 utin
2359 3984 2547 4059 editis;
2581 3998 2673 4051 pro
2694 3983 2839 4039 enim
2863 3983 2917 4059 in
2947 3984 3050 4039 hoc
3070 4001 3172 4040 ms.
3202 3983 3530 4056 exprimitur
3550 4006 3645 4059 per

2049 4077 2104 4128 ν,
2134 4072 2257 4113 cum
2285 4056 2480 4112 lineola
2508 4063 2814 4111 transversa
2845 4056 2913 4110 ad
2946 4066 3152 4127 partem
3202 4059 3513 4116 inferiorem
3551 4056 3645 4115 iit-

2050 4139 2202 4185 terte.

2122 4199 2298 4254 Ad....
2317 4198 2578 4253 scientiam
2599 4197 2843 4270 perferre.
2864 4196 3027 4270 Plin.,
3059 4197 3151 4270 lib.
3179 4212 3236 4263 κ,
3260 4214 3347 4270 ep.
3380 4202 3448 4256 15
3477 4217 3491 4256 :
3522 4201 3647 4255 Htcc

2049 4268 2105 4325 its
2127 4271 2359 4333 notitiam
2392 4280 2534 4340 tua_m
2566 4268 2790 4340 perferre
2817 4284 2919 4320 non
2947 4268 3251 4340 existimavi.
3293 4268 3607 4340 ‘Cyprianus
3626 4315 3641 4340 ,

2051 4343 2146 4398 lib.
2173 4358 2212 4405 ι,
2239 4354 2326 4410 ep.
2353 4342 2389 4395 5
2416 4357 2429 4392 :
2464 4337 2783 4410 In_notit_iam
2812 4347 2954 4410 Luam
2979 4339 3300 4409 perferenda.
3332 4337 3466 4395 Bun.

2126 4406 2376 4467 Hortalus
2400 4419 2492 4464 est.
2522 4407 2777 4462 Licinius.
2801 4406 2894 4462 Est
2921 4406 3079 4463 deest
3108 4410 3160 4463 in
3181 4425 3283 4466 ms.

2122 4482 2211 4537 In.
2242 4484 2401 4537 Deest
2428 4480 2480 4534 in
2507 4491 2608 4533 ms.

2124 4553 2258 4608 Anni
2286 4551 2479 4613 decem,
2502 4560 2607 4605 etc.
2631 4548 2688 4603 Id
2709 4556 2815 4615 est,
2837 4562 2868 4602 a
2895 4547 3173 4614 Kalendis,
3203 4565 3298 4607 seu
3324 4552 3412 4608 die
3433 4566 3451 4607 ι
3471 4553 3643 4608 Martii

2053 4628 2177 4680 anni
2208 4623 2335 4689 505,
2362 4621 2430 4677 ad
2456 4621 2597 4678 diem
2624 4621 2693 4675 l3
2720 4619 2922 4675 mensis
2937 4618 3081 4694 Junii
3100 4621 3227 4694 5l73.
3267 4622 3403 4679 Sunt
3423 4625 3647 4694 proinde

2055 4698 2181 4751 anni
2212 4694 2427 4761 decem,
2456 4706 2673 4748 menses
2698 4699 2812 4747 tres
2838 4701 2891 4746 et
2921 4691 3036 4747 dies
3065 4693 3344 4749 tredecim.

2130 4766 2394 4838 Sequenti,
2427 4775 2543 4838 etc._
2661 4763 3118 4838 perrumpentibus.
3187 4767 3429 4831 Quatuor
3454 4766 3553 4838 has
3579 4768 3645 4819 li-

2057 4854 2190 4895 neas
2217 4834 2294 4892 sic
2341 4836 2468 4906 legit
2500 4834 2849 4906 [teumannus
2884 4834 3204 4906 :Asequente
3244 4846 3414 4890 autent
3451 4835 3651 4892 Licinio

2059 4926 2174 4963 cunt
2200 4902 2423 4977 exercitu
2450 4946 2465 4965 .
2501 4904 2775 4977 Tyrannus
2802 4902 3122 4977 Maximinus
3151 4907 3397 4977 profugus
3424 4910 3649 4973 recessit,

2059 4990 2107 5037 et
2134 4996 2313 5035 rursus
2360 4976 2519 5031 Tauri
2566 4976 2755 5029 montis
2801 4975 3065 5045 angustias
3109 4977 3273 5045 petiit,
3308 4975 3651 5033 inanimentis

2060 5050 2246 5105 ibidem
2268 5066 2328 5103 ac
2356 5046 2578 5102 turribus
2611 5044 2871 5113 fabricatis
2899 5045 2997 5098 iter
3023 5044 3280 5101 obstruere
3314 5061 3528 5103 conatus
3555 5063 3651 5104 est.

2064 5122 2170 5177 Sed
2192 5121 2414 5189 undique
2435 5133 2632 5172 versum
2666 5115 3115 5189 perruntpentibus
3155 5120 3328 5173 omnia
3367 5121 3652 5184 victoribus,

2063 5201 2168 5248 etc.
2221 5186 2386 5261 Igitur
2423 5205 2487 5244 ex
2529 5186 2804 5242 vocabulis
2855 5186 2983 5261 inde
3000 5187 3325 5261 dextrorsum
3363 5191 3488 5246 facit
3518 5193 3656 5246 lieu-

2064 5257 2293 5320 mannus
2322 5261 2788 5330 undiqueuersum.
2837 5273 2940 5330 qua
2972 5257 3239 5316 locutione
3264 5276 3389 5316 usus
3418 5272 3502 5318 est
3522 5261 3655 5318 Lac-

2069 5335 2269 5390 tantius
2299 5329 2483 5401 supra,
2515 5344 2662 5401 num.
2690 5329 2781 5401 54,
2805 5329 2873 5382 ad
2905 5330 3096 5383 ﬁnem.‘

2140 5399 2461 5477 Tyrannum.
2483 5399 2872 5477 _h_laxim_ittum.

2143 5470 2422 5531 concessit.
2483 5472 2538 5527 Id
2564 5480 2666 5536 est,
2697 5471 2817 5525 loco
2851 5470 3049 5539 cessit,
3092 5473 3177 5529 vel
3201 5473 3449 5531 abeundo
3484 5475 3657 5531 locum

2071 5549 2146 5604 illi
2175 5548 2341 5603 dedit.

2145 5618 2322 5674 Pctiit.
2377 5616 2453 5673 Ita
2480 5622 2648 5671 recte.
2700 5609 2825 5680 ιιι,
2857 5613 3000 5683 petit,
3030 5614 3196 5670 male.

2147 5688 2498 5748 ΙΙυηὶΜὼ.
2553 5683 2616 5742 In
2642 5698 2774 5754 ms.,
2796 5684 3157 5741 monumentis.
