4058 6188
266 335 374 395 275

1408 340 1613 402 LIBER
1653 345 1742 402 DE
1778 345 1989 404 MORT.
2034 349 2414 408 PERSECUT.

3466 362 3573 419 274

265 468 384 525 gam
409 450 653 525 quidem,
687 467 825 549 cum
856 453 961 512 sibi
990 452 1195 549 videret
1218 470 1341 549 esse
1363 459 1723 528 pereundum,
1753 460 1867 516 fue-
1892 462 1945 522 Α
1973 475 2160 531 poenas
2181 463 2349 519 dedit.
2384 465 2566 522 Ductae
2587 467 2748 537 igitur
2769 469 3023 526 mulieres
3043 485 3166 528 cum
3191 475 3393 548 ingenti
3414 491 3573 549 spec-

267 555 349 600 rat
377 560 545 600 ausus
584 545 870 612 occidere;
911 548 1037 602 item
1080 547 1497 615 Candidianum,
1519 566 1681 619 quem
1713 551 1873 607 Vale-

266 637 346 691 ria
374 651 442 691 ex
472 638 775 694 concubina
804 638 1044 709 genitum
1072 640 1142 694 ob
1184 635 1528 697 sterilitatem
1578 643 1872 713 adoptave-

266 738 383 795 rat,
431 730 613 784 necari
654 730 836 801 jussit.
905 730 1094 787 Mulier
1135 742 1348 799 tamen,
1404 743 1462 788 ut
1509 749 1631 789 eum
1675 735 1874 791 vixisse

264 822 546 892 cognovit,
596 831 803 878 mutato
831 822 1042 890 habitu,
1088 824 1367 881 comitatui
1399 825 1517 897 ejus
1544 841 1604 883 se
1632 826 1873 894 miscuit,

266 925 326 969 ut
347 915 621 971 fortunam
653 915 971 972 Candidiani
992 917 1400 989 specularetur;
1431 919 1522 988 qui
1553 918 1678 989 quia
1709 918 1873 975 Nico-

266 1007 466 1063 media:
498 1022 558 1062 se
579 1007 872 1075 obtulerat,
914 1016 972 1065 et
1000 1009 1054 1064 in
1100 1009 1309 1064 honore
1347 1008 1539 1065 haberi
1569 1009 1873 1079 videbatur,

263 1101 403 1157 nihil
445 1103 557 1157 tale
598 1110 884 1168 metuens,
926 1103 1140 1159 occisus
1187 1111 1289 1158 est.
1336 1101 1409 1157 Et
1435 1102 1548 1166 illa,
1581 1101 1731 1158 exitu
1758 1103 1877 1173 ejus

262 1196 477 1260 audito.
521 1196 767 1267 protinus
809 1195 965 1268 fugit.
1038 1196 1183 1252 Idem
1212 1195 1399 1252 Severi
1430 1195 1598 1252 filium
1620 1196 1875 1252 Severia-

265 1305 422 1355 num,
442 1288 558 1360 jam
582 1298 741 1345 aetate
762 1288 1066 1354 robustum,
1097 1289 1188 1359 qui
1211 1287 1504 1360 fugientem
1525 1288 1876 1343 Maximinum

264 1379 447 1437 fuerat
493 1394 559 1435 ex
597 1379 713 1435 acie
737 1390 1033 1450 sequutus,
1076 1386 1347 1451 tamquam
1387 1387 1509 1449 post
1531 1379 1737 1434 obitum
1759 1377 1876 1449 ejus

262 1471 336 1529 de
380 1470 642 1528 sumenda
685 1486 924 1541 purpura
967 1472 1281 1543 cogitasset,
1333 1470 1551 1540 capitali
1591 1470 1877 1527 sententia:

264 1564 574 1635 subjectum
608 1564 902 1620 interemit.
962 1563 1065 1632 Qui
1106 1577 1296 1619 omnes
1333 1562 1594 1618 Licinium
1621 1563 1731 1632 jam
1764 1563 1877 1634 pri-

266 1657 421 1719 dem,
466 1656 623 1726 quasi
663 1656 866 1711 malum
897 1664 1224 1721 metuentes,
1265 1670 1387 1711 cum
1426 1654 1717 1710 Maximino
1757 1668 1879 1712 esse

272 1751 603 1816 maluerant,
651 1758 847 1819 praeter
884 1750 1178 1817 Valeriam,
1231 1765 1353 1821 qua:
1373 1750 1559 1805 volens
1585 1748 1793 1804 Licinio
1823 1749 1878 1805 in

1973 554 2151 609 taculo
2178 563 2233 610 et
2258 555 2607 613 miseratione
2635 560 2767 614 tanti
2812 562 3071 630 casusjad
3115 568 3464 637 supplicium,
3492 580 3571 636 et,

1973 648 2263 717 amputatis
2289 650 2587 718 capitibus,
2620 667 2848 723 corpora
2879 670 3064 711 earum
3104 658 3157 713 in
3188 675 3338 717 mare
3363 662 3577 733 abjecta

1973 747 2119 794 sunt.
2151 739 2224 795 Ita
2249 740 2353 796 illis
2380 742 2633 813 pudicitia
2662 754 2717 800 et
2751 747 2990 804 conditio
3015 750 3181 806 exitio
3213 752 3329 809 fuit.

2720 838 2831 894 LII.

2046 922 2178 991 Quze
2201 926 2378 981 omnia
2401 926 2701 983 secundum
2732 930 2891 986 ﬁdem
2923 931 3138 1005 (scienti
3165 935 3308 991 enim
3332 937 3573 1011 loquor),
3671 949 3677 954 ’

1975 1017 2049 1073 ita
2078 1026 2136 1073 ut
2157 1028 2308 1089 gesta
2349 1031 2475 1075 sunt
2512 1021 2814 1077 mandanda
2874 1023 3069 1080 litteris
3095 1027 3337 1096 credidi;
3388 1045 3457 1086 ne
3482 1040 3579 1086 aut

1976 1110 2240 1166 memoria
2272 1120 2539 1167 tantarum
2569 1129 2750 1168 rerum
2774 1116 3039 1183 interiret,
3059 1127 3170 1183 aut,
3196 1119 3242 1173 si
3268 1120 3388 1191 quis
3410 1120 3582 1177 histo-

1978 1200 2115 1255 riam
2156 1202 2397 1258 scribere
2426 1202 2704 1270 voluisset,
2730 1218 3106 1277 corrumperet
3153 1210 3460 1278 veritatem,
3494 1213 3577 1268 vel

1979 1301 2198 1362 peccata
2228 1292 2445 1349 illorttm
2493 1293 2754 1351 adversus
2811 1297 2999 1364 Deum,
3033 1300 3119 1355 vel
3162 1300 3425 1371 judicium
3481 1303 3578 1359 Dei

1979 1382 2239 1439 adversus
2269 1384 2391 1441 illos
2426 1385 2721 1441 reticendo.
2763 1388 2930 1458 Cujus
2973 1400 3195 1446 aeterna:
3248 1393 3431 1461 pietati
3459 1408 3582 1463 gra-

1980 1478 2082 1533 tias
2107 1494 2269 1549 agere
2303 1479 2585 1549 debemus,
2640 1483 2730 1551 qui
2762 1482 2978 1539 tandem
3008 1486 3248 1555 respexit
3272 1487 3324 1541 in
3356 1494 3580 1553 terram,

1981 1570 2125 1642 quod
2154 1587 2371 1642 gregem
2404 1587 2560 1628 suum
2592 1574 2784 1643 partim
2817 1583 3087 1632 vastatum
3123 1592 3156 1632 a
3182 1577 3324 1647 lupis
3370 1580 3581 1649 rapaci-

1982 1663 2105 1731 bus,
2139 1663 2331 1733 partim
2363 1679 2492 1719 vero
2520 1665 2847 1735 dispersum,
2882 1667 3108 1723 reficere
3155 1683 3220 1723 ac
3261 1670 3581 1739 recolligere

1984 1754 2238 1826 dignatus
2265 1765 2372 1824 est,
2395 1766 2450 1813 et
2476 1757 2678 1813 bestias
2705 1760 2875 1814 malas
2903 1761 3196 1831 extirpare,
3239 1777 3359 1831 quae
3409 1762 3582 1818 divini

265 1857 465 1901 omnes
495 1842 801 1899 Maximiani
832 1842 1175 1898 hereditates
1211 1843 1333 1913 jure
1363 1857 1463 1898 suo
1487 1842 1702 1910 cedere,
1736 1843 1877 1897 idem
1907 1844 1956 1905 B
1982 1850 2162 1920 gregis
2182 1863 2378 1919 pascua
2407 1850 2786 1920 protriverant.
2812 1852 3008 1907 cubilia
3032 1851 3450 1923 dissipaverunt.
3478 1854 3582 1911 Ubi

265 1937 566 1993 Maximino
588 1947 898 2010 negaverat.
946 1938 1119 2009 Ipsius
1146 1954 1360 2009 quoque
1381 1938 1651 1994 Maximini
1682 1938 1873 2007 lilium,

267 2044 387 2089 tum
417 2033 737 2100 maximum,
760 2041 1010 2104 agentem
1042 2032 1093 2086 in
1117 2034 1273 2087 annis
1293 2041 1436 2098 octo,
1479 2041 1535 2087 et
1558 2031 1718 2086 ﬁliam
1745 2047 1873 2101 sep-

261 2136 512 2191 tennem,
550 2140 673 2198 qua:
690 2125 962 2196 desponsa
1002 2125 1177 2181 fuerat
1216 2123 1574 2190 Candidiano,
1618 2123 1872 2180 extinxit.

264 2223 376 2281 Sed
410 2223 562 2293 prius
586 2230 758 2278 mater
786 2236 973 2279 eorum
1005 2221 1058 2276 in
1084 2220 1361 2276 Orientem
1406 2219 1737 2290 praecipitata
1765 2227 1870 2273 est.

262 2314 342 2371 Ibi
392 2328 544 2385 saepe
590 2314 683 2371 illa
723 2321 901 2369 castas
939 2311 1190 2368 fmminas
1237 2308 1404 2381 mergi
1445 2310 1703 2378 jusserat.
1778 2309 1873 2364 Sic

262 2423 458 2463 omnes
492 2406 641 2477 impii
668 2420 799 2463 vero
851 2413 907 2460 et
938 2404 1087 2476 justo
1120 2402 1326 2473 judicio
1371 2400 1465 2457 Dei
1512 2400 1703 2456 eadem
1748 2414 1873 2471 quia

262 2497 513 2555 feoerant
532 2503 877 2566 receperunt.

1026 2585 1113 2643 Li.

334 2681 555 2738 Valeria
586 2696 801 2752 quoque
836 2696 935 2752 per
982 2681 1160 2735 varias
1215 2678 1519 2749 provincias
1563 2677 1871 2749 quindecim

265 2774 553 2831 mensibus
583 2774 799 2844 plebeio
846 2773 995 2829 cultu
1023 2780 1340 2845 pervagata,
1402 2779 1677 2841 postremo
1729 2772 1872 2840 apud

263 2870 711 2929 Thessalonicam
767 2870 1003 2942 cognita,
1061 2868 1451 2941 comprehensa
1517 2883 1642 2924 cum
1694 2878 1870 2927 matre

1979 1951 2105 1998 sunt
2151 1942 2313 1997 modo
2341 1943 2623 2013 magnifica
2669 1945 2757 1998 illa
2785 1954 2840 2000 et
2865 1945 3008 2000 clara
3054 1961 3150 2017 per
3174 1956 3363 2017 gentes
3397 1946 3581 2003 Jovio—

1977 2049 2096 2089 rum
2123 2044 2174 2089 et
2196 2033 2573 2089 Herculiorum
2608 2036 2953 2105 cognomina,
2982 2052 3103 2107 quae
3134 2038 3367 2108 primum
3392 2053 3424 2092 a
3456 2039 3584 2094 Dio-

1976 2124 2118 2181 clete
2143 2138 2206 2179 ac
2237 2124 2562 2180 Maximiano
2594 2126 2891 2183 insolenter
2917 2141 3214 2198 assumpta,
3245 2144 3308 2185 ac
3338 2137 3581 2200 postmo-

1977 2213 2105 2270 dum
2162 2215 2228 2270 ad
2279 2231 2622 2273 successores
2662 2233 2851 2274 eorum
2905 2221 3208 2288 translata,
3269 2222 3581 2278 viluerunt?

1976 2306 2183 2378 Nempe
2201 2308 2403 2365 delevit
2422 2325 2486 2367 ea
2517 2311 2775 2368 Dominus
2796 2354 2811 2378 ,
2841 2321 2899 2368 et
2922 2316 3088 2370 erasit
3118 2315 3185 2371 de
3217 2326 3382 2372 terra.

2050 2402 2402 2459 Celebremus
2422 2404 2582 2476 igitur
2604 2405 2933 2476 triumphum
2968 2408 3062 2463 Dei
3081 2423 3203 2463 cum
3218 2409 3576 2476 exultatione,

1979 2494 2260 2550 victoriam
2290 2496 2500 2551 Domini
2529 2512 2650 2551 cum
2681 2497 2926 2553 laudibus
2955 2499 3396 2570 frequentemus,
3429 2502 3580 2558 diur-

1978 2588 2064 2645 nis
2101 2590 2485 2659 nocturnisque
2534 2589 2784 2658 precibus
2808 2590 3184 2658 celebremus;
3213 2592 3578 2655 celebremus.

1979 2692 2041 2739 ut
2084 2697 2271 2754 pacem
2326 2691 2446 2751 post
2478 2697 2649 2737 annos
2690 2682 2878 2738 decem
2912 2684 3057 2754 plebi
3094 2698 3207 2739 sua:
3235 2683 3415 2739 datam
3446 2699 3577 2741 con-

1978 2775 2161 2831 ﬁrmet
2180 2776 2232 2830 in
2261 2774 2539 2831 sieculum.
2571 2773 2651 2829 'l‘u
2682 2776 2969 2845 praecipue,
3001 2774 3206 2831 Donate
3234 2775 3572 2846 charissimc,

1973 2870 2065 2940 qui
2104 2884 2134 2924 a
2180 2869 2292 2925 Deo
2312 2868 2542 2925 mereris
2570 2868 2766 2935 audiri,
2821 2867 3103 2923 Dominum
3145 2867 3479 2939 deprecare,
3515 2879 3577 2926 ut

1586 2983 1948 3043 VARIORUM
1984 2984 2220 3043 ΝΟΤίΕ.

335 3081 471 3137 Item
493 3081 891 3138 Candidianum.
917 3079 1041 3150 Ms.,
1071 3081 1208 3137 idem
1229 3078 1627 3150 Candidianum.

338 3154 535 3209 Mulier
560 3164 759 3214 tamen.
785 3163 841 3207 ut
869 3169 989 3207 eum
1005 3148 1193 3207 uixisse
1218 3151 1469 3221 cognovit.
1503 3149 1579 3221 Ita
1611 3163 1713 3204 ms.
1732 3148 1870 3221 Vide

266 3223 591 3281 Columbam
630 3234 688 3281 et
722 3223 950 3280 Paulum
1001 3223 1242 3279 Bauldri.
1275 3219 1486 3287 Mulier,
1520 3219 1571 3275 id
1616 3228 1721 3284 est,
1765 3219 1870 3275 Va-

266 3298 418 3351 leria.

338 3369 442 3432 Qui
461 3368 606 3437 quia.
631 3366 692 3423 In
716 3379 819 3421 ms.
843 3364 993 3421 deest
1016 3365 1123 3435 qui.

336 3438 524 3494 Exitu.
553 3438 610 3493 Id
636 3446 740 3500 est,
770 3446 967 3492 morte.

334 3511 541 3566 Prteter
573 3508 849 3564 Valeriam.
872 3507 998 3573 Ms.,
1032 3520 1140 3575 pne
1177 3504 1404 3575 Valeria.

349 3580 562 3636 Valens.
608 3579 843 3634 Doctiss.
872 3574 1120 3645 Cuperus
1169 3574 1630 3647 legendumﬁesse
1680 3582 1871 3630 censet

271 3654 470 3707 nolens.
495 3650 622 3715 Ms.,
648 3650 853 3704 volenti.
884 3679 956 3690 -—
973 3647 1187 3717 Cupero
1211 3645 1435 3701 assentit
1476 3646 1779 3717 Buneman.
1800 3656 1869 3717 et

273 3722 559 3778 lectionem
577 3729 893 3790 sequentem
919 3715 1298 3790 exhibeLQuar
1319 3717 1496 3770 nolens
1516 3715 1740 3790 Licinio.
1765 3716 1864 3772 Ms.

399 3793 593 3868 volenti
621 3788 843 3846 Licinio.
872 3790 1000 3868 Non
1027 3789 1187 3857 male,
1214 3799 1281 3868 ut
1308 3797 1496 3868 censet
1538 3788 1785 3868 Nati-ius,
1810 3802 1866 3868 p.

307 3865 396 3930 η,
428 3864 576 3919 hunc
616 3877 837 3917 sensum
881 3861 1105 3916 eliciens
1154 3877 1168 3914 :
1214 3858 1478 3930 Licinium
1522 3857 1760 3930 voluisse
1812 3857 1867 3912 in

274 3928 461 3990 omnes
500 3932 760 3989 invadere
804 3932 1005 3989 Galerii
1055 3929 1422 3993 hiereditates,
1456 3937 1632 3999 atque
1662 3928 1868 3983 idcirco

276 4005 545 4061 Valeriam
568 4003 855 4062 confestim
881 4004 951 4057 ab
976 4017 1043 4058 eo
1074 3999 1299 4067 fugisse,
1325 4008 1384 4053 ut
1403 3998 1468 4053 ad
1493 3998 1866 4063 Maximinum,

275 4077 374 4148 qui
386 4091 614 4132 uxorem
638 4074 891 4148 habebat,
917 4088 1039 4148 sese
1058 4073 1228 4128 tutius
1244 4070 1531 4140 reciperet.
1580 4070 1883 4133 Bassum.

345 4145 413 4202 In
441 4163 637 4202 omnes.
659 4146 784 4209 Ms.,
808 4147 861 4199 in
885 4145 1080 4199 omnia.

348 4216 623 4273 Maximini
649 4217 841 4285 filium,
866 4226 973 4270 tum
995 4213 1307 4269 Maximum.
1331 4212 1437 4267 Pro
1456 4221 1565 4265 tum
1610 4218 1693 4266 est
1714 4225 1869 4265 suum

280 4288 330 4343 in
358 4303 459 4344 ms.
491 4288 801 4342 Maximum.
834 4286 984 4342 Adde
1005 4294 1150 4339 natu.
1362 4334 1371 4338 _

354 4359 517 4414 later
535 4375 733 4414 eorum.
766 4357 914 4415 Uxor
939 4354 1237 4422 Maximini,
1268 4353 1425 4425 cujus
1469 4367 1668 4408 nomen
1714 4351 1866 4422 igno-

283 4438 509 4485 “HDCSL

349 4500 414 4554 In
445 4501 703 4556 Orientem
729 4499 1046 4569 praecipitata
1073 4506 1167 4552 est.
1198 4496 1273 4569 ita
1322 4510 1424 4569 ms.
1455 4493 1705 4569 Plerique
1725 4508 1859 4550 con-

279 4571 517 4641 iecerunt
540 4566 944 4641 rescribendum
974 4584 1095 4625 esse
1124 4569 1177 4621 in
1207 4566 1471 4641 Orontem,
1502 4566 1625 4641 quia
1647 4574 1859 4619 constat

284 4636 492 4697 fluvium
520 4644 576 4699 in
615 4644 717 4697 hoc
743 4641 865 4695 loco
888 4640 1160 4710 designari
1190 4658 1204 4710 ξ
1234 4639 1374 4707 quod
1422 4636 1669 4710 pluribus
1687 4650 1858 4710 argu-

286 4717 469 4768 mentis
506 4714 719 4770 erudite
751 4712 992 4783 profecto
1010 4705 1263 4783 ostendit
1307 4705 1640 4783 clarissimus
1678 4705 1860 4773 Cape-

286 4798 390 4839 rus.
434 4785 569 4853 Quia
606 4778 786 4839 tamen
836 4793 892 4837 et
943 4783 1058 4853 ipse
1096 4779 1271 4853 tradit
1323 4778 1612 4853 nonnullos
1633 4787 1861 4853 veteres

290 4847 531 4910 OrimEm
561 4870 785 4911 vocasse
813 4869 935 4909 eum
966 4847 1221 4917 'lluvium,
1265 4865 1424 4920 quem
1458 4848 1648 4919 reliqui
1701 4847 1863 4915 vulgo

286 4925 456 4982 dicunt
486 4927 753 4991 Orontem,
778 4926 922 4981 nolui
947 4934 1150 4980 textum
1174 4923 1479 4976 immutare.

350 4997 458 5053 Est.
486 4999 649 5053 Deest
679 4999 730 5051 in
762 5012 864 5050 ms.

350 5067 429 5122 lbi
448 5085 586 5138 saepe
612 5068 726 5122 illa.
758 5066 833 5122 Ita
856 5080 983 5131 ms.,
1014 5080 1144 5138 non,
1175 5065 1280 5138 ille.

351 5135 553 5195 Plebeia
568 5138 732 5195 cultu.
767 5138 821 5194 Id
849 5146 951 5203 est,
984 5137 1178 5206 plebeio
1205 5135 1399 5189 habitu.

353 5209 475 5264 Cum
500 5220 683 5264 matre.
707 5209 892 5264 Prisca
914 5202 1142 5275 scilicet,
1171 5222 1342 5262 uxore
1367 5202 1702 5260 Diocletiani.

358 5280 380 5333 l
388 5281 489 5335 llis.
519 5280 577 5336 In
606 5295 709 5336 ms.
735 5279 876 5334 Illic.
1507 5312 1513 5317 -

362 5352 443 5406 lla
470 5354 575 5407 illis
600 5351 852 5417 pudicitia
880 5359 927 5404 et
952 5347 1176 5403 conditio
1205 5348 1359 5404 exitio
1382 5346 1499 5419 [uit.
1533 5344 1658 5419 Ms.,
1688 5344 1867 5419 condi-

304 5420 436 5490 tioni,
476 5416 755 5479 mendose.
790 5420 966 5475 Exitio
1012 5421 1130 5490 fuit,
1163 5419 1284 5490 quia
1313 5431 1369 5474 et
1384 5416 1599 5472 Licinio
1612 5416 1865 5490 etMa‘xi-

303 5486 436 5547 mino
462 5493 672 5549 Valeria
696 5492 900 5548 nubere
923 5486 1209 5546 recusavit.
1232 5489 1483 5545 Tomos.
1511 5518 1583 5529 —
1612 5486 1743 5541 Pars
1772 5486 1868 5555 igi-

303 5569 382 5615 tur
421 5564 685 5632 pudieitia:
732 5578 801 5618 eo
831 5576 1043 5633 quoque
1087 5560 1287 5617 saeculo
1344 5558 1639 5633 habebatur
1662 5597 1680 5624 ,
1717 5557 1869 5612 verbi

298 5628 471 5701 gratia,
502 5636 553 5689 in
585 5628 925 5695 mulieribus,
955 5628 1113 5687 unius
1161 5642 1368 5686 tantum
1412 5629 1510 5683 viri
1533 5628 1706 5701 fuisse
1735 5642 1868 5701 uxo-

300 5698 398 5757 res.
426 5704 534 5761 Suo
578 5706 724 5760 enim
755 5719 875 5759 mvo
918 5702 1306 5758 Tertullianum
1360 5715 1485 5756 cum
1532 5698 1869 5753 Montanistis

301 5777 676 5846 monogamiam
707 5775 759 5829 in
808 5787 1206 5846 utroque-sexu
1241 5771 1590 5846 requisivisse
1619 5768 1868 5846 omnibus

304 5837 475 5903 uoluti
486 5856 568 5903 est
591 5861 657 5903 ex
680 5846 799 5916 ejus
821 5837 961 5904 libro
979 5844 1048 5900 de
1076 5837 1431 5914 Monogatnia.
1457 5837 1864 5897 Observandum

1901 3080 1947 3144 C
1978 3081 2194 3136 interim
2225 3121 2240 3145 ,
2288 3079 2631 3134 conditionem
2685 3092 2846 3148 quam
2900 3076 2988 3131 hic
3037 3084 3222 3131 noster
3270 3090 3574 3144 memorat,

1978 3151 2260 3220 aequaliter
2287 3150 2504 3215 quidem
2535 3150 2693 3204 matri
2716 3148 2937 3220 ctrlilite,
2979 3162 3097 3212 seu,
3123 3148 3273 3220 quod
3295 3148 3438 3204 idem
3468 3159 3571 3214 est,

1975 3218 2177 3277 Prisca:
2220 3231 2277 3277 et
2309 3221 2533 3276 Valeriae
2554 3219 2848 3275 convenire
2878 3237 2892 3273 :
2923 3234 3111 3272 verum
3153 3218 3332 3274 addita
3372 3221 3577 3288 pudici-

1972 3294 2059 3349 tiae
2080 3294 2283 3349 mentio
2304 3292 2614 3363 specialiter
2638 3292 2869 3360 pertinet
2887 3290 2974 3363 ad,
2993 3289 3290 3363 Valeriam.
3312 3291 3571 3363 Daunum.

1970 3394 2042 3405 —
2099 3363 2263 3418 Miror
2315 3360 2653 3419 Lactantium
2707 3377 2813 3416 non
2868 3360 3073 3432 dixisse
3136 3362 3298 3432 fuisse
3357 3361 3575 3418 Valeria:

1970 3437 2127 3490 exitio
2154 3435 2430 3503 sacri/icio,
2457 3435 2642 3498 quibus
2670 3441 2879 3504 cogente
2926 3430 3247 3485 Diocletiano
3286 3443 3429 3502 patre
3474 3451 3573 3488 suo

1971 3507 2171 3575 polluta
2200 3508 2386 3577 fuerat,
2433 3504 2737 3559 Christiana
2786 3517 2908 3557 cum
2958 3509 3119 3568 esset,
3163 3517 3285 3573 cap.
3322 3504 3406 3557 15.
3441 3504 3566 3559 Tut-

1969 3592 2130 3631 NARD.

2042 3646 2247 3711 Fidem,
2272 3647 2449 3700 scienti
2476 3645 2613 3698 enim
2640 3644 2845 3711 loquor,
2885 3645 2979 3705 itu,
3024 3651 3130 3695 etc.
3160 3640 3258 3695 Ms.
3295 3642 3454 3697 habet
3481 3660 3564 3698 se-

1970 3719 2197 3772 cundum
2244 3717 2399 3785 ﬁnem
2420 3716 2597 3770 scienti
2623 3716 2757 3768 enim
2785 3712 3091 3785 loquorita,
3124 3723 3229 3785 etc.
3263 3711 3406 3767 Editi
3439 3728 3569 3785 vero

1971 3788 2168 3844 habent
2198 3783 2476 3841 secundum
2497 3787 2648 3851 [idem
2666 3785 2933 3839 scientium
2955 3783 3158 3852 loquor,
3178 3783 3272 3849 ita,
3294 3792 3423 3847 elc.,
3470 3784 3568 3840 sed

1972 3860 2132 3915 male.
2161 3858 2243 3914 Nil
2268 3855 2581 3912 mutandum
2613 3856 2885 3926 puto,nisi
2909 3856 3089 3926 ﬁnem,
3115 3853 3268 3923 cujus
3290 3855 3408 3909 loco
3433 3856 3570 3910 scri-

1970 3930 2148 3986 bimus
2178 3929 2349 3997 ﬁdem.
2377 3928 2569 3983 Scienti
2592 3924 2727 3982 enim
2755 3925 2956 3995 loquor,
3002 3924 3136 3979 duas
3186 3926 3328 3979 inter
3366 3941 3567 3995 paren-

1971 4002 2173 4057 tlteses.
2203 4001 2299 4056 Hic
2324 4008 2503 4055 autem
2549 4000 2811 4053 Donatum
2842 3997 3130 4067 alloquitur
3160 4007 3347 4051 auctor
3378 4006 3569 4053 noster

1970 4073 2072 4128 sub
2113 4072 2276 4127 finem
2305 4072 2448 4136 libri,
2483 4070 2617 4124 sicut
2646 4070 2799 4124 initio
2826 4067 2985 4132 fecit;
3015 4077 3067 4122 et
3089 4068 3158 4121 ita
3190 4075 3339 4122 recte
3371 4083 3567 4136 proce-

1970 4144 2050 4199 dit
2078 4145 2271 4199 oratio.
2307 4144 2542 4197 Donatus
2568 4142 2712 4195 enim
2743 4153 2865 4209 pars
2891 4140 3005 4208 ipse
3034 4138 3425 4209 persecutionis
3447 4139 3563 4194 fue-

1970 4224 2077 4282 rat,
2107 4231 2230 4270 cum
2258 4215 2310 4269 in
2340 4228 2464 4268 eum
2495 4227 2591 4280 per
2621 4207 2804 4281 plures
2846 4207 3025 4282 annos
3071 4207 3344 4282 smvierint
3381 4223 3563 4276 perse-

1969 4279 2204 4342 cutores.
2233 4284 2398 4339 Miror
2423 4279 2553 4350 ergo
2574 4279 2711 4347 hanc
2737 4280 3023 4334 lectionem
3054 4289 3160 4331 tam
3190 4279 3421 4350 facilem,
3453 4287 3559 4350 tam

1969 4366 2295 4426 promptam,
2332 4369 2437 4408 non
2469 4346 2637 4426 fuisse
2663 4350 3043 4405 subudoratam
3077 4365 3103 4401 u
3158 4346 3430 4416 prioribus
3462 4347 3561 4402 ltu-

1856 4448 1861 4454 ·
1963 4423 2267 4499 Ῑυεοσιὶὺιοὶ
2294 4423 2611 4481 editoribus.

1889 4533 1938 4593 ι)
2034 4518 2293 4576 Interii-et.
2326 4514 2383 4569 In
2409 4530 2538 4593 ms._,
2563 4514 2786 4593 interire.

2036 4593 2390 4657 Corrumperet
2416 4586 2695 4641 veritatem.
2731 4584 2789 4639 lu
2851 4598 2977 4648 ms.,
3029 4584 3372 4654 praemittitur
3420 4599 3563 4650 non;

1963 4663 2057 4721 sed
2090 4660 2248 4717 male.

2035 4734 2275 4790 Peccata.
2304 4731 2363 4786 lu
2396 4744 2526 4796 ms.,
2558 4737 2751 4798 specta.

2035 4805 2313 4860 Adversus.
2346 4802 2403 4856 lu
2433 4816 2560 4865 ms.,
2592 4799 2854 4853 adversos.

2035 4900 2289 4956 JEternaa.
2313 4897 2576 4952 Heuman.
2602 4894 2731 4962 legit
2750 4902 2990 4963 paternae.

2038 4991 2244 5053 Pietati,
2276 4988 2334 5043 In
2361 5003 2487 5053 ms.,
2516 4986 2736 5056 pietatis.
2769 4984 2959 5039 Pietati
2980 4998 3128 5048 vero,
3162 4984 3212 5037 itl
3259 4994 3364 5049 est,
3400 4984 3555 5040 lieni-

1965 5064 2178 5136 gnitati,
2208 5058 2531 5136 elementig.

2036 5134 2234 5187 Bestius
2253 5130 2435 5184 malas.
2467 5127 2772 5200 Tyrannus,
2803 5126 3217 5200 christianorutn
3244 5137 3556 5200 persecutu-

1965 5221 2077 5269 res,
2106 5204 2177 5260 de
2205 5204 2398 5272 quibus
2419 5195 2656 5272 suprain
2689 5209 2802 5272 not.
2843 5196 2911 5251 ad
2941 5195 3100 5265 hujus
3149 5196 3270 5249 libri
3294 5207 3456 5259 caput
3482 5199 3517 5250 2
3549 5214 3563 5250 :

1966 5277 2035 5331 Et
2060 5268 2245 5331 bestias
2264 5272 2449 5327 malas.
2480 5269 2545 5324 Et
2570 5268 2722 5324 deest
2751 5270 2804 5322 in
2829 5282 2930 5320 ms.

2040 5365 2341 5437 Magniﬁca.
2376 5362 2509 5437 Ms._,_
2532 5359 2933 5437 magniﬁcentia,
2958 5357 3170 5412 vitiose.
3286 5404 3291 5405 ,

2050 5429 2337 5492 Viliterunt.
2366 5436 2410 5489 A
2440 5429 2646 5488 vilesco‘.
2670 5430 2727 5485 lu
2758 5446 2861 5486 ins.
2884 5430 3155 5502 viguerunt
3180 5446 3199 5484 :
3241 5429 3335 5485 sed
3388 5432 3564 5484 minus

1966 5510 2128 5567 bene.

2048 5602 2143 5656 Ea.
2177 5601 2233 5656 In
2260 5614 2386 5666 ms.,
2414 5614 2547 5653 eam.

2040 5692 2381 5748 Celebremus.
2425 5691 2515 5746 Bis
2558 5689 2612 5744 in
2646 5704 2748 5744 ms.
2790 5686 3059 5758 repetitur
3108 5683 3327 5739 verbum
3377 5682 3563 5758 istud:

1968 5764 2092 5820 ideo
2117 5763 2198 5818 bis
2227 5762 2354 5817 illud
2386 5762 2709 5827 scribimus;
2738 5771 2790 5816 ct
2820 5753 2885 5814 eo
2907 5757 3012 5813 loci
3034 5772 3138 5812 non
3163 5767 3348 5825 parum
3365 5753 3435 5809 ad
3457 5756 3568 5810 ele-

1966 5835 2205 5907 gantiam
2233 5835 2461 5888 confert.
