4058 6188
425 260 535 316 279

420 375 498 432 40
642 377 888 445 Vertico,
917 391 1039 449 qua:
1072 385 1239 432 totum
1262 377 1491 448 despicit
1517 391 1622 431 una
1654 389 1880 432 nemus:

571 470 638 524 Et
662 483 922 525 conversa
955 483 1122 523 novos
1154 468 1343 524 Phoebi
1375 469 1648 523 nascentis
1673 466 1742 522 ad
1770 474 1955 534 ortus,

650 561 913 632 Expectat
942 560 1145 627 radios,
1171 569 1225 615 et
1245 560 1406 628 juhar
1427 547 1698 615 exoriens.

491 697 494 700 ι
568 657 745 724 Atque
773 655 864 709 ubi
896 655 978 709 sol
1011 654 1216 725 pepulit
1244 653 1495 724 fulgentis
1523 653 1702 706 limina
1729 663 1930 722 portae,

653 748 722 804 Et
748 749 907 820 primi
935 747 1157 804 emicuit
1183 747 1400 801 luminis
1424 762 1552 802 aura
1580 746 1746 810 levis;

424 841 496 901 15
571 841 764 910 Incipit
795 839 884 894 illa
912 840 1052 894 sacri
1081 838 1444 894 modulamina
1473 837 1704 892 fundere
1730 845 1920 891 cantus
1944 877 1959 902 ,

652 932 718 985 Et
740 931 876 985 mira
907 931 1080 984 lucem
1109 944 1242 984 voce
1274 943 1492 984 movere
1518 945 1746 984 novam:

571 1028 741 1093 Quam
770 1039 868 1079 nec
901 1022 1152 1078 jEdoniae
1177 1038 1370 1087 voces,
1401 1038 1499 1076 nec
1532 1022 1657 1076 tibia
1691 1022 1861 1092 possit

643 1117 842 1172 Mnsica
871 1115 1145 1188 Cyrrhaeis
1176 1113 1479 1170 assimilare
1509 1113 1731 1169 modis.’

570 1211 676 1266 Sed
705 1225 880 1278 neque
897 1210 1269 1264 olormorieus
1290 1209 1487 1263 imitari
1521 1223 1679 1278 posse
1715 1217 1929 1278 putatur
1950 1250 1963 1273 ,

427 1299 501 1356 50
645 1301 758 1357 Nec
783 1301 1071 1373 Cyllenzcae
1103 1302 1187 1355 fila
1211 1317 1407 1356 canora
1443 1301 1594 1372 lyrae.

580 1394 869 1465 Pestquam
887 1393 1123 1449 Phoebus
1135 1408 1304 1464 equos
1326 1393 1378 1447 in
1394 1402 1578 1462 aperta
1595 1390 1797 1448 refudit
1810 1392 2036 1463 olympi,

652 1485 826 1555 Atque
847 1485 1034 1541 orbem
1059 1494 1227 1539 totum
1254 1484 1478 1554 protulit
1506 1499 1675 1552 usque
1702 1499 1888 1538 means
1915 1498 1929 1548 ;

571 1574 666 1630 Illa
698 1572 776 1631 te'r
795 1577 1002 1631 alarum
1029 1576 1262 1646 repetito
1289 1577 1512 1630 verbere
1547 1574 1754 1644 plaudit

650 1667 764 1723 Non
789 1667 1109 1724 errabilibus
1132 1677 1291 1722 nocte
1317 1666 1514 1738 dieque
1545 1667 1717 1721 souis.

427 1760 502 1817 55
574 1760 751 1830 Atque
774 1759 967 1816 eadem
991 1761 1196 1815 celeres
1225 1759 1389 1815 etiam
1421 1759 1762 1813 discriminat
1791 1758 1986 1823 horas;

659 1849 1053 1923 Igniferumque
1080 1861 1241 1922 caput
1269 1862 1350 1906 ter
1381 1859 1656 1917 venerata,
1684 1851 1806 1905 silet
1829 1868 1841 1904 :

570 1945 809 2000 Antistes
827 1959 1128 2009 nemorum,
1148 1952 1203 1999 et
1229 1944 1331 1998 luci
1353 1939 1656 1996 veneranda
1675 1941 1951 2005 sacerdos,

657 2035 723 2090 Et
747 2037 860 2090 sola
886 2035 1097 2090 arcanis
1127 2035 1367 2096 conscia,
1399 2033 1623 2096 Phoebe,
1652 2033 1790 2096 tuis;

575 2129 706 2194 Quae
724 2136 1005 2197 postquam
1026 2128 1147 2182 vitae
1168 2127 1278 2195 jam
1313 2125 1460 2179 mille
1481 2124 1746 2194 peregerit
1762 2138 1953 2189 annos,

436 2218 507 2273 60
655 2219 733 2272 Ac
755 2234 815 2272 se
837 2217 1174 2274 reddiderint
1203 2227 1444 2286 tempora
1475 2216 1633 2286 longa
1663 2229 1885 2285 gravem
1911 2230 1926 2279 ;

577 2311 643 2366 Ut
671 2321 886 2381 reparet
907 2313 1114 2381 lapsum
1143 2312 1263 2366 fatis
1285 2310 1599 2380 urgentibus
1622 2324 1797 2362 :evum
1827 2349 1841 2373 ,

655 2404 870 2460 Assueti
901 2405 1143 2459 nemoris
1173 2403 1333 2458 dulce
1364 2401 1542 2457 cubile
1573 2399 1727 2470 fugit.

582 2495 826 2566 Cumque
850 2495 1172 2552 renascendi
1210 2494 1389 2549 studio
1418 2494 1536 2547 loca
1576 2502 1761 2546 saneta
1797 2491 2047 2562 reliquit;

660 2589 813 2644 Tunc
833 2589 964 2659 petit
984 2587 1128 2642 hunc
1147 2587 1360 2652 orbem,
1393 2601 1539 2641 mors
1566 2585 1654 2640 ubi
1686 2599 1850 2656 regna
1871 2591 2037 2639 leuet.

1923 259 2236 315 PllOE-NIX.

2055 385 2111 446 Α
2132 377 2203 433 65
2281 376 2469 448 Dirigit
2497 380 2547 432 in
2574 379 2784 452 Syriam
2809 380 3018 438 celeres
3045 382 3284 454 longaeva
3305 383 3553 452 volatus;

2073 1760 2120 1834 Β

3635 271 3742 331 280

2357 470 2628 527 Phoenicis
2654 489 2850 528 nomen
2879 475 2965 528 cui
2993 474 3143 530 dedit
3171 476 3287 546 ipsa
3313 475 3496 534 Venus
3523 489 3539 545 ;

2279 561 2636 634 Secretosque
2667 568 2795 636 petit
2818 565 3036 621 deserta
3064 581 3159 636 per
3184 567 3302 622 avia
3331 568 3503 635 lucos,

2351 653 2448 708 Hic
2478 657 2564 710 ubi
2597 671 2696 725 per
2718 657 2887 712 saltus
2908 657 3042 711 silva
3066 668 3276 714 remota
3308 659 3459 715 latet.

2280 745 2415 800 Tum
2446 747 2570 831 legit
2594 749 2744 803 aerio
2761 749 3048 805 sublimem
3077 751 3282 806 vertice
3312 751 3580 821 palmam,

2139 838 2208 894 70
2353 839 2483 907 Qua:
2513 850 2725 910 gratum
2756 841 2984 898 thnix
3011 859 3076 898 ex
3104 858 3206 900 ave
3234 860 3434 900 nomen
3469 847 3663 912 habet;

2283 930 2352 984 Et
2372 947 2473 999 qua
2506 933 2650 987 nulla
2680 950 2881 990 nocens
2905 935 3152 990 animans
3171 951 3522 1006 perrumpere
3550 939 3746 1008 possit,

2362 1022 2624 1078 Lubricus
2656 1034 2748 1078 aut
2775 1040 3024 1096 serpens,
3058 1038 3152 1082 aut
3180 1029 3294 1082 avis
3318 1029 3424 1083 ulla
3449 1045 3636 1099 rapax.

2282 1113 2419 1168 Tum
2445 1125 2636 1170 ventos
2665 1117 2866 1172 claudit
2895 1118 3256 1188 pendentibus
3287 1119 3479 1174 Eolus
3507 1121 3711 1187 antris,

2365 1204 2442 1258 Ne
2463 1205 2666 1258 violent
2694 1207 2882 1262 ﬂabris
2909 1224 3035 1262 acra
3067 1223 3429 1279 purpureum;

2143 1297 2213 1351 75
2285 1297 2401 1352 Neu
2425 1311 2679 1354 concreta
2708 1301 2848 1356 Noto
2877 1301 3047 1357 nubes
3078 1319 3173 1372 per
3196 1303 3372 1357 inania
3402 1304 3526 1360 cmli

2359 1391 2710 1446 Summoveat
2736 1393 2918 1448 radios
2945 1392 3098 1457 solis,
3122 1403 3178 1450 et
3204 1395 3346 1448 obsit
3377 1395 3486 1451 avi.

2288 1483 2563 1538 Construit
2615 1485 2741 1540 inde
2791 1485 2892 1541 sibi
2956 1501 3054 1541 seu
3108 1485 3291 1540 nidmn
3325 1527 3341 1552 ,
3400 1488 3516 1543 sive
3567 1487 3758 1557 sepul-

3441 1578 3653 1649 |gcbrum
3674 1578 3718 1652 ;]

2367 1665 2499 1720 Nam
2534 1669 2693 1738 perit,
2725 1678 2784 1723 ut
2813 1669 2958 1724 vivat
2987 1687 2999 1722 :
3027 1684 3087 1725 se
3119 1679 3296 1725 tamen
3326 1671 3438 1740 ipsa
3466 1681 3642 1726 creat.

2289 1758 2504 1830 Colligit
2533 1762 2657 1816 hinc
2679 1776 2873 1817 succos
2891 1771 2947 1817 et
2973 1763 3191 1828 odores,
3230 1763 3395 1818 divite
3421 1763 3554 1819 silva

2149 1852 2220 1907 80
2363 1854 2510 1922 Quos
2529 1855 2657 1924 legit
2682 1855 2959 1926 Assyrius,
2986 1873 3120 1927 quos
3141 1858 3432 1926 opulentus
3461 1856 3675 1922 Arabs;

2294 1944 2444 2012 Quos
2474 1958 2566 2001 aut
2593 1946 2846 2020 Pygmeae
2874 1959 3085 2020 gentes,
3111 1959 3204 2002 aut
3226 1949 3375 2003 India
3401 1949 3604 2018 carpit,

2369 2043 2474 2093 Attt
2503 2042 2650 2096 molli
2679 2053 2903 2112 generat
2934 2052 3073 2098 terra
3102 2042 3290 2098 Sabaea
3318 2045 3460 2098 sinu.

2290 2129 2549 2186 Cit‘mama
2599 2131 2830 2202 dehinc,
2891 2152 3189 2206 auramque
3251 2137 3436 2206 procul
3489 2137 3759 2206 spirantis

3471 2229 3722 2304 [amomil

2366 2315 2644 2387 Congerit,
2678 2329 2732 2374 et
2759 2319 2920 2374 misto
2946 2320 3187 2376 balsama
3209 2337 3332 2376 cum
3366 2321 3518 2377 folio.

2149 2404 2221 2461 85
2296 2405 2410 2461 Non
2435 2410 2594 2463 casiae
2622 2413 2788 2474 mitis,
2823 2426 2923 2467 nec
2944 2412 3144 2468 olentis
3175 2413 3353 2470 vimen
3383 2414 3628 2482 acanthi,

2373 2498 2481 2554 Nec
2513 2501 2685 2556 thuris
2707 2502 3019 2574 lachrymze,
3050 2514 3311 2575 guttaque
3343 2506 3549 2577 pinguis
3579 2508 3760 2563 abest.

2311 2589 2402 2645 llis
2429 2591 2579 2647 addit
2607 2601 2819 2649 teneras
2847 2596 3000 2650 nardi
3034 2597 3284 2666 pubentis
3311 2601 3532 2664 aristas,

1837 2718 2278 2780 ANNOTATION
2288 2725 2390 2782 ES.

517 2862 675 2918 Vers.
698 2861 1062 2932 40.,Despicit.
1093 2860 1228 2927 Quia
1259 2859 1659 2930 quodammodo
1681 2857 1802 2914 alia:
1827 2859 2052 2914 arbores

454 2932 581 2988 huic
603 2943 727 2986 sunt
751 2932 1056 2986 inferiores.

523 3002 680 3057 Vers.
709 3003 800 3057 44.
830 3003 974 3056 Aura
1000 3001 1142 3056 levis.
1171 3001 1262 3056 Sic
1285 2999 1507 3056 Ovidius
1533 3016 1547 3054 ε

539 3135 604 3186 Et
626 3135 750 3186 levis
773 3135 1009 3200 impulsos
1033 3141 1169 3185 retro
1191 3133 1337 3183 dabat
1360 3146 1478 3183 aura
1499 3132 1716 3196 capillos.

523 3261 682 3316 Vers.
711 3262 799 3316 46.
838 3259 1059 3316 Movere.
1088 3260 1177 3316 Sic
1194 3275 1295 3314 ms.
1315 3259 1671 3330 Sangerman.
1700 3257 1840 3313 Editi
1857 3258 2058 3314 habent

449 3334 602 3387 ciere.
651 3332 866 3386 Variant
897 3343 1076 3386 tamen
1103 3330 1244 3386 libri.
1291 3331 1546 3385 Heinsius
1589 3330 1841 3400 opinatur
1871 3330 2058 3401 legen-

455 3404 584 3458 dmn
617 3418 738 3457 esse
777 3407 965 3458 fovere.

529 3471 685 3528 Vers.
714 3471 806 3528 47.
862 3473 1030 3538 Quam
1066 3489 1157 3526 nec
1209 3471 1473 3526 ίΕάοηίω.
1523 3471 1700 3526 Locus
1748 3480 2054 3540 corruptus.

456 3545 556 3600 Ms.
587 3546 937 3613 Sangermau.
986 3545 1146 3598 habet
1178 3542 1387 3597 Idonea:
1416 3559 1434 3596 :
1464 3542 1592 3597 editi
1644 3541 2056 3613 leguntrlulww.

461 3615 532 3670 At
564 3612 716 3685 juxta
746 3615 1029 3685 Gallznum.
1078 3615 1364 3680 Frideric.,
1393 3613 1701 3669 Gronovius
1727 3623 1781 3668 et
1808 3612 2060 3668 Heinsius

461 3684 886 3742 cmentlaverunt
913 3684 1178 3740 zEdoniw.

540 3757 691 3812 Vers.
724 3758 814 3811 48.
859 3756 1135 3826 Cyri/usis.
1180 3756 1234 3810 ld
1267 3766 1370 3820 est,
1401 3756 1650 3826 Gaslaliis
1690 3754 1865 3808 modis
1897 3756 2062 3808 musi-

463 3829 564 3884 cis.
595 3827 679 3880 vcl
718 3825 984 3880 Musarum
1014 3837 1068 3880 et
1099 3827 1395 3897 Apollinis;
1426 3825 1627 3896 Cyrrha
1671 3825 1934 3895 siquidem
1967 3842 2064 3894 op-

464 3899 648 3970 pidum
677 3897 1114 3970 estad_radicem
1142 3896 1339 3970 montis
1363 3896 1639 3970 Parnassi.

540 3969 693 4022 Vers.
727 3965 817 4021 50.
847 3966 1136 4037 Cyllenaeaz.
1161 3969 1323 4032 Quasi
1353 3967 1496 4020 dicat
1527 3965 1856 4020 Mercurialis
1882 4007 1895 4029 ,
1939 3966 2062 4037 quia

465 4039 759 4095 Met-curius
773 4038 1010 4108 Cyllenae
1033 4047 1186 4108 natus
1211 4046 1312 4090 est.
1334 4037 1481 4108 iHinc
1507 4037 1800 4108 Mercurius
1817 4037 1928 4106 ipse
1942 4037 2064 4106 Cyl-

473 4111 640 4164 lenius
659 4107 878 4177 vocatur
898 4124 925 4159 ιι
946 4107 1239 4163 Claudiano
1267 4123 1282 4161 ι
1313 4107 1449 4161 libro
1478 4108 1547 4162 de
1579 4107 1753 4177 Raptu
1773 4107 2024 4177 Proserp.

548 4181 700 4234 Vers.
731 4179 820 4234 51.
856 4176 1141 4249 Postquam
1173 4177 1398 4232 Phoebus
1442 4194 1596 4248 equos
1622 4219 1636 4243 ,
1661 4176 1786 4249 etc.
1815 4176 2062 4249 Haerest,

509 4264 754 4321 oSIquam
795 4251 873 4304 sol
910 4266 1069 4317 supra
1102 4249 1434 4321 horizontem
1473 4248 1736 4321 ascendit.
1785 4251 1858 4304 De
1889 4248 2064 4301 fabula

520 4320 786 4377 hac’tontis
813 4321 933 4374 vide
960 4321 1206 4376 Ovidimu
1237 4322 1287 4374 in
1318 4320 1673 4390 Metamorph.

550 4394 699 4448 Vers.
731 4393 820 4449 53.
853 4391 960 4447 Illa
995 4405 1069 4446 ter
1095 4393 1342 4451 alarum.
1383 4401 1514 4453 etc.,
1546 4389 1715 4458 usque
1743 4390 1810 4445 ad
1847 4389 2066 4444 Antistes

475 4482 758 4518 neniarum.
797 4463 894 4517 Ms.
926 4465 1275 4532 Sangerman.
1303 4463 1380 4518 sic
1410 4464 1533 4533 legit
1563 4453 1790 4532 quatuor
1821 4462 1923 4515 ista
1945 4477 2066 4516 car-
2096 4453 2146 4512 D

477 4538 654 4589 mina:

573 4668 659 4716 Illa
684 4675 769 4730 ter,
786 4667 974 4716 alarum
997 4669 1215 4730 repetito
1241 4668 1457 4716 verbere
1481 4668 1686 4729 plaudit,

639 4729 1010 4792 lgniferutnque
1029 4738 1173 4790 caput
1196 4737 1274 4777 ter
1299 4738 1554 4792 venerata,
1578 4731 1714 4792 silet.

575 4791 736 4840 Atque
761 4791 939 4840 eadem
959 4791 1158 4840 celeres
1179 4793 1325 4838 etiam
1347 4791 1651 4839 discriminat
1676 4791 1819 4839 horas

575 4807 652 4840 Λι(
672 4807 736 4840 ue
761 4807 935 4840 8808"]
959 4807 1158 4840 CBIBI‘BS
1179 4807 1325 4838 etiam
1347 4807 1618 4839 UlSCl‘lﬂllllﬂ

492 4893 494 4898 .
635 4807 745 4903 ἀοιι
768 4853 1064 4903 errabilibus
1087 4861 1232 4901 nocte
1255 4853 1438 4914 dieque
1467 4855 1618 4902 sonis.

477 4980 583 5038 Sed
617 4981 792 5034 minus
823 4981 978 5044 bene,
1016 4988 1072 5034 ut
1102 4991 1246 5046 puto.
1281 4976 1479 5034 Celeres
1509 4981 1697 5046 horas;
1743 4980 1903 5035 horas
1933 4982 2076 5035 enim

481 5053 611 5108 solis
636 5053 863 5107 comites
885 5052 1009 5106 facit
1033 5051 1276 5105 Oiidius.

557 5123 710 5177 Vers.
736 5123 824 5177 59.
845 5121 965 5174 Jam
982 5123 1122 5175 mille
1133 5123 1380 5191 peregerit
1407 5138 1590 5178 annos.
1614 5123 1705 5178 Sic
1730 5123 1888 5177 etiam
1918 5122 2078 5177 Clau-

481 5194 672 5251 dianus
697 5193 762 5248 ad
794 5193 938 5247 mille
960 5209 1133 5246 annos
1165 5193 1325 5246 vitam
1361 5191 1632 5248 Phoenicis
1664 5194 1929 5260 producit;
1965 5193 2076 5248 Pli-

481 5267 604 5319 nius
635 5280 762 5316 vero
787 5273 992 5316 tantum
1025 5265 1089 5316 ad
1124 5263 1251 5325 600,
1280 5264 1522 5333 quamvis
1556 5265 1604 5318 id
1646 5263 1945 5318 fabulosum
1977 5281 2075 5334 pu-

481 5346 557 5392 tet
584 5351 598 5390 :
629 5335 715 5388 alii
748 5336 910 5388 etiam
940 5334 1246 5388 breviorem
1277 5344 1513 5389 statuunt
1545 5335 1854 5388 terminum.

487 5439 491 5444 ι
553 5403 706 5459 Vers.
731 5405 819 5458 61.
849 5403 1073 5467 Lapsum
1095 5405 1242 5471 fatis.
1268 5405 1356 5459 Sic
1382 5407 1787 5460 eiuemlavimus
1805 5419 1928 5459 cum
1951 5403 2080 5459 Gal-

481 5477 584 5534 lan
611 5487 663 5531 et
693 5492 760 5530 ex
783 5490 884 5528 ms.
927 5475 1380 5543 Sangcrmauensi
1402 5476 1562 5529 :editi
1593 5476 1860 5529 habebunt
1883 5477 2075 5528 lassinn

475 5549 656 5617 spatiis
684 5563 700 5599 :
729 5545 821 5598 sed
853 5547 969 5617 sine
993 5560 1177 5599 sensu.

547 5617 697 5671 Vers.
725 5617 814 5671 66.
853 5615 1039 5686 Ventis.
1072 5618 1160 5686 Sic
1184 5615 1488 5670 Heuinanu.
1515 5617 1666 5686 legit.
1695 5617 1765 5671 Ea
1794 5616 1937 5671 eulta
1961 5627 2078 5670 erat

465 5690 518 5744 in
542 5689 951 5759 Syropltwnice.
975 5685 1028 5759 l_u
1053 5685 1211 5759 editis
1232 5696 1314 5759 est
1344 5697 1498 5759 vetus.

538 5757 698 5813 ven;
717 5759 806 5814 69.
845 5757 1126 5815 Sublimem
1159 5757 1417 5812 Palmam.
1452 5758 1620 5824 Quam
1652 5759 1900 5814 arborem
1931 5758 2072 5815 inter

2159 2877 2260 3003 3:;
2273 2879 2403 2979 (ll/IIIS
2430 2866 2532 2922 fert
2559 2868 2733 2940 Syria,
2762 2870 2968 2928 Plinius
3002 2883 3271 2941 numerat,
3295 2874 3501 2932 scilicet
3519 2877 3611 2931 lib.
3637 2892 3767 2945 xm,

2267 2974 2279 2987 ο
2320 2959 2364 2990 ι.

2267 2974 2279 2987 ο
2308 2959 2364 2990 4ο

2236 3003 2502 3081 Versjl.
2535 3010 2715 3081 thua
2744 3015 2888 3068 nulla
2918 3031 3103 3068 nocens
3133 3016 3392 3081 animans,
3425 3025 3528 3073 etc.
3553 3016 3640 3075 Sic
3666 3019 3771 3076 ba-

2081 3067 2126 3128 C
2160 3073 2251 3131 bet
2275 3093 2373 3132 ms.
2398 3067 2754 3151 Sangeriiian.
2785 3067 2925 3140 Editi
2956 3067 3451 3159 vulgareslegiuit;

2255 3189 2409 3248 Quam
2430 3203 2522 3240 nec
2543 3193 2700 3244 dente
2724 3208 2907 3245 nocens
2930 3196 3106 3245 animal
3132 3190 3460 3262 perrumpere
3485 3201 3657 3263 possit.

2161 3291 2426 3349 Heuman.
2454 3311 2606 3364 vero,

2257 3405 2312 3455 In
2337 3421 2482 3469 quam
2508 3408 2640 3460 nulla
2663 3423 2850 3461 noeens
2873 3413 3094 3461 animans
3117 3425 3444 3477 perrumpere
3471 3417 3624 3478 possit
3640 3456 3654 3479 ,

2164 3523 2285 3564 cum
2317 3511 2476 3566 editis
2501 3513 2659 3591 l_472_.
2692 3515 2851 3583 M78,
2885 3517 3024 3571 1515
3045 3528 3098 3571 et
3121 3519 3279 3585 1515,
3301 3521 3444 3591 quod
3472 3523 3776 3580 concordat

2165 3594 2285 3634 cum
2313 3595 2492 3638 nostra
2519 3586 2769 3641 lectione.

2241 3653 2392 3728 _\'er_s.
2428 3655 2524 3728 74._
2556 3656 2778 3711 Flabris.
2809 3657 2865 3712 1d
2895 3667 2997 3725 est,
3029 3660 3257 3728 ﬂatibus.

2239 3723 2461 3804 Ibidem.
2501 3725 2825 3796 Purpureum
2857 3723 2997 3783 aera.
3029 3723 3207 3786 'Forte
3258 3732 3511 3804 intelligit
3549 3737 3777 3792 matuti-

2168 3809 2266 3847 nas
2297 3797 2476 3857 horas.
2511 3814 2644 3866 quas
2674 3815 2923 3854 auroram
2959 3815 3232 3857 vocamus.

2247 3865 2397 3946 Xers.
2431 3865 2711 3923 75.7Noto.
2747 3871 2949 3946 Ventus
2971 3873 3072 3926 iste
3113 3873 3282 3928 nubes
3309 3875 3532 3946 colligit.
3567 3875 3772 3934 Verum

2168 3949 2197 3986 a
2232 3935 2405 4008 Plinio
2433 3949 2697 3994 :esluosus
2719 3944 3040 4008 appellatur.

2214 4007 2464 4092 .lbidcm.
2503 4010 2604 4064 Per
2629 4007 2805 4066 inania
2834 4014 2967 4067 cali.
3008 4014 3063 4068 Id
3104 4023 3208 4083 est,
3246 4016 3478 4072 mediam
3509 4020 3654 4076 aeris
3686 4036 3776 4078 re-

2174 4093 2410 4146 gtonem.

2213 4169 2514 4249 _Vers._'_77.
2564 4172 2891 4249 Sepulcrum.
2924 4176 2997 4232 De
3021 4179 3269 4247 sepulcro
3296 4179 3437 4249 quod
3469 4181 3571 4235 sibi
3604 4182 3774 4240 Phin-

2172 4241 2261 4294 nix
2289 4241 2494 4307 condit,
2530 4244 2649 4298 vide
2675 4246 3026 4302 Cluudianum
3058 4241 3108 4303 in
3141 4241 3410 4321 Epigram.
3441 4252 3522 4307 his
3555 4255 3769 4313 verbis:

2270 4355 2505 4426 Arentes
2519 4357 2702 4418 tepidis
2723 4358 2788 4406 de
2807 4359 3016 4410 collibus
3041 4360 3404 4426 eligitiherbas,

2266 4417 2325 4486 Et
2348 4417 2592 4486 cumulum
2621 4429 2800 4471 texens
2823 4426 3038 4485 pretiosa
3061 4417 3232 4473 fronde
3257 4417 3501 4486 Sabaium,

2270 4479 2540 4542 Compouit,
2566 4479 2859 4545 bustumque
2886 4486 2977 4534 sibi
3000 4496 3287 4549 partumque
3309 4479 3544 4538 futurum.

2180 4585 2406 4713 li"ls’crs.
2440 4591 2525 4645 80.
2558 4589 2846 4662 Oputentus
2873 4592 3059 4646 Arabs.
3092 4593 3182 4648 Sic
3209 4593 3277 4649 de
3303 4593 3570 4651 Arabibus
3603 4594 3781 4652 liora-

2273 4772 2385 4820 Otia
2408 4775 2589 4824 divitiis
2613 4775 2828 4825 Arabum
2853 4777 3106 4827 liberrima
3131 4785 3315 4829 cantat.

2181 4878 2237 4934 Id
2273 4889 2447 4932 tamen
2482 4878 2717 4948 in'ellige
2745 4879 2813 4934 de
2840 4879 3035 4934 Arabia
3070 4881 3230 4937 felici.

2259 4949 2793 5024 Vers.81._APygmAeat
2817 4962 3009 5024 gentes.
3036 4952 3182 5024 Quas
3208 4961 3418 5008 veteres
3435 4952 3656 5024 quidam
3685 4967 3786 5022 po-

2183 5031 2314 5074 nunt
2352 5021 2403 5073 in
2436 5019 2578 5074 India
2605 5019 2620 5085 μ
2663 5022 2750 5095 a_li_i
2794 5019 2931 5095 ultra
2978 5023 3228 5078 Arabiam
3260 5042 3275 5078 :
3306 5025 3400 5079 sed
3430 5019 3552 5095 quas
3580 5025 3649 5080 de
3680 5019 3785 5081 hac

2179 5103 2338 5162 gente
2371 5101 2656 5145 narrantur
2675 5091 2866 5147 fabula:
2895 5103 3040 5147 sunt.

2260 5183 2407 5236 Vers.
2433 5183 2523 5237 82.
2551 5181 2713 5236 Terra
2743 5183 2910 5238 Sabea
2926 5185 3062 5240 sinu.
3091 5184 3179 5241 Sic
3205 5185 3396 5256 Virgil.
3417 5185 3509 5241 lib.
3538 5202 3555 5241 ι
3580 5187 3780 5258 Georg.

2275 5290 2409 5339 India
2433 5291 2580 5339 mittit
2604 5290 2745 5349 ebur,
2772 5289 2948 5339 molles
2970 5303 3059 5340 sua
3083 5295 3224 5342 thura
3247 5294 3422 5343 Sabaei.

2178 5463 2218 5519 S
2254 5393 2408 5447 Vers.
2448 5391 2538 5448 85.
2583 5390 2854 5447 Cinnama.
2887 5376 3114 5449 Versum
3167 5395 3329 5451 istum
3378 5397 3457 5452 sic
3499 5397 3628 5467 legit
3676 5411 3786 5454 ms.

2221 5479 2493 5519 anaerm.:

2221 5479 2493 5532 angerm.:

2273 5577 2557 5629 Cinnamum
2581 5577 2660 5628 hic
2686 5580 2889 5643 avisque
2915 5579 3081 5643 procul
3103 5582 3336 5644 spirantis
3360 5583 3556 5632 amomi.

2259 5685 2389 5740 Vers
2419 5684 2508 5764 85.
2543 5684 2710 5738 Casia:
2740 5686 3063 5741 mitis.Casia
3087 5697 3328 5744 veterum
3355 5704 3461 5751 non
3491 5689 3680 5749 eadem
3701 5699 3788 5746 est

2179 5772 2242 5811 ac
2267 5768 2649 5812 l'CCCﬂllOl’lllll.
