4058 6188
518 304 625 369 987

1978 308 2066 367 DE
2096 309 2389 369 PASL‘HA.

661 425 879 497 Suhque
907 422 1119 495 hyemis
1150 432 1364 495 tempus
1407 422 1659 483 foliorum
1705 426 1854 483 crine
1896 425 2112 494 refuso,
2142 430 2191 489 Α
2220 426 2417 483 Tristia
2447 435 2731 483 cessarunt
2760 426 2989 484 infernas
3018 424 3233 483 vincula
3264 422 3436 499 legis;

734 518 852 573 Jam
880 527 1097 589 reparat
1118 519 1356 574 viridans
1383 519 1605 575 frondea
1634 530 1769 577 lecta
1799 536 2009 577 nemus.

661 609 820 667 Mixta
847 610 981 666 salix
1002 653 1017 679 ,
1048 610 1220 679 abies,
1251 612 1469 683 corylus
1491 654 1505 678 ,
1532 613 1660 668 siler
1681 652 1696 677 ,
1727 613 1941 678 ulmus,
1972 628 2119 678 acer,

1871 704 2048 777 [ηυις]

742 794 954 849 Plaudit
982 810 1211 865 qumque
1238 796 1351 851 suis
1378 795 1542 851 arbor
1578 812 1789 852 ammna
1819 796 2011 851 comis.

522 882 595 945 25
668 887 1055 944 Constructura
1088 888 1237 944 favos
1267 891 1384 960 apis
1428 889 1555 945 hinc
1583 890 1815 944 alvearia
1847 890 2118 960 linquens,

738 979 987 1035 Floribus
1014 981 1363 1050 instrepitans
1392 981 1596 1051 poplite
1625 982 1785 1037 mella
1814 982 1973 1052 rapit.

660 1070 739 1126 Ad
769 1081 959 1126 cantus
989 1080 1273 1127 revocatur
1308 1073 1445 1139 avis,
1476 1088 1621 1143 qum,
1646 1074 1885 1130 carmine
1912 1074 2117 1141 clauso,

742 1162 951 1233 Pigrior
976 1160 1221 1233 hyberno
1247 1164 1442 1233 frigore
1468 1172 1613 1217 muta
1647 1162 1762 1217 fuit.

663 1254 801 1311 Hinc
828 1254 1127 1310 Philomela
1160 1256 1271 1310 suis
1302 1263 1625 1326 attemperat
1652 1269 1850 1326 organa
1891 1257 2076 1311 cannis
2103 1271 2118 1322 ;

522 1346 593 1403 30
738 1348 930 1418 Fitque
948 1362 1281 1424 repercusso
1306 1348 1517 1403 dulcior
1545 1365 1675 1405 aura
1707 1350 1868 1403 melo.

661 1438 804 1495 Ecce
831 1442 1165 1496 renascentis
1196 1450 1424 1497 testatur
1451 1442 1619 1512 gratia
1651 1442 1860 1509 mundi,

734 1533 923 1588 Omnia
952 1550 1075 1590 cum
1100 1534 1320 1591 domino
1346 1534 1484 1591 dona
1515 1537 1725 1592 redisse
1750 1552 1867 1591 suo.
2050 1598 2057 1605 ,

664 1627 902 1697 Namque
933 1630 1283 1699 triuMphanti
1319 1639 1439 1699 post
1467 1631 1639 1685 tristia
1671 1639 1869 1686 tartara
1900 1628 2121 1686 Christo

739 1718 988 1791 Undique
1011 1720 1203 1777 fronde
1232 1736 1453 1787 nemus,
1484 1722 1728 1793 gramina
1751 1722 1887 1778 flore
1912 1722 2116 1778 favent.

2296 520 2628 591 Expavilqtte
2657 517 2824 576 cbaos
2853 520 3073 575 luminis
3101 534 3198 575 ore
3228 519 3420 590 premi.

2223 610 2531 682 Depereunt
2561 613 2798 669 tenebrae
2828 612 3030 668 Christi
3065 612 3276 683 fulgore
3306 611 3502 685 fugata
3536 628 3550 665 :

2294 702 2534 759 Eternaa
2564 706 2737 759 noctis
2769 706 2930 775 pallia
2960 719 3147 760 crassa
3174 702 3402 759 cadunt.

2222 794 2292 851 65
2315 796 2614 853 Sollicitam
2638 798 2733 853 sed
2756 797 2924 854 redde
2948 796 3134 863 ﬁdem,
3160 811 3374 867 precor,
3401 796 3541 849 alma
3565 803 3830 866 potestas.

2293 887 2472 943 Tertia
2505 889 2595 944 lux
2626 890 2785 945 rediit
2819 907 2834 947 :
2863 904 3023 959 surge
3044 930 3058 952 ,
3090 887 3301 958 sepulto
3331 902 3503 941 meus.

2220 976 2336 1033 Non
2366 980 2523 1035 decet
2553 989 2610 1036 ut
2640 981 2729 1035 vili
2764 981 2970 1036 tumulo
2994 990 3081 1035 tua
3106 978 3347 1035 membra
3381 986 3667 1049 tegantur;

2292 1070 2409 1125 Non
2442 1073 2675 1141 pretium
2708 1072 2896 1127 mundi
2926 1072 3054 1126 vilia
3086 1084 3215 1125 saxa
3248 1079 3513 1140 premant.

2220 1161 2501 1232 Indignum
2532 1176 2644 1231 est,
2676 1164 2832 1233 cujus
2861 1163 3187 1221 clauduntur
3216 1173 3411 1218 cuncta
3446 1162 3683 1234 pugillo,

2222 1255 2293 1310 70
2324 1256 2387 1312 Ut
2418 1264 2559 1325 tegat
2588 1259 2853 1314 inclusum
2886 1272 3020 1328 rupe
3048 1266 3266 1312 vetante
3296 1256 3454 1327 lapis.

2221 1347 2408 1403 Lintea
2442 1350 2596 1415 tolle,
2632 1365 2861 1421 precor;
2894 1349 3110 1405 sudaria
3143 1348 3327 1415 linque
3356 1346 3608 1417 sepulcro
3638 1362 3654 1401 :

2291 1439 2371 1494 Tu
2402 1441 2532 1495 satis
2562 1457 2623 1497 es
2654 1442 2848 1509 nobis;
2881 1452 2938 1497 et
2967 1442 3086 1496 sine
3117 1449 3169 1496 te
3201 1439 3336 1494 nihil
3366 1448 3469 1495 est.

2222 1530 2390 1588 Solve
2416 1542 2696 1590 catenatas
2730 1534 2927 1590 inferni
2956 1534 3193 1589 carceris
3226 1532 3474 1599 umbras,

2292 1624 2365 1679 Et
2393 1639 2585 1681 revoca
2615 1640 2828 1681 sursum
2859 1626 3116 1697 quicquid
3147 1625 3217 1680 ad
3251 1626 3355 1680 ima
3386 1625 3513 1679 ruit.

2219 1717 2291 1773 75
2320 1718 2507 1773 Redde
2538 1727 2683 1774 tuam
2714 1719 2905 1775 faciem
2927 1761 2943 1787 ,
2975 1718 3196 1775 videant
3226 1726 3283 1773 ut
3311 1718 3508 1775 saecula
3539 1716 3748 1783 lumen;

514 1810 584 1866 55
658 1810 889 1880 Legibus
912 1812 1107 1868 inferni
1139 1815 1446 1884 oppressis,
1487 1829 1651 1883 super
1675 1825 1819 1869 astra
1846 1823 2114 1870 meantem
2147 1810 2194 1869 B
2290 1810 2479 1867 Redde
2508 1812 2651 1867 diem
2676 1854 2690 1878 ,
2722 1813 2813 1884 qui
2846 1827 2948 1867 nos
2968 1854 2983 1879 ,
3018 1821 3069 1869 te
3101 1813 3404 1879 moriente,
3441 1812 3595 1883 fugit.

732 1905 976 1961 Laudant
1003 1907 1107 1963 rite
1138 1908 1307 1962 Deum
1342 1908 1427 1962 lux
1447 1948 1463 1974 ,
1495 1908 1651 1977 polus
1671 1950 1689 1975 ,
1716 1922 1873 1974 arva,
1899 1908 2116 1962 fretum.

663 1997 765 2066 Qui
783 1998 1077 2054 crucifixus
1103 2008 1241 2065 erat,
1270 1999 1411 2054 Deus
1434 2014 1563 2055 ecce
1586 2015 1682 2070 per
1706 2002 1884 2054 omnia
1910 2007 2117 2070 regnat;

733 2090 979 2161 Dantque
1008 2092 1240 2147 creatori
1266 2102 1459 2147 cuncta
1487 2102 1666 2147 creata
1696 2106 1931 2161 precem.

658 2181 818 2237 Salve
837 2222 853 2249 ,
886 2182 1024 2238 festa
1053 2183 1199 2250 dies,
1236 2192 1350 2238 t0to
1375 2182 1698 2238 venerabilis
1726 2198 1848 2238 aevo
1867 2222 1884 2248 ,

516 2273 587 2329 ιο
616 2273 733 2343 Qua
761 2274 903 2330 Dens
933 2274 1205 2330 infernum
1233 2274 1365 2330 vicit
1392 2283 1449 2331 et
1475 2283 1621 2330 astra
1652 2282 1819 2329 tenet.

523 2366 793 2421 Mobilitas
821 2366 984 2432 anni,
1016 2382 1263 2422 mensum
1287 2406 1303 2433 ,
1338 2366 1426 2420 lux
1457 2364 1601 2421 alma
1632 2365 1843 2421 dierum
1870 2408 1885 2431 ,

591 2457 856 2514 Horarum
886 2457 1165 2529 splendor,
1197 2458 1420 2513 stridula
1450 2467 1645 2513 cuncta
1671 2456 1872 2512 favent.

521 2550 661 2607 Hinc
692 2551 787 2606 tibi
819 2552 972 2624 sylva
1019 2552 1227 2619 comis,
1261 2552 1385 2607 hinc
1415 2552 1622 2621 plaudit
1651 2566 1873 2621 campus
1901 2551 2117 2619 aristis;

591 2642 726 2697 Hinc
754 2653 935 2713 grates
966 2643 1129 2698 tacito
1160 2643 1381 2712 palmite
1408 2643 1534 2698 vitis
1558 2642 1689 2713 agit.

516 2733 587 2789 65
616 2732 753 2789 Hinc
784 2733 879 2790 tibi
912 2749 1059 2789 nunc
1088 2734 1269 2789 avium
1317 2743 1577 2790 resonant
1604 2734 1832 2805 virgulta
1862 2748 2116 2801 susurro;

588 2826 695 2881 llas
725 2825 867 2882 inter
896 2826 1064 2883 nimio
1094 2841 1281 2897 passer
1299 2840 1488 2882 amore
1507 2826 1673 2881 canit.

516 2916 733 2975 Christe
754 2920 901 2974 salus
922 2935 1123 2992 rerum,
1151 2920 1295 2976 bone
1315 2919 1566 2975 conditor
1595 2929 1757 2991 atque
1786 2904 2119 2991 redemptor,

590 3012 755 3069 Unica
790 3014 1077 3084 progenies
1106 3028 1171 3069 ex
1204 3013 1404 3069 deitate
1433 3014 1601 3085 patris
1626 3055 1641 3079 ,

517 3104 923 3160 lrrecitabiliter
952 3119 1178 3160 manans
1207 3103 1276 3160 de
1304 3104 1470 3160 corde
1499 3104 1739 3175 parentis
1758 3145 1775 3170 ,

512 3195 585 3251 50
623 3195 859 3251 Verbum
891 3196 1194 3251 subsistens
1220 3237 1234 3261 ,
1265 3206 1319 3250 et
1353 3196 1520 3265 patris
1548 3210 1644 3251 ore
1674 3203 1900 3265 potens,

518 3289 801 3360 JEqualis,
835 3303 1097 3356 concors,
1130 3290 1344 3355 socius,
1377 3305 1498 3345 cum
1524 3299 1675 3361 patre
1703 3304 1917 3345 coaevus
1937 3331 1953 3357 ,

587 3381 708 3447 Quo
736 3381 966 3449 sumpsit
992 3380 1227 3437 mundus
1258 3382 1499 3452 principe
1531 3381 1854 3452 principium
1878 3399 1893 3449 ;

519 3472 749 3529 Ethera
778 3473 1067 3543 suspendis
1087 3516 1101 3541 ,
1134 3474 1248 3529 sola
1277 3475 1525 3546 congeris
1547 3516 1562 3541 ,
1596 3491 1812 3545 aequora
1844 3474 2060 3540 fundis;

588 3566 830 3637 Qureque
861 3566 995 3622 locis
1026 3567 1268 3623 habitant
1291 3592 1313 3636 ,ι
1341 3585 1464 3640 qua:
1494 3569 1771 3624 moderata
1802 3568 2005 3639 vigent.

2223 1901 2328 1957 Sed
2359 1903 2518 1975 plane
2548 1903 2780 1973 implesti
2812 1919 3094 1970 remeans,
3126 1904 3217 1975 pie
3248 1904 3445 1970 victor,
3476 1904 3754 1976 olympum
3792 1921 3809 1960 :

2294 1994 2515 2049 Tartara
2545 2010 2732 2066 pressa
2758 1996 2975 2067 jacent,
3012 2010 3113 2052 nec
3141 2011 3237 2050 sua
3261 1995 3385 2066 jura
3418 2004 3629 2051 tenent.

2222 2088 2433 2145 lnferus
2462 2090 2893 2145 insaturabiliter
2922 2105 3051 2145 cava
3083 2098 3299 2161 guttura
3333 2088 3605 2160 pandens,

2221 2183 2291 2239 80
2319 2182 2419 2251 Qui
2451 2195 2665 2252 raperet
2694 2198 2936 2254 semper,
2971 2183 3042 2238 sit
3072 2192 3158 2237 tua
3192 2181 3373 2253 praeda
3395 2174 3610 2258 ,'_Deus.

2224 2273 2402 2342 Eripis
2434 2274 2776 2330 innumerum
2810 2275 3067 2345 populum
3099 2274 3167 2331 de
3195 2289 3417 2330 carcere
3447 2274 3681 2338 mortis;

2296 2364 2364 2418 Et
2392 2366 2635 2435 sequitur
2664 2365 2826 2433 liber,
2859 2380 2967 2435 quo
2996 2380 3125 2420 suus
3152 2374 3343 2420 auctor
3371 2364 3513 2419 abis.

2223 2456 2439 2512 Evomit
2465 2459 2777 2527 absorptam
2809 2458 3006 2529 pavide
3035 2459 3149 2514 fera
3182 2457 3363 2513 bellua
3393 2457 3648 2529 plebem;

2294 2551 2359 2605 Et
2388 2549 2457 2605 de
2485 2550 2638 2607 fauce
2669 2550 2781 2621 lupi
2811 2549 3083 2605 subtrahit
3109 2564 3281 2621 agnus
3310 2562 3461 2605 oves.

2222 2640 2293 2698 85
2324 2644 2457 2699 llinc
2488 2645 2754 2699 tumulum
2797 2653 3051 2717 repetens
3100 2653 3225 2714 post
3273 2652 3471 2698 tartara
3493 2684 3509 2709 ,
3540 2657 3705 2698 carne
3736 2658 3837 2699 re-

3474 2736 3761 2810 [sumpta-.1

2292 2831 2523 2902 Belliger
2551 2833 2619 2886 ad
2650 2825 3030 2900 ctelos'ampla
3062 2829 3303 2902 trophaea
3335 2829 3528 2886 refers.

2220 2923 2367 2992 Quos
2396 2922 2583 2977 habuit
2614 2922 2829 2993 pmnale
2858 2920 3057 2987 chaos,
3086 2922 3196 2991 jam
3229 2920 3469 2976 reddidit
3498 2921 3635 2986 iste;

2292 3016 2363 3073 Et
2390 3031 2525 3088 quos
2554 3032 2701 3071 mors
2732 3025 2940 3088 peteret
2960 3058 2976 3083 ,
3012 3015 3111 3070 hos
3142 3029 3282 3070 nova
3313 3014 3425 3068 vita
3459 3022 3627 3071 tenet.

2219 3111 2337 3166 Rex
2365 3124 2542 3175 sacer,
2574 3124 2703 3165 ecce
2735 3109 2811 3163 tui
2846 3108 3021 3163 radiat
3052 3121 3180 3178 pars
3212 3120 3406 3178 magna
3439 3105 3664 3177 tropbaai
3686 3146 3703 3171 ,

2145 3194 2190 3257 C
2223 3204 2292 3259 90
2319 3202 2456 3258 Cum
2487 3216 2649 3271 puras
2675 3202 2885 3257 animas
2914 3216 3068 3256 sacra
3100 3201 3314 3255 lavacra
3345 3200 3531 3255 beant.

2220 3294 2494 3351 Candidus
2524 3295 2802 3365 egreditur
2832 3294 3021 3350 nitidis
3052 3295 3326 3350 exercitus
3358 3293 3552 3359 undis;

2295 3390 2469 3458 Atque
2500 3396 2653 3442 vetus
2682 3386 2869 3442 vitium
2900 3395 3092 3458 purgat
3115 3387 3168 3441 in
3191 3400 3351 3441 amne
3378 3400 3539 3440 novo.

2220 3481 2512 3552 Fulgentes
2541 3483 2752 3537 animas
2780 3480 2948 3535 vestis
2976 3494 3194 3550 quoque
3221 3477 3450 3533 candida
3483 3477 3700 3547 signat;

2301 3574 2365 3628 Et
2394 3589 2559 3644 grege
2588 3573 2657 3628 de
2687 3574 2846 3628 niveo
2874 3570 3067 3642 gaudia
3103 3578 3290 3640 pastor
3321 3568 3505 3623 habet.

521 3657 593 3714 55
621 3657 720 3725 Qui
761 3672 931 3728 genus
961 3657 1255 3714 humanum
1294 3674 1525 3715 cernens
1566 3674 1804 3715 mersum
1844 3676 1965 3716 esse
1996 3676 2125 3732 pro-
2226 3667 2297 3723 95
2328 3666 2562 3722 Additur
2592 3666 2694 3723 hac
2723 3665 2873 3722 Felix
2904 3679 3138 3720 concors
3171 3662 3424 3718 mercede
3454 3660 3720 3717 sacerdos
3742 3701 3759 3728 ,

1812 3751 2047 3826 [fuudo,]

591 3842 657 3898 Ut
690 3843 963 3900 hominem
994 3846 1236 3915 eriperes
1260 3888 1275 3913 ,
1308 3861 1367 3901 es
1396 3862 1613 3917 quoque
1643 3846 1822 3902 factus
1853 3847 2038 3901 homo.

513 3934 625 3991 Nec
656 3946 841 3991 nostro
873 3947 1081 3993 tantum
1110 3939 1326 3994 voluisti
1357 3956 1388 3994 e
1418 3955 1650 4009 corpore
1681 3942 1829 3997 nasci
1850 3983 1866 4005 .

584 4028 692 4084 Sed
722 4044 883 4095 caro,
918 4046 1039 4101 qua:
1071 4032 1215 4086 nasci
1248 4031 1507 4102 pertulit,
1540 4040 1702 4102 atque
1732 4033 1890 4088 mori.

512 4120 744 4177 Funeris
772 4124 1030 4194 exequias
1063 4124 1229 4194 patris
1260 4139 1433 4181 novus
1461 4135 1674 4191 auctor,
1706 4137 1763 4181 et
1792 4126 1941 4182 orbis
1961 4169 1977 4192 ,

510 4213 581 4270 60
608 4214 751 4271 Intra
784 4217 974 4273 mortis
1004 4217 1107 4273 iter
1133 4216 1315 4274 dando
1343 4218 1534 4275 salutis
1562 4235 1742 4289 opem.

572 4512 634 4580 y.
660 4516 737 4580 ξς.
774 4516 901 4580 4cer
925 4530 1055 4580 nux.
1072 4515 1168 4567 Alii
1193 4518 1387 4580 legunt,
1415 4531 1639 4571 acernus.

568 4576 630 4623 γ.
658 4576 734 4624 42.
773 4576 972 4626 Cuncta.
999 4578 1075 4626 Al.
1102 4576 1309 4631 Puncta.

572 4637 633 4687 V.
662 4640 742 4702 f5.
779 4639 884 4702 lius
907 4637 1054 4702 inter,
1075 4650 1171 4689 etc.
1199 4643 1393 4692 Aliter:

663 4698 917 4764 ﬂasjnter
940 4698 1167 4750 minimus
1192 4716 1360 4764 passer
1382 4716 1551 4753 amore
1576 4716 1715 4755 cano.

570 4757 632 4809 V.
654 4762 733 4811 50.
769 4760 937 4814 Putris
958 4776 1061 4813 ore.
1088 4764 1165 4816 Al.
1190 4757 1476 4815 Penetrare.

570 4820 631 4871 γ.
773 4822 1004 4889 Funeris,
1030 4833 1130 4875 etc.
1163 4828 1323 4877 Aliter
1350 4841 1362 4875 :

666 4885 878 4952 Funeris
903 4885 1143 4952 exequias
1162 4890 1343 4949 pateris
1359 4890 1472 4939 vitse
1493 4896 1664 4938 auctor
1683 4897 1735 4939 et
1756 4890 1912 4941 orbis.

571 4944 633 4995 ν.
659 4948 739 4999 60.
779 4949 938 5000 Intra.
965 4944 1043 5000 ΑΓ.
1074 4944 1261 5001 Iulias.

572 5006 633 5058 V.
659 5010 739 5060 61.
781 5010 964 5064 Tristia
985 5021 1253 5066 cessarmu.
1270 5013 1347 5065 Al.
1378 5010 1561 5066 Tristia
1578 5020 1844 5066 cesserunt.

2295 3761 2396 3829 Qui
2428 3763 2558 3818 dare
2587 3762 2703 3816 vult
2735 3760 2965 3816 Domino
2994 3759 3155 3828 dupla
3189 3757 3387 3813 talenta
3419 3770 3538 3812 suo.

2222 3852 2305 3908 Ad
2337 3854 2560 3909 meliora
2593 3852 2817 3908 trahens
2845 3851 3032 3922 gentili
3064 3865 3254 3906 errore
3282 3857 3540 3920 vagantes
3562 3889 3578 3913 ,

2292 3946 2469 4001 Bestia
2501 3962 2569 4001 ne
2600 3955 2851 4015 raperet,
2886 3945 3059 3999 munit
3090 3943 3233 3999 ovile
3266 3942 3383 3998 Dei.

2219 4035 2368 4103 Quos
2398 4036 2551 4107 prius
2581 4036 2691 4092 Eva
2722 4050 2928 4092 nocens
2957 4034 3260 4101 infecerat,
3294 4032 3393 4088 hos
3423 4031 3588 4087 modo
3618 4030 3807 4089 reddit

2221 4129 2326 4185 100
2356 4128 2611 4185 Ecclesia:
2640 4137 2825 4200 pastor
2855 4129 3025 4185 ubere
3054 4128 3195 4185 lacte
3223 4128 3365 4184 sinu.

1759 4380 2145 4439 LECTIONES
2184 4380 2599 4437 VARIANTES.

2130 4520 2185 4582 D
2273 4521 2333 4571 V.
2362 4520 2441 4571 ϐι.
2479 4521 2711 4571 Λῖιεηιω.
2733 4518 2810 4569 Al.
2838 4521 2897 4570 Et
2916 4526 3084 4582 terras.

2278 4584 2340 4633 ν.
2361 4584 2440 4633 65.
2478 4582 2767 4634 Sollicitam.
2793 4582 2872 4633 Al.
2899 4581 3197 4633 Pollicitam.

2280 4646 2342 4695 ν.
2368 4645 2447 4695 68.
2484 4648 2617 4696 Non.
2639 4644 2717 4695 Al.
2746 4647 2871 4695 Nec.
2895 4646 2969 4693 Al.
2991 4647 3120 4695 Neu.

2282 4708 2341 4776 Χ.
2367 4708 2448 4776 ξιξ.
2485 4712 2712 4776 ῌᾳρενβζ.
2740 4704 3039 4776 ᾼΙἈΗαριιίι.

2283 4770 2345 4818 γ.
2370 4771 2448 4818 82.
2484 4770 2618 4820 Abis.
2641 4770 2719 4819 Al.
2746 4770 2881 4819 Adit.

2284 4831 2345 4881 γ.
2370 4832 2449 4883 87.
2489 4834 2609 4883 Iste.
2634 4832 2710 4880 AI.
2738 4834 2803 4881 In
2824 4837 2887 4881 te.

2284 4894 2341 4957 Υ.
2364 4896 2446 4943 89.
2488 4891 2733 4957 Traphwi.
2760 4893 2839 4957 Al.
2873 4889 3147 4957 Trimnphi.

2286 4956 2347 5007 γ.
2373 4958 2455 5008 95.
2496 4955 2726 5007 Concors.
2754 4955 2832 5008 Al.
2856 4956 3080 5007 Consors.

1920 5128 2474 5224 ANNO'I'ATION‘ES.

587 5319 855 5395 Vers._39.
886 5320 1042 5377 Salve
1070 5324 1203 5393 festa
1223 5326 1353 5391 dies,
1385 5336 1488 5383 toto
1515 5328 1813 5383 venerabilis
1834 5343 1960 5392 a’vo,
1992 5328 2112 5395 Qua

506 5391 648 5473 Qui:
674 5393 938 5473 infernum
966 5391 1085 5448 vicit
1110 5406 1157 5449 et
1184 5408 1324 5451 astra
1360 5408 1513 5452 tenet.
1551 5403 1884 5473 Aucwritate
1905 5391 2112 5473 codicis

509 5463 747 5544 Yaticani
780 5472 1015 5519 mutatus
1043 5475 1363 5544 est_versus,
1393 5479 1618 5544 ut‘esset
1642 5479 1765 5544 post
1784 5470 1971 5538 viginti
1994 5469 2111 5544 (iis:

506 5534 648 5587 ticha
673 5576 688 5596 ,
739 5548 847 5601 quo
890 5547 1022 5589 Sane
1054 5537 1105 5589 in
1137 5537 1257 5591 loco
1287 5554 1410 5595 esse
1439 5538 1620 5594 debet.
1644 5534 1787 5594 Nam
1820 5534 1945 5594 a'nte
1976 5540 2110 5595 nihil

508 5603 577 5659 de
618 5602 878 5658 Passione
924 5606 1009 5660 vel
1048 5605 1467 5663 Resnrrectione
1496 5611 1698 5665 Christi
1753 5610 1949 5665 dicitur
1976 5629 1988 5664 :
2014 5610 2112 5665 sed

507 5690 602 5729 ver
634 5675 809 5748 ipsum
835 5691 901 5748 ex
931 5677 1115 5731 multis
1144 5681 1376 5748 propriis
1409 5692 1616 5736 natura:
1638 5697 1750 5735 suae
1775 5683 1928 5736 bonis
1958 5698 2110 5737 com-

506 5746 812 5803 mendatur.
849 5746 1294 5817 Postquatnvero
1317 5750 1452 5806 facta
1478 5763 1560 5807 est
1588 5754 1793 5807 mentio
1822 5753 2115 5808 Resurrec-

506 5816 701 5884 tionis,
749 5826 898 5885 recte
943 5816 1075 5876 illud
1123 5821 1336 5884 additur
1369 5842 1379 5875 ;
1410 5823 1570 5880 Salve
1616 5827 1748 5881 festa
1793 5824 1947 5893 dies,
1980 5832 2112 5890 etc.,

2219 5328 2307 5385 cui
2337 5327 2572 5383 disticho
2602 5337 2751 5384 recte
2775 5329 2936 5384 etiam
2960 5329 3091 5385 illud
3113 5330 3455 5387 continenter
3475 5329 3797 5401 adjungitur

2343 5439 2587 5506 ﬁobllitas
2608 5443 2738 5505 anni,
2762 5455 3005 5506 mensum,
3031 5442 3115 5493 lux
3139 5444 3266 5493 alma
3286 5443 3501 5506 dierum,

2342 5502 2587 5553 Horarum
2610 5502 2862 5568 splendor,
2888 5505 3094 5555 stridula
3117 5514 3297 5570 puncta
3317 5502 3501 5557 favent.

2299 5611 2561 5667 Nobilitas
2590 5614 2734 5667 enim
2764 5612 3049 5682 legendum
3079 5621 3165 5667 est
3209 5628 3279 5669 ex
3309 5612 3495 5667 codice
3525 5612 3800 5670 Vaticano
3819 5655 3841 5683 ,

2226 5693 2283 5738 ut
2313 5685 2427 5737 laus
2456 5684 2633 5751 aliqua
2663 5683 2739 5737 illi
2771 5684 2909 5747 diei,
2942 5698 3100 5753 quem
3132 5684 3354 5739 laudare
3383 5685 3530 5747 vult,
3565 5686 3842 5740 attribua-

2224 5765 2351 5820 tur;
2384 5769 2505 5808 cum
2537 5770 2605 5809 ex
2640 5755 2937 5809 mobilitate
2959 5796 2971 5819 ,
3003 5765 3060 5808 ut
3088 5762 3206 5809 erat
3248 5766 3407 5820 ante,
3441 5756 3584 5810 nulla
3614 5756 3732 5809 laus
3764 5757 3843 5811 ad

2226 5827 2372 5883 diem
2403 5824 2637 5895 aliquem
2660 5826 2919 5881 accedere
2950 5826 3155 5895 possit,
3184 5830 3308 5895 quia
3338 5826 3443 5882 hoc
3469 5835 3551 5883 est
3583 5828 3849 5884 omnibus
