  <div class='ocr_page' id='page_1' title='image "/cluster/home/n/w/nwhite01/storage/ocr_20150623/7/hvd.32044096580352/151.png"; bbox 0 0 4058 6188; ppageno 0'>
   <div class='ocr_carea' id='block_1_1' title="bbox 506 139 609 196">
    <p class='ocr_par' dir='ltr' id='par_1_1' title="bbox 506 139 609 196">
     <span class='ocr_line' id='line_1_1' title="bbox 506 139 609 196; baseline 0 0"><span class='ocrx_word' id='word_1_1' title='bbox 506 139 609 196; x_wconf 76' lang='grc'>291</span> 
     </span>
    </p>
   </div>
   <div class='ocr_carea' id='block_1_2' title="bbox 1134 260 1928 320">
    <p class='ocr_par' dir='ltr' id='par_1_2' title="bbox 1134 260 1928 320">
     <span class='ocr_line' id='line_1_2' title="bbox 1134 260 1928 320; baseline 0.005 -6"><span class='ocrx_word' id='word_1_2' title='bbox 1134 260 1220 318; x_wconf 78' lang='grc'><strong>10.</strong></span> <span class='ocrx_word' id='word_1_3' title='bbox 1259 262 1484 320; x_wconf 71' lang='lat' dir='ltr'><strong>Clarias.</strong></span> <span class='ocrx_word' id='word_1_4' title='bbox 1925 315 1928 318; x_wconf 83' lang='lat'><strong>.</strong></span> 
     </span>
    </p>
   </div>
   <div class='ocr_carea' id='block_1_3' title="bbox 509 325 1990 423">
    <p class='ocr_par' dir='ltr' id='par_1_3' title="bbox 509 325 1990 423">
     <span class='ocr_line' id='line_1_3' title="bbox 509 325 1990 423; baseline 0.008 -20"><span class='ocrx_word' id='word_1_5' title='bbox 509 347 661 404; x_wconf 86' lang='lat' dir='ltr'><strong>Unda</strong></span> <span class='ocrx_word' id='word_1_6' title='bbox 694 349 764 404; x_wconf 79' lang='lat' dir='ltr'><strong>fui</strong></span> <span class='ocrx_word' id='word_1_7' title='bbox 789 349 1080 420; x_wconf 87' lang='lat' dir='ltr'><strong>quondam,</strong></span> <span class='ocrx_word' id='word_1_8' title='bbox 1107 347 1249 423; x_wconf 85' lang='lat' dir='ltr'><strong>qnod</strong></span> <span class='ocrx_word' id='word_1_9' title='bbox 1278 369 1363 411; x_wconf 81' lang='lat' dir='ltr'><strong>me</strong></span> <span class='ocrx_word' id='word_1_10' title='bbox 1390 358 1498 412; x_wconf 88' lang='lat' dir='ltr'><strong>cito</strong></span> <span class='ocrx_word' id='word_1_11' title='bbox 1528 325 1690 414; x_wconf 74' lang='lat' dir='ltr'><strong>credo</strong></span> <span class='ocrx_word' id='word_1_12' title='bbox 1721 355 1954 415; x_wconf 82' lang='lat' dir='ltr'><strong>futuram</strong></span> <span class='ocrx_word' id='word_1_13' title='bbox 1979 380 1990 414; x_wconf 88' lang='lat'><strong>:</strong></span> 
     </span>
    </p>
   </div>
   <div class='ocr_carea' id='block_1_4' title="bbox 505 439 1726 515">
    <p class='ocr_par' dir='ltr' id='par_1_4' title="bbox 505 439 1726 515">
     <span class='ocr_line' id='line_1_4' title="bbox 505 439 1726 515; baseline 0.009 -20"><span class='ocrx_word' id='word_1_14' title='bbox 505 439 658 497; x_wconf 87' lang='lat' dir='ltr'><strong>Nunc</strong></span> <span class='ocrx_word' id='word_1_15' title='bbox 689 441 839 512; x_wconf 79' lang='lat' dir='ltr'><strong>rigidi</strong></span> <span class='ocrx_word' id='word_1_16' title='bbox 869 439 992 499; x_wconf 87' lang='lat' dir='ltr'><strong>coeli</strong></span> <span class='ocrx_word' id='word_1_17' title='bbox 1019 442 1170 501; x_wconf 85' lang='lat' dir='ltr'><strong>duris</strong></span> <span class='ocrx_word' id='word_1_18' title='bbox 1213 461 1455 504; x_wconf 82' lang='lat' dir='ltr'><strong>connexa</strong></span> <span class='ocrx_word' id='word_1_19' title='bbox 1485 451 1690 506; x_wconf 88' lang='lat' dir='ltr'><strong>catenis</strong></span> <span class='ocrx_word' id='word_1_20' title='bbox 1713 494 1726 515; x_wconf 92' lang='lat'><strong>,</strong></span> 
     </span>
    </p>
   </div>
   <div class='ocr_carea' id='block_1_5' title="bbox 503 531 1780 606">
    <p class='ocr_par' dir='ltr' id='par_1_5' title="bbox 503 531 1780 606">
     <span class='ocr_line' id='line_1_5' title="bbox 503 531 1780 606; baseline 0.005 -17"><span class='ocrx_word' id='word_1_21' title='bbox 503 534 614 591; x_wconf 88' lang='lat' dir='ltr'><strong>Nec</strong></span> <span class='ocrx_word' id='word_1_22' title='bbox 635 531 838 590; x_wconf 83' lang='lat' dir='ltr'><strong>c‘alca‘ta</strong></span> <span class='ocrx_word' id='word_1_23' title='bbox 865 535 972 606; x_wconf 83' lang='lat' dir='ltr'><strong>pati</strong></span> <span class='ocrx_word' id='word_1_24' title='bbox 1005 535 1244 606; x_wconf 86' lang='lat' dir='ltr'><strong>possum,</strong></span> <span class='ocrx_word' id='word_1_25' title='bbox 1282 549 1381 595; x_wconf 88' lang='lat' dir='ltr'><strong>nec</strong></span> <span class='ocrx_word' id='word_1_26' title='bbox 1411 540 1552 595; x_wconf 81' lang='lat' dir='ltr'><strong>rtuda</strong></span> <span class='ocrx_word' id='word_1_27' title='bbox 1591 545 1780 596; x_wconf 77' lang='lat' dir='ltr'><strong>teucri.</strong></span> 
     </span>
    </p>
   </div>
   <div class='ocr_carea' id='block_1_6' title="bbox 984 635 1617 726">
    <p class='ocr_par' dir='ltr' id='par_1_6' title="bbox 984 635 1617 726">
     <span class='ocr_line' id='line_1_6' title="bbox 984 635 1617 726; baseline 0.009 -22"><span class='ocrx_word' id='word_1_28' title='bbox 984 635 1069 707; x_wconf 76' lang='grc' dir='ltr'>Η.</span> <span class='ocrx_word' id='word_1_29' title='bbox 1113 639 1333 709; x_wconf 68' lang='lat' dir='ltr'><strong>Flumen</strong></span> <span class='ocrx_word' id='word_1_30' title='bbox 1363 664 1412 710; x_wconf 87' lang='lat' dir='ltr'><strong>et</strong></span> <span class='ocrx_word' id='word_1_31' title='bbox 1443 643 1617 726; x_wconf 71' lang='lat' dir='ltr'><strong>piscis.</strong></span> 
     </span>
    </p>
   </div>
   <div class='ocr_carea' id='block_1_7' title="bbox 503 737 1891 818">
    <p class='ocr_par' dir='ltr' id='par_1_7' title="bbox 503 737 1891 818">
     <span class='ocr_line' id='line_1_7' title="bbox 503 737 1891 818; baseline 0.006 -22"><span class='ocrx_word' id='word_1_32' title='bbox 503 741 603 797; x_wconf 90' lang='lat' dir='ltr'><strong>Est</strong></span> <span class='ocrx_word' id='word_1_33' title='bbox 631 741 825 797; x_wconf 86' lang='lat' dir='ltr'><strong>domus</strong></span> <span class='ocrx_word' id='word_1_34' title='bbox 850 741 902 798; x_wconf 89' lang='lat' dir='ltr'><strong>in</strong></span> <span class='ocrx_word' id='word_1_35' title='bbox 929 737 1113 812; x_wconf 75' lang='lat' dir='ltr'><strong>terris,</strong></span> <span class='ocrx_word' id='word_1_36' title='bbox 1144 743 1288 802; x_wconf 88' lang='lat' dir='ltr'><strong>clara</strong></span> <span class='ocrx_word' id='word_1_37' title='bbox 1319 764 1438 818; x_wconf 85' lang='lat' dir='ltr'><strong>quae</strong></span> <span class='ocrx_word' id='word_1_38' title='bbox 1469 763 1603 804; x_wconf 90' lang='lat' dir='ltr'><strong>voce</strong></span> <span class='ocrx_word' id='word_1_39' title='bbox 1633 738 1891 804; x_wconf 72' lang='lat' dir='ltr'><strong>resultai:</strong></span> 
     </span>
    </p>
   </div>
   <div class='ocr_carea' id='block_1_8' title="bbox 503 832 2028 909">
    <p class='ocr_par' dir='ltr' id='par_1_8' title="bbox 503 832 2028 909">
     <span class='ocr_line' id='line_1_8' title="bbox 503 832 2028 909; baseline 0.005 -22"><span class='ocrx_word' id='word_1_40' title='bbox 503 832 621 903; x_wconf 86' lang='lat' dir='ltr'><strong>lpsa</strong></span> <span class='ocrx_word' id='word_1_41' title='bbox 652 833 847 889; x_wconf 91' lang='lat' dir='ltr'><strong>domus</strong></span> <span class='ocrx_word' id='word_1_42' title='bbox 874 845 1116 901; x_wconf 90' lang='lat' dir='ltr'><strong>resonat,</strong></span> <span class='ocrx_word' id='word_1_43' title='bbox 1153 839 1342 892; x_wconf 88' lang='lat' dir='ltr'><strong>tacitus</strong></span> <span class='ocrx_word' id='word_1_44' title='bbox 1364 839 1458 892; x_wconf 89' lang='lat' dir='ltr'><strong>sed</strong></span> <span class='ocrx_word' id='word_1_45' title='bbox 1483 853 1588 893; x_wconf 90' lang='lat' dir='ltr'><strong>non</strong></span> <span class='ocrx_word' id='word_1_46' title='bbox 1613 847 1768 894; x_wconf 91' lang='lat' dir='ltr'><strong>sonat</strong></span> <span class='ocrx_word' id='word_1_47' title='bbox 1799 840 2028 909; x_wconf 81' lang='lat' dir='ltr'><strong>hospes:</strong></span> 
     </span>
    </p>
   </div>
   <div class='ocr_carea' id='block_1_9' title="bbox 498 925 2026 1000">
    <p class='ocr_par' dir='ltr' id='par_1_9' title="bbox 498 925 2026 1000">
     <span class='ocr_line' id='line_1_9' title="bbox 498 925 2026 1000; baseline 0.002 -19"><span class='ocrx_word' id='word_1_48' title='bbox 498 925 677 982; x_wconf 84' lang='lat' dir='ltr'><strong>Ambo</strong></span> <span class='ocrx_word' id='word_1_49' title='bbox 699 937 884 983; x_wconf 81' lang='lat' dir='ltr'><strong>tamen</strong></span> <span class='ocrx_word' id='word_1_50' title='bbox 908 938 1156 995; x_wconf 88' lang='lat' dir='ltr'><strong>currunt,</strong></span> <span class='ocrx_word' id='word_1_51' title='bbox 1192 929 1390 1000; x_wconf 84' lang='lat' dir='ltr'><strong>hospes</strong></span> <span class='ocrx_word' id='word_1_52' title='bbox 1411 932 1572 986; x_wconf 81' lang='lat' dir='ltr'><strong>simul</strong></span> <span class='ocrx_word' id='word_1_53' title='bbox 1597 941 1652 986; x_wconf 88' lang='lat' dir='ltr'><strong>et</strong></span> <span class='ocrx_word' id='word_1_54' title='bbox 1679 930 1872 987; x_wconf 84' lang='lat' dir='ltr'><strong>domus</strong></span> <span class='ocrx_word' id='word_1_55' title='bbox 1903 947 2026 986; x_wconf 87' lang='lat' dir='ltr'><strong>una.</strong></span> 
     </span>
    </p>
   </div>
   <div class='ocr_carea' id='block_1_10' title="bbox 1176 1019 1428 1077">
    <p class='ocr_par' dir='ltr' id='par_1_10' title="bbox 1176 1019 1428 1077">
     <span class='ocr_line' id='line_1_10' title="bbox 1176 1019 1428 1077; baseline 0.004 -1"><span class='ocrx_word' id='word_1_56' title='bbox 1176 1019 1262 1076; x_wconf 68' lang='grc'>12.</span> <span class='ocrx_word' id='word_1_57' title='bbox 1301 1019 1428 1077; x_wconf 76' lang='lat' dir='ltr'><strong>Nix.</strong></span> 
     </span>
    </p>
   </div>
   <div class='ocr_carea' id='block_1_11' title="bbox 499 1105 1986 1186">
    <p class='ocr_par' dir='ltr' id='par_1_11' title="bbox 499 1105 1986 1186">
     <span class='ocr_line' id='line_1_11' title="bbox 499 1105 1986 1186; baseline 0.004 -21"><span class='ocrx_word' id='word_1_58' title='bbox 499 1105 683 1165; x_wconf 75' lang='lat' dir='ltr'><strong>Pu’lVis</strong></span> <span class='ocrx_word' id='word_1_59' title='bbox 712 1117 866 1182; x_wconf 61' lang='lat' dir='ltr'><strong>aqua:</strong></span> <span class='ocrx_word' id='word_1_60' title='bbox 903 1111 1077 1168; x_wconf 86' lang='lat' dir='ltr'><strong>tenuis</strong></span> <span class='ocrx_word' id='word_1_61' title='bbox 1109 1113 1323 1168; x_wconf 88' lang='lat' dir='ltr'><strong>modico</strong></span> <span class='ocrx_word' id='word_1_62' title='bbox 1352 1123 1471 1168; x_wconf 80' lang='lat' dir='ltr'><strong>Cum</strong></span> <span class='ocrx_word' id='word_1_63' title='bbox 1505 1113 1740 1184; x_wconf 86' lang='lat' dir='ltr'><strong>pondere</strong></span> <span class='ocrx_word' id='word_1_64' title='bbox 1770 1113 1986 1186; x_wconf 80' lang='lat' dir='ltr'><strong>lapSus,</strong></span> 
     </span>
    </p>
   </div>
   <div class='ocr_carea' id='block_1_12' title="bbox 500 1203 1885 1279">
    <p class='ocr_par' dir='ltr' id='par_1_12' title="bbox 500 1203 1885 1279">
     <span class='ocr_line' id='line_1_12' title="bbox 500 1203 1885 1279; baseline 0.004 -21"><span class='ocrx_word' id='word_1_65' title='bbox 500 1203 628 1266; x_wconf 86' lang='lat' dir='ltr'><strong>Sole</strong></span> <span class='ocrx_word' id='word_1_66' title='bbox 649 1205 896 1274; x_wconf 86' lang='lat' dir='ltr'><strong>madens,</strong></span> <span class='ocrx_word' id='word_1_67' title='bbox 925 1217 1113 1263; x_wconf 71' lang='lat' dir='ltr'><strong>testato</strong></span> <span class='ocrx_word' id='word_1_68' title='bbox 1134 1207 1330 1272; x_wconf 76' lang='lat' dir='ltr'><strong>fluens,</strong></span> <span class='ocrx_word' id='word_1_69' title='bbox 1362 1208 1414 1262; x_wconf 92' lang='lat' dir='ltr'><strong>in</strong></span> <span class='ocrx_word' id='word_1_70' title='bbox 1449 1208 1646 1279; x_wconf 78' lang='lat' dir='ltr'><strong>frigore</strong></span> <span class='ocrx_word' id='word_1_71' title='bbox 1674 1210 1851 1264; x_wconf 89' lang='lat' dir='ltr'><strong>siccus</strong></span> <span class='ocrx_word' id='word_1_72' title='bbox 1869 1253 1885 1276; x_wconf 90' lang='lat'><strong>,</strong></span> 
     </span>
    </p>
   </div>
   <div class='ocr_carea' id='block_1_13' title="bbox 502 1295 1858 1371">
    <p class='ocr_par' dir='ltr' id='par_1_13' title="bbox 502 1295 1858 1371">
     <span class='ocr_line' id='line_1_13' title="bbox 502 1295 1858 1371; baseline 0.001 -19"><span class='ocrx_word' id='word_1_73' title='bbox 502 1295 752 1352; x_wconf 83' lang='lat' dir='ltr'><strong>Flomiua‘</strong></span> <span class='ocrx_word' id='word_1_74' title='bbox 782 1298 1042 1364; x_wconf 71' lang='lat' dir='ltr'><strong>facturus,</strong></span> <span class='ocrx_word' id='word_1_75' title='bbox 1074 1305 1221 1354; x_wconf 82' lang='lat' dir='ltr'><strong>totas</strong></span> <span class='ocrx_word' id='word_1_76' title='bbox 1245 1301 1400 1369; x_wconf 82' lang='lat' dir='ltr'><strong>prius</strong></span> <span class='ocrx_word' id='word_1_77' title='bbox 1429 1311 1634 1371; x_wconf 85' lang='lat' dir='ltr'><strong>occupo</strong></span> <span class='ocrx_word' id='word_1_78' title='bbox 1665 1305 1858 1356; x_wconf 84' lang='lat' dir='ltr'><strong>terras.</strong></span> 
     </span>
    </p>
   </div>
   <div class='ocr_carea' id='block_1_14' title="bbox 733 1387 1449 1472">
    <p class='ocr_par' dir='ltr' id='par_1_14' title="bbox 733 1387 1449 1472">
     <span class='ocr_line' id='line_1_14' title="bbox 733 1387 1449 1472; baseline -0.006 -22"><span class='ocrx_word' id='word_1_79' title='bbox 733 1465 740 1470; x_wconf 94' lang='lat'><strong>_</strong></span> <span class='ocrx_word' id='word_1_80' title='bbox 1153 1389 1240 1447; x_wconf 77' lang='grc'><strong>15.</strong></span> <span class='ocrx_word' id='word_1_81' title='bbox 1265 1387 1449 1472; x_wconf 78' lang='lat' dir='ltr'><strong>Navis.</strong></span> 
     </span>
    </p>
   </div>
   <div class='ocr_carea' id='block_1_15' title="bbox 501 1475 1685 1554">
    <p class='ocr_par' dir='ltr' id='par_1_15' title="bbox 501 1475 1685 1554">
     <span class='ocr_line' id='line_1_15' title="bbox 501 1475 1685 1554; baseline -0.002 -10"><span class='ocrx_word' id='word_1_82' title='bbox 501 1475 684 1554; x_wconf 79' lang='lat' dir='ltr'><strong>Longa</strong></span> <span class='ocrx_word' id='word_1_83' title='bbox 713 1475 862 1541; x_wconf 73' lang='lat' dir='ltr'><strong>feror</strong></span> <span class='ocrx_word' id='word_1_84' title='bbox 893 1483 1051 1540; x_wconf 82' lang='lat' dir='ltr'><strong>velox</strong></span> <span class='ocrx_word' id='word_1_85' title='bbox 1083 1482 1338 1541; x_wconf 76' lang='lat' dir='ltr'><strong>formosae</strong></span> <span class='ocrx_word' id='word_1_86' title='bbox 1369 1485 1478 1542; x_wconf 90' lang='lat' dir='ltr'><strong>ﬁlia</strong></span> <span class='ocrx_word' id='word_1_87' title='bbox 1499 1487 1648 1542; x_wconf 65' lang='lat' dir='ltr'><strong>silvai</strong></span> <span class='ocrx_word' id='word_1_88' title='bbox 1669 1525 1685 1554; x_wconf 92' lang='lat'><strong>,</strong></span> 
     </span>
    </p>
   </div>
   <div class='ocr_carea' id='block_1_16' title="bbox 502 1575 1830 1648">
    <p class='ocr_par' dir='ltr' id='par_1_16' title="bbox 502 1575 1830 1648">
     <span class='ocr_line' id='line_1_16' title="bbox 502 1575 1830 1648; baseline 0.001 -17"><span class='ocrx_word' id='word_1_89' title='bbox 502 1575 790 1633; x_wconf 79' lang='lat' dir='ltr'><strong>lnnumera‘</strong></span> <span class='ocrx_word' id='word_1_90' title='bbox 819 1575 1014 1647; x_wconf 84' lang='lat' dir='ltr'><strong>pariter</strong></span> <span class='ocrx_word' id='word_1_91' title='bbox 1042 1579 1299 1634; x_wconf 85' lang='lat' dir='ltr'><strong>comitum</strong></span> <span class='ocrx_word' id='word_1_92' title='bbox 1324 1581 1557 1648; x_wconf 82' lang='lat' dir='ltr'><strong>stipante</strong></span> <span class='ocrx_word' id='word_1_93' title='bbox 1584 1585 1830 1635; x_wconf 69' lang='lat' dir='ltr'><strong>caterva:</strong></span> 
     </span>
    </p>
   </div>
   <div class='ocr_carea' id='block_1_17' title="bbox 501 1669 1851 1745">
    <p class='ocr_par' dir='ltr' id='par_1_17' title="bbox 501 1669 1851 1745">
     <span class='ocr_line' id='line_1_17' title="bbox 501 1669 1851 1745; baseline 0.001 -20"><span class='ocrx_word' id='word_1_94' title='bbox 501 1669 674 1726; x_wconf 84' lang='lat' dir='ltr'><strong>Curre</strong></span> <span class='ocrx_word' id='word_1_95' title='bbox 701 1671 814 1726; x_wconf 84' lang='lat' dir='ltr'><strong>vias</strong></span> <span class='ocrx_word' id='word_1_96' title='bbox 843 1671 1061 1737; x_wconf 92' lang='lat' dir='ltr'><strong>multas,</strong></span> <span class='ocrx_word' id='word_1_97' title='bbox 1089 1671 1313 1741; x_wconf 81' lang='lat' dir='ltr'><strong>vestigia</strong></span> <span class='ocrx_word' id='word_1_98' title='bbox 1341 1671 1488 1727; x_wconf 89' lang='lat' dir='ltr'><strong>nulla</strong></span> <span class='ocrx_word' id='word_1_99' title='bbox 1518 1673 1851 1745; x_wconf 79' lang='lat' dir='ltr'><strong>relinquens.</strong></span> 
     </span>
    </p>
   </div>
   <div class='ocr_carea' id='block_1_18' title="bbox 1046 1765 1572 1823">
    <p class='ocr_par' dir='ltr' id='par_1_18' title="bbox 1046 1765 1572 1823">
     <span class='ocr_line' id='line_1_18' title="bbox 1046 1765 1572 1823; baseline 0.008 -4"><span class='ocrx_word' id='word_1_100' title='bbox 1046 1765 1132 1820; x_wconf 71' lang='lat' dir='ltr'><strong>M.</strong></span> <span class='ocrx_word' id='word_1_101' title='bbox 1169 1765 1358 1820; x_wconf 75' lang='lat' dir='ltr'><strong>Pullus</strong></span> <span class='ocrx_word' id='word_1_102' title='bbox 1385 1766 1436 1820; x_wconf 79' lang='lat' dir='ltr'><strong>in</strong></span> <span class='ocrx_word' id='word_1_103' title='bbox 1457 1778 1572 1823; x_wconf 74' lang='lat' dir='ltr'><strong>ouo.</strong></span> 
     </span>
    </p>
   </div>
   <div class='ocr_carea' id='block_1_19' title="bbox 500 1855 1740 1928">
    <p class='ocr_par' dir='ltr' id='par_1_19' title="bbox 500 1855 1740 1928">
     <span class='ocr_line' id='line_1_19' title="bbox 500 1855 1740 1928; baseline 0.002 -17"><span class='ocrx_word' id='word_1_104' title='bbox 500 1855 631 1911; x_wconf 86' lang='lat' dir='ltr'><strong>Mira</strong></span> <span class='ocrx_word' id='word_1_105' title='bbox 666 1856 761 1910; x_wconf 91' lang='lat' dir='ltr'><strong>tibi</strong></span> <span class='ocrx_word' id='word_1_106' title='bbox 784 1864 1015 1912; x_wconf 76' lang='lat' dir='ltr'><strong>referam</strong></span> <span class='ocrx_word' id='word_1_107' title='bbox 1045 1865 1244 1912; x_wconf 70' lang='lat' dir='ltr'><strong>nostra:</strong></span> <span class='ocrx_word' id='word_1_108' title='bbox 1273 1858 1566 1928; x_wconf 88' lang='lat' dir='ltr'><strong>primordia</strong></span> <span class='ocrx_word' id='word_1_109' title='bbox 1595 1860 1740 1914; x_wconf 71' lang='lat' dir='ltr'><strong>vitae.</strong></span> 
     </span>
    </p>
   </div>
   <div class='ocr_carea' id='block_1_20' title="bbox 500 1949 2102 2017">
    <p class='ocr_par' dir='ltr' id='par_1_20' title="bbox 500 1949 2102 2017">
     <span class='ocr_line' id='line_1_20' title="bbox 500 1949 2102 2017; baseline 0.005 -13"><span class='ocrx_word' id='word_1_110' title='bbox 500 1949 748 2005; x_wconf 82' lang='lat' dir='ltr'><strong>Nondum</strong></span> <span class='ocrx_word' id='word_1_111' title='bbox 782 1961 936 2004; x_wconf 90' lang='lat' dir='ltr'><strong>natus</strong></span> <span class='ocrx_word' id='word_1_112' title='bbox 966 1966 1114 2006; x_wconf 85' lang='lat' dir='ltr'><strong>eram</strong></span> <span class='ocrx_word' id='word_1_113' title='bbox 1135 1993 1150 2017; x_wconf 93' lang='lat'><strong>,</strong></span> <span class='ocrx_word' id='word_1_114' title='bbox 1191 1967 1291 2007; x_wconf 90' lang='lat' dir='ltr'><strong>nec</strong></span> <span class='ocrx_word' id='word_1_115' title='bbox 1320 1967 1470 2008; x_wconf 89' lang='lat' dir='ltr'><strong>eram</strong></span> <span class='ocrx_word' id='word_1_116' title='bbox 1501 1962 1610 2007; x_wconf 91' lang='lat' dir='ltr'><strong>tum</strong></span> <span class='ocrx_word' id='word_1_117' title='bbox 1644 1955 1829 2010; x_wconf 89' lang='lat' dir='ltr'><strong>matris</strong></span> <span class='ocrx_word' id='word_1_118' title='bbox 1863 1955 1914 2009; x_wconf 93' lang='lat' dir='ltr'><strong>iu</strong></span> <span class='ocrx_word' id='word_1_119' title='bbox 1947 1957 2102 2013; x_wconf 86' lang='lat' dir='ltr'><strong>alvo:</strong></span> 
     </span>
    </p>
   </div>
   <div class='ocr_carea' id='block_1_21' title="bbox 499 2039 1826 2112">
    <p class='ocr_par' dir='ltr' id='par_1_21' title="bbox 499 2039 1826 2112">
     <span class='ocr_line' id='line_1_21' title="bbox 499 2039 1826 2112; baseline 0.002 -16"><span class='ocrx_word' id='word_1_120' title='bbox 499 2039 620 2096; x_wconf 83' lang='lat' dir='ltr'><strong>Jam</strong></span> <span class='ocrx_word' id='word_1_121' title='bbox 652 2040 823 2112; x_wconf 87' lang='lat' dir='ltr'><strong>posito</strong></span> <span class='ocrx_word' id='word_1_122' title='bbox 852 2051 1039 2112; x_wconf 71' lang='lat' dir='ltr'><strong>partu,</strong></span> <span class='ocrx_word' id='word_1_123' title='bbox 1060 2052 1246 2096; x_wconf 86' lang='lat' dir='ltr'><strong>natum</strong></span> <span class='ocrx_word' id='word_1_124' title='bbox 1275 2058 1363 2097; x_wconf 89' lang='lat' dir='ltr'><strong>me</strong></span> <span class='ocrx_word' id='word_1_125' title='bbox 1394 2059 1556 2100; x_wconf 90' lang='lat' dir='ltr'><strong>nemo</strong></span> <span class='ocrx_word' id='word_1_126' title='bbox 1591 2039 1826 2101; x_wconf 83' lang='lat' dir='ltr'><strong>videbat.</strong></span> 
     </span>
    </p>
   </div>
   <div class='ocr_carea' id='block_1_22' title="bbox 1131 2133 1471 2204">
    <p class='ocr_par' dir='ltr' id='par_1_22' title="bbox 1131 2133 1471 2204">
     <span class='ocr_line' id='line_1_22' title="bbox 1131 2133 1471 2204; baseline 0 -14"><span class='ocrx_word' id='word_1_127' title='bbox 1131 2135 1222 2191; x_wconf 78' lang='grc'>15.</span> <span class='ocrx_word' id='word_1_128' title='bbox 1265 2133 1471 2204; x_wconf 85' lang='lat' dir='ltr'><strong>Vipera.</strong></span> 
     </span>
    </p>
   </div>
   <div class='ocr_carea' id='block_1_23' title="bbox 497 2227 1816 2298">
    <p class='ocr_par' dir='ltr' id='par_1_23' title="bbox 497 2227 1816 2298">
     <span class='ocr_line' id='line_1_23' title="bbox 497 2227 1816 2298; baseline 0.001 -15"><span class='ocrx_word' id='word_1_129' title='bbox 497 2227 612 2283; x_wconf 90' lang='lat' dir='ltr'><strong>Non</strong></span> <span class='ocrx_word' id='word_1_130' title='bbox 643 2242 862 2298; x_wconf 91' lang='lat' dir='ltr'><strong>possum</strong></span> <span class='ocrx_word' id='word_1_131' title='bbox 886 2229 1060 2294; x_wconf 88' lang='lat' dir='ltr'><strong>nasci,</strong></span> <span class='ocrx_word' id='word_1_132' title='bbox 1087 2227 1132 2282; x_wconf 88' lang='lat' dir='ltr'><strong>si</strong></span> <span class='ocrx_word' id='word_1_133' title='bbox 1157 2243 1262 2282; x_wconf 91' lang='lat' dir='ltr'><strong>non</strong></span> <span class='ocrx_word' id='word_1_134' title='bbox 1293 2229 1544 2284; x_wconf 84' lang='lat' dir='ltr'><strong>occidero</strong></span> <span class='ocrx_word' id='word_1_135' title='bbox 1567 2238 1816 2286; x_wconf 84' lang='lat' dir='ltr'><strong>matrem.</strong></span> 
     </span>
    </p>
   </div>
   <div class='ocr_carea' id='block_1_24' title="bbox 500 2319 1857 2376">
    <p class='ocr_par' dir='ltr' id='par_1_24' title="bbox 500 2319 1857 2376">
     <span class='ocr_line' id='line_1_24' title="bbox 500 2319 1857 2376; baseline 0 0"><span class='ocrx_word' id='word_1_136' title='bbox 500 2320 684 2376; x_wconf 86' lang='lat' dir='ltr'><strong>Occidi</strong></span> <span class='ocrx_word' id='word_1_137' title='bbox 727 2330 955 2375; x_wconf 85' lang='lat' dir='ltr'><strong>matrem</strong></span> <span class='ocrx_word' id='word_1_138' title='bbox 991 2338 1002 2372; x_wconf 93' lang='lat'>:</span> <span class='ocrx_word' id='word_1_139' title='bbox 1033 2319 1128 2375; x_wconf 90' lang='lat' dir='ltr'><strong>sed</strong></span> <span class='ocrx_word' id='word_1_140' title='bbox 1159 2335 1246 2375; x_wconf 90' lang='lat' dir='ltr'><strong>me</strong></span> <span class='ocrx_word' id='word_1_141' title='bbox 1276 2330 1458 2376; x_wconf 90' lang='lat' dir='ltr'><strong>manet</strong></span> <span class='ocrx_word' id='word_1_142' title='bbox 1485 2322 1664 2376; x_wconf 85' lang='lat' dir='ltr'><strong>exitus</strong></span> <span class='ocrx_word' id='word_1_143' title='bbox 1690 2321 1857 2376; x_wconf 87' lang='lat' dir='ltr'><strong>idem.</strong></span> 
     </span>
    </p>
   </div>
   <div class='ocr_carea' id='block_1_25' title="bbox 500 2411 1941 2485">
    <p class='ocr_par' dir='ltr' id='par_1_25' title="bbox 500 2411 1941 2485">
     <span class='ocr_line' id='line_1_25' title="bbox 500 2411 1941 2485; baseline 0.001 -18"><span class='ocrx_word' id='word_1_144' title='bbox 500 2411 558 2470; x_wconf 87' lang='lat' dir='ltr'><strong>Id</strong></span> <span class='ocrx_word' id='word_1_145' title='bbox 584 2429 700 2469; x_wconf 81' lang='lat' dir='ltr'><strong>mea</strong></span> <span class='ocrx_word' id='word_1_146' title='bbox 732 2428 877 2468; x_wconf 88' lang='lat' dir='ltr'><strong>mors</strong></span> <span class='ocrx_word' id='word_1_147' title='bbox 909 2413 1129 2485; x_wconf 86' lang='lat' dir='ltr'><strong>patitur,</strong></span> <span class='ocrx_word' id='word_1_148' title='bbox 1161 2413 1304 2484; x_wconf 91' lang='lat' dir='ltr'><strong>quod</strong></span> <span class='ocrx_word' id='word_1_149' title='bbox 1331 2413 1440 2483; x_wconf 85' lang='lat' dir='ltr'><strong>jam</strong></span> <span class='ocrx_word' id='word_1_150' title='bbox 1471 2429 1590 2470; x_wconf 89' lang='lat' dir='ltr'><strong>mea</strong></span> <span class='ocrx_word' id='word_1_151' title='bbox 1622 2413 1747 2469; x_wconf 78' lang='lat' dir='ltr'><strong>fecit</strong></span> <span class='ocrx_word' id='word_1_152' title='bbox 1768 2414 1941 2485; x_wconf 82' lang='lat' dir='ltr'><strong>origo.</strong></span> 
     </span>
    </p>
   </div>
   <div class='ocr_carea' id='block_1_26' title="bbox 1149 2504 1454 2562">
    <p class='ocr_par' dir='ltr' id='par_1_26' title="bbox 1149 2504 1454 2562">
     <span class='ocr_line' id='line_1_26' title="bbox 1149 2504 1454 2562; baseline -0.007 0"><span class='ocrx_word' id='word_1_153' title='bbox 1149 2505 1238 2562; x_wconf 75' lang='grc'><strong>16.</strong></span> <span class='ocrx_word' id='word_1_154' title='bbox 1273 2504 1454 2560; x_wconf 85' lang='lat' dir='ltr'><strong>Tinea.</strong></span> 
     </span>
    </p>
   </div>
   <div class='ocr_carea' id='block_1_27' title="bbox 501 2597 1776 2670">
    <p class='ocr_par' dir='ltr' id='par_1_27' title="bbox 501 2597 1776 2670">
     <span class='ocr_line' id='line_1_27' title="bbox 501 2597 1776 2670; baseline -0.004 -14"><span class='ocrx_word' id='word_1_155' title='bbox 501 2600 710 2656; x_wconf 88' lang='lat' dir='ltr'><strong>Littera</strong></span> <span class='ocrx_word' id='word_1_156' title='bbox 735 2615 823 2656; x_wconf 91' lang='lat' dir='ltr'><strong>me</strong></span> <span class='ocrx_word' id='word_1_157' title='bbox 847 2599 1014 2670; x_wconf 85' lang='lat' dir='ltr'><strong>pavit,</strong></span> <span class='ocrx_word' id='word_1_158' title='bbox 1042 2613 1142 2654; x_wconf 91' lang='lat' dir='ltr'><strong>nec</strong></span> <span class='ocrx_word' id='word_1_159' title='bbox 1173 2598 1302 2669; x_wconf 89' lang='lat' dir='ltr'><strong>quid</strong></span> <span class='ocrx_word' id='word_1_160' title='bbox 1332 2599 1401 2652; x_wconf 88' lang='lat' dir='ltr'><strong>sit</strong></span> <span class='ocrx_word' id='word_1_161' title='bbox 1430 2597 1608 2653; x_wconf 83' lang='lat' dir='ltr'><strong>littera</strong></span> <span class='ocrx_word' id='word_1_162' title='bbox 1630 2597 1776 2652; x_wconf 88' lang='lat' dir='ltr'><strong>novi.</strong></span> 
     </span>
    </p>
   </div>
   <div class='ocr_carea' id='block_1_28' title="bbox 498 2688 1656 2762">
    <p class='ocr_par' dir='ltr' id='par_1_28' title="bbox 498 2688 1656 2762">
     <span class='ocr_line' id='line_1_28' title="bbox 498 2688 1656 2762; baseline -0.003 -15"><span class='ocrx_word' id='word_1_163' title='bbox 498 2693 555 2748; x_wconf 92' lang='lat' dir='ltr'><strong>ln</strong></span> <span class='ocrx_word' id='word_1_164' title='bbox 579 2692 730 2748; x_wconf 89' lang='lat' dir='ltr'><strong>libris</strong></span> <span class='ocrx_word' id='word_1_165' title='bbox 753 2693 882 2762; x_wconf 91' lang='lat' dir='ltr'><strong>vixi,</strong></span> <span class='ocrx_word' id='word_1_166' title='bbox 912 2707 1012 2747; x_wconf 88' lang='lat' dir='ltr'><strong>nec</strong></span> <span class='ocrx_word' id='word_1_167' title='bbox 1042 2705 1161 2746; x_wconf 90' lang='lat' dir='ltr'><strong>sum</strong></span> <span class='ocrx_word' id='word_1_168' title='bbox 1192 2690 1486 2745; x_wconf 87' lang='lat' dir='ltr'><strong>studiosior</strong></span> <span class='ocrx_word' id='word_1_169' title='bbox 1509 2688 1656 2744; x_wconf 92' lang='lat' dir='ltr'><strong>inde.</strong></span> 
     </span>
    </p>
   </div>
   <div class='ocr_carea' id='block_1_29' title="bbox 497 2781 1848 2853">
    <p class='ocr_par' dir='ltr' id='par_1_29' title="bbox 497 2781 1848 2853">
     <span class='ocr_line' id='line_1_29' title="bbox 497 2781 1848 2853; baseline -0.007 -9"><span class='ocrx_word' id='word_1_170' title='bbox 497 2787 666 2844; x_wconf 81' lang='lat' dir='ltr'><strong>Exedi</strong></span> <span class='ocrx_word' id='word_1_171' title='bbox 693 2786 894 2853; x_wconf 79' lang='lat' dir='ltr'><strong>Musas,</strong></span> <span class='ocrx_word' id='word_1_172' title='bbox 928 2799 1028 2842; x_wconf 88' lang='lat' dir='ltr'><strong>nec</strong></span> <span class='ocrx_word' id='word_1_173' title='bbox 1056 2784 1235 2840; x_wconf 90' lang='lat' dir='ltr'><strong>adhuc</strong></span> <span class='ocrx_word' id='word_1_174' title='bbox 1262 2793 1441 2839; x_wconf 86' lang='lat' dir='ltr'><strong>tamen</strong></span> <span class='ocrx_word' id='word_1_175' title='bbox 1471 2782 1586 2853; x_wconf 88' lang='lat' dir='ltr'><strong>ipsa</strong></span> <span class='ocrx_word' id='word_1_176' title='bbox 1621 2781 1848 2853; x_wconf 82' lang='lat' dir='ltr'><strong>profeci.</strong></span> 
     </span>
    </p>
   </div>
   <div class='ocr_carea' id='block_1_30' title="bbox 1147 2877 1491 2932">
    <p class='ocr_par' dir='ltr' id='par_1_30' title="bbox 1147 2877 1491 2932">
     <span class='ocr_line' id='line_1_30' title="bbox 1147 2877 1491 2932; baseline -0.006 0"><span class='ocrx_word' id='word_1_177' title='bbox 1147 2878 1234 2932; x_wconf 82' lang='grc'><strong>17.</strong></span> <span class='ocrx_word' id='word_1_178' title='bbox 1268 2877 1491 2931; x_wconf 81' lang='lat' dir='ltr'><strong>Aranea.</strong></span> 
     </span>
    </p>
   </div>
   <div class='ocr_carea' id='block_1_31' title="bbox 496 2969 1727 3030">
    <p class='ocr_par' dir='ltr' id='par_1_31' title="bbox 496 2969 1727 3030">
     <span class='ocr_line' id='line_1_31' title="bbox 496 2969 1727 3030; baseline -0.006 -2"><span class='ocrx_word' id='word_1_179' title='bbox 496 2972 674 3030; x_wconf 88' lang='lat' dir='ltr'><strong>Pallas</strong></span> <span class='ocrx_word' id='word_1_180' title='bbox 697 2987 786 3027; x_wconf 90' lang='lat' dir='ltr'><strong>me</strong></span> <span class='ocrx_word' id='word_1_181' title='bbox 813 2969 996 3026; x_wconf 82' lang='lat' dir='ltr'><strong>docuit</strong></span> <span class='ocrx_word' id='word_1_182' title='bbox 1023 2969 1240 3025; x_wconf 79' lang='lat' dir='ltr'><strong>texendi</strong></span> <span class='ocrx_word' id='word_1_183' title='bbox 1273 2984 1434 3026; x_wconf 86' lang='lat' dir='ltr'><strong>nosse</strong></span> <span class='ocrx_word' id='word_1_184' title='bbox 1464 2969 1727 3024; x_wconf 87' lang='lat' dir='ltr'><strong>laborem.</strong></span> 
     </span>
    </p>
   </div>
   <div class='ocr_carea' id='block_1_32' title="bbox 498 3061 1726 3137">
    <p class='ocr_par' dir='ltr' id='par_1_32' title="bbox 498 3061 1726 3137">
     <span class='ocr_line' id='line_1_32' title="bbox 498 3061 1726 3137; baseline -0.007 -14"><span class='ocrx_word' id='word_1_185' title='bbox 498 3067 611 3123; x_wconf 71' lang='lat' dir='ltr'><strong>Nec</strong></span> <span class='ocrx_word' id='word_1_186' title='bbox 641 3065 782 3137; x_wconf 88' lang='lat' dir='ltr'><strong>pepli</strong></span> <span class='ocrx_word' id='word_1_187' title='bbox 813 3063 992 3121; x_wconf 90' lang='lat' dir='ltr'><strong>radios</strong></span> <span class='ocrx_word' id='word_1_188' title='bbox 1024 3073 1277 3134; x_wconf 89' lang='lat' dir='ltr'><strong>poscunt,</strong></span> <span class='ocrx_word' id='word_1_189' title='bbox 1306 3078 1410 3118; x_wconf 90' lang='lat' dir='ltr'><strong>nec</strong></span> <span class='ocrx_word' id='word_1_190' title='bbox 1439 3062 1558 3117; x_wconf 90' lang='lat' dir='ltr'><strong>licia</strong></span> <span class='ocrx_word' id='word_1_191' title='bbox 1583 3061 1726 3116; x_wconf 69' lang='lat' dir='ltr'><strong>telae.</strong></span> 
     </span>
    </p>
   </div>
   <div class='ocr_carea' id='block_1_33' title="bbox 495 3149 2096 3225">
    <p class='ocr_par' dir='ltr' id='par_1_33' title="bbox 495 3149 2096 3225">
     <span class='ocr_line' id='line_1_33' title="bbox 495 3149 2096 3225; baseline -0.006 -11"><span class='ocrx_word' id='word_1_192' title='bbox 495 3157 652 3214; x_wconf 88' lang='lat' dir='ltr'><strong>Nulla</strong></span> <span class='ocrx_word' id='word_1_193' title='bbox 683 3157 812 3213; x_wconf 91' lang='lat' dir='ltr'><strong>mihi</strong></span> <span class='ocrx_word' id='word_1_194' title='bbox 843 3171 1034 3212; x_wconf 91' lang='lat' dir='ltr'><strong>manus</strong></span> <span class='ocrx_word' id='word_1_195' title='bbox 1062 3165 1172 3221; x_wconf 79' lang='lat' dir='ltr'><strong>est,</strong></span> <span class='ocrx_word' id='word_1_196' title='bbox 1226 3153 1456 3225; x_wconf 89' lang='lat' dir='ltr'><strong>pedibus</strong></span> <span class='ocrx_word' id='word_1_197' title='bbox 1497 3163 1680 3208; x_wconf 89' lang='lat' dir='ltr'><strong>tamen</strong></span> <span class='ocrx_word' id='word_1_198' title='bbox 1722 3151 1902 3207; x_wconf 88' lang='lat' dir='ltr'><strong>omnia</strong></span> <span class='ocrx_word' id='word_1_199' title='bbox 1945 3149 2096 3205; x_wconf 88' lang='lat' dir='ltr'><strong>ﬁunt.</strong></span> 
     </span>
    </p>
   </div>
   <div class='ocr_carea' id='block_1_34' title="bbox 1111 3236 1797 3303">
    <p class='ocr_par' dir='ltr' id='par_1_34' title="bbox 1111 3236 1797 3303">
     <span class='ocr_line' id='line_1_34' title="bbox 1111 3236 1797 3303; baseline -0.001 0"><span class='ocrx_word' id='word_1_200' title='bbox 1111 3247 1201 3303; x_wconf 78' lang='grc'><strong>18.</strong></span> <span class='ocrx_word' id='word_1_201' title='bbox 1249 3245 1490 3301; x_wconf 77' lang='lat' dir='ltr'><strong>Cocltlca.</strong></span> <span class='ocrx_word' id='word_1_202' title='bbox 1788 3236 1797 3239; x_wconf 47' lang='grc'><em>’</em></span> 
     </span>
    </p>
   </div>
   <div class='ocr_carea' id='block_1_35' title="bbox 495 3339 1934 3408">
    <p class='ocr_par' dir='ltr' id='par_1_35' title="bbox 495 3339 1934 3408">
     <span class='ocr_line' id='line_1_35' title="bbox 495 3339 1934 3408; baseline -0.006 -9"><span class='ocrx_word' id='word_1_203' title='bbox 495 3341 663 3399; x_wconf 90' lang='lat' dir='ltr'><strong>Porto</strong></span> <span class='ocrx_word' id='word_1_204' title='bbox 686 3340 906 3396; x_wconf 90' lang='lat' dir='ltr'><strong>domum</strong></span> <span class='ocrx_word' id='word_1_205' title='bbox 938 3353 1170 3404; x_wconf 88' lang='lat' dir='ltr'><strong>mecum,</strong></span> <span class='ocrx_word' id='word_1_206' title='bbox 1205 3353 1421 3408; x_wconf 81' lang='lat' dir='ltr'><strong>semper</strong></span> <span class='ocrx_word' id='word_1_207' title='bbox 1447 3339 1682 3407; x_wconf 87' lang='lat' dir='ltr'><strong>migrare</strong></span> <span class='ocrx_word' id='word_1_208' title='bbox 1712 3344 1893 3406; x_wconf 86' lang='lat' dir='ltr'><strong>parata</strong></span> <span class='ocrx_word' id='word_1_209' title='bbox 1915 3377 1934 3405; x_wconf 89' lang='lat'><strong>,</strong></span> 
     </span>
    </p>
   </div>
   <div class='ocr_carea' id='block_1_36' title="bbox 498 3429 1798 3504">
    <p class='ocr_par' dir='ltr' id='par_1_36' title="bbox 498 3429 1798 3504">
     <span class='ocr_line' id='line_1_36' title="bbox 498 3429 1798 3504; baseline -0.007 -14"><span class='ocrx_word' id='word_1_210' title='bbox 498 3433 809 3504; x_wconf 86' lang='lat' dir='ltr'><strong>Mutatoque</strong></span> <span class='ocrx_word' id='word_1_211' title='bbox 837 3433 956 3488; x_wconf 88' lang='lat' dir='ltr'><strong>solo</strong></span> <span class='ocrx_word' id='word_1_212' title='bbox 991 3447 1098 3488; x_wconf 90' lang='lat' dir='ltr'><strong>non</strong></span> <span class='ocrx_word' id='word_1_213' title='bbox 1120 3446 1240 3486; x_wconf 89' lang='lat' dir='ltr'><strong>sum</strong></span> <span class='ocrx_word' id='word_1_214' title='bbox 1271 3430 1593 3485; x_wconf 84' lang='lat' dir='ltr'><strong>miserabilis</strong></span> <span class='ocrx_word' id='word_1_215' title='bbox 1611 3429 1798 3494; x_wconf 88' lang='lat' dir='ltr'><strong>exsul,</strong></span> 
     </span>
    </p>
   </div>
   <div class='ocr_carea' id='block_1_37' title="bbox 497 3522 1773 3592">
    <p class='ocr_par' dir='ltr' id='par_1_37' title="bbox 497 3522 1773 3592">
     <span class='ocr_line' id='line_1_37' title="bbox 497 3522 1773 3592; baseline -0.007 -7"><span class='ocrx_word' id='word_1_216' title='bbox 497 3527 606 3585; x_wconf 88' lang='lat' dir='ltr'><strong>Sed</strong></span> <span class='ocrx_word' id='word_1_217' title='bbox 636 3526 767 3582; x_wconf 89' lang='lat' dir='ltr'><strong>mihi</strong></span> <span class='ocrx_word' id='word_1_218' title='bbox 796 3525 1085 3582; x_wconf 86' lang='lat' dir='ltr'><strong>consilium</strong></span> <span class='ocrx_word' id='word_1_219' title='bbox 1108 3524 1176 3580; x_wconf 90' lang='lat' dir='ltr'><strong>de</strong></span> <span class='ocrx_word' id='word_1_220' title='bbox 1204 3523 1346 3579; x_wconf 59' lang='lat' dir='ltr'><strong>coelo</strong></span> <span class='ocrx_word' id='word_1_221' title='bbox 1374 3523 1613 3579; x_wconf 87' lang='lat' dir='ltr'><strong>nascitur</strong></span> <span class='ocrx_word' id='word_1_222' title='bbox 1635 3522 1773 3592; x_wconf 89' lang='lat' dir='ltr'><strong>ipso.</strong></span> 
     </span>
    </p>
   </div>
   <div class='ocr_carea' id='block_1_38' title="bbox 1154 3621 1450 3679">
    <p class='ocr_par' dir='ltr' id='par_1_38' title="bbox 1154 3621 1450 3679">
     <span class='ocr_line' id='line_1_38' title="bbox 1154 3621 1450 3679; baseline -0.007 -1"><span class='ocrx_word' id='word_1_223' title='bbox 1154 3622 1242 3679; x_wconf 77' lang='grc'>19.</span> <span class='ocrx_word' id='word_1_224' title='bbox 1279 3621 1450 3677; x_wconf 86' lang='lat' dir='ltr'><strong>Rana.</strong></span> 
     </span>
    </p>
   </div>
   <div class='ocr_carea' id='block_1_39' title="bbox 496 3707 1918 3786">
    <p class='ocr_par' dir='ltr' id='par_1_39' title="bbox 496 3707 1918 3786">
     <span class='ocr_line' id='line_1_39' title="bbox 496 3707 1918 3786; baseline -0.005 -13"><span class='ocrx_word' id='word_1_225' title='bbox 496 3717 680 3773; x_wconf 76' lang='lat' dir='ltr'><strong>Rauca</strong></span> <span class='ocrx_word' id='word_1_226' title='bbox 711 3731 910 3772; x_wconf 89' lang='lat' dir='ltr'><strong>sonans</strong></span> <span class='ocrx_word' id='word_1_227' title='bbox 931 3728 1040 3786; x_wconf 73' lang='lat' dir='ltr'><strong>ego</strong></span> <span class='ocrx_word' id='word_1_228' title='bbox 1060 3730 1180 3770; x_wconf 91' lang='lat' dir='ltr'><strong>sum</strong></span> <span class='ocrx_word' id='word_1_229' title='bbox 1217 3707 1394 3770; x_wconf 83' lang='lat' dir='ltr'><strong>media</strong></span> <span class='ocrx_word' id='word_1_230' title='bbox 1421 3712 1624 3768; x_wconf 79' lang='lat' dir='ltr'><strong>vocalis</strong></span> <span class='ocrx_word' id='word_1_231' title='bbox 1651 3711 1707 3768; x_wconf 91' lang='lat' dir='ltr'><strong>in</strong></span> <span class='ocrx_word' id='word_1_232' title='bbox 1737 3711 1879 3767; x_wconf 91' lang='lat' dir='ltr'><strong>unda</strong></span> <span class='ocrx_word' id='word_1_233' title='bbox 1903 3729 1918 3776; x_wconf 86' lang='lat'><strong>;</strong></span> 
     </span>
    </p>
   </div>
   <div class='ocr_carea' id='block_1_40' title="bbox 496 3802 2097 3886">
    <p class='ocr_par' dir='ltr' id='par_1_40' title="bbox 496 3802 2097 3886">
     <span class='ocr_line' id='line_1_40' title="bbox 496 3802 2097 3886; baseline -0.005 -22"><span class='ocrx_word' id='word_1_234' title='bbox 496 3807 603 3886; x_wconf 85' lang='lat' dir='ltr'><strong>Sed</strong></span> <span class='ocrx_word' id='word_1_235' title='bbox 633 3817 737 3863; x_wconf 67' lang='lat' dir='ltr'><strong>VDx</strong></span> <span class='ocrx_word' id='word_1_236' title='bbox 780 3807 940 3862; x_wconf 84' lang='lat' dir='ltr'><strong>laude</strong></span> <span class='ocrx_word' id='word_1_237' title='bbox 969 3814 1150 3868; x_wconf 84' lang='lat' dir='ltr'><strong>sonat,</strong></span> <span class='ocrx_word' id='word_1_238' title='bbox 1187 3821 1290 3876; x_wconf 88' lang='lat' dir='ltr'><strong>qua</strong></span> <span class='ocrx_word' id='word_1_239' title='bbox 1320 3819 1380 3858; x_wconf 91' lang='lat' dir='ltr'><strong>se</strong></span> <span class='ocrx_word' id='word_1_240' title='bbox 1407 3818 1620 3874; x_wconf 90' lang='lat' dir='ltr'><strong>quoque</strong></span> <span class='ocrx_word' id='word_1_241' title='bbox 1651 3803 1834 3858; x_wconf 89' lang='lat' dir='ltr'><strong>laudet</strong></span> <span class='ocrx_word' id='word_1_242' title='bbox 1864 3810 1921 3858; x_wconf 89' lang='lat' dir='ltr'><strong>et</strong></span> <span class='ocrx_word' id='word_1_243' title='bbox 1945 3802 2097 3874; x_wconf 87' lang='lat' dir='ltr'><strong>ipsa:</strong></span> 
     </span>
    </p>
   </div>
   <div class='ocr_carea' id='block_1_41' title="bbox 495 3893 2097 3970">
    <p class='ocr_par' dir='ltr' id='par_1_41' title="bbox 495 3893 2097 3970">
     <span class='ocr_line' id='line_1_41' title="bbox 495 3893 2097 3970; baseline -0.005 -15"><span class='ocrx_word' id='word_1_244' title='bbox 495 3897 742 3970; x_wconf 87' lang='lat' dir='ltr'><strong>Cumque</strong></span> <span class='ocrx_word' id='word_1_245' title='bbox 774 3913 965 3954; x_wconf 86' lang='lat' dir='ltr'><strong>canam</strong></span> <span class='ocrx_word' id='word_1_246' title='bbox 993 3910 1229 3966; x_wconf 87' lang='lat' dir='ltr'><strong>semper,</strong></span> <span class='ocrx_word' id='word_1_247' title='bbox 1263 3895 1440 3950; x_wconf 90' lang='lat' dir='ltr'><strong>nullus</strong></span> <span class='ocrx_word' id='word_1_248' title='bbox 1468 3911 1591 3950; x_wconf 87' lang='lat' dir='ltr'><strong>mea</strong></span> <span class='ocrx_word' id='word_1_249' title='bbox 1611 3895 1852 3949; x_wconf 88' lang='lat' dir='ltr'><strong>carmina</strong></span> <span class='ocrx_word' id='word_1_250' title='bbox 1894 3893 2097 3948; x_wconf 83' lang='lat' dir='ltr'><strong>laudat.</strong></span> 
     </span>
    </p>
   </div>
   <div class='ocr_carea' id='block_1_42' title="bbox 977 3985 1496 4062">
    <p class='ocr_par' dir='ltr' id='par_1_42' title="bbox 977 3985 1496 4062">
     <span class='ocr_line' id='line_1_42' title="bbox 977 3985 1496 4062; baseline -0.01 -20"><span class='ocrx_word' id='word_1_251' title='bbox 977 4060 983 4062; x_wconf 93' lang='lat'>_</span> <span class='ocrx_word' id='word_1_252' title='bbox 1130 3986 1222 4041; x_wconf 86' lang='lat'><strong>20.</strong></span> <span class='ocrx_word' id='word_1_253' title='bbox 1251 3985 1496 4040; x_wconf 84' lang='lat' dir='ltr'><strong>Testudo.</strong></span> 
     </span>
    </p>
   </div>
   <div class='ocr_carea' id='block_1_43' title="bbox 501 4077 1831 4152">
    <p class='ocr_par' dir='ltr' id='par_1_43' title="bbox 501 4077 1831 4152">
     <span class='ocr_line' id='line_1_43' title="bbox 501 4077 1831 4152; baseline -0.002 -16"><span class='ocrx_word' id='word_1_254' title='bbox 501 4079 674 4136; x_wconf 87' lang='lat' dir='ltr'><strong>Tarda</strong></span> <span class='ocrx_word' id='word_1_255' title='bbox 704 4079 872 4152; x_wconf 91' lang='lat' dir='ltr'><strong>gradu</strong></span> <span class='ocrx_word' id='word_1_256' title='bbox 900 4079 1071 4146; x_wconf 88' lang='lat' dir='ltr'><strong>lento,</strong></span> <span class='ocrx_word' id='word_1_257' title='bbox 1105 4078 1359 4149; x_wconf 87' lang='lat' dir='ltr'><strong>specioso</strong></span> <span class='ocrx_word' id='word_1_258' title='bbox 1382 4077 1606 4147; x_wconf 83' lang='lat' dir='ltr'><strong>praedita</strong></span> <span class='ocrx_word' id='word_1_259' title='bbox 1636 4077 1831 4146; x_wconf 88' lang='lat' dir='ltr'><strong>dorso,</strong></span> 
     </span>
    </p>
   </div>
   <div class='ocr_carea' id='block_1_44' title="bbox 493 4169 1840 4243">
    <p class='ocr_par' dir='ltr' id='par_1_44' title="bbox 493 4169 1840 4243">
     <span class='ocr_line' id='line_1_44' title="bbox 493 4169 1840 4243; baseline -0.004 -15"><span class='ocrx_word' id='word_1_260' title='bbox 493 4172 656 4228; x_wconf 89' lang='lat' dir='ltr'><strong>Docta</strong></span> <span class='ocrx_word' id='word_1_261' title='bbox 684 4173 901 4243; x_wconf 89' lang='lat' dir='ltr'><strong>quidem</strong></span> <span class='ocrx_word' id='word_1_262' title='bbox 928 4169 1128 4239; x_wconf 79' lang='lat' dir='ltr'><strong>studio,</strong></span> <span class='ocrx_word' id='word_1_263' title='bbox 1157 4169 1252 4226; x_wconf 88' lang='lat' dir='ltr'><strong>sed</strong></span> <span class='ocrx_word' id='word_1_264' title='bbox 1274 4175 1421 4226; x_wconf 67' lang='lat' dir='ltr'><strong>saevo</strong></span> <span class='ocrx_word' id='word_1_265' title='bbox 1445 4169 1648 4239; x_wconf 86' lang='lat' dir='ltr'><strong>perdita</strong></span> <span class='ocrx_word' id='word_1_266' title='bbox 1684 4169 1792 4224; x_wconf 89' lang='lat' dir='ltr'><strong>l&#39;ato</strong></span> <span class='ocrx_word' id='word_1_267' title='bbox 1807 4210 1840 4237; x_wconf 52' lang='grc' dir='ltr'>ι</span> 
     </span>
    </p>
   </div>
   <div class='ocr_carea' id='block_1_45' title="bbox 494 4261 1842 4334">
    <p class='ocr_par' dir='ltr' id='par_1_45' title="bbox 494 4261 1842 4334">
     <span class='ocr_line' id='line_1_45' title="bbox 494 4261 1842 4334; baseline -0.004 -15"><span class='ocrx_word' id='word_1_268' title='bbox 494 4263 629 4320; x_wconf 75' lang='lat' dir='ltr'><strong>Viva</strong></span> <span class='ocrx_word' id='word_1_269' title='bbox 658 4264 795 4320; x_wconf 86' lang='lat' dir='ltr'><strong>nihil</strong></span> <span class='ocrx_word' id='word_1_270' title='bbox 826 4263 958 4332; x_wconf 88' lang='lat' dir='ltr'><strong>dixi,</strong></span> <span class='ocrx_word' id='word_1_271' title='bbox 983 4279 1106 4334; x_wconf 60' lang='lat' dir='ltr'><strong>qua</strong></span> <span class='ocrx_word' id='word_1_272' title='bbox 1131 4263 1211 4319; x_wconf 87' lang='lat' dir='ltr'><strong>sic</strong></span> <span class='ocrx_word' id='word_1_273' title='bbox 1233 4261 1394 4317; x_wconf 86' lang='lat' dir='ltr'><strong>modo</strong></span> <span class='ocrx_word' id='word_1_274' title='bbox 1421 4269 1635 4317; x_wconf 87' lang='lat' dir='ltr'><strong>mortua</strong></span> <span class='ocrx_word' id='word_1_275' title='bbox 1660 4270 1842 4316; x_wconf 90' lang='lat' dir='ltr'><strong>canto.</strong></span> 
     </span>
    </p>
   </div>
   <div class='ocr_carea' id='block_1_46' title="bbox 1137 4353 1448 4425">
    <p class='ocr_par' dir='ltr' id='par_1_46' title="bbox 1137 4353 1448 4425">
     <span class='ocr_line' id='line_1_46' title="bbox 1137 4353 1448 4425; baseline -0.01 -16"><span class='ocrx_word' id='word_1_276' title='bbox 1137 4355 1229 4409; x_wconf 75' lang='lat' dir='ltr'><strong>2i.</strong></span> <span class='ocrx_word' id='word_1_277' title='bbox 1253 4353 1448 4425; x_wconf 80' lang='lat' dir='ltr'><strong>Talpa.</strong></span> 
     </span>
    </p>
   </div>
   <div class='ocr_carea' id='block_1_47' title="bbox 493 4443 1732 4504">
    <p class='ocr_par' dir='ltr' id='par_1_47' title="bbox 493 4443 1732 4504">
     <span class='ocr_line' id='line_1_47' title="bbox 493 4443 1732 4504; baseline -0.002 -2"><span class='ocrx_word' id='word_1_278' title='bbox 493 4446 648 4504; x_wconf 68' lang='lat' dir='ltr'><strong>Caeca</strong></span> <span class='ocrx_word' id='word_1_279' title='bbox 681 4447 814 4503; x_wconf 89' lang='lat' dir='ltr'><strong>mihi</strong></span> <span class='ocrx_word' id='word_1_280' title='bbox 843 4447 1012 4503; x_wconf 80' lang='lat' dir='ltr'><strong>facies</strong></span> <span class='ocrx_word' id='word_1_281' title='bbox 1055 4447 1187 4502; x_wconf 87' lang='lat' dir='ltr'><strong>atris</strong></span> <span class='ocrx_word' id='word_1_282' title='bbox 1217 4447 1448 4502; x_wconf 85' lang='lat' dir='ltr'><strong>obscura</strong></span> <span class='ocrx_word' id='word_1_283' title='bbox 1472 4443 1732 4501; x_wconf 85' lang='lat' dir='ltr'><strong>tenebris.</strong></span> 
     </span>
    </p>
   </div>
   <div class='ocr_carea' id='block_1_48' title="bbox 492 4539 1869 4612">
    <p class='ocr_par' dir='ltr' id='par_1_48' title="bbox 492 4539 1869 4612">
     <span class='ocr_line' id='line_1_48' title="bbox 492 4539 1869 4612; baseline -0.002 -17"><span class='ocrx_word' id='word_1_284' title='bbox 492 4539 609 4596; x_wconf 84' lang='lat' dir='ltr'><strong>Nox</strong></span> <span class='ocrx_word' id='word_1_285' title='bbox 631 4551 716 4596; x_wconf 89' lang='lat' dir='ltr'><strong>est</strong></span> <span class='ocrx_word' id='word_1_286' title='bbox 740 4542 855 4612; x_wconf 90' lang='lat' dir='ltr'><strong>ipsa</strong></span> <span class='ocrx_word' id='word_1_287' title='bbox 885 4541 1025 4606; x_wconf 90' lang='lat' dir='ltr'><strong>dies,</strong></span> <span class='ocrx_word' id='word_1_288' title='bbox 1053 4555 1154 4596; x_wconf 85' lang='lat' dir='ltr'><strong>nec</strong></span> <span class='ocrx_word' id='word_1_289' title='bbox 1173 4540 1254 4595; x_wconf 90' lang='lat' dir='ltr'><strong>sol</strong></span> <span class='ocrx_word' id='word_1_290' title='bbox 1288 4539 1419 4594; x_wconf 90' lang='lat' dir='ltr'><strong>mihi</strong></span> <span class='ocrx_word' id='word_1_291' title='bbox 1442 4540 1682 4596; x_wconf 89' lang='lat' dir='ltr'><strong>cernitur</strong></span> <span class='ocrx_word' id='word_1_292' title='bbox 1708 4539 1869 4595; x_wconf 87' lang='lat' dir='ltr'><strong>ullus.</strong></span> 
     </span>
    </p>
   </div>
   <div class='ocr_carea' id='block_1_49' title="bbox 494 4630 1886 4703">
    <p class='ocr_par' dir='ltr' id='par_1_49' title="bbox 494 4630 1886 4703">
     <span class='ocr_line' id='line_1_49' title="bbox 494 4630 1886 4703; baseline -0.003 -15"><span class='ocrx_word' id='word_1_293' title='bbox 494 4631 636 4688; x_wconf 81' lang='lat' dir='ltr'><strong>Malo</strong></span> <span class='ocrx_word' id='word_1_294' title='bbox 663 4632 766 4703; x_wconf 85' lang='lat' dir='ltr'><strong>tegi</strong></span> <span class='ocrx_word' id='word_1_295' title='bbox 789 4640 932 4688; x_wconf 88' lang='lat' dir='ltr'><strong>terra</strong></span> <span class='ocrx_word' id='word_1_296' title='bbox 968 4649 984 4686; x_wconf 88' lang='lat'><strong>:</strong></span> <span class='ocrx_word' id='word_1_297' title='bbox 1011 4631 1089 4686; x_wconf 90' lang='lat' dir='ltr'><strong>sic</strong></span> <span class='ocrx_word' id='word_1_298' title='bbox 1119 4646 1206 4685; x_wconf 89' lang='lat' dir='ltr'><strong>me</strong></span> <span class='ocrx_word' id='word_1_299' title='bbox 1228 4645 1443 4700; x_wconf 89' lang='lat' dir='ltr'><strong>quoque</strong></span> <span class='ocrx_word' id='word_1_300' title='bbox 1474 4646 1632 4687; x_wconf 89' lang='lat' dir='ltr'><strong>nemo</strong></span> <span class='ocrx_word' id='word_1_301' title='bbox 1662 4630 1886 4687; x_wconf 87' lang='lat' dir='ltr'><strong>videbit.</strong></span> 
     </span>
    </p>
   </div>
   <div class='ocr_carea' id='block_1_50' title="bbox 1100 4720 1482 4776">
    <p class='ocr_par' dir='ltr' id='par_1_50' title="bbox 1100 4720 1482 4776">
     <span class='ocr_line' id='line_1_50' title="bbox 1100 4720 1482 4776; baseline -0.005 0"><span class='ocrx_word' id='word_1_302' title='bbox 1100 4721 1193 4776; x_wconf 81' lang='lat'><strong>22.</strong></span> <span class='ocrx_word' id='word_1_303' title='bbox 1219 4720 1482 4776; x_wconf 82' lang='lat' dir='ltr'><strong>Formica.</strong></span> 
     </span>
    </p>
   </div>
   <div class='ocr_carea' id='block_1_51' title="bbox 491 4813 1758 4886">
    <p class='ocr_par' dir='ltr' id='par_1_51' title="bbox 491 4813 1758 4886">
     <span class='ocr_line' id='line_1_51' title="bbox 491 4813 1758 4886; baseline -0.003 -13"><span class='ocrx_word' id='word_1_304' title='bbox 491 4816 724 4873; x_wconf 88' lang='lat' dir='ltr'><strong>Provida</strong></span> <span class='ocrx_word' id='word_1_305' title='bbox 746 4831 865 4873; x_wconf 85' lang='lat' dir='ltr'><strong>sum</strong></span> <span class='ocrx_word' id='word_1_306' title='bbox 891 4815 1038 4884; x_wconf 78' lang='lat' dir='ltr'><strong>vitze,</strong></span> <span class='ocrx_word' id='word_1_307' title='bbox 1071 4815 1210 4870; x_wconf 91' lang='lat' dir='ltr'><strong>duro</strong></span> <span class='ocrx_word' id='word_1_308' title='bbox 1233 4831 1339 4871; x_wconf 91' lang='lat' dir='ltr'><strong>non</strong></span> <span class='ocrx_word' id='word_1_309' title='bbox 1369 4814 1519 4886; x_wconf 82' lang='lat' dir='ltr'><strong>pigra</strong></span> <span class='ocrx_word' id='word_1_310' title='bbox 1545 4813 1716 4869; x_wconf 79' lang='lat' dir='ltr'><strong>labori</strong></span> <span class='ocrx_word' id='word_1_311' title='bbox 1742 4855 1758 4882; x_wconf 97' lang='lat'><strong>,</strong></span> 
     </span>
    </p>
   </div>
   <div class='ocr_carea' id='block_1_52' title="bbox 487 4904 1824 4978">
    <p class='ocr_par' dir='ltr' id='par_1_52' title="bbox 487 4904 1824 4978">
     <span class='ocr_line' id='line_1_52' title="bbox 487 4904 1824 4978; baseline -0.002 -17"><span class='ocrx_word' id='word_1_312' title='bbox 487 4905 609 4978; x_wconf 83' lang='lat' dir='ltr'><strong>Ipsa</strong></span> <span class='ocrx_word' id='word_1_313' title='bbox 638 4908 820 4964; x_wconf 85' lang='lat' dir='ltr'><strong>l‘erens</strong></span> <span class='ocrx_word' id='word_1_314' title='bbox 842 4905 1082 4963; x_wconf 89' lang='lat' dir='ltr'><strong>humeris</strong></span> <span class='ocrx_word' id='word_1_315' title='bbox 1110 4921 1315 4961; x_wconf 65' lang='lat' dir='ltr'><strong>securae</strong></span> <span class='ocrx_word' id='word_1_316' title='bbox 1343 4905 1560 4977; x_wconf 68' lang='lat' dir='ltr'><strong>praemia</strong></span> <span class='ocrx_word' id='word_1_317' title='bbox 1591 4904 1824 4959; x_wconf 67' lang='lat' dir='ltr'><strong>brumae:</strong></span> 
     </span>
    </p>
   </div>
   <div class='ocr_carea' id='block_1_53' title="bbox 489 4997 2088 5073">
    <p class='ocr_par' dir='ltr' id='par_1_53' title="bbox 489 4997 2088 5073">
     <span class='ocr_line' id='line_1_53' title="bbox 489 4997 2088 5073; baseline -0.003 -16"><span class='ocrx_word' id='word_1_318' title='bbox 489 5000 602 5057; x_wconf 82' lang='lat' dir='ltr'><strong>Nec</strong></span> <span class='ocrx_word' id='word_1_319' title='bbox 627 5011 760 5073; x_wconf 74' lang='lat' dir='ltr'><strong>gero</strong></span> <span class='ocrx_word' id='word_1_320' title='bbox 793 5007 990 5073; x_wconf 77' lang='lat' dir='ltr'><strong>magna</strong></span> <span class='ocrx_word' id='word_1_321' title='bbox 1016 5000 1202 5066; x_wconf 73' lang='lat' dir='ltr'><strong>sirrml,</strong></span> <span class='ocrx_word' id='word_1_322' title='bbox 1226 5000 1322 5056; x_wconf 81' lang='lat' dir='ltr'><strong>sed</strong></span> <span class='ocrx_word' id='word_1_323' title='bbox 1359 5013 1596 5072; x_wconf 76' lang='lat' dir='ltr'><strong>congero</strong></span> <span class='ocrx_word' id='word_1_324' title='bbox 1629 5000 1798 5054; x_wconf 70' lang='lat' dir='ltr'><strong>milita</strong></span> <span class='ocrx_word' id='word_1_325' title='bbox 1830 4997 2088 5056; x_wconf 76' lang='lat' dir='ltr'><strong>vicissim.</strong></span> 
     </span>
    </p>
   </div>
   <div class='ocr_carea' id='block_1_54' title="bbox 1115 5090 1457 5148">
    <p class='ocr_par' dir='ltr' id='par_1_54' title="bbox 1115 5090 1457 5148">
     <span class='ocr_line' id='line_1_54' title="bbox 1115 5090 1457 5148; baseline -0.006 -2"><span class='ocrx_word' id='word_1_326' title='bbox 1115 5090 1207 5148; x_wconf 76' lang='grc'><strong>25.</strong></span> <span class='ocrx_word' id='word_1_327' title='bbox 1257 5092 1457 5147; x_wconf 85' lang='lat' dir='ltr'><strong>Musca.</strong></span> 
     </span>
    </p>
   </div>
   <div class='ocr_carea' id='block_1_55' title="bbox 491 5177 2093 5259">
    <p class='ocr_par' dir='ltr' id='par_1_55' title="bbox 491 5177 2093 5259">
     <span class='ocr_line' id='line_1_55' title="bbox 491 5177 2093 5259; baseline -0.006 -14"><span class='ocrx_word' id='word_1_328' title='bbox 491 5181 740 5259; x_wconf 80' lang='lat' dir='ltr'><strong>lmproba</strong></span> <span class='ocrx_word' id='word_1_329' title='bbox 770 5202 910 5254; x_wconf 89' lang='lat' dir='ltr'><strong>sum,</strong></span> <span class='ocrx_word' id='word_1_330' title='bbox 937 5179 1144 5252; x_wconf 81' lang='lat' dir='ltr'><strong>fateor;</strong></span> <span class='ocrx_word' id='word_1_331' title='bbox 1171 5183 1300 5256; x_wconf 91' lang='lat' dir='ltr'><strong>quid</strong></span> <span class='ocrx_word' id='word_1_332' title='bbox 1322 5186 1464 5240; x_wconf 88' lang='lat' dir='ltr'><strong>enim</strong></span> <span class='ocrx_word' id='word_1_333' title='bbox 1494 5183 1619 5254; x_wconf 87' lang='lat' dir='ltr'><strong>gula</strong></span> <span class='ocrx_word' id='word_1_334' title='bbox 1654 5193 1809 5253; x_wconf 89' lang='lat' dir='ltr'><strong>turpe</strong></span> <span class='ocrx_word' id='word_1_335' title='bbox 1828 5177 2046 5240; x_wconf 85' lang='lat' dir='ltr'><strong>veretur</strong></span> <span class='ocrx_word' id='word_1_336' title='bbox 2067 5183 2093 5236; x_wconf 70' lang='grc' dir='ltr'><strong>’ἔ</strong></span> 
     </span>
    </p>
   </div>
   <div class='ocr_carea' id='block_1_56' title="bbox 490 5281 1832 5353">
    <p class='ocr_par' dir='ltr' id='par_1_56' title="bbox 490 5281 1832 5353">
     <span class='ocr_line' id='line_1_56' title="bbox 490 5281 1832 5353; baseline -0.007 -14"><span class='ocrx_word' id='word_1_337' title='bbox 490 5283 715 5353; x_wconf 75' lang='lat' dir='ltr'><strong>Frigora</strong></span> <span class='ocrx_word' id='word_1_338' title='bbox 746 5281 1003 5346; x_wconf 83' lang='lat' dir='ltr'><strong>vitabam,</strong></span> <span class='ocrx_word' id='word_1_339' title='bbox 1028 5295 1148 5350; x_wconf 67' lang='lat' dir='ltr'><strong>qua:</strong></span> <span class='ocrx_word' id='word_1_340' title='bbox 1170 5292 1314 5333; x_wconf 91' lang='lat' dir='ltr'><strong>nunc</strong></span> <span class='ocrx_word' id='word_1_341' title='bbox 1339 5285 1530 5333; x_wconf 74' lang='lat' dir='ltr'><strong>aestate</strong></span> <span class='ocrx_word' id='word_1_342' title='bbox 1555 5285 1832 5331; x_wconf 87' lang='lat' dir='ltr'><strong>revertor:</strong></span> 
     </span>
    </p>
   </div>
   <div class='ocr_carea' id='block_1_57' title="bbox 488 5369 1799 5432">
    <p class='ocr_par' dir='ltr' id='par_1_57' title="bbox 488 5369 1799 5432">
     <span class='ocr_line' id='line_1_57' title="bbox 488 5369 1799 5432; baseline -0.006 -1"><span class='ocrx_word' id='word_1_343' title='bbox 488 5375 606 5432; x_wconf 79' lang='lat' dir='ltr'><strong>Sed</strong></span> <span class='ocrx_word' id='word_1_344' title='bbox 624 5376 734 5430; x_wconf 89' lang='lat' dir='ltr'><strong>cito</strong></span> <span class='ocrx_word' id='word_1_345' title='bbox 759 5384 1104 5428; x_wconf 85' lang='lat' dir='ltr'><strong>summoveor</strong></span> <span class='ocrx_word' id='word_1_346' title='bbox 1134 5371 1272 5424; x_wconf 80' lang='lat' dir='ltr'><strong>falso</strong></span> <span class='ocrx_word' id='word_1_347' title='bbox 1301 5369 1590 5426; x_wconf 86' lang='lat' dir='ltr'><strong>conterrita</strong></span> <span class='ocrx_word' id='word_1_348' title='bbox 1618 5378 1799 5423; x_wconf 81' lang='lat' dir='ltr'><strong>vento.</strong></span> 
     </span>
    </p>
   </div>
   <div class='ocr_carea' id='block_1_58' title="bbox 1102 5461 1480 5516">
    <p class='ocr_par' dir='ltr' id='par_1_58' title="bbox 1102 5461 1480 5516">
     <span class='ocr_line' id='line_1_58' title="bbox 1102 5461 1480 5516; baseline -0.003 0"><span class='ocrx_word' id='word_1_349' title='bbox 1102 5461 1194 5516; x_wconf 73' lang='grc'>24.</span> <span class='ocrx_word' id='word_1_350' title='bbox 1223 5462 1480 5516; x_wconf 81' lang='lat' dir='ltr'><strong>Curculio.</strong></span> 
     </span>
    </p>
   </div>
   <div class='ocr_carea' id='block_1_59' title="bbox 490 5554 1917 5628">
    <p class='ocr_par' dir='ltr' id='par_1_59' title="bbox 490 5554 1917 5628">
     <span class='ocr_line' id='line_1_59' title="bbox 490 5554 1917 5628; baseline -0.007 -11"><span class='ocrx_word' id='word_1_351' title='bbox 490 5561 608 5618; x_wconf 78' lang='lat' dir='ltr'><strong>Non</strong></span> <span class='ocrx_word' id='word_1_352' title='bbox 634 5561 810 5616; x_wconf 84' lang='lat' dir='ltr'><strong>bonos</strong></span> <span class='ocrx_word' id='word_1_353' title='bbox 837 5556 1108 5628; x_wconf 70' lang='lat' dir='ltr'><strong>agricolis,</strong></span> <span class='ocrx_word' id='word_1_354' title='bbox 1131 5570 1237 5610; x_wconf 91' lang='lat' dir='ltr'><strong>non</strong></span> <span class='ocrx_word' id='word_1_355' title='bbox 1259 5554 1498 5626; x_wconf 80' lang='lat' dir='ltr'><strong>frugibus</strong></span> <span class='ocrx_word' id='word_1_356' title='bbox 1521 5555 1666 5610; x_wconf 82' lang='lat' dir='ltr'><strong>utilis</strong></span> <span class='ocrx_word' id='word_1_357' title='bbox 1693 5554 1917 5624; x_wconf 88' lang='lat' dir='ltr'><strong>hospes:</strong></span> 
     </span>
    </p>
   </div>
   <div class='ocr_carea' id='block_1_60' title="bbox 485 5645 1875 5723">
    <p class='ocr_par' dir='ltr' id='par_1_60' title="bbox 485 5645 1875 5723">
     <span class='ocr_line' id='line_1_60' title="bbox 485 5645 1875 5723; baseline -0.006 -12"><span class='ocrx_word' id='word_1_358' title='bbox 485 5652 604 5711; x_wconf 75' lang='lat' dir='ltr'><strong>Non</strong></span> <span class='ocrx_word' id='word_1_359' title='bbox 633 5666 861 5723; x_wconf 87' lang='lat' dir='ltr'><strong>magnus</strong></span> <span class='ocrx_word' id='word_1_360' title='bbox 887 5650 1081 5716; x_wconf 81' lang='lat' dir='ltr'><strong>forma,</strong></span> <span class='ocrx_word' id='word_1_361' title='bbox 1109 5662 1218 5705; x_wconf 92' lang='lat' dir='ltr'><strong>non</strong></span> <span class='ocrx_word' id='word_1_362' title='bbox 1250 5654 1398 5702; x_wconf 84' lang='lat' dir='ltr'><strong>recto</strong></span> <span class='ocrx_word' id='word_1_363' title='bbox 1425 5646 1645 5704; x_wconf 88' lang='lat' dir='ltr'><strong>nomine</strong></span> <span class='ocrx_word' id='word_1_364' title='bbox 1666 5645 1875 5703; x_wconf 89' lang='lat' dir='ltr'><strong>dictus:</strong></span> 
     </span>
    </p>
   </div>
   <div class='ocr_carea' id='block_1_61' title="bbox 1966 146 2364 207">
    <p class='ocr_par' dir='ltr' id='par_1_61' title="bbox 1966 146 2364 207">
     <span class='ocr_line' id='line_1_61' title="bbox 1966 146 2364 207; baseline 0.003 -3"><span class='ocrx_word' id='word_1_365' title='bbox 1966 146 2364 207; x_wconf 71' lang='lat' dir='ltr'><strong>ENIGMATA.</strong></span> 
     </span>
    </p>
   </div>
   <div class='ocr_carea' id='block_1_62' title="bbox 3707 173 3808 231">
    <p class='ocr_par' dir='ltr' id='par_1_62' title="bbox 3707 173 3808 231">
     <span class='ocr_line' id='line_1_62' title="bbox 3707 173 3808 231; baseline 0.03 -3"><span class='ocrx_word' id='word_1_366' title='bbox 3707 173 3808 231; x_wconf 80' lang='grc'>292</span> 
     </span>
    </p>
   </div>
   <div class='ocr_carea' id='block_1_63' title="bbox 2139 259 3624 356">
    <p class='ocr_par' dir='ltr' id='par_1_63' title="bbox 2139 259 3624 356">
     <span class='ocr_line' id='line_1_63' title="bbox 2139 259 3624 356; baseline 0.013 -33"><span class='ocrx_word' id='word_1_367' title='bbox 2139 259 2195 331; x_wconf 80' lang='grc' dir='ltr'><strong>Α</strong></span> <span class='ocrx_word' id='word_1_368' title='bbox 2219 270 2334 326; x_wconf 85' lang='lat' dir='ltr'><strong>Non</strong></span> <span class='ocrx_word' id='word_1_369' title='bbox 2358 281 2539 342; x_wconf 79' lang='lat' dir='ltr'><strong>gratus</strong></span> <span class='ocrx_word' id='word_1_370' title='bbox 2569 275 2778 345; x_wconf 85' lang='lat' dir='ltr'><strong>Cereri,</strong></span> <span class='ocrx_word' id='word_1_371' title='bbox 2810 293 2916 335; x_wconf 87' lang='lat' dir='ltr'><strong>non</strong></span> <span class='ocrx_word' id='word_1_372' title='bbox 2946 295 3161 349; x_wconf 83' lang='lat' dir='ltr'><strong>parvam</strong></span> <span class='ocrx_word' id='word_1_373' title='bbox 3183 298 3340 339; x_wconf 88' lang='lat' dir='ltr'><strong>sumo</strong></span> <span class='ocrx_word' id='word_1_374' title='bbox 3363 285 3624 356; x_wconf 82' lang='lat' dir='ltr'><strong>saginam.</strong></span> 
     </span>
    </p>
   </div>
   <div class='ocr_carea' id='block_1_64' title="bbox 2845 367 3151 429">
    <p class='ocr_par' dir='ltr' id='par_1_64' title="bbox 2845 367 3151 429">
     <span class='ocr_line' id='line_1_64' title="bbox 2845 367 3151 429; baseline 0.003 -4"><span class='ocrx_word' id='word_1_375' title='bbox 2845 395 2848 398; x_wconf 94' lang='grc'>·</span> <span class='ocrx_word' id='word_1_376' title='bbox 2891 367 2983 429; x_wconf 76' lang='grc'>23.</span> <span class='ocrx_word' id='word_1_377' title='bbox 3010 369 3151 427; x_wconf 77' lang='lat' dir='ltr'><strong>Mus.</strong></span> 
     </span>
    </p>
   </div>
   <div class='ocr_carea' id='block_1_65' title="bbox 2210 451 3702 542">
    <p class='ocr_par' dir='ltr' id='par_1_65' title="bbox 2210 451 3702 542">
     <span class='ocr_line' id='line_1_65' title="bbox 2210 451 3702 542; baseline 0.012 -34"><span class='ocrx_word' id='word_1_378' title='bbox 2210 451 2382 509; x_wconf 88' lang='lat' dir='ltr'><strong>Parva</strong></span> <span class='ocrx_word' id='word_1_379' title='bbox 2413 458 2540 512; x_wconf 90' lang='lat' dir='ltr'><strong>mihi</strong></span> <span class='ocrx_word' id='word_1_380' title='bbox 2571 458 2762 514; x_wconf 90' lang='lat' dir='ltr'><strong>domus</strong></span> <span class='ocrx_word' id='word_1_381' title='bbox 2789 471 2906 527; x_wconf 88' lang='lat' dir='ltr'><strong>est,</strong></span> <span class='ocrx_word' id='word_1_382' title='bbox 2939 464 3033 518; x_wconf 90' lang='lat' dir='ltr'><strong>sed</strong></span> <span class='ocrx_word' id='word_1_383' title='bbox 3060 465 3222 534; x_wconf 88' lang='lat' dir='ltr'><strong>janua</strong></span> <span class='ocrx_word' id='word_1_384' title='bbox 3255 481 3468 540; x_wconf 86' lang='lat' dir='ltr'><strong>semper</strong></span> <span class='ocrx_word' id='word_1_385' title='bbox 3495 469 3702 542; x_wconf 86' lang='lat' dir='ltr'><strong>aperta.</strong></span> 
     </span>
    </p>
   </div>
   <div class='ocr_carea' id='block_1_66' title="bbox 2211 544 3265 627">
    <p class='ocr_par' dir='ltr' id='par_1_66' title="bbox 2211 544 3265 627">
     <span class='ocr_line' id='line_1_66' title="bbox 2211 544 3265 627; baseline 0.016 -30"><span class='ocrx_word' id='word_1_386' title='bbox 2211 544 2419 616; x_wconf 85' lang='lat' dir='ltr'><strong>Exiguo</strong></span> <span class='ocrx_word' id='word_1_387' title='bbox 2445 555 2659 618; x_wconf 84' lang='lat' dir='ltr'><strong>sumptu</strong></span> <span class='ocrx_word' id='word_1_388' title='bbox 2689 549 2885 607; x_wconf 78' lang='lat' dir='ltr'><strong>furtiva</strong></span> <span class='ocrx_word' id='word_1_389' title='bbox 2912 553 3032 609; x_wconf 68' lang='lat' dir='ltr'><strong>Vivo</strong></span> <span class='ocrx_word' id='word_1_390' title='bbox 3058 557 3265 627; x_wconf 81' lang='lat' dir='ltr'><strong>sagina.</strong></span> 
     </span>
    </p>
   </div>
   <div class='ocr_carea' id='block_1_67' title="bbox 2217 631 3812 721">
    <p class='ocr_par' dir='ltr' id='par_1_67' title="bbox 2217 631 3812 721">
     <span class='ocr_line' id='line_1_67' title="bbox 2217 631 3812 721; baseline 0.015 -31"><span class='ocrx_word' id='word_1_391' title='bbox 2217 635 2371 702; x_wconf 90' lang='lat' dir='ltr'><strong>Quod</strong></span> <span class='ocrx_word' id='word_1_392' title='bbox 2389 639 2520 694; x_wconf 89' lang='lat' dir='ltr'><strong>mihi</strong></span> <span class='ocrx_word' id='word_1_393' title='bbox 2540 643 2734 697; x_wconf 80' lang='lat' dir='ltr'><strong>nomen</strong></span> <span class='ocrx_word' id='word_1_394' title='bbox 2750 641 2910 710; x_wconf 82' lang='lat' dir='ltr'><strong>inest,</strong></span> <span class='ocrx_word' id='word_1_395' title='bbox 2931 631 3117 700; x_wconf 55' lang='lat' dir='ltr'><strong>Romae</strong></span> <span class='ocrx_word' id='word_1_396' title='bbox 3132 651 3345 721; x_wconf 83' lang='lat' dir='ltr'><strong>quoque</strong></span> <span class='ocrx_word' id='word_1_397' title='bbox 3357 651 3546 709; x_wconf 76' lang='lat' dir='ltr'><strong>consul</strong></span> <span class='ocrx_word' id='word_1_398' title='bbox 3562 654 3812 714; x_wconf 83' lang='lat' dir='ltr'><strong>habebat.</strong></span> 
     </span>
    </p>
   </div>
   <div class='ocr_carea' id='block_1_68' title="bbox 2837 731 3147 795">
    <p class='ocr_par' dir='ltr' id='par_1_68' title="bbox 2837 731 3147 795">
     <span class='ocr_line' id='line_1_68' title="bbox 2837 731 3147 795; baseline 0.013 -5"><span class='ocrx_word' id='word_1_399' title='bbox 2837 774 2842 778; x_wconf 92' lang='lat'><strong><em>-</em></strong></span> <span class='ocrx_word' id='word_1_400' title='bbox 2875 731 2964 792; x_wconf 83' lang='lat'><strong>26.</strong></span> <span class='ocrx_word' id='word_1_401' title='bbox 2993 735 3035 792; x_wconf 73' lang='lat'><strong>6&#39;</strong></span> <span class='ocrx_word' id='word_1_402' title='bbox 3041 757 3147 795; x_wconf 85' lang='lat' dir='ltr'><strong>rus.</strong></span> 
     </span>
    </p>
   </div>
   <div class='ocr_carea' id='block_1_69' title="bbox 2212 817 3592 903">
    <p class='ocr_par' dir='ltr' id='par_1_69' title="bbox 2212 817 3592 903">
     <span class='ocr_line' id='line_1_69' title="bbox 2212 817 3592 903; baseline 0.014 -29"><span class='ocrx_word' id='word_1_403' title='bbox 2212 817 2414 876; x_wconf 69' lang='lat' dir='ltr'><strong>Littera</strong></span> <span class='ocrx_word' id='word_1_404' title='bbox 2437 829 2555 879; x_wconf 65' lang='lat' dir='ltr'><strong>Sum</strong></span> <span class='ocrx_word' id='word_1_405' title='bbox 2585 825 2706 882; x_wconf 57' lang='lat' dir='ltr'><strong>cali</strong></span> <span class='ocrx_word' id='word_1_406' title='bbox 2735 842 2941 896; x_wconf 87' lang='lat' dir='ltr'><strong>pennas</strong></span> <span class='ocrx_word' id='word_1_407' title='bbox 2971 846 3065 900; x_wconf 87' lang='lat' dir='ltr'><strong>per</strong></span> <span class='ocrx_word' id='word_1_408' title='bbox 3095 834 3295 903; x_wconf 88' lang='lat' dir='ltr'><strong>scripta</strong></span> <span class='ocrx_word' id='word_1_409' title='bbox 3325 836 3592 902; x_wconf 87' lang='lat' dir='ltr'><strong>volantes,</strong></span> 
     </span>
    </p>
   </div>
   <div class='ocr_carea' id='block_1_70' title="bbox 2209 917 3698 1000">
    <p class='ocr_par' dir='ltr' id='par_1_70' title="bbox 2209 917 3698 1000">
     <span class='ocr_line' id='line_1_70' title="bbox 2209 917 3698 1000; baseline 0.011 -26"><span class='ocrx_word' id='word_1_410' title='bbox 2209 917 2361 974; x_wconf 89' lang='lat' dir='ltr'><strong>Bella</strong></span> <span class='ocrx_word' id='word_1_411' title='bbox 2390 930 2612 978; x_wconf 88' lang='lat' dir='ltr'><strong>cruenta</strong></span> <span class='ocrx_word' id='word_1_412' title='bbox 2642 935 2857 993; x_wconf 82' lang='lat' dir='ltr'><strong>gerens,</strong></span> <span class='ocrx_word' id='word_1_413' title='bbox 2887 927 3120 983; x_wconf 89' lang='lat' dir='ltr'><strong>volucris</strong></span> <span class='ocrx_word' id='word_1_414' title='bbox 3139 928 3454 985; x_wconf 83' lang='lat' dir='ltr'><strong>discrimina</strong></span> <span class='ocrx_word' id='word_1_415' title='bbox 3474 933 3698 1000; x_wconf 83' lang='lat' dir='ltr'><strong>Martis;</strong></span> 
     </span>
    </p>
   </div>
   <div class='ocr_carea' id='block_1_71' title="bbox 2209 1007 3628 1091">
    <p class='ocr_par' dir='ltr' id='par_1_71' title="bbox 2209 1007 3628 1091">
     <span class='ocr_line' id='line_1_71' title="bbox 2209 1007 3628 1091; baseline 0.01 -28"><span class='ocrx_word' id='word_1_416' title='bbox 2209 1007 2320 1064; x_wconf 84' lang='lat' dir='ltr'><strong>Nec</strong></span> <span class='ocrx_word' id='word_1_417' title='bbox 2344 1015 2532 1067; x_wconf 63' lang='lat' dir='ltr'><strong>Vereor</strong></span> <span class='ocrx_word' id='word_1_418' title='bbox 2559 1023 2780 1084; x_wconf 74' lang='lat' dir='ltr'><strong>pugnas,</strong></span> <span class='ocrx_word' id='word_1_419' title='bbox 2809 1016 2936 1070; x_wconf 86' lang='lat' dir='ltr'><strong>dum</strong></span> <span class='ocrx_word' id='word_1_420' title='bbox 2966 1013 3072 1071; x_wconf 74' lang='lat' dir='ltr'><strong>non</strong></span> <span class='ocrx_word' id='word_1_421' title='bbox 3100 1021 3169 1073; x_wconf 85' lang='lat' dir='ltr'><strong>sit</strong></span> <span class='ocrx_word' id='word_1_422' title='bbox 3199 1020 3409 1091; x_wconf 80' lang='lat' dir='ltr'><strong>longior</strong></span> <span class='ocrx_word' id='word_1_423' title='bbox 3435 1024 3628 1081; x_wconf 73' lang='lat' dir='ltr'><strong>hostis.</strong></span> 
     </span>
    </p>
   </div>
   <div class='ocr_carea' id='block_1_72' title="bbox 2811 1104 3180 1165">
    <p class='ocr_par' dir='ltr' id='par_1_72' title="bbox 2811 1104 3180 1165">
     <span class='ocr_line' id='line_1_72' title="bbox 2811 1104 3180 1165; baseline 0.011 -4"><span class='ocrx_word' id='word_1_424' title='bbox 2811 1104 2813 1108; x_wconf 72' lang='grc'><em>’</em></span> <span class='ocrx_word' id='word_1_425' title='bbox 2846 1107 2938 1162; x_wconf 85' lang='grc'><strong>27.</strong></span> <span class='ocrx_word' id='word_1_426' title='bbox 2969 1105 3180 1165; x_wconf 78' lang='lat' dir='ltr'><strong>Cornix.</strong></span> 
     </span>
    </p>
   </div>
   <div class='ocr_carea' id='block_1_73' title="bbox 2209 1191 3489 1273">
    <p class='ocr_par' dir='ltr' id='par_1_73' title="bbox 2209 1191 3489 1273">
     <span class='ocr_line' id='line_1_73' title="bbox 2209 1191 3489 1273; baseline 0.012 -26"><span class='ocrx_word' id='word_1_427' title='bbox 2209 1191 2346 1249; x_wconf 85' lang='lat' dir='ltr'><strong>Vivo</strong></span> <span class='ocrx_word' id='word_1_428' title='bbox 2375 1210 2566 1251; x_wconf 81' lang='lat' dir='ltr'><strong>novem</strong></span> <span class='ocrx_word' id='word_1_429' title='bbox 2601 1199 2757 1265; x_wconf 86' lang='lat' dir='ltr'><strong>vitas,</strong></span> <span class='ocrx_word' id='word_1_430' title='bbox 2782 1200 2826 1254; x_wconf 90' lang='lat' dir='ltr'><strong>si</strong></span> <span class='ocrx_word' id='word_1_431' title='bbox 2854 1215 2958 1255; x_wconf 90' lang='lat' dir='ltr'><strong>non</strong></span> <span class='ocrx_word' id='word_1_432' title='bbox 2987 1218 3072 1257; x_wconf 87' lang='lat' dir='ltr'><strong>me</strong></span> <span class='ocrx_word' id='word_1_433' title='bbox 3095 1203 3298 1259; x_wconf 76' lang='lat' dir='ltr'><strong>Graecia</strong></span> <span class='ocrx_word' id='word_1_434' title='bbox 3323 1204 3489 1273; x_wconf 75' lang='lat' dir='ltr'><strong>fallit;</strong></span> 
     </span>
    </p>
   </div>
   <div class='ocr_carea' id='block_1_74' title="bbox 2207 1288 3586 1368">
    <p class='ocr_par' dir='ltr' id='par_1_74' title="bbox 2207 1288 3586 1368">
     <span class='ocr_line' id='line_1_74' title="bbox 2207 1288 3586 1368; baseline 0.01 -26"><span class='ocrx_word' id='word_1_435' title='bbox 2207 1288 2447 1360; x_wconf 81' lang='lat' dir='ltr'><strong>Atraque</strong></span> <span class='ocrx_word' id='word_1_436' title='bbox 2474 1301 2593 1346; x_wconf 88' lang='lat' dir='ltr'><strong>sum</strong></span> <span class='ocrx_word' id='word_1_437' title='bbox 2623 1304 2838 1363; x_wconf 85' lang='lat' dir='ltr'><strong>semper</strong></span> <span class='ocrx_word' id='word_1_438' title='bbox 2870 1297 3017 1350; x_wconf 91' lang='lat' dir='ltr'><strong>nullo</strong></span> <span class='ocrx_word' id='word_1_439' title='bbox 3052 1301 3328 1368; x_wconf 85' lang='lat' dir='ltr'><strong>compulsa</strong></span> <span class='ocrx_word' id='word_1_440' title='bbox 3358 1301 3545 1360; x_wconf 89' lang='lat' dir='ltr'><strong>dolore</strong></span> <span class='ocrx_word' id='word_1_441' title='bbox 3572 1323 3586 1356; x_wconf 83' lang='lat'><strong>:</strong></span> 
     </span>
    </p>
   </div>
   <div class='ocr_carea' id='block_1_75' title="bbox 2210 1381 3289 1448">
    <p class='ocr_par' dir='ltr' id='par_1_75' title="bbox 2210 1381 3289 1448">
     <span class='ocr_line' id='line_1_75' title="bbox 2210 1381 3289 1448; baseline 0.01 -10"><span class='ocrx_word' id='word_1_442' title='bbox 2210 1381 2282 1439; x_wconf 86' lang='lat' dir='ltr'><strong>Et</strong></span> <span class='ocrx_word' id='word_1_443' title='bbox 2312 1400 2420 1440; x_wconf 90' lang='lat' dir='ltr'><strong>non</strong></span> <span class='ocrx_word' id='word_1_444' title='bbox 2450 1385 2688 1443; x_wconf 84' lang='lat' dir='ltr'><strong>irascens</strong></span> <span class='ocrx_word' id='word_1_445' title='bbox 2717 1389 2858 1443; x_wconf 84' lang='lat' dir='ltr'><strong>nltro</strong></span> <span class='ocrx_word' id='word_1_446' title='bbox 2883 1387 3120 1446; x_wconf 85' lang='lat' dir='ltr'><strong>convicia</strong></span> <span class='ocrx_word' id='word_1_447' title='bbox 3149 1391 3289 1448; x_wconf 91' lang='lat' dir='ltr'><strong>dico.</strong></span> 
     </span>
    </p>
   </div>
   <div class='ocr_carea' id='block_1_76' title="bbox 2802 1482 3275 1556">
    <p class='ocr_par' dir='ltr' id='par_1_76' title="bbox 2802 1482 3275 1556">
     <span class='ocr_line' id='line_1_76' title="bbox 2802 1482 3275 1556; baseline 0.008 -21"><span class='ocrx_word' id='word_1_448' title='bbox 2802 1482 2896 1537; x_wconf 88' lang='lat'><strong>28.</strong></span> <span class='ocrx_word' id='word_1_449' title='bbox 2952 1483 3275 1556; x_wconf 82' lang='lat' dir='ltr'><strong>Vespertilio.</strong></span> 
     </span>
    </p>
   </div>
   <div class='ocr_carea' id='block_1_77' title="bbox 2205 1568 3605 1650">
    <p class='ocr_par' dir='ltr' id='par_1_77' title="bbox 2205 1568 3605 1650">
     <span class='ocr_line' id='line_1_77' title="bbox 2205 1568 3605 1650; baseline 0.011 -27"><span class='ocrx_word' id='word_1_450' title='bbox 2205 1568 2321 1625; x_wconf 89' lang='lat' dir='ltr'><strong>Nox</strong></span> <span class='ocrx_word' id='word_1_451' title='bbox 2348 1570 2481 1626; x_wconf 90' lang='lat' dir='ltr'><strong>mihi</strong></span> <span class='ocrx_word' id='word_1_452' title='bbox 2505 1570 2594 1627; x_wconf 84' lang='lat' dir='ltr'><strong>dat</strong></span> <span class='ocrx_word' id='word_1_453' title='bbox 2625 1589 2822 1630; x_wconf 91' lang='lat' dir='ltr'><strong>nomen</strong></span> <span class='ocrx_word' id='word_1_454' title='bbox 2851 1573 3024 1645; x_wconf 87' lang='lat' dir='ltr'><strong>primo</strong></span> <span class='ocrx_word' id='word_1_455' title='bbox 3049 1578 3118 1633; x_wconf 88' lang='lat' dir='ltr'><strong>de</strong></span> <span class='ocrx_word' id='word_1_456' title='bbox 3142 1585 3384 1650; x_wconf 84' lang='lat' dir='ltr'><strong>tempore</strong></span> <span class='ocrx_word' id='word_1_457' title='bbox 3409 1585 3605 1638; x_wconf 90' lang='lat' dir='ltr'><strong>noctis.</strong></span> 
     </span>
    </p>
   </div>
   <div class='ocr_carea' id='block_1_78' title="bbox 2132 1657 3696 1740">
    <p class='ocr_par' dir='ltr' id='par_1_78' title="bbox 2132 1657 3696 1740">
     <span class='ocr_line' id='line_1_78' title="bbox 2132 1657 3696 1740; baseline 0.009 -23"><span class='ocrx_word' id='word_1_458' title='bbox 2132 1657 2182 1717; x_wconf 87' lang='lat' dir='ltr'><strong>B</strong></span> <span class='ocrx_word' id='word_1_459' title='bbox 2211 1658 2398 1734; x_wconf 72' lang='lat' dir='ltr'><strong>Pluma</strong></span> <span class='ocrx_word' id='word_1_460' title='bbox 2427 1662 2556 1718; x_wconf 84' lang='lat' dir='ltr'><strong>mihi</strong></span> <span class='ocrx_word' id='word_1_461' title='bbox 2581 1677 2687 1719; x_wconf 90' lang='lat' dir='ltr'><strong>non</strong></span> <span class='ocrx_word' id='word_1_462' title='bbox 2709 1661 2810 1731; x_wconf 79' lang='lat' dir='ltr'><strong>est,</strong></span> <span class='ocrx_word' id='word_1_463' title='bbox 2844 1677 2965 1721; x_wconf 84' lang='lat' dir='ltr'><strong>cum</strong></span> <span class='ocrx_word' id='word_1_464' title='bbox 2998 1668 3067 1723; x_wconf 93' lang='lat' dir='ltr'><strong>sit</strong></span> <span class='ocrx_word' id='word_1_465' title='bbox 3094 1669 3225 1724; x_wconf 89' lang='lat' dir='ltr'><strong>mihi</strong></span> <span class='ocrx_word' id='word_1_466' title='bbox 3261 1669 3417 1740; x_wconf 83' lang='lat' dir='ltr'><strong>pin‘na</strong></span> <span class='ocrx_word' id='word_1_467' title='bbox 3447 1675 3696 1731; x_wconf 71' lang='lat' dir='ltr'><strong>volantis.</strong></span> 
     </span>
    </p>
   </div>
   <div class='ocr_carea' id='block_1_79' title="bbox 2211 1755 3670 1825">
    <p class='ocr_par' dir='ltr' id='par_1_79' title="bbox 2211 1755 3670 1825">
     <span class='ocr_line' id='line_1_79' title="bbox 2211 1755 3670 1825; baseline 0.009 -13"><span class='ocrx_word' id='word_1_468' title='bbox 2211 1755 2322 1812; x_wconf 86' lang='lat' dir='ltr'><strong>Sed</strong></span> <span class='ocrx_word' id='word_1_469' title='bbox 2347 1757 2516 1814; x_wconf 86' lang='lat' dir='ltr'><strong>redeo</strong></span> <span class='ocrx_word' id='word_1_470' title='bbox 2537 1758 2592 1814; x_wconf 84' lang='lat' dir='ltr'><strong>in</strong></span> <span class='ocrx_word' id='word_1_471' title='bbox 2625 1761 2889 1825; x_wconf 81' lang='lat' dir='ltr'><strong>tenebris,</strong></span> <span class='ocrx_word' id='word_1_472' title='bbox 2914 1777 3016 1818; x_wconf 85' lang='lat' dir='ltr'><strong>nec</strong></span> <span class='ocrx_word' id='word_1_473' title='bbox 3035 1779 3122 1818; x_wconf 88' lang='lat' dir='ltr'><strong>me</strong></span> <span class='ocrx_word' id='word_1_474' title='bbox 3143 1767 3428 1821; x_wconf 85' lang='lat' dir='ltr'><strong>committo</strong></span> <span class='ocrx_word' id='word_1_475' title='bbox 3457 1767 3670 1825; x_wconf 83' lang='lat' dir='ltr'><strong>diebus.</strong></span> 
     </span>
    </p>
   </div>
   <div class='ocr_carea' id='block_1_80' title="bbox 2270 1852 3179 1927">
    <p class='ocr_par' dir='ltr' id='par_1_80' title="bbox 2270 1852 3179 1927">
     <span class='ocr_line' id='line_1_80' title="bbox 2270 1852 3179 1927; baseline 0.011 -27"><span class='ocrx_word' id='word_1_476' title='bbox 2270 1919 2275 1927; x_wconf 78' lang='lat'><em>_</em></span> <span class='ocrx_word' id='word_1_477' title='bbox 2836 1852 2927 1909; x_wconf 86' lang='lat'><strong>29.</strong></span> <span class='ocrx_word' id='word_1_478' title='bbox 2952 1853 3179 1910; x_wconf 85' lang='lat' dir='ltr'><strong>Ericius.</strong></span> 
     </span>
    </p>
   </div>
   <div class='ocr_carea' id='block_1_81' title="bbox 2213 1939 3664 2023">
    <p class='ocr_par' dir='ltr' id='par_1_81' title="bbox 2213 1939 3664 2023">
     <span class='ocr_line' id='line_1_81' title="bbox 2213 1939 3664 2023; baseline 0.008 -27"><span class='ocrx_word' id='word_1_479' title='bbox 2213 1939 2378 1996; x_wconf 89' lang='lat' dir='ltr'><strong>Plena</strong></span> <span class='ocrx_word' id='word_1_480' title='bbox 2411 1941 2604 1998; x_wconf 89' lang='lat' dir='ltr'><strong>domus</strong></span> <span class='ocrx_word' id='word_1_481' title='bbox 2629 1945 2821 2014; x_wconf 91' lang='lat' dir='ltr'><strong>spinis,</strong></span> <span class='ocrx_word' id='word_1_482' title='bbox 2856 1947 3002 2016; x_wconf 84' lang='lat' dir='ltr'><strong>parvi</strong></span> <span class='ocrx_word' id='word_1_483' title='bbox 3033 1949 3126 2002; x_wconf 90' lang='lat' dir='ltr'><strong>sed</strong></span> <span class='ocrx_word' id='word_1_484' title='bbox 3155 1951 3398 2019; x_wconf 90' lang='lat' dir='ltr'><strong>corporis</strong></span> <span class='ocrx_word' id='word_1_485' title='bbox 3426 1951 3625 2023; x_wconf 89' lang='lat' dir='ltr'><strong>hospes</strong></span> <span class='ocrx_word' id='word_1_486' title='bbox 3650 1995 3664 2018; x_wconf 90' lang='lat'><strong>,</strong></span> 
     </span>
    </p>
   </div>
   <div class='ocr_carea' id='block_1_82' title="bbox 2212 2029 3310 2097">
    <p class='ocr_par' dir='ltr' id='par_1_82' title="bbox 2212 2029 3310 2097">
     <span class='ocr_line' id='line_1_82' title="bbox 2212 2029 3310 2097; baseline 0.012 -13"><span class='ocrx_word' id='word_1_487' title='bbox 2212 2029 2478 2088; x_wconf 83' lang='lat' dir='ltr'><strong>ln&#39;colum‘i</strong></span> <span class='ocrx_word' id='word_1_488' title='bbox 2507 2033 2670 2090; x_wconf 82' lang='lat' dir='ltr'><strong>dorso</strong></span> <span class='ocrx_word' id='word_1_489' title='bbox 2700 2036 2818 2090; x_wconf 87' lang='lat' dir='ltr'><strong>telis</strong></span> <span class='ocrx_word' id='word_1_490' title='bbox 2846 2039 3091 2093; x_wconf 90' lang='lat' dir='ltr'><strong>conlixus</strong></span> <span class='ocrx_word' id='word_1_491' title='bbox 3115 2043 3310 2097; x_wconf 90' lang='lat' dir='ltr'><strong>acutis.</strong></span> 
     </span>
    </p>
   </div>
   <div class='ocr_carea' id='block_1_83' title="bbox 2213 2121 3516 2200">
    <p class='ocr_par' dir='ltr' id='par_1_83' title="bbox 2213 2121 3516 2200">
     <span class='ocr_line' id='line_1_83' title="bbox 2213 2121 3516 2200; baseline 0.008 -21"><span class='ocrx_word' id='word_1_492' title='bbox 2213 2121 2454 2180; x_wconf 77' lang='lat' dir='ltr'><strong>Sustinet</strong></span> <span class='ocrx_word' id='word_1_493' title='bbox 2481 2131 2716 2183; x_wconf 81' lang='lat' dir='ltr'><strong>armatas</strong></span> <span class='ocrx_word' id='word_1_494' title='bbox 2744 2140 2956 2200; x_wconf 79' lang='lat' dir='ltr'><strong>segetes</strong></span> <span class='ocrx_word' id='word_1_495' title='bbox 2977 2131 3246 2189; x_wconf 86' lang='lat' dir='ltr'><strong>habitator</strong></span> <span class='ocrx_word' id='word_1_496' title='bbox 3276 2134 3516 2192; x_wconf 89' lang='lat' dir='ltr'><strong>inermis.</strong></span> 
     </span>
    </p>
   </div>
   <div class='ocr_carea' id='block_1_84' title="bbox 2229 2221 3199 2294">
    <p class='ocr_par' dir='ltr' id='par_1_84' title="bbox 2229 2221 3199 2294">
     <span class='ocr_line' id='line_1_84' title="bbox 2229 2221 3199 2294; baseline 0.004 -20"><span class='ocrx_word' id='word_1_497' title='bbox 2229 2289 2232 2294; x_wconf 23' lang='grc' dir='ltr'>ι</span> <span class='ocrx_word' id='word_1_498' title='bbox 2822 2221 2912 2278; x_wconf 83' lang='grc'>50.</span> <span class='ocrx_word' id='word_1_499' title='bbox 2949 2222 3199 2278; x_wconf 83' lang='lat' dir='ltr'><strong>Pediculi.</strong></span> 
     </span>
    </p>
   </div>
   <div class='ocr_carea' id='block_1_85' title="bbox 2215 2306 3526 2388">
    <p class='ocr_par' dir='ltr' id='par_1_85' title="bbox 2215 2306 3526 2388">
     <span class='ocr_line' id='line_1_85' title="bbox 2215 2306 3526 2388; baseline 0.011 -27"><span class='ocrx_word' id='word_1_500' title='bbox 2215 2306 2315 2388; x_wconf 81' lang='lat' dir='ltr'><strong>Est</strong></span> <span class='ocrx_word' id='word_1_501' title='bbox 2341 2324 2477 2364; x_wconf 88' lang='lat' dir='ltr'><strong>nova</strong></span> <span class='ocrx_word' id='word_1_502' title='bbox 2509 2319 2756 2367; x_wconf 89' lang='lat' dir='ltr'><strong>notarum</strong></span> <span class='ocrx_word' id='word_1_503' title='bbox 2783 2315 2990 2369; x_wconf 90' lang='lat' dir='ltr'><strong>cunctis</strong></span> <span class='ocrx_word' id='word_1_504' title='bbox 3011 2327 3232 2388; x_wconf 87' lang='lat' dir='ltr'><strong>captura</strong></span> <span class='ocrx_word' id='word_1_505' title='bbox 3257 2319 3491 2375; x_wconf 82' lang='lat' dir='ltr'><strong>ferarum</strong></span> <span class='ocrx_word' id='word_1_506' title='bbox 3511 2364 3526 2386; x_wconf 90' lang='lat'><strong>,</strong></span> 
     </span>
    </p>
   </div>
   <div class='ocr_carea' id='block_1_86' title="bbox 2210 2385 3502 2482">
    <p class='ocr_par' dir='ltr' id='par_1_86' title="bbox 2210 2385 3502 2482">
     <span class='ocr_line' id='line_1_86' title="bbox 2210 2385 3502 2482; baseline 0.01 -26"><span class='ocrx_word' id='word_1_507' title='bbox 2210 2385 2302 2467; x_wconf 86' lang='lat' dir='ltr'><strong>Ut,</strong></span> <span class='ocrx_word' id='word_1_508' title='bbox 2325 2401 2371 2456; x_wconf 89' lang='lat' dir='ltr'><strong>si</strong></span> <span class='ocrx_word' id='word_1_509' title='bbox 2401 2402 2529 2472; x_wconf 89' lang='lat' dir='ltr'><strong>quid</strong></span> <span class='ocrx_word' id='word_1_510' title='bbox 2556 2405 2756 2473; x_wconf 89' lang='lat' dir='ltr'><strong>capias,</strong></span> <span class='ocrx_word' id='word_1_511' title='bbox 2790 2405 2844 2459; x_wconf 92' lang='lat' dir='ltr'><strong>id</strong></span> <span class='ocrx_word' id='word_1_512' title='bbox 2877 2415 2932 2462; x_wconf 92' lang='lat' dir='ltr'><strong>tu</strong></span> <span class='ocrx_word' id='word_1_513' title='bbox 2964 2408 3056 2463; x_wconf 90' lang='lat' dir='ltr'><strong>tibi</strong></span> <span class='ocrx_word' id='word_1_514' title='bbox 3078 2385 3227 2466; x_wconf 66' lang='lat' dir='ltr'><strong>ierre</strong></span> <span class='ocrx_word' id='word_1_515' title='bbox 3249 2427 3466 2468; x_wconf 90' lang='lat' dir='ltr'><strong>recuses</strong></span> <span class='ocrx_word' id='word_1_516' title='bbox 3486 2456 3502 2482; x_wconf 90' lang='lat'><strong>,</strong></span> 
     </span>
    </p>
   </div>
   <div class='ocr_carea' id='block_1_87' title="bbox 2211 2491 3774 2578">
    <p class='ocr_par' dir='ltr' id='par_1_87' title="bbox 2211 2491 3774 2578">
     <span class='ocr_line' id='line_1_87' title="bbox 2211 2491 3774 2578; baseline 0.011 -30"><span class='ocrx_word' id='word_1_517' title='bbox 2211 2491 2302 2561; x_wconf 88' lang='lat' dir='ltr'><strong>Et,</strong></span> <span class='ocrx_word' id='word_1_518' title='bbox 2333 2495 2477 2566; x_wconf 87' lang='lat' dir='ltr'><strong>quod</strong></span> <span class='ocrx_word' id='word_1_519' title='bbox 2507 2511 2615 2552; x_wconf 89' lang='lat' dir='ltr'><strong>non</strong></span> <span class='ocrx_word' id='word_1_520' title='bbox 2644 2497 2846 2568; x_wconf 90' lang='lat' dir='ltr'><strong>capias,</strong></span> <span class='ocrx_word' id='word_1_521' title='bbox 2875 2508 3052 2555; x_wconf 90' lang='lat' dir='ltr'><strong>tecum</strong></span> <span class='ocrx_word' id='word_1_522' title='bbox 3086 2510 3264 2559; x_wconf 86' lang='lat' dir='ltr'><strong>tamen</strong></span> <span class='ocrx_word' id='word_1_523' title='bbox 3289 2505 3404 2575; x_wconf 91' lang='lat' dir='ltr'><strong>ipse</strong></span> <span class='ocrx_word' id='word_1_524' title='bbox 3431 2515 3700 2578; x_wconf 84' lang='lat' dir='ltr'><strong>reportes.</strong></span> <span class='ocrx_word' id='word_1_525' title='bbox 3765 2539 3774 2546; x_wconf 93' lang='lat'><strong><em>-</em></strong></span> 
     </span>
    </p>
   </div>
   <div class='ocr_carea' id='block_1_88' title="bbox 2824 2593 3199 2652">
    <p class='ocr_par' dir='ltr' id='par_1_88' title="bbox 2824 2593 3199 2652">
     <span class='ocr_line' id='line_1_88' title="bbox 2824 2593 3199 2652; baseline 0.008 -5"><span class='ocrx_word' id='word_1_526' title='bbox 2824 2593 2887 2648; x_wconf 78' lang='lat' dir='ltr'><strong>5i</strong></span> <span class='ocrx_word' id='word_1_527' title='bbox 2901 2633 2913 2647; x_wconf 93' lang='lat'><strong>.</strong></span> <span class='ocrx_word' id='word_1_528' title='bbox 2959 2593 3199 2652; x_wconf 72' lang='lat' dir='ltr'><strong>Phoenix.</strong></span> 
     </span>
    </p>
   </div>
   <div class='ocr_carea' id='block_1_89' title="bbox 2216 2679 3594 2761">
    <p class='ocr_par' dir='ltr' id='par_1_89' title="bbox 2216 2679 3594 2761">
     <span class='ocr_line' id='line_1_89' title="bbox 2216 2679 3594 2761; baseline 0.01 -26"><span class='ocrx_word' id='word_1_529' title='bbox 2216 2679 2332 2736; x_wconf 84' lang='lat' dir='ltr'><strong>Vita</strong></span> <span class='ocrx_word' id='word_1_530' title='bbox 2362 2681 2492 2736; x_wconf 90' lang='lat' dir='ltr'><strong>mihi</strong></span> <span class='ocrx_word' id='word_1_531' title='bbox 2523 2696 2671 2738; x_wconf 89' lang='lat' dir='ltr'><strong>mors</strong></span> <span class='ocrx_word' id='word_1_532' title='bbox 2700 2693 2818 2750; x_wconf 87' lang='lat' dir='ltr'><strong>est;</strong></span> <span class='ocrx_word' id='word_1_533' title='bbox 2848 2688 3072 2754; x_wconf 86' lang='lat' dir='ltr'><strong>morior,</strong></span> <span class='ocrx_word' id='word_1_534' title='bbox 3102 2689 3147 2742; x_wconf 91' lang='lat' dir='ltr'><strong>si</strong></span> <span class='ocrx_word' id='word_1_535' title='bbox 3174 2704 3394 2761; x_wconf 77' lang='lat' dir='ltr'><strong>coepero</strong></span> <span class='ocrx_word' id='word_1_536' title='bbox 3420 2694 3594 2748; x_wconf 87' lang='lat' dir='ltr'><strong>nasci:</strong></span> 
     </span>
    </p>
   </div>
   <div class='ocr_carea' id='block_1_90' title="bbox 2209 2770 3481 2856">
    <p class='ocr_par' dir='ltr' id='par_1_90' title="bbox 2209 2770 3481 2856">
     <span class='ocr_line' id='line_1_90' title="bbox 2209 2770 3481 2856; baseline 0.01 -31"><span class='ocrx_word' id='word_1_537' title='bbox 2209 2770 2314 2826; x_wconf 90' lang='lat' dir='ltr'><strong>Sed</strong></span> <span class='ocrx_word' id='word_1_538' title='bbox 2345 2773 2492 2842; x_wconf 90' lang='lat' dir='ltr'><strong>prius</strong></span> <span class='ocrx_word' id='word_1_539' title='bbox 2519 2783 2600 2830; x_wconf 91' lang='lat' dir='ltr'><strong>est</strong></span> <span class='ocrx_word' id='word_1_540' title='bbox 2631 2775 2795 2830; x_wconf 80' lang='lat' dir='ltr'><strong>fatum</strong></span> <span class='ocrx_word' id='word_1_541' title='bbox 2827 2777 2939 2845; x_wconf 89' lang='lat' dir='ltr'><strong>leti,</strong></span> <span class='ocrx_word' id='word_1_542' title='bbox 2967 2795 3126 2849; x_wconf 86' lang='lat' dir='ltr'><strong>quam</strong></span> <span class='ocrx_word' id='word_1_543' title='bbox 3152 2781 3287 2838; x_wconf 91' lang='lat' dir='ltr'><strong>lucis</strong></span> <span class='ocrx_word' id='word_1_544' title='bbox 3312 2785 3481 2856; x_wconf 86' lang='lat' dir='ltr'><strong>origo.</strong></span> 
     </span>
    </p>
   </div>
   <div class='ocr_carea' id='block_1_91' title="bbox 2211 2864 3475 2947">
    <p class='ocr_par' dir='ltr' id='par_1_91' title="bbox 2211 2864 3475 2947">
     <span class='ocr_line' id='line_1_91' title="bbox 2211 2864 3475 2947; baseline 0.009 -26"><span class='ocrx_word' id='word_1_545' title='bbox 2211 2864 2302 2922; x_wconf 90' lang='lat' dir='ltr'><strong>Sic</strong></span> <span class='ocrx_word' id='word_1_546' title='bbox 2327 2868 2474 2923; x_wconf 92' lang='lat' dir='ltr'><strong>solus</strong></span> <span class='ocrx_word' id='word_1_547' title='bbox 2500 2869 2682 2926; x_wconf 82' lang='lat' dir='ltr'><strong>Manes</strong></span> <span class='ocrx_word' id='word_1_548' title='bbox 2720 2871 2864 2942; x_wconf 92' lang='lat' dir='ltr'><strong>ipsos</strong></span> <span class='ocrx_word' id='word_1_549' title='bbox 2894 2874 3024 2928; x_wconf 89' lang='lat' dir='ltr'><strong>mihi</strong></span> <span class='ocrx_word' id='word_1_550' title='bbox 3053 2875 3174 2930; x_wconf 91' lang='lat' dir='ltr'><strong>dico</strong></span> <span class='ocrx_word' id='word_1_551' title='bbox 3202 2889 3475 2947; x_wconf 88' lang='lat' dir='ltr'><strong>parentes.</strong></span> 
     </span>
    </p>
   </div>
   <div class='ocr_carea' id='block_1_92' title="bbox 2830 2966 3179 3024">
    <p class='ocr_par' dir='ltr' id='par_1_92' title="bbox 2830 2966 3179 3024">
     <span class='ocr_line' id='line_1_92' title="bbox 2830 2966 3179 3024; baseline 0.006 -2"><span class='ocrx_word' id='word_1_552' title='bbox 2830 2967 2919 3022; x_wconf 84' lang='grc'><strong>52.</strong></span> <span class='ocrx_word' id='word_1_553' title='bbox 2954 2966 3179 3024; x_wconf 83' lang='lat' dir='ltr'><strong>Taurus.</strong></span> 
     </span>
    </p>
   </div>
   <div class='ocr_carea' id='block_1_93' title="bbox 2131 3047 3740 3135">
    <p class='ocr_par' dir='ltr' id='par_1_93' title="bbox 2131 3047 3740 3135">
     <span class='ocr_line' id='line_1_93' title="bbox 2131 3047 3740 3135; baseline 0.011 -30"><span class='ocrx_word' id='word_1_554' title='bbox 2131 3047 2175 3111; x_wconf 89' lang='lat' dir='ltr'><strong><em>C</em></strong></span> <span class='ocrx_word' id='word_1_555' title='bbox 2210 3050 2452 3108; x_wconf 72' lang='lat' dir='ltr'><strong>Moechus</strong></span> <span class='ocrx_word' id='word_1_556' title='bbox 2479 3068 2626 3110; x_wconf 87' lang='lat' dir='ltr'><strong>eram</strong></span> <span class='ocrx_word' id='word_1_557' title='bbox 2656 3057 2820 3127; x_wconf 87' lang='lat' dir='ltr'><strong>regis,</strong></span> <span class='ocrx_word' id='word_1_558' title='bbox 2851 3058 2947 3113; x_wconf 88' lang='lat' dir='ltr'><strong>sed</strong></span> <span class='ocrx_word' id='word_1_559' title='bbox 2973 3059 3148 3130; x_wconf 89' lang='lat' dir='ltr'><strong>lignea</strong></span> <span class='ocrx_word' id='word_1_560' title='bbox 3171 3061 3415 3118; x_wconf 89' lang='lat' dir='ltr'><strong>membra</strong></span> <span class='ocrx_word' id='word_1_561' title='bbox 3433 3049 3740 3135; x_wconf 85' lang='lat' dir='ltr'><strong>sequebar;</strong></span> 
     </span>
    </p>
   </div>
   <div class='ocr_carea' id='block_1_94' title="bbox 2207 3141 3740 3223">
    <p class='ocr_par' dir='ltr' id='par_1_94' title="bbox 2207 3141 3740 3223">
     <span class='ocr_line' id='line_1_94' title="bbox 2207 3141 3740 3223; baseline 0.012 -28"><span class='ocrx_word' id='word_1_562' title='bbox 2207 3141 2274 3197; x_wconf 87' lang='lat' dir='ltr'><strong>Et</strong></span> <span class='ocrx_word' id='word_1_563' title='bbox 2307 3141 2533 3198; x_wconf 88' lang='lat' dir='ltr'><strong>Cilicum</strong></span> <span class='ocrx_word' id='word_1_564' title='bbox 2566 3162 2720 3200; x_wconf 91' lang='lat' dir='ltr'><strong>mons</strong></span> <span class='ocrx_word' id='word_1_565' title='bbox 2742 3161 2880 3212; x_wconf 87' lang='lat' dir='ltr'><strong>sum,</strong></span> <span class='ocrx_word' id='word_1_566' title='bbox 2911 3147 3006 3204; x_wconf 88' lang='lat' dir='ltr'><strong>sed</strong></span> <span class='ocrx_word' id='word_1_567' title='bbox 3039 3165 3143 3204; x_wconf 92' lang='lat' dir='ltr'><strong>non</strong></span> <span class='ocrx_word' id='word_1_568' title='bbox 3180 3166 3298 3206; x_wconf 92' lang='lat' dir='ltr'><strong>sum</strong></span> <span class='ocrx_word' id='word_1_569' title='bbox 3329 3153 3549 3211; x_wconf 91' lang='lat' dir='ltr'><strong>nomine</strong></span> <span class='ocrx_word' id='word_1_570' title='bbox 3579 3157 3740 3223; x_wconf 88' lang='lat' dir='ltr'><strong>solo;</strong></span> 
     </span>
    </p>
   </div>
   <div class='ocr_carea' id='block_1_95' title="bbox 2206 3235 3517 3310">
    <p class='ocr_par' dir='ltr' id='par_1_95' title="bbox 2206 3235 3517 3310">
     <span class='ocr_line' id='line_1_95' title="bbox 2206 3235 3517 3310; baseline 0.007 -19"><span class='ocrx_word' id='word_1_571' title='bbox 2206 3235 2276 3292; x_wconf 89' lang='lat' dir='ltr'><strong>Et</strong></span> <span class='ocrx_word' id='word_1_572' title='bbox 2301 3238 2474 3296; x_wconf 88' lang='lat' dir='ltr'><strong>vehor</strong></span> <span class='ocrx_word' id='word_1_573' title='bbox 2504 3237 2558 3291; x_wconf 88' lang='lat' dir='ltr'><strong>in</strong></span> <span class='ocrx_word' id='word_1_574' title='bbox 2579 3239 2753 3306; x_wconf 70' lang='lat' dir='ltr'><strong>caelis,</strong></span> <span class='ocrx_word' id='word_1_575' title='bbox 2777 3249 2832 3294; x_wconf 92' lang='lat' dir='ltr'><strong>et</strong></span> <span class='ocrx_word' id='word_1_576' title='bbox 2860 3239 2912 3293; x_wconf 92' lang='lat' dir='ltr'><strong>in</strong></span> <span class='ocrx_word' id='word_1_577' title='bbox 2941 3241 3070 3310; x_wconf 91' lang='lat' dir='ltr'><strong>ipsis</strong></span> <span class='ocrx_word' id='word_1_578' title='bbox 3094 3243 3312 3300; x_wconf 90' lang='lat' dir='ltr'><strong>ambulo</strong></span> <span class='ocrx_word' id='word_1_579' title='bbox 3340 3247 3517 3302; x_wconf 88' lang='lat' dir='ltr'><strong>terris.</strong></span> 
     </span>
    </p>
   </div>
   <div class='ocr_carea' id='block_1_96' title="bbox 2787 3323 3173 3415">
    <p class='ocr_par' dir='ltr' id='par_1_96' title="bbox 2787 3323 3173 3415">
     <span class='ocr_line' id='line_1_96' title="bbox 2787 3323 3173 3415; baseline 0.003 -26"><span class='ocrx_word' id='word_1_580' title='bbox 2787 3323 2790 3328; x_wconf 60' lang='grc'><strong>’</strong></span> <span class='ocrx_word' id='word_1_581' title='bbox 2853 3335 2944 3390; x_wconf 84' lang='grc'><strong>55.</strong></span> <span class='ocrx_word' id='word_1_582' title='bbox 2975 3331 3173 3415; x_wconf 80' lang='lat' dir='ltr'><strong>Lupus.</strong></span> 
     </span>
    </p>
   </div>
   <div class='ocr_carea' id='block_1_97' title="bbox 2209 3415 3608 3505">
    <p class='ocr_par' dir='ltr' id='par_1_97' title="bbox 2209 3415 3608 3505">
     <span class='ocr_line' id='line_1_97' title="bbox 2209 3415 3608 3505; baseline 0.008 -23"><span class='ocrx_word' id='word_1_583' title='bbox 2209 3426 2468 3483; x_wconf 89' lang='lat' dir='ltr'><strong>Dentibus</strong></span> <span class='ocrx_word' id='word_1_584' title='bbox 2497 3429 2700 3483; x_wconf 87' lang='lat' dir='ltr'><strong>insanis</strong></span> <span class='ocrx_word' id='word_1_585' title='bbox 2724 3445 2825 3501; x_wconf 77' lang='lat' dir='ltr'><strong>ego</strong></span> <span class='ocrx_word' id='word_1_586' title='bbox 2856 3446 2998 3498; x_wconf 89' lang='lat' dir='ltr'><strong>sum,</strong></span> <span class='ocrx_word' id='word_1_587' title='bbox 3028 3432 3119 3500; x_wconf 79' lang='lat' dir='ltr'><strong>qui</strong></span> <span class='ocrx_word' id='word_1_588' title='bbox 3141 3431 3298 3490; x_wconf 87' lang='lat' dir='ltr'><strong>vinco</strong></span> <span class='ocrx_word' id='word_1_589' title='bbox 3324 3415 3573 3492; x_wconf 85' lang='lat' dir='ltr'><strong>bidentes</strong></span> <span class='ocrx_word' id='word_1_590' title='bbox 3593 3479 3608 3505; x_wconf 88' lang='lat'><strong>,</strong></span> 
     </span>
    </p>
   </div>
   <div class='ocr_carea' id='block_1_98' title="bbox 2205 3517 3632 3597">
    <p class='ocr_par' dir='ltr' id='par_1_98' title="bbox 2205 3517 3632 3597">
     <span class='ocr_line' id='line_1_98' title="bbox 2205 3517 3632 3597; baseline 0.008 -23"><span class='ocrx_word' id='word_1_591' title='bbox 2205 3517 2540 3590; x_wconf 83' lang='lat' dir='ltr'><strong>Sanguineas</strong></span> <span class='ocrx_word' id='word_1_592' title='bbox 2560 3537 2808 3591; x_wconf 79' lang='lat' dir='ltr'><strong>quaerens</strong></span> <span class='ocrx_word' id='word_1_593' title='bbox 2837 3524 3047 3594; x_wconf 69' lang='lat' dir='ltr'><strong>praedas</strong></span> <span class='ocrx_word' id='word_1_594' title='bbox 3070 3527 3349 3597; x_wconf 85' lang='lat' dir='ltr'><strong>victusque</strong></span> <span class='ocrx_word' id='word_1_595' title='bbox 3375 3540 3632 3585; x_wconf 86' lang='lat' dir='ltr'><strong>cruentos</strong></span> 
     </span>
    </p>
   </div>
   <div class='ocr_carea' id='block_1_99' title="bbox 2207 3612 3699 3694">
    <p class='ocr_par' dir='ltr' id='par_1_99' title="bbox 2207 3612 3699 3694">
     <span class='ocr_line' id='line_1_99' title="bbox 2207 3612 3699 3694; baseline 0.007 -26"><span class='ocrx_word' id='word_1_596' title='bbox 2207 3612 2370 3669; x_wconf 83' lang='lat' dir='ltr'><strong>Multa</strong></span> <span class='ocrx_word' id='word_1_597' title='bbox 2391 3630 2512 3670; x_wconf 90' lang='lat' dir='ltr'><strong>cum</strong></span> <span class='ocrx_word' id='word_1_598' title='bbox 2544 3617 2693 3672; x_wconf 87' lang='lat' dir='ltr'><strong>rabie</strong></span> <span class='ocrx_word' id='word_1_599' title='bbox 2728 3634 2741 3672; x_wconf 89' lang='lat'><strong>:</strong></span> <span class='ocrx_word' id='word_1_600' title='bbox 2770 3633 2955 3672; x_wconf 91' lang='lat' dir='ltr'><strong>vocem</strong></span> <span class='ocrx_word' id='word_1_601' title='bbox 2993 3635 3207 3689; x_wconf 85' lang='lat' dir='ltr'><strong>quoque</strong></span> <span class='ocrx_word' id='word_1_602' title='bbox 3235 3622 3425 3678; x_wconf 89' lang='lat' dir='ltr'><strong>tollere</strong></span> <span class='ocrx_word' id='word_1_603' title='bbox 3452 3639 3699 3694; x_wconf 91' lang='lat' dir='ltr'><strong>possum.</strong></span> 
     </span>
    </p>
   </div>
   <div class='ocr_carea' id='block_1_100' title="bbox 2840 3709 3176 3782">
    <p class='ocr_par' dir='ltr' id='par_1_100' title="bbox 2840 3709 3176 3782">
     <span class='ocr_line' id='line_1_100' title="bbox 2840 3709 3176 3782; baseline 0.012 -17"><span class='ocrx_word' id='word_1_604' title='bbox 2840 3709 2930 3765; x_wconf 75' lang='grc'>54.</span> <span class='ocrx_word' id='word_1_605' title='bbox 2966 3709 3176 3782; x_wconf 81' lang='lat' dir='ltr'><strong>Vulpes.</strong></span> 
     </span>
    </p>
   </div>
   <div class='ocr_carea' id='block_1_101' title="bbox 2205 3802 3598 3878">
    <p class='ocr_par' dir='ltr' id='par_1_101' title="bbox 2205 3802 3598 3878">
     <span class='ocr_line' id='line_1_101' title="bbox 2205 3802 3598 3878; baseline 0.005 -21"><span class='ocrx_word' id='word_1_606' title='bbox 2205 3802 2471 3874; x_wconf 87' lang='lat' dir='ltr'><strong>Exiguum</strong></span> <span class='ocrx_word' id='word_1_607' title='bbox 2498 3817 2716 3874; x_wconf 88' lang='lat' dir='ltr'><strong>corpus,</strong></span> <span class='ocrx_word' id='word_1_608' title='bbox 2738 3803 2833 3859; x_wconf 88' lang='lat' dir='ltr'><strong>sed</strong></span> <span class='ocrx_word' id='word_1_609' title='bbox 2858 3818 2953 3859; x_wconf 90' lang='lat' dir='ltr'><strong>cor</strong></span> <span class='ocrx_word' id='word_1_610' title='bbox 2982 3805 3113 3860; x_wconf 90' lang='lat' dir='ltr'><strong>mihi</strong></span> <span class='ocrx_word' id='word_1_611' title='bbox 3142 3821 3373 3877; x_wconf 88' lang='lat' dir='ltr'><strong>corpore</strong></span> <span class='ocrx_word' id='word_1_612' title='bbox 3399 3809 3598 3878; x_wconf 87' lang='lat' dir='ltr'><strong>majus.</strong></span> 
     </span>
    </p>
   </div>
   <div class='ocr_carea' id='block_1_102' title="bbox 2205 3895 3436 3968">
    <p class='ocr_par' dir='ltr' id='par_1_102' title="bbox 2205 3895 3436 3968">
     <span class='ocr_line' id='line_1_102' title="bbox 2205 3895 3436 3968; baseline 0.006 -18"><span class='ocrx_word' id='word_1_613' title='bbox 2205 3895 2337 3950; x_wconf 88' lang='lat' dir='ltr'><strong>Smn</strong></span> <span class='ocrx_word' id='word_1_614' title='bbox 2360 3904 2577 3950; x_wconf 88' lang='lat' dir='ltr'><strong>versuta</strong></span> <span class='ocrx_word' id='word_1_615' title='bbox 2607 3895 2770 3959; x_wconf 90' lang='lat' dir='ltr'><strong>dolis,</strong></span> <span class='ocrx_word' id='word_1_616' title='bbox 2797 3906 2990 3968; x_wconf 84' lang='lat' dir='ltr'><strong>arguto</strong></span> <span class='ocrx_word' id='word_1_617' title='bbox 3019 3899 3214 3953; x_wconf 89' lang='lat' dir='ltr'><strong>callida</strong></span> <span class='ocrx_word' id='word_1_618' title='bbox 3236 3915 3436 3968; x_wconf 90' lang='lat' dir='ltr'><strong>sensu;</strong></span> 
     </span>
    </p>
   </div>
   <div class='ocr_carea' id='block_1_103' title="bbox 2205 3987 3675 4064">
    <p class='ocr_par' dir='ltr' id='par_1_103' title="bbox 2205 3987 3675 4064">
     <span class='ocr_line' id='line_1_103' title="bbox 2205 3987 3675 4064; baseline 0.005 -21"><span class='ocrx_word' id='word_1_619' title='bbox 2205 3987 2274 4043; x_wconf 91' lang='lat' dir='ltr'><strong>Et</strong></span> <span class='ocrx_word' id='word_1_620' title='bbox 2298 3987 2410 4043; x_wconf 90' lang='lat' dir='ltr'><strong>l&#39;era</strong></span> <span class='ocrx_word' id='word_1_621' title='bbox 2432 4002 2550 4043; x_wconf 92' lang='lat' dir='ltr'><strong>sum</strong></span> <span class='ocrx_word' id='word_1_622' title='bbox 2580 3988 2818 4057; x_wconf 89' lang='lat' dir='ltr'><strong>sapiens,</strong></span> <span class='ocrx_word' id='word_1_623' title='bbox 2844 3990 3059 4058; x_wconf 88' lang='lat' dir='ltr'><strong>sapiens</strong></span> <span class='ocrx_word' id='word_1_624' title='bbox 3084 3989 3199 4047; x_wconf 80' lang='lat' dir='ltr'><strong>fera</strong></span> <span class='ocrx_word' id='word_1_625' title='bbox 3225 3993 3272 4048; x_wconf 87' lang='lat' dir='ltr'><strong>si</strong></span> <span class='ocrx_word' id='word_1_626' title='bbox 3294 4008 3398 4064; x_wconf 88' lang='lat' dir='ltr'><strong>qua</strong></span> <span class='ocrx_word' id='word_1_627' title='bbox 3428 4006 3675 4051; x_wconf 88' lang='lat' dir='ltr'><strong>vocatur.</strong></span> 
     </span>
    </p>
   </div>
   <div class='ocr_carea' id='block_1_104' title="bbox 2845 4080 3151 4150">
    <p class='ocr_par' dir='ltr' id='par_1_104' title="bbox 2845 4080 3151 4150">
     <span class='ocr_line' id='line_1_104' title="bbox 2845 4080 3151 4150; baseline -0.003 -15"><span class='ocrx_word' id='word_1_628' title='bbox 2845 4081 2936 4136; x_wconf 78' lang='lat'><strong>&#39;55.</strong></span> <span class='ocrx_word' id='word_1_629' title='bbox 2961 4080 3151 4150; x_wconf 86' lang='lat' dir='ltr'><strong>Capra.</strong></span> 
     </span>
    </p>
   </div>
   <div class='ocr_carea' id='block_1_105' title="bbox 2205 4169 3418 4246">
    <p class='ocr_par' dir='ltr' id='par_1_105' title="bbox 2205 4169 3418 4246">
     <span class='ocr_line' id='line_1_105' title="bbox 2205 4169 3418 4246; baseline 0.003 -18"><span class='ocrx_word' id='word_1_630' title='bbox 2205 4170 2362 4228; x_wconf 82' lang='lat' dir='ltr'><strong>Alma</strong></span> <span class='ocrx_word' id='word_1_631' title='bbox 2385 4169 2532 4225; x_wconf 87' lang='lat' dir='ltr'><strong>Jovis</strong></span> <span class='ocrx_word' id='word_1_632' title='bbox 2560 4172 2764 4238; x_wconf 81' lang='lat' dir='ltr'><strong>nutrix,</strong></span> <span class='ocrx_word' id='word_1_633' title='bbox 2797 4172 2955 4243; x_wconf 88' lang='lat' dir='ltr'><strong>longo</strong></span> <span class='ocrx_word' id='word_1_634' title='bbox 2982 4175 3170 4229; x_wconf 90' lang='lat' dir='ltr'><strong>vestita</strong></span> <span class='ocrx_word' id='word_1_635' title='bbox 3193 4177 3418 4246; x_wconf 88' lang='lat' dir='ltr'><strong>capillo,</strong></span> 
     </span>
    </p>
   </div>
   <div class='ocr_carea' id='block_1_106' title="bbox 2201 4263 3646 4342">
    <p class='ocr_par' dir='ltr' id='par_1_106' title="bbox 2201 4263 3646 4342">
     <span class='ocr_line' id='line_1_106' title="bbox 2201 4263 3646 4342; baseline 0.008 -25"><span class='ocrx_word' id='word_1_636' title='bbox 2201 4263 2449 4318; x_wconf 84' lang='lat' dir='ltr'><strong>Culmina</strong></span> <span class='ocrx_word' id='word_1_637' title='bbox 2479 4264 2685 4319; x_wconf 80' lang='lat' dir='ltr'><strong>difﬁcili</strong></span> <span class='ocrx_word' id='word_1_638' title='bbox 2705 4282 2997 4336; x_wconf 88' lang='lat' dir='ltr'><strong>peragrans</strong></span> <span class='ocrx_word' id='word_1_639' title='bbox 3023 4269 3117 4323; x_wconf 89' lang='lat' dir='ltr'><strong>sed</strong></span> <span class='ocrx_word' id='word_1_640' title='bbox 3147 4279 3203 4324; x_wconf 92' lang='lat' dir='ltr'><strong>et</strong></span> <span class='ocrx_word' id='word_1_641' title='bbox 3227 4271 3390 4325; x_wconf 88' lang='lat' dir='ltr'><strong>ardua</strong></span> <span class='ocrx_word' id='word_1_642' title='bbox 3421 4288 3612 4342; x_wconf 84' lang='lat' dir='ltr'><strong>gressu</strong></span> <span class='ocrx_word' id='word_1_643' title='bbox 3632 4319 3646 4341; x_wconf 93' lang='lat'><strong>,</strong></span> 
     </span>
    </p>
   </div>
   <div class='ocr_carea' id='block_1_107' title="bbox 2202 4353 3478 4435">
    <p class='ocr_par' dir='ltr' id='par_1_107' title="bbox 2202 4353 3478 4435">
     <span class='ocr_line' id='line_1_107' title="bbox 2202 4353 3478 4435; baseline 0.008 -28"><span class='ocrx_word' id='word_1_644' title='bbox 2202 4353 2422 4410; x_wconf 84' lang='lat' dir='ltr'><strong>Custodi</strong></span> <span class='ocrx_word' id='word_1_645' title='bbox 2451 4357 2667 4426; x_wconf 88' lang='lat' dir='ltr'><strong>pecoris</strong></span> <span class='ocrx_word' id='word_1_646' title='bbox 2693 4359 2923 4414; x_wconf 88' lang='lat' dir='ltr'><strong>tremula</strong></span> <span class='ocrx_word' id='word_1_647' title='bbox 2952 4362 3253 4430; x_wconf 90' lang='lat' dir='ltr'><strong>respondeo</strong></span> <span class='ocrx_word' id='word_1_648' title='bbox 3280 4363 3478 4435; x_wconf 84' lang='lat' dir='ltr'><strong>lingua.</strong></span> 
     </span>
    </p>
   </div>
   <div class='ocr_carea' id='block_1_108' title="bbox 2681 4435 3169 4509">
    <p class='ocr_par' dir='ltr' id='par_1_108' title="bbox 2681 4435 3169 4509">
     <span class='ocr_line' id='line_1_108' title="bbox 2681 4435 3169 4509; baseline 0.006 -3"><span class='ocrx_word' id='word_1_649' title='bbox 2681 4435 2684 4437; x_wconf 5' lang='grc' dir='ltr'><em>ἓ</em></span> <span class='ocrx_word' id='word_1_650' title='bbox 2829 4452 2920 4507; x_wconf 85' lang='grc'>56.</span> <span class='ocrx_word' id='word_1_651' title='bbox 2948 4451 3169 4509; x_wconf 83' lang='lat' dir='ltr'><strong>Porcus.</strong></span> 
     </span>
    </p>
   </div>
   <div class='ocr_carea' id='block_1_109' title="bbox 2201 4541 3398 4620">
    <p class='ocr_par' dir='ltr' id='par_1_109' title="bbox 2201 4541 3398 4620">
     <span class='ocr_line' id='line_1_109' title="bbox 2201 4541 3398 4620; baseline 0.008 -22"><span class='ocrx_word' id='word_1_652' title='bbox 2201 4541 2457 4613; x_wconf 69' lang='lat' dir='ltr'><strong>Seligerte</strong></span> <span class='ocrx_word' id='word_1_653' title='bbox 2490 4543 2678 4598; x_wconf 90' lang='lat' dir='ltr'><strong>matris</strong></span> <span class='ocrx_word' id='word_1_654' title='bbox 2707 4544 2954 4600; x_wconf 78' lang='lat' dir='ltr'><strong>foecunda</strong></span> <span class='ocrx_word' id='word_1_655' title='bbox 2976 4557 3133 4604; x_wconf 87' lang='lat' dir='ltr'><strong>natus</strong></span> <span class='ocrx_word' id='word_1_656' title='bbox 3156 4548 3211 4604; x_wconf 88' lang='lat' dir='ltr'><strong>in</strong></span> <span class='ocrx_word' id='word_1_657' title='bbox 3242 4553 3398 4620; x_wconf 57' lang='lat' dir='ltr'><strong>alvo,</strong></span> 
     </span>
    </p>
   </div>
   <div class='ocr_carea' id='block_1_110' title="bbox 2201 4625 3439 4714">
    <p class='ocr_par' dir='ltr' id='par_1_110' title="bbox 2201 4625 3439 4714">
     <span class='ocr_line' id='line_1_110' title="bbox 2201 4625 3439 4714; baseline 0.011 -27"><span class='ocrx_word' id='word_1_658' title='bbox 2201 4634 2441 4705; x_wconf 85' lang='lat' dir='ltr'><strong>Desuper</strong></span> <span class='ocrx_word' id='word_1_659' title='bbox 2462 4651 2526 4690; x_wconf 87' lang='lat' dir='ltr'><strong>ex</strong></span> <span class='ocrx_word' id='word_1_660' title='bbox 2549 4637 2659 4692; x_wconf 89' lang='lat' dir='ltr'><strong>alto</strong></span> <span class='ocrx_word' id='word_1_661' title='bbox 2679 4625 2880 4692; x_wconf 86' lang='lat' dir='ltr'><strong>virides</strong></span> <span class='ocrx_word' id='word_1_662' title='bbox 2899 4649 3161 4708; x_wconf 84' lang='lat' dir='ltr'><strong>exspecto</strong></span> <span class='ocrx_word' id='word_1_663' title='bbox 3187 4645 3404 4714; x_wconf 83' lang='lat' dir='ltr'><strong>saginas</strong></span> <span class='ocrx_word' id='word_1_664' title='bbox 3421 4683 3439 4709; x_wconf 81' lang='lat'><strong>,</strong></span> 
     </span>
    </p>
   </div>
   <div class='ocr_carea' id='block_1_111' title="bbox 2198 4727 3638 4808">
    <p class='ocr_par' dir='ltr' id='par_1_111' title="bbox 2198 4727 3638 4808">
     <span class='ocr_line' id='line_1_111' title="bbox 2198 4727 3638 4808; baseline 0.009 -27"><span class='ocrx_word' id='word_1_665' title='bbox 2198 4727 2428 4796; x_wconf 86' lang='lat' dir='ltr'><strong>Nomine</strong></span> <span class='ocrx_word' id='word_1_666' title='bbox 2454 4744 2655 4786; x_wconf 87' lang='lat' dir='ltr'><strong>numen</strong></span> <span class='ocrx_word' id='word_1_667' title='bbox 2676 4729 2906 4798; x_wconf 88' lang='lat' dir='ltr'><strong>habens,</strong></span> <span class='ocrx_word' id='word_1_668' title='bbox 2938 4733 2983 4787; x_wconf 91' lang='lat' dir='ltr'><strong>si</strong></span> <span class='ocrx_word' id='word_1_669' title='bbox 3013 4733 3188 4788; x_wconf 86' lang='lat' dir='ltr'><strong>littera</strong></span> <span class='ocrx_word' id='word_1_670' title='bbox 3209 4737 3383 4806; x_wconf 88' lang='lat' dir='ltr'><strong>prima</strong></span> <span class='ocrx_word' id='word_1_671' title='bbox 3414 4739 3638 4808; x_wconf 83' lang='lat' dir='ltr'><strong>periret.</strong></span> 
     </span>
    </p>
   </div>
   <div class='ocr_carea' id='block_1_112' title="bbox 2415 4822 3147 4894">
    <p class='ocr_par' dir='ltr' id='par_1_112' title="bbox 2415 4822 3147 4894">
     <span class='ocr_line' id='line_1_112' title="bbox 2415 4822 3147 4894; baseline 0.005 -19"><span class='ocrx_word' id='word_1_672' title='bbox 2415 4891 2418 4894; x_wconf 16' lang='grc' dir='ltr'>λ</span> <span class='ocrx_word' id='word_1_673' title='bbox 2671 4859 2676 4864; x_wconf 72' lang='lat'><strong>~</strong></span> <span class='ocrx_word' id='word_1_674' title='bbox 2862 4823 2951 4878; x_wconf 87' lang='grc'><strong>57.</strong></span> <span class='ocrx_word' id='word_1_675' title='bbox 2980 4822 3147 4879; x_wconf 82' lang='lat' dir='ltr'><strong>Mula.</strong></span> 
     </span>
    </p>
   </div>
   <div class='ocr_carea' id='block_1_113' title="bbox 2200 4903 3348 4986">
    <p class='ocr_par' dir='ltr' id='par_1_113' title="bbox 2200 4903 3348 4986">
     <span class='ocr_line' id='line_1_113' title="bbox 2200 4903 3348 4986; baseline 0.009 -23"><span class='ocrx_word' id='word_1_676' title='bbox 2200 4903 2484 4963; x_wconf 75' lang='lat' dir='ltr'><strong>Dissimilis</strong></span> <span class='ocrx_word' id='word_1_677' title='bbox 2514 4911 2675 4979; x_wconf 88' lang='lat' dir='ltr'><strong>patri,</strong></span> <span class='ocrx_word' id='word_1_678' title='bbox 2710 4913 2868 4968; x_wconf 90' lang='lat' dir='ltr'><strong>matri</strong></span> <span class='ocrx_word' id='word_1_679' title='bbox 2901 4913 3113 4970; x_wconf 88' lang='lat' dir='ltr'><strong>diversa</strong></span> <span class='ocrx_word' id='word_1_680' title='bbox 3142 4915 3309 4986; x_wconf 79' lang='lat' dir='ltr'><strong>ﬁgura</strong></span> <span class='ocrx_word' id='word_1_681' title='bbox 3334 4961 3348 4986; x_wconf 87' lang='lat'><strong>,</strong></span> 
     </span>
    </p>
   </div>
   <div class='ocr_carea' id='block_1_114' title="bbox 2197 5003 3468 5085">
    <p class='ocr_par' dir='ltr' id='par_1_114' title="bbox 2197 5003 3468 5085">
     <span class='ocr_line' id='line_1_114' title="bbox 2197 5003 3468 5085; baseline 0.011 -28"><span class='ocrx_word' id='word_1_682' title='bbox 2197 5003 2418 5058; x_wconf 80' lang='lat' dir='ltr'><strong>Cmifusi</strong></span> <span class='ocrx_word' id='word_1_683' title='bbox 2438 5005 2678 5074; x_wconf 85' lang='lat' dir='ltr'><strong>generis,</strong></span> <span class='ocrx_word' id='word_1_684' title='bbox 2707 5006 2896 5075; x_wconf 83' lang='lat' dir='ltr'><strong>generi</strong></span> <span class='ocrx_word' id='word_1_685' title='bbox 2919 5023 3024 5062; x_wconf 90' lang='lat' dir='ltr'><strong>non</strong></span> <span class='ocrx_word' id='word_1_686' title='bbox 3047 5019 3170 5079; x_wconf 87' lang='lat' dir='ltr'><strong>apta</strong></span> <span class='ocrx_word' id='word_1_687' title='bbox 3198 5021 3468 5085; x_wconf 79' lang='lat' dir='ltr'><strong>prOpago,</strong></span> 
     </span>
    </p>
   </div>
   <div class='ocr_carea' id='block_1_115' title="bbox 2197 5096 3602 5170">
    <p class='ocr_par' dir='ltr' id='par_1_115' title="bbox 2197 5096 3602 5170">
     <span class='ocr_line' id='line_1_115' title="bbox 2197 5096 3602 5170; baseline 0.01 -20"><span class='ocrx_word' id='word_1_688' title='bbox 2197 5096 2274 5151; x_wconf 85' lang='lat' dir='ltr'><strong>Ex</strong></span> <span class='ocrx_word' id='word_1_689' title='bbox 2306 5097 2428 5150; x_wconf 86' lang='lat' dir='ltr'><strong>aliis</strong></span> <span class='ocrx_word' id='word_1_690' title='bbox 2455 5107 2666 5165; x_wconf 83' lang='lat' dir='ltr'><strong>nascor,</strong></span> <span class='ocrx_word' id='word_1_691' title='bbox 2693 5111 2795 5154; x_wconf 88' lang='lat' dir='ltr'><strong>nec</strong></span> <span class='ocrx_word' id='word_1_692' title='bbox 2823 5099 3110 5170; x_wconf 88' lang='lat' dir='ltr'><strong>quicquam</strong></span> <span class='ocrx_word' id='word_1_693' title='bbox 3143 5105 3380 5162; x_wconf 84' lang='lat' dir='ltr'><strong>nascitur</strong></span> <span class='ocrx_word' id='word_1_694' title='bbox 3401 5121 3468 5162; x_wconf 90' lang='lat' dir='ltr'><strong>ex</strong></span> <span class='ocrx_word' id='word_1_695' title='bbox 3495 5123 3602 5164; x_wconf 87' lang='lat' dir='ltr'><strong>me.</strong></span> 
     </span>
    </p>
   </div>
   <div class='ocr_carea' id='block_1_116' title="bbox 2839 5189 3148 5264">
    <p class='ocr_par' dir='ltr' id='par_1_116' title="bbox 2839 5189 3148 5264">
     <span class='ocr_line' id='line_1_116' title="bbox 2839 5189 3148 5264; baseline 0.013 -19"><span class='ocrx_word' id='word_1_696' title='bbox 2839 5191 2927 5246; x_wconf 82' lang='grc'><strong>58.</strong></span> <span class='ocrx_word' id='word_1_697' title='bbox 2962 5189 3148 5264; x_wconf 79' lang='lat' dir='ltr'><strong>Tigris.</strong></span> 
     </span>
    </p>
   </div>
   <div class='ocr_carea' id='block_1_117' title="bbox 2195 5280 3415 5350">
    <p class='ocr_par' dir='ltr' id='par_1_117' title="bbox 2195 5280 3415 5350">
     <span class='ocr_line' id='line_1_117' title="bbox 2195 5280 3415 5350; baseline 0.01 -15"><span class='ocrx_word' id='word_1_698' title='bbox 2195 5281 2242 5336; x_wconf 79' lang='grc' dir='ltr'><strong>Α</strong></span> <span class='ocrx_word' id='word_1_699' title='bbox 2265 5280 2428 5338; x_wconf 86' lang='lat' dir='ltr'><strong>lluvio</strong></span> <span class='ocrx_word' id='word_1_700' title='bbox 2456 5283 2627 5350; x_wconf 89' lang='lat' dir='ltr'><strong>dicor,</strong></span> <span class='ocrx_word' id='word_1_701' title='bbox 2655 5283 2848 5342; x_wconf 85' lang='lat' dir='ltr'><strong>ﬂuvius</strong></span> <span class='ocrx_word' id='word_1_702' title='bbox 2875 5289 2960 5343; x_wconf 89' lang='lat' dir='ltr'><strong>vel</strong></span> <span class='ocrx_word' id='word_1_703' title='bbox 2991 5288 3186 5343; x_wconf 87' lang='lat' dir='ltr'><strong>dicitur</strong></span> <span class='ocrx_word' id='word_1_704' title='bbox 3205 5305 3268 5346; x_wconf 83' lang='lat' dir='ltr'><strong>ex</strong></span> <span class='ocrx_word' id='word_1_705' title='bbox 3299 5307 3415 5347; x_wconf 88' lang='lat' dir='ltr'><strong>me:</strong></span> 
     </span>
    </p>
   </div>
   <div class='ocr_carea' id='block_1_118' title="bbox 2194 5371 3599 5454">
    <p class='ocr_par' dir='ltr' id='par_1_118' title="bbox 2194 5371 3599 5454">
     <span class='ocr_line' id='line_1_118' title="bbox 2194 5371 3599 5454; baseline 0.009 -26"><span class='ocrx_word' id='word_1_706' title='bbox 2194 5371 2492 5445; x_wconf 70' lang='lat' dir='ltr'><strong>Iunctaque</strong></span> <span class='ocrx_word' id='word_1_707' title='bbox 2523 5389 2641 5431; x_wconf 89' lang='lat' dir='ltr'><strong>sum</strong></span> <span class='ocrx_word' id='word_1_708' title='bbox 2671 5388 2855 5444; x_wconf 87' lang='lat' dir='ltr'><strong>vento,</strong></span> <span class='ocrx_word' id='word_1_709' title='bbox 2881 5389 3041 5436; x_wconf 83' lang='lat' dir='ltr'><strong>vento</strong></span> <span class='ocrx_word' id='word_1_710' title='bbox 3065 5381 3302 5439; x_wconf 85' lang='lat' dir='ltr'><strong>velocior</strong></span> <span class='ocrx_word' id='word_1_711' title='bbox 3324 5383 3444 5454; x_wconf 89' lang='lat' dir='ltr'><strong>ipso</strong></span> <span class='ocrx_word' id='word_1_712' title='bbox 3466 5425 3482 5452; x_wconf 95' lang='lat'><strong>,</strong></span> <span class='ocrx_word' id='word_1_713' title='bbox 3595 5445 3599 5453; x_wconf 52' lang='grc'><strong><em>,</em></strong></span> 
     </span>
    </p>
   </div>
   <div class='ocr_carea' id='block_1_119' title="bbox 2192 5465 3607 5546">
    <p class='ocr_par' dir='ltr' id='par_1_119' title="bbox 2192 5465 3607 5546">
     <span class='ocr_line' id='line_1_119' title="bbox 2192 5465 3607 5546; baseline 0.008 -24"><span class='ocrx_word' id='word_1_714' title='bbox 2192 5465 2262 5522; x_wconf 88' lang='lat' dir='ltr'><strong>Et</strong></span> <span class='ocrx_word' id='word_1_715' title='bbox 2289 5467 2417 5522; x_wconf 88' lang='lat' dir='ltr'><strong>mihi</strong></span> <span class='ocrx_word' id='word_1_716' title='bbox 2449 5466 2540 5523; x_wconf 87' lang='lat' dir='ltr'><strong>dat</strong></span> <span class='ocrx_word' id='word_1_717' title='bbox 2564 5479 2757 5525; x_wconf 84' lang='lat' dir='ltr'><strong>ventus</strong></span> <span class='ocrx_word' id='word_1_718' title='bbox 2785 5481 2958 5538; x_wconf 85' lang='lat' dir='ltr'><strong>natos,</strong></span> <span class='ocrx_word' id='word_1_719' title='bbox 2995 5489 3098 5528; x_wconf 93' lang='lat' dir='ltr'><strong>non</strong></span> <span class='ocrx_word' id='word_1_720' title='bbox 3127 5492 3310 5546; x_wconf 64' lang='lat' dir='ltr'><strong>quaero</strong></span> <span class='ocrx_word' id='word_1_721' title='bbox 3332 5480 3607 5534; x_wconf 87' lang='lat' dir='ltr'><strong>maritum.</strong></span> 
     </span>
    </p>
   </div>
   <div class='ocr_carea' id='block_1_120' title="bbox 2775 5563 3211 5624">
    <p class='ocr_par' dir='ltr' id='par_1_120' title="bbox 2775 5563 3211 5624">
     <span class='ocr_line' id='line_1_120' title="bbox 2775 5563 3211 5624; baseline 0.011 -6"><span class='ocrx_word' id='word_1_722' title='bbox 2775 5563 2865 5620; x_wconf 82' lang='grc'>59.</span> <span class='ocrx_word' id='word_1_723' title='bbox 2905 5563 3211 5624; x_wconf 82' lang='lat' dir='ltr'><strong>Centaurus.</strong></span> 
     </span>
    </p>
   </div>
   <div class='ocr_carea' id='block_1_121' title="bbox 2185 5645 3608 5733">
    <p class='ocr_par' dir='ltr' id='par_1_121' title="bbox 2185 5645 3608 5733">
     <span class='ocr_line' id='line_1_121' title="bbox 2185 5645 3608 5733; baseline 0.011 -28"><span class='ocrx_word' id='word_1_724' title='bbox 2185 5645 2449 5718; x_wconf 82' lang='lat' dir='ltr'><strong>Quattuor</strong></span> <span class='ocrx_word' id='word_1_725' title='bbox 2469 5652 2693 5726; x_wconf 84' lang='lat' dir='ltr'><strong>insignis</strong></span> <span class='ocrx_word' id='word_1_726' title='bbox 2715 5654 2963 5724; x_wconf 84' lang='lat' dir='ltr'><strong>pedibus,</strong></span> <span class='ocrx_word' id='word_1_727' title='bbox 2986 5658 3339 5731; x_wconf 86' lang='lat' dir='ltr'><strong>manibusque</strong></span> <span class='ocrx_word' id='word_1_728' title='bbox 3360 5661 3568 5720; x_wconf 82' lang='lat' dir='ltr'><strong>duabus</strong></span> <span class='ocrx_word' id='word_1_729' title='bbox 3586 5703 3608 5733; x_wconf 87' lang='lat'><strong>,</strong></span> 
     </span>
    </p>
   </div>
   <div class='ocr_carea' id='block_1_122' title="bbox 2123 4441 2179 4503">
    <p class='ocr_par' dir='ltr' id='par_1_122' title="bbox 2123 4441 2179 4503">
     <span class='ocr_line' id='line_1_122' title="bbox 2123 4441 2179 4503; baseline 0 0"><span class='ocrx_word' id='word_1_730' title='bbox 2123 4441 2179 4503; x_wconf 91' lang='lat' dir='ltr'><strong>D</strong></span> 
     </span>
    </p>
   </div>
  </div>
