  <div class='ocr_page' id='page_1' title='image "/cluster/home/n/w/nwhite01/storage/ocr_20150623/7/hvd.32044096580352/152.png"; bbox 0 0 4058 6188; ppageno 0'>
   <div class='ocr_carea' id='block_1_1' title="bbox 247 173 3515 287">
    <p class='ocr_par' dir='ltr' id='par_1_1' title="bbox 247 173 3515 287">
     <span class='ocr_line' id='line_1_1' title="bbox 247 173 3515 287; baseline 0.017 -57"><span class='ocrx_word' id='word_1_1' title='bbox 247 173 347 231; x_wconf 75' lang='lat'><strong>295</strong></span> <span class='ocrx_word' id='word_1_2' title='bbox 1652 192 2057 256; x_wconf 61' lang='lat' dir='ltr'><strong>ENIGMATA.</strong></span> <span class='ocrx_word' id='word_1_3' title='bbox 3412 227 3515 287; x_wconf 62' lang='grc' dir='ltr'>ξω</span> 
     </span>
    </p>
   </div>
   <div class='ocr_carea' id='block_1_2' title="bbox 243 287 1729 372">
    <p class='ocr_par' dir='ltr' id='par_1_2' title="bbox 243 287 1729 372">
     <span class='ocr_line' id='line_1_2' title="bbox 243 287 1729 372; baseline 0.011 -29"><span class='ocrx_word' id='word_1_4' title='bbox 243 288 509 343; x_wconf 81' lang='lat' dir='ltr'><strong>Dissimilis</strong></span> <span class='ocrx_word' id='word_1_5' title='bbox 532 287 657 344; x_wconf 87' lang='lat' dir='ltr'><strong>mihi</strong></span> <span class='ocrx_word' id='word_1_6' title='bbox 687 303 831 359; x_wconf 87' lang='lat' dir='ltr'><strong>sum,</strong></span> <span class='ocrx_word' id='word_1_7' title='bbox 871 293 996 364; x_wconf 85' lang='lat' dir='ltr'><strong>quia</strong></span> <span class='ocrx_word' id='word_1_8' title='bbox 1026 288 1145 352; x_wconf 79' lang='lat' dir='ltr'><strong>sum</strong></span> <span class='ocrx_word' id='word_1_9' title='bbox 1177 312 1284 353; x_wconf 88' lang='lat' dir='ltr'><strong>non</strong></span> <span class='ocrx_word' id='word_1_10' title='bbox 1316 314 1455 356; x_wconf 88' lang='lat' dir='ltr'><strong>unus</strong></span> <span class='ocrx_word' id='word_1_11' title='bbox 1475 311 1529 358; x_wconf 89' lang='lat' dir='ltr'><strong>et</strong></span> <span class='ocrx_word' id='word_1_12' title='bbox 1556 319 1729 372; x_wconf 89' lang='lat' dir='ltr'><strong>unus;</strong></span> 
     </span>
    </p>
   </div>
   <div class='ocr_carea' id='block_1_3' title="bbox 241 377 1727 467">
    <p class='ocr_par' dir='ltr' id='par_1_3' title="bbox 241 377 1727 467">
     <span class='ocr_line' id='line_1_3' title="bbox 241 377 1727 467; baseline 0.014 -35"><span class='ocrx_word' id='word_1_13' title='bbox 241 377 304 434; x_wconf 83' lang='lat' dir='ltr'><strong>Et</strong></span> <span class='ocrx_word' id='word_1_14' title='bbox 328 380 481 436; x_wconf 75' lang='lat' dir='ltr'><strong>vehar</strong></span> <span class='ocrx_word' id='word_1_15' title='bbox 502 389 549 438; x_wconf 86' lang='lat' dir='ltr'><strong>et</strong></span> <span class='ocrx_word' id='word_1_16' title='bbox 574 380 812 454; x_wconf 81' lang='lat' dir='ltr'><strong>gradior,</strong></span> <span class='ocrx_word' id='word_1_17' title='bbox 835 384 961 456; x_wconf 83' lang='lat' dir='ltr'><strong>quia</strong></span> <span class='ocrx_word' id='word_1_18' title='bbox 988 402 1077 445; x_wconf 88' lang='lat' dir='ltr'><strong>me</strong></span> <span class='ocrx_word' id='word_1_19' title='bbox 1099 389 1207 447; x_wconf 89' lang='lat' dir='ltr'><strong>duo</strong></span> <span class='ocrx_word' id='word_1_20' title='bbox 1232 402 1461 466; x_wconf 85' lang='lat' dir='ltr'><strong>corpora</strong></span> <span class='ocrx_word' id='word_1_21' title='bbox 1490 394 1727 467; x_wconf 83' lang='lat' dir='ltr'><strong>portant.</strong></span> 
     </span>
    </p>
   </div>
   <div class='ocr_carea' id='block_1_4' title="bbox 800 474 1202 555">
    <p class='ocr_par' dir='ltr' id='par_1_4' title="bbox 800 474 1202 555">
     <span class='ocr_line' id='line_1_4' title="bbox 800 474 1202 555; baseline 0.012 -20"><span class='ocrx_word' id='word_1_22' title='bbox 800 474 892 536; x_wconf 57' lang='grc' dir='ltr'><strong>δῦ.</strong></span> <span class='ocrx_word' id='word_1_23' title='bbox 947 474 1202 555; x_wconf 71' lang='lat' dir='ltr'><strong>Papaver.</strong></span> 
     </span>
    </p>
   </div>
   <div class='ocr_carea' id='block_1_5' title="bbox 239 560 1730 645">
    <p class='ocr_par' dir='ltr' id='par_1_5' title="bbox 239 560 1730 645">
     <span class='ocr_line' id='line_1_5' title="bbox 239 560 1730 645; baseline 0.02 -29"><span class='ocrx_word' id='word_1_24' title='bbox 239 560 428 619; x_wconf 81' lang='lat' dir='ltr'><strong>Grande</strong></span> <span class='ocrx_word' id='word_1_25' title='bbox 452 565 574 620; x_wconf 89' lang='lat' dir='ltr'><strong>mihi</strong></span> <span class='ocrx_word' id='word_1_26' title='bbox 601 576 763 638; x_wconf 87' lang='lat' dir='ltr'><strong>caput</strong></span> <span class='ocrx_word' id='word_1_27' title='bbox 790 576 893 637; x_wconf 79' lang='lat' dir='ltr'><strong>est,</strong></span> <span class='ocrx_word' id='word_1_28' title='bbox 923 572 1067 629; x_wconf 82' lang='lat' dir='ltr'><strong>intus</strong></span> <span class='ocrx_word' id='word_1_29' title='bbox 1092 570 1192 632; x_wconf 80' lang='lat' dir='ltr'><strong>sed</strong></span> <span class='ocrx_word' id='word_1_30' title='bbox 1211 580 1451 637; x_wconf 86' lang='lat' dir='ltr'><strong>membra</strong></span> <span class='ocrx_word' id='word_1_31' title='bbox 1482 585 1685 645; x_wconf 85' lang='lat' dir='ltr'><strong>minuta</strong></span> <span class='ocrx_word' id='word_1_32' title='bbox 1713 606 1730 645; x_wconf 74' lang='grc' dir='ltr'><em>τ</em></span> 
     </span>
    </p>
   </div>
   <div class='ocr_carea' id='block_1_6' title="bbox 239 655 1492 738">
    <p class='ocr_par' dir='ltr' id='par_1_6' title="bbox 239 655 1492 738">
     <span class='ocr_line' id='line_1_6' title="bbox 239 655 1492 738; baseline 0.018 -29"><span class='ocrx_word' id='word_1_33' title='bbox 239 655 327 712; x_wconf 87' lang='lat' dir='ltr'><strong>Pes</strong></span> <span class='ocrx_word' id='word_1_34' title='bbox 355 673 484 713; x_wconf 89' lang='lat' dir='ltr'><strong>unus</strong></span> <span class='ocrx_word' id='word_1_35' title='bbox 506 659 670 729; x_wconf 73' lang='lat' dir='ltr'><strong>solus,</strong></span> <span class='ocrx_word' id='word_1_36' title='bbox 696 661 795 718; x_wconf 72' lang='lat' dir='ltr'><strong>Sed</strong></span> <span class='ocrx_word' id='word_1_37' title='bbox 819 670 917 735; x_wconf 81' lang='lat' dir='ltr'><strong>pes</strong></span> <span class='ocrx_word' id='word_1_38' title='bbox 946 660 1299 738; x_wconf 77' lang='lat' dir='ltr'><strong>longissimus</strong></span> <span class='ocrx_word' id='word_1_39' title='bbox 1322 680 1492 731; x_wconf 84' lang='lat' dir='ltr'><strong>unus:</strong></span> 
     </span>
    </p>
   </div>
   <div class='ocr_carea' id='block_1_7' title="bbox 237 747 1691 829">
    <p class='ocr_par' dir='ltr' id='par_1_7' title="bbox 237 747 1691 829">
     <span class='ocr_line' id='line_1_7' title="bbox 237 747 1691 829; baseline 0.017 -27"><span class='ocrx_word' id='word_1_40' title='bbox 237 747 295 803; x_wconf 79' lang='lat' dir='ltr'><strong>Et</strong></span> <span class='ocrx_word' id='word_1_41' title='bbox 316 764 395 804; x_wconf 89' lang='lat' dir='ltr'><strong>me</strong></span> <span class='ocrx_word' id='word_1_42' title='bbox 416 764 641 808; x_wconf 83' lang='lat' dir='ltr'><strong>somnus</strong></span> <span class='ocrx_word' id='word_1_43' title='bbox 662 756 830 825; x_wconf 73' lang='lat' dir='ltr'><strong>autat,</strong></span> <span class='ocrx_word' id='word_1_44' title='bbox 862 758 1082 829; x_wconf 70' lang='lat' dir='ltr'><strong>preprio</strong></span> <span class='ocrx_word' id='word_1_45' title='bbox 1104 772 1206 817; x_wconf 85' lang='lat' dir='ltr'><strong>nec</strong></span> <span class='ocrx_word' id='word_1_46' title='bbox 1236 760 1448 823; x_wconf 77' lang='lat' dir='ltr'><strong>dormio</strong></span> <span class='ocrx_word' id='word_1_47' title='bbox 1476 770 1691 829; x_wconf 75' lang='lat' dir='ltr'><strong>somno.</strong></span> 
     </span>
    </p>
   </div>
   <div class='ocr_carea' id='block_1_8' title="bbox 855 860 1179 935">
    <p class='ocr_par' dir='ltr' id='par_1_8' title="bbox 855 860 1179 935">
     <span class='ocr_line' id='line_1_8' title="bbox 855 860 1179 935; baseline 0.019 -7"><span class='ocrx_word' id='word_1_48' title='bbox 855 860 947 929; x_wconf 70' lang='grc' dir='ltr'><strong>Η.</strong></span> <span class='ocrx_word' id='word_1_49' title='bbox 979 866 1179 935; x_wconf 73' lang='lat' dir='ltr'><strong>Malea.</strong></span> 
     </span>
    </p>
   </div>
   <div class='ocr_carea' id='block_1_9' title="bbox 237 980 1576 1072">
    <p class='ocr_par' dir='ltr' id='par_1_9' title="bbox 237 980 1576 1072">
     <span class='ocr_line' id='line_1_9' title="bbox 237 980 1576 1072; baseline 0.016 -37"><span class='ocrx_word' id='word_1_50' title='bbox 237 980 428 1037; x_wconf 78' lang='lat' dir='ltr'><strong>Anseris</strong></span> <span class='ocrx_word' id='word_1_51' title='bbox 452 997 574 1040; x_wconf 89' lang='lat' dir='ltr'><strong>esse</strong></span> <span class='ocrx_word' id='word_1_52' title='bbox 598 984 762 1056; x_wconf 88' lang='lat' dir='ltr'><strong>pedes</strong></span> <span class='ocrx_word' id='word_1_53' title='bbox 781 989 986 1048; x_wconf 84' lang='lat' dir='ltr'><strong>similes</strong></span> <span class='ocrx_word' id='word_1_54' title='bbox 1012 994 1164 1062; x_wconf 85' lang='lat' dir='ltr'><strong>mihi,</strong></span> <span class='ocrx_word' id='word_1_55' title='bbox 1188 995 1316 1054; x_wconf 89' lang='lat' dir='ltr'><strong>nolo</strong></span> <span class='ocrx_word' id='word_1_56' title='bbox 1346 1014 1576 1072; x_wconf 85' lang='lat' dir='ltr'><strong>negare:</strong></span> 
     </span>
    </p>
   </div>
   <div class='ocr_carea' id='block_1_10' title="bbox 236 1069 1629 1163">
    <p class='ocr_par' dir='ltr' id='par_1_10' title="bbox 236 1069 1629 1163">
     <span class='ocr_line' id='line_1_10' title="bbox 236 1069 1629 1163; baseline 0.021 -40"><span class='ocrx_word' id='word_1_57' title='bbox 236 1069 327 1126; x_wconf 82' lang='lat' dir='ltr'><strong>Nec</strong></span> <span class='ocrx_word' id='word_1_58' title='bbox 343 1071 442 1127; x_wconf 90' lang='lat' dir='ltr'><strong>duo</strong></span> <span class='ocrx_word' id='word_1_59' title='bbox 456 1072 582 1129; x_wconf 62' lang='lat' dir='ltr'><strong>sunt&#39;</strong></span> <span class='ocrx_word' id='word_1_60' title='bbox 612 1085 843 1149; x_wconf 88' lang='lat' dir='ltr'><strong>tantum,</strong></span> <span class='ocrx_word' id='word_1_61' title='bbox 869 1083 965 1138; x_wconf 81' lang='lat' dir='ltr'><strong>sed</strong></span> <span class='ocrx_word' id='word_1_62' title='bbox 991 1084 1176 1156; x_wconf 82' lang='lat' dir='ltr'><strong>plures</strong></span> <span class='ocrx_word' id='word_1_63' title='bbox 1206 1090 1398 1148; x_wconf 78' lang='lat' dir='ltr'><strong>ordine</strong></span> <span class='ocrx_word' id='word_1_64' title='bbox 1414 1069 1629 1163; x_wconf 83' lang='lat' dir='ltr'><strong>cernis;</strong></span> 
     </span>
    </p>
   </div>
   <div class='ocr_carea' id='block_1_11' title="bbox 236 1164 1566 1258">
    <p class='ocr_par' dir='ltr' id='par_1_11' title="bbox 236 1164 1566 1258">
     <span class='ocr_line' id='line_1_11' title="bbox 236 1164 1566 1258; baseline 0.018 -39"><span class='ocrx_word' id='word_1_65' title='bbox 236 1164 289 1220; x_wconf 83' lang='lat' dir='ltr'><strong>Et</strong></span> <span class='ocrx_word' id='word_1_66' title='bbox 312 1174 480 1224; x_wconf 85' lang='lat' dir='ltr'><strong>tamen</strong></span> <span class='ocrx_word' id='word_1_67' title='bbox 507 1168 611 1226; x_wconf 90' lang='lat' dir='ltr'><strong>hos</strong></span> <span class='ocrx_word' id='word_1_68' title='bbox 631 1170 776 1242; x_wconf 87' lang='lat' dir='ltr'><strong>ipsos</strong></span> <span class='ocrx_word' id='word_1_69' title='bbox 802 1190 994 1233; x_wconf 87' lang='lat' dir='ltr'><strong>omnes</strong></span> <span class='ocrx_word' id='word_1_70' title='bbox 1017 1194 1119 1249; x_wconf 92' lang='lat' dir='ltr'><strong>ego</strong></span> <span class='ocrx_word' id='word_1_71' title='bbox 1147 1192 1304 1251; x_wconf 87' lang='lat' dir='ltr'><strong>porto</strong></span> <span class='ocrx_word' id='word_1_72' title='bbox 1321 1187 1566 1258; x_wconf 73' lang='lat' dir='ltr'><strong>supinos.</strong></span> 
     </span>
    </p>
   </div>
   <div class='ocr_carea' id='block_1_12' title="bbox 860 1270 1132 1328">
    <p class='ocr_par' dir='ltr' id='par_1_12' title="bbox 860 1270 1132 1328">
     <span class='ocr_line' id='line_1_12' title="bbox 860 1270 1132 1328; baseline 0.011 -3"><span class='ocrx_word' id='word_1_73' title='bbox 860 1270 953 1325; x_wconf 69' lang='grc'><strong>42.</strong></span> <span class='ocrx_word' id='word_1_74' title='bbox 984 1271 1132 1328; x_wconf 72' lang='lat' dir='ltr'><strong>Beia.</strong></span> 
     </span>
    </p>
   </div>
   <div class='ocr_carea' id='block_1_13' title="bbox 231 1351 1525 1442">
    <p class='ocr_par' dir='ltr' id='par_1_13' title="bbox 231 1351 1525 1442">
     <span class='ocr_line' id='line_1_13' title="bbox 231 1351 1525 1442; baseline 0.02 -37"><span class='ocrx_word' id='word_1_75' title='bbox 231 1351 341 1407; x_wconf 84' lang='lat' dir='ltr'><strong>Tota</strong></span> <span class='ocrx_word' id='word_1_76' title='bbox 366 1369 520 1410; x_wconf 83' lang='lat' dir='ltr'><strong>vocor</strong></span> <span class='ocrx_word' id='word_1_77' title='bbox 543 1372 744 1428; x_wconf 64' lang='lat' dir='ltr'><strong>gricce.</strong></span> <span class='ocrx_word' id='word_1_78' title='bbox 775 1362 870 1418; x_wconf 86' lang='lat' dir='ltr'><strong>sed</strong></span> <span class='ocrx_word' id='word_1_79' title='bbox 898 1380 1007 1420; x_wconf 89' lang='lat' dir='ltr'><strong>non</strong></span> <span class='ocrx_word' id='word_1_80' title='bbox 1033 1382 1152 1423; x_wconf 89' lang='lat' dir='ltr'><strong>sum</strong></span> <span class='ocrx_word' id='word_1_81' title='bbox 1184 1378 1292 1427; x_wconf 82' lang='lat' dir='ltr'><strong>tota</strong></span> <span class='ocrx_word' id='word_1_82' title='bbox 1321 1372 1525 1442; x_wconf 82' lang='lat' dir='ltr'><strong>latine;</strong></span> 
     </span>
    </p>
   </div>
   <div class='ocr_carea' id='block_1_14' title="bbox 230 1444 1653 1534">
    <p class='ocr_par' dir='ltr' id='par_1_14' title="bbox 230 1444 1653 1534">
     <span class='ocr_line' id='line_1_14' title="bbox 230 1444 1653 1534; baseline 0.021 -38"><span class='ocrx_word' id='word_1_83' title='bbox 230 1444 346 1498; x_wconf 79' lang='lat' dir='ltr'><strong>Ante</strong></span> <span class='ocrx_word' id='word_1_84' title='bbox 371 1456 544 1503; x_wconf 85' lang='lat' dir='ltr'><strong>tamen</strong></span> <span class='ocrx_word' id='word_1_85' title='bbox 576 1451 807 1507; x_wconf 86' lang='lat' dir='ltr'><strong>mediam</strong></span> <span class='ocrx_word' id='word_1_86' title='bbox 831 1459 1092 1527; x_wconf 82' lang='lat' dir='ltr'><strong>cauponis</strong></span> <span class='ocrx_word' id='word_1_87' title='bbox 1119 1464 1323 1534; x_wconf 85' lang='lat' dir='ltr'><strong>scripta</strong></span> <span class='ocrx_word' id='word_1_88' title='bbox 1352 1467 1653 1525; x_wconf 61' lang='lat' dir='ltr'><strong>tabernam.</strong></span> 
     </span>
    </p>
   </div>
   <div class='ocr_carea' id='block_1_15' title="bbox 228 1534 1530 1629">
    <p class='ocr_par' dir='ltr' id='par_1_15' title="bbox 228 1534 1530 1629">
     <span class='ocr_line' id='line_1_15' title="bbox 228 1534 1530 1629; baseline 0.023 -39"><span class='ocrx_word' id='word_1_89' title='bbox 228 1534 274 1590; x_wconf 89' lang='lat' dir='ltr'><strong>In</strong></span> <span class='ocrx_word' id='word_1_90' title='bbox 296 1541 435 1596; x_wconf 88' lang='lat' dir='ltr'><strong>terris</strong></span> <span class='ocrx_word' id='word_1_91' title='bbox 459 1557 687 1613; x_wconf 88' lang='lat' dir='ltr'><strong>nascor,</strong></span> <span class='ocrx_word' id='word_1_92' title='bbox 721 1547 938 1619; x_wconf 82' lang='lat' dir='ltr'><strong>lympha</strong></span> <span class='ocrx_word' id='word_1_93' title='bbox 964 1552 1137 1617; x_wconf 87' lang='lat' dir='ltr'><strong>lavor,</strong></span> <span class='ocrx_word' id='word_1_94' title='bbox 1170 1571 1342 1629; x_wconf 88' lang='lat' dir='ltr'><strong>ungor</strong></span> <span class='ocrx_word' id='word_1_95' title='bbox 1365 1562 1530 1619; x_wconf 79' lang='lat' dir='ltr'><strong>olivo.</strong></span> 
     </span>
    </p>
   </div>
   <div class='ocr_carea' id='block_1_16' title="bbox 783 1645 1208 1707">
    <p class='ocr_par' dir='ltr' id='par_1_16' title="bbox 783 1645 1208 1707">
     <span class='ocr_line' id='line_1_16' title="bbox 783 1645 1208 1707; baseline 0.016 -7"><span class='ocrx_word' id='word_1_96' title='bbox 783 1645 875 1701; x_wconf 78' lang='grc'><strong>45.</strong></span> <span class='ocrx_word' id='word_1_97' title='bbox 915 1647 1208 1707; x_wconf 64' lang='grc' dir='ltr'><strong>ϐααινὸἰω.</strong></span> 
     </span>
    </p>
   </div>
   <div class='ocr_carea' id='block_1_17' title="bbox 227 1752 1683 1837">
    <p class='ocr_par' dir='ltr' id='par_1_17' title="bbox 227 1752 1683 1837">
     <span class='ocr_line' id='line_1_17' title="bbox 227 1752 1683 1837; baseline 0.018 -31"><span class='ocrx_word' id='word_1_98' title='bbox 227 1752 431 1819; x_wconf 86' lang='lat' dir='ltr'><strong>Pendeo,</strong></span> <span class='ocrx_word' id='word_1_99' title='bbox 460 1755 594 1811; x_wconf 90' lang='lat' dir='ltr'><strong>dum</strong></span> <span class='ocrx_word' id='word_1_100' title='bbox 624 1771 819 1815; x_wconf 68' lang='lat' dir='ltr'><strong>nam</strong></span> <span class='ocrx_word' id='word_1_101' title='bbox 850 1780 863 1815; x_wconf 90' lang='lat'><strong>:</strong></span> <span class='ocrx_word' id='word_1_102' title='bbox 891 1772 1077 1820; x_wconf 74' lang='lat' dir='ltr'><strong>rursus</strong></span> <span class='ocrx_word' id='word_1_103' title='bbox 1104 1768 1393 1837; x_wconf 86' lang='lat' dir='ltr'><strong>pendendo</strong></span> <span class='ocrx_word' id='word_1_104' title='bbox 1418 1781 1683 1832; x_wconf 86' lang='lat' dir='ltr'><strong>tumeseo.</strong></span> 
     </span>
    </p>
   </div>
   <div class='ocr_carea' id='block_1_18' title="bbox 225 1845 1569 1927">
    <p class='ocr_par' dir='ltr' id='par_1_18' title="bbox 225 1845 1569 1927">
     <span class='ocr_line' id='line_1_18' title="bbox 225 1845 1569 1927; baseline 0.018 -28"><span class='ocrx_word' id='word_1_105' title='bbox 225 1845 437 1903; x_wconf 72' lang='lat' dir='ltr'><strong>Pendens</strong></span> <span class='ocrx_word' id='word_1_106' title='bbox 464 1861 820 1910; x_wconf 67' lang='lat' dir='ltr'><strong>commoveor</strong></span> <span class='ocrx_word' id='word_1_107' title='bbox 842 1859 1038 1927; x_wconf 81' lang='lat' dir='ltr'><strong>ventis,</strong></span> <span class='ocrx_word' id='word_1_108' title='bbox 1067 1866 1121 1914; x_wconf 85' lang='lat' dir='ltr'><strong>et</strong></span> <span class='ocrx_word' id='word_1_109' title='bbox 1147 1864 1359 1919; x_wconf 81' lang='lat' dir='ltr'><strong>nutrior</strong></span> <span class='ocrx_word' id='word_1_110' title='bbox 1386 1864 1569 1923; x_wconf 74' lang='lat' dir='ltr'><strong>audis.</strong></span> 
     </span>
    </p>
   </div>
   <div class='ocr_carea' id='block_1_19' title="bbox 223 1938 1679 2029">
    <p class='ocr_par' dir='ltr' id='par_1_19' title="bbox 223 1938 1679 2029">
     <span class='ocr_line' id='line_1_19' title="bbox 223 1938 1679 2029; baseline 0.016 -35"><span class='ocrx_word' id='word_1_111' title='bbox 223 1938 427 1997; x_wconf 69' lang='lat' dir='ltr'><strong>Pendula</strong></span> <span class='ocrx_word' id='word_1_112' title='bbox 452 1943 499 1999; x_wconf 82' lang='lat' dir='ltr'><strong>si</strong></span> <span class='ocrx_word' id='word_1_113' title='bbox 522 1954 639 2000; x_wconf 67' lang='lat' dir='ltr'><strong>non</strong></span> <span class='ocrx_word' id='word_1_114' title='bbox 661 1947 785 2016; x_wconf 75' lang='lat' dir='ltr'><strong>sim,</strong></span> <span class='ocrx_word' id='word_1_115' title='bbox 820 1958 932 2004; x_wconf 77' lang='lat' dir='ltr'><strong>non</strong></span> <span class='ocrx_word' id='word_1_116' title='bbox 957 1965 1075 2007; x_wconf 79' lang='lat' dir='ltr'><strong>sum</strong></span> <span class='ocrx_word' id='word_1_117' title='bbox 1100 1952 1459 2029; x_wconf 67' lang='lat' dir='ltr'><strong>iamiamque</strong></span> <span class='ocrx_word' id='word_1_118' title='bbox 1487 1956 1679 2017; x_wconf 74' lang='lat' dir='ltr'><strong>futura.</strong></span> 
     </span>
    </p>
   </div>
   <div class='ocr_carea' id='block_1_20' title="bbox 847 2040 1142 2113">
    <p class='ocr_par' dir='ltr' id='par_1_20' title="bbox 847 2040 1142 2113">
     <span class='ocr_line' id='line_1_20' title="bbox 847 2040 1142 2113; baseline 0.003 -17"><span class='ocrx_word' id='word_1_119' title='bbox 847 2041 941 2097; x_wconf 69' lang='grc' dir='ltr'><strong>Η.</strong></span> <span class='ocrx_word' id='word_1_120' title='bbox 985 2040 1142 2113; x_wconf 77' lang='lat' dir='ltr'><strong>Cepa.</strong></span> 
     </span>
    </p>
   </div>
   <div class='ocr_carea' id='block_1_21' title="bbox 221 2145 1709 2243">
    <p class='ocr_par' dir='ltr' id='par_1_21' title="bbox 221 2145 1709 2243">
     <span class='ocr_line' id='line_1_21' title="bbox 221 2145 1709 2243; baseline 0.019 -41"><span class='ocrx_word' id='word_1_121' title='bbox 221 2145 406 2205; x_wconf 72' lang='lat' dir='ltr'><strong>hordeo</strong></span> <span class='ocrx_word' id='word_1_122' title='bbox 430 2146 769 2222; x_wconf 76' lang='lat' dir='ltr'><strong>mordentes,</strong></span> <span class='ocrx_word' id='word_1_123' title='bbox 801 2148 943 2213; x_wconf 78' lang='lat' dir='ltr'><strong>nitro</strong></span> <span class='ocrx_word' id='word_1_124' title='bbox 970 2166 1077 2216; x_wconf 86' lang='lat' dir='ltr'><strong>non</strong></span> <span class='ocrx_word' id='word_1_125' title='bbox 1107 2165 1328 2222; x_wconf 87' lang='lat' dir='ltr'><strong>mordeo</strong></span> <span class='ocrx_word' id='word_1_126' title='bbox 1355 2184 1709 2243; x_wconf 80' lang='lat' dir='ltr'><strong>quemquam;</strong></span> 
     </span>
    </p>
   </div>
   <div class='ocr_carea' id='block_1_22' title="bbox 219 2240 1745 2333">
    <p class='ocr_par' dir='ltr' id='par_1_22' title="bbox 219 2240 1745 2333">
     <span class='ocr_line' id='line_1_22' title="bbox 219 2240 1745 2333; baseline 0.013 -36"><span class='ocrx_word' id='word_1_127' title='bbox 219 2240 304 2297; x_wconf 88' lang='lat' dir='ltr'><strong>Sed</strong></span> <span class='ocrx_word' id='word_1_128' title='bbox 329 2257 444 2300; x_wconf 89' lang='lat' dir='ltr'><strong>sunt</strong></span> <span class='ocrx_word' id='word_1_129' title='bbox 472 2244 823 2306; x_wconf 77' lang='lat' dir='ltr'><strong>mordentem</strong></span> <span class='ocrx_word' id='word_1_130' title='bbox 847 2248 1002 2309; x_wconf 83' lang='lat' dir='ltr'><strong>multi</strong></span> <span class='ocrx_word' id='word_1_131' title='bbox 1030 2257 1281 2315; x_wconf 88' lang='lat' dir='ltr'><strong>mordere</strong></span> <span class='ocrx_word' id='word_1_132' title='bbox 1306 2256 1477 2333; x_wconf 85' lang='lat' dir='ltr'><strong>parati</strong></span> <span class='ocrx_word' id='word_1_133' title='bbox 1511 2240 1553 2317; x_wconf 55' lang='grc' dir='ltr'>εί</span> <span class='ocrx_word' id='word_1_134' title='bbox 1736 2258 1745 2263; x_wconf 84' lang='grc'><em>’</em></span> 
     </span>
    </p>
   </div>
   <div class='ocr_carea' id='block_1_23' title="bbox 218 2332 1714 2423">
    <p class='ocr_par' dir='ltr' id='par_1_23' title="bbox 218 2332 1714 2423">
     <span class='ocr_line' id='line_1_23' title="bbox 218 2332 1714 2423; baseline 0.019 -34"><span class='ocrx_word' id='word_1_135' title='bbox 218 2332 359 2391; x_wconf 80' lang='lat' dir='ltr'><strong>Nemo</strong></span> <span class='ocrx_word' id='word_1_136' title='bbox 383 2337 533 2396; x_wconf 78' lang='lat' dir='ltr'><strong>t‘mt‘et</strong></span> <span class='ocrx_word' id='word_1_137' title='bbox 565 2350 823 2411; x_wconf 70' lang='lat' dir='ltr'><strong>Morsum,</strong></span> <span class='ocrx_word' id='word_1_138' title='bbox 850 2345 1039 2405; x_wconf 78' lang='lat' dir='ltr'><strong>dentes</strong></span> <span class='ocrx_word' id='word_1_139' title='bbox 1071 2348 1195 2423; x_wconf 82' lang='lat' dir='ltr'><strong>quia</strong></span> <span class='ocrx_word' id='word_1_140' title='bbox 1223 2370 1328 2411; x_wconf 90' lang='lat' dir='ltr'><strong>non</strong></span> <span class='ocrx_word' id='word_1_141' title='bbox 1358 2354 1530 2415; x_wconf 80' lang='lat' dir='ltr'><strong>habeo</strong></span> <span class='ocrx_word' id='word_1_142' title='bbox 1556 2358 1714 2417; x_wconf 78' lang='lat' dir='ltr'><strong>ullos.</strong></span> 
     </span>
    </p>
   </div>
   <div class='ocr_carea' id='block_1_24' title="bbox 840 2440 1406 2527">
    <p class='ocr_par' dir='ltr' id='par_1_24' title="bbox 840 2440 1406 2527">
     <span class='ocr_line' id='line_1_24' title="bbox 840 2440 1406 2527; baseline 0.016 -32"><span class='ocrx_word' id='word_1_143' title='bbox 840 2440 930 2496; x_wconf 65' lang='lat'><strong>45.</strong></span> <span class='ocrx_word' id='word_1_144' title='bbox 977 2440 1133 2500; x_wconf 76' lang='lat' dir='ltr'><strong>Rosa.</strong></span> <span class='ocrx_word' id='word_1_145' title='bbox 1402 2522 1406 2527; x_wconf 13' lang='grc' dir='ltr'>ἣ</span> 
     </span>
    </p>
   </div>
   <div class='ocr_carea' id='block_1_25' title="bbox 216 2519 1530 2611">
    <p class='ocr_par' dir='ltr' id='par_1_25' title="bbox 216 2519 1530 2611">
     <span class='ocr_line' id='line_1_25' title="bbox 216 2519 1530 2611; baseline 0.018 -35"><span class='ocrx_word' id='word_1_146' title='bbox 216 2519 421 2592; x_wconf 85' lang='lat' dir='ltr'><strong>Purpura</strong></span> <span class='ocrx_word' id='word_1_147' title='bbox 451 2540 579 2583; x_wconf 79' lang='lat' dir='ltr'><strong>sum</strong></span> <span class='ocrx_word' id='word_1_148' title='bbox 612 2534 793 2599; x_wconf 81' lang='lat' dir='ltr'><strong>teme,</strong></span> <span class='ocrx_word' id='word_1_149' title='bbox 823 2530 1052 2603; x_wconf 87' lang='lat' dir='ltr'><strong>pulchro</strong></span> <span class='ocrx_word' id='word_1_150' title='bbox 1077 2526 1295 2609; x_wconf 80' lang='lat' dir='ltr'><strong>perfusa</strong></span> <span class='ocrx_word' id='word_1_151' title='bbox 1326 2522 1530 2611; x_wconf 80' lang='lat' dir='ltr'><strong>colore,</strong></span> 
     </span>
    </p>
   </div>
   <div class='ocr_carea' id='block_1_26' title="bbox 215 2611 1457 2691">
    <p class='ocr_par' dir='ltr' id='par_1_26' title="bbox 215 2611 1457 2691">
     <span class='ocr_line' id='line_1_26' title="bbox 215 2611 1457 2691; baseline 0.018 -22"><span class='ocrx_word' id='word_1_152' title='bbox 215 2611 465 2688; x_wconf 83' lang='lat' dir='ltr'><strong>Septaque.</strong></span> <span class='ocrx_word' id='word_1_153' title='bbox 500 2634 579 2675; x_wconf 86' lang='lat' dir='ltr'><strong>ne</strong></span> <span class='ocrx_word' id='word_1_154' title='bbox 601 2620 793 2689; x_wconf 84' lang='lat' dir='ltr'><strong>violer,</strong></span> <span class='ocrx_word' id='word_1_155' title='bbox 824 2625 943 2683; x_wconf 79' lang='lat' dir='ltr'><strong>toﬁs</strong></span> <span class='ocrx_word' id='word_1_156' title='bbox 968 2626 1239 2687; x_wconf 79' lang='lat' dir='ltr'><strong>delendor</strong></span> <span class='ocrx_word' id='word_1_157' title='bbox 1263 2630 1457 2691; x_wconf 81' lang='lat' dir='ltr'><strong>acutis.</strong></span> 
     </span>
    </p>
   </div>
   <div class='ocr_carea' id='block_1_27' title="bbox 211 2703 1295 2785">
    <p class='ocr_par' dir='ltr' id='par_1_27' title="bbox 211 2703 1295 2785">
     <span class='ocr_line' id='line_1_27' title="bbox 211 2703 1295 2785; baseline 0.02 -26"><span class='ocrx_word' id='word_1_158' title='bbox 211 2703 245 2759; x_wconf 91' lang='lat'><strong>0</strong></span> <span class='ocrx_word' id='word_1_159' title='bbox 267 2705 395 2776; x_wconf 79' lang='lat' dir='ltr'><strong>felix,</strong></span> <span class='ocrx_word' id='word_1_160' title='bbox 424 2709 590 2784; x_wconf 84' lang='lat' dir='ltr'><strong>longo</strong></span> <span class='ocrx_word' id='word_1_161' title='bbox 619 2710 667 2769; x_wconf 89' lang='lat' dir='ltr'><strong>si</strong></span> <span class='ocrx_word' id='word_1_162' title='bbox 693 2726 907 2785; x_wconf 84' lang='lat' dir='ltr'><strong>possem</strong></span> <span class='ocrx_word' id='word_1_163' title='bbox 937 2719 1120 2777; x_wconf 87' lang='lat' dir='ltr'><strong>vivere</strong></span> <span class='ocrx_word' id='word_1_164' title='bbox 1147 2723 1295 2780; x_wconf 72' lang='lat' dir='ltr'><strong>fato!</strong></span> 
     </span>
    </p>
   </div>
   <div class='ocr_carea' id='block_1_28' title="bbox 819 2809 1132 2870">
    <p class='ocr_par' dir='ltr' id='par_1_28' title="bbox 819 2809 1132 2870">
     <span class='ocr_line' id='line_1_28' title="bbox 819 2809 1132 2870; baseline 0.013 -4"><span class='ocrx_word' id='word_1_165' title='bbox 819 2809 911 2867; x_wconf 67' lang='grc'><strong>46.</strong></span> <span class='ocrx_word' id='word_1_166' title='bbox 962 2810 1132 2870; x_wconf 78' lang='lat' dir='ltr'><strong>Victa.</strong></span> 
     </span>
    </p>
   </div>
   <div class='ocr_carea' id='block_1_29' title="bbox 211 2892 1774 2973">
    <p class='ocr_par' dir='ltr' id='par_1_29' title="bbox 211 2892 1774 2973">
     <span class='ocr_line' id='line_1_29' title="bbox 211 2892 1774 2973; baseline 0.016 -25"><span class='ocrx_word' id='word_1_167' title='bbox 211 2892 364 2966; x_wconf 71' lang='lat' dir='ltr'><strong>Magna</strong></span> <span class='ocrx_word' id='word_1_168' title='bbox 377 2894 600 2969; x_wconf 80' lang='lat' dir='ltr'><strong>quidem</strong></span> <span class='ocrx_word' id='word_1_169' title='bbox 619 2912 726 2957; x_wconf 86' lang='lat' dir='ltr'><strong>non</strong></span> <span class='ocrx_word' id='word_1_170' title='bbox 744 2910 888 2972; x_wconf 83' lang='lat' dir='ltr'><strong>sum,</strong></span> <span class='ocrx_word' id='word_1_171' title='bbox 908 2904 1006 2962; x_wconf 87' lang='lat' dir='ltr'><strong>sed</strong></span> <span class='ocrx_word' id='word_1_172' title='bbox 1022 2908 1164 2964; x_wconf 90' lang='lat' dir='ltr'><strong>inest</strong></span> <span class='ocrx_word' id='word_1_173' title='bbox 1181 2910 1312 2966; x_wconf 89' lang='lat' dir='ltr'><strong>mihi</strong></span> <span class='ocrx_word' id='word_1_174' title='bbox 1330 2913 1563 2969; x_wconf 78' lang='lat' dir='ltr'><strong>maxima</strong></span> <span class='ocrx_word' id='word_1_175' title='bbox 1581 2916 1774 2973; x_wconf 83' lang='lat' dir='ltr'><strong>virtus.</strong></span> 
     </span>
    </p>
   </div>
   <div class='ocr_carea' id='block_1_30' title="bbox 210 2985 1647 3076">
    <p class='ocr_par' dir='ltr' id='par_1_30' title="bbox 210 2985 1647 3076">
     <span class='ocr_line' id='line_1_30' title="bbox 210 2985 1647 3076; baseline 0.016 -36"><span class='ocrx_word' id='word_1_176' title='bbox 210 2985 411 3055; x_wconf 76' lang='lat' dir='ltr'><strong>Spiritus</strong></span> <span class='ocrx_word' id='word_1_177' title='bbox 433 3002 520 3048; x_wconf 64' lang='lat' dir='ltr'><strong>es:</strong></span> <span class='ocrx_word' id='word_1_178' title='bbox 551 2992 798 3064; x_wconf 69' lang='lat' dir='ltr'><strong>magnus,</strong></span> <span class='ocrx_word' id='word_1_179' title='bbox 831 3000 1078 3067; x_wconf 84' lang='lat' dir='ltr'><strong>quamvis</strong></span> <span class='ocrx_word' id='word_1_180' title='bbox 1110 3000 1165 3056; x_wconf 82' lang='lat' dir='ltr'><strong>in</strong></span> <span class='ocrx_word' id='word_1_181' title='bbox 1194 3016 1428 3075; x_wconf 90' lang='lat' dir='ltr'><strong>corpore</strong></span> <span class='ocrx_word' id='word_1_182' title='bbox 1457 3020 1647 3076; x_wconf 89' lang='lat' dir='ltr'><strong>parvo.</strong></span> 
     </span>
    </p>
   </div>
   <div class='ocr_carea' id='block_1_31' title="bbox 1829 311 1887 372">
    <p class='ocr_par' dir='ltr' id='par_1_31' title="bbox 1829 311 1887 372">
     <span class='ocr_line' id='line_1_31' title="bbox 1829 311 1887 372; baseline 0 0"><span class='ocrx_word' id='word_1_183' title='bbox 1829 311 1887 372; x_wconf 78' lang='grc' dir='ltr'>Α</span> 
     </span>
    </p>
   </div>
   <div class='ocr_carea' id='block_1_32' title="bbox 2543 324 2899 384">
    <p class='ocr_par' dir='ltr' id='par_1_32' title="bbox 2543 324 2899 384">
     <span class='ocr_line' id='line_1_32' title="bbox 2543 324 2899 384; baseline 0.011 -4"><span class='ocrx_word' id='word_1_184' title='bbox 2543 325 2636 381; x_wconf 73' lang='grc'><strong>54.</strong></span> <span class='ocrx_word' id='word_1_185' title='bbox 2678 324 2899 384; x_wconf 78' lang='lat' dir='ltr'><strong>Hamus.</strong></span> 
     </span>
    </p>
   </div>
   <div class='ocr_carea' id='block_1_33' title="bbox 1915 402 3145 484">
    <p class='ocr_par' dir='ltr' id='par_1_33' title="bbox 1915 402 3145 484">
     <span class='ocr_line' id='line_1_33' title="bbox 1915 402 3145 484; baseline 0.021 -26"><span class='ocrx_word' id='word_1_186' title='bbox 1915 402 2177 477; x_wconf 82' lang='lat' dir='ltr'><strong>Exiguum</strong></span> <span class='ocrx_word' id='word_1_187' title='bbox 2204 422 2425 482; x_wconf 87' lang='lat' dir='ltr'><strong>corpus,</strong></span> <span class='ocrx_word' id='word_1_188' title='bbox 2460 408 2611 473; x_wconf 80' lang='lat' dir='ltr'><strong>ﬂexu</strong></span> <span class='ocrx_word' id='word_1_189' title='bbox 2641 423 2920 479; x_wconf 89' lang='lat' dir='ltr'><strong>mucronis</strong></span> <span class='ocrx_word' id='word_1_190' title='bbox 2946 413 3145 484; x_wconf 82' lang='lat' dir='ltr'><strong>adunci</strong></span> 
     </span>
    </p>
   </div>
   <div class='ocr_carea' id='block_1_34' title="bbox 1907 495 3135 577">
    <p class='ocr_par' dir='ltr' id='par_1_34' title="bbox 1907 495 3135 577">
     <span class='ocr_line' id='line_1_34' title="bbox 1907 495 3135 577; baseline 0.02 -26"><span class='ocrx_word' id='word_1_191' title='bbox 1907 495 2156 556; x_wconf 87' lang='lat' dir='ltr'><strong>Fallaces</strong></span> <span class='ocrx_word' id='word_1_192' title='bbox 2186 517 2342 561; x_wconf 87' lang='lat' dir='ltr'><strong>escas</strong></span> <span class='ocrx_word' id='word_1_193' title='bbox 2370 498 2550 565; x_wconf 86' lang='lat' dir='ltr'><strong>medio</strong></span> <span class='ocrx_word' id='word_1_194' title='bbox 2580 506 2904 571; x_wconf 81' lang='lat' dir='ltr'><strong>circumfero</strong></span> <span class='ocrx_word' id='word_1_195' title='bbox 2927 515 3091 575; x_wconf 89' lang='lat' dir='ltr'><strong>ﬂuctu</strong></span> <span class='ocrx_word' id='word_1_196' title='bbox 3122 540 3135 577; x_wconf 91' lang='lat'><strong>:</strong></span> 
     </span>
    </p>
   </div>
   <div class='ocr_carea' id='block_1_35' title="bbox 1908 586 3361 689">
    <p class='ocr_par' dir='ltr' id='par_1_35' title="bbox 1908 586 3361 689">
     <span class='ocr_line' id='line_1_35' title="bbox 1908 586 3361 689; baseline 0.019 -42"><span class='ocrx_word' id='word_1_197' title='bbox 1908 586 2183 667; x_wconf 86' lang='lat' dir='ltr'><strong>Blandior,</strong></span> <span class='ocrx_word' id='word_1_198' title='bbox 2220 610 2279 657; x_wconf 86' lang='lat' dir='ltr'><strong>ut</strong></span> <span class='ocrx_word' id='word_1_199' title='bbox 2306 616 2568 670; x_wconf 88' lang='lat' dir='ltr'><strong>noceam;</strong></span> <span class='ocrx_word' id='word_1_200' title='bbox 2606 596 2773 664; x_wconf 85' lang='lat' dir='ltr'><strong>morti</strong></span> <span class='ocrx_word' id='word_1_201' title='bbox 2801 602 3072 681; x_wconf 72' lang='lat' dir='ltr'><strong>prtemilto</strong></span> <span class='ocrx_word' id='word_1_202' title='bbox 3099 617 3361 689; x_wconf 75' lang='lat' dir='ltr'><strong>saginam.</strong></span> 
     </span>
    </p>
   </div>
   <div class='ocr_carea' id='block_1_36' title="bbox 2562 690 2856 757">
    <p class='ocr_par' dir='ltr' id='par_1_36' title="bbox 2562 690 2856 757">
     <span class='ocr_line' id='line_1_36' title="bbox 2562 690 2856 757; baseline 0.014 -4"><span class='ocrx_word' id='word_1_203' title='bbox 2562 690 2654 754; x_wconf 76' lang='lat'><strong>53.</strong></span> <span class='ocrx_word' id='word_1_204' title='bbox 2698 702 2856 757; x_wconf 78' lang='lat' dir='ltr'><strong>Acus.</strong></span> 
     </span>
    </p>
   </div>
   <div class='ocr_carea' id='block_1_37' title="bbox 1906 770 3188 867">
    <p class='ocr_par' dir='ltr' id='par_1_37' title="bbox 1906 770 3188 867">
     <span class='ocr_line' id='line_1_37' title="bbox 1906 770 3188 867; baseline 0.017 -36"><span class='ocrx_word' id='word_1_205' title='bbox 1906 776 2112 850; x_wconf 88' lang='lat' dir='ltr'><strong>Longa,</strong></span> <span class='ocrx_word' id='word_1_206' title='bbox 2146 770 2243 838; x_wconf 85' lang='lat' dir='ltr'><strong>sed</strong></span> <span class='ocrx_word' id='word_1_207' title='bbox 2269 774 2445 852; x_wconf 77' lang='lat' dir='ltr'><strong>exilis,</strong></span> <span class='ocrx_word' id='word_1_208' title='bbox 2478 790 2624 843; x_wconf 87' lang='lat' dir='ltr'><strong>tenui</strong></span> <span class='ocrx_word' id='word_1_209' title='bbox 2657 782 2919 861; x_wconf 77' lang='lat' dir='ltr'><strong>producta</strong></span> <span class='ocrx_word' id='word_1_210' title='bbox 2949 782 3188 867; x_wconf 71' lang='lat' dir='ltr'><strong>metallo,</strong></span> 
     </span>
    </p>
   </div>
   <div class='ocr_carea' id='block_1_38' title="bbox 1904 865 3195 944">
    <p class='ocr_par' dir='ltr' id='par_1_38' title="bbox 1904 865 3195 944">
     <span class='ocr_line' id='line_1_38' title="bbox 1904 865 3195 944; baseline 0.015 -23"><span class='ocrx_word' id='word_1_211' title='bbox 1904 865 2083 924; x_wconf 84' lang='lat' dir='ltr'><strong>Mollia</strong></span> <span class='ocrx_word' id='word_1_212' title='bbox 2112 870 2251 928; x_wconf 89' lang='lat' dir='ltr'><strong>duco</strong></span> <span class='ocrx_word' id='word_1_213' title='bbox 2281 875 2389 930; x_wconf 88' lang='lat' dir='ltr'><strong>levi</strong></span> <span class='ocrx_word' id='word_1_214' title='bbox 2413 878 2729 935; x_wconf 89' lang='lat' dir='ltr'><strong>comitantia</strong></span> <span class='ocrx_word' id='word_1_215' title='bbox 2758 882 2971 940; x_wconf 87' lang='lat' dir='ltr'><strong>vincula</strong></span> <span class='ocrx_word' id='word_1_216' title='bbox 3003 885 3151 944; x_wconf 77' lang='lat' dir='ltr'><strong>ferro</strong></span> <span class='ocrx_word' id='word_1_217' title='bbox 3175 865 3195 941; x_wconf 3' lang='lat' dir='ltr'><strong>ﬂ:</strong></span> 
     </span>
    </p>
   </div>
   <div class='ocr_carea' id='block_1_39' title="bbox 1907 958 3151 1036">
    <p class='ocr_par' dir='ltr' id='par_1_39' title="bbox 1907 958 3151 1036">
     <span class='ocr_line' id='line_1_39' title="bbox 1907 958 3151 1036; baseline 0.018 -23"><span class='ocrx_word' id='word_1_218' title='bbox 1907 958 1975 1014; x_wconf 88' lang='lat' dir='ltr'><strong>Et</strong></span> <span class='ocrx_word' id='word_1_219' title='bbox 2002 960 2195 1019; x_wconf 85' lang='lat' dir='ltr'><strong>faciem</strong></span> <span class='ocrx_word' id='word_1_220' title='bbox 2223 963 2390 1035; x_wconf 76' lang='lat' dir='ltr'><strong>laesis,</strong></span> <span class='ocrx_word' id='word_1_221' title='bbox 2424 974 2476 1024; x_wconf 91' lang='lat' dir='ltr'><strong>et</strong></span> <span class='ocrx_word' id='word_1_222' title='bbox 2505 962 2701 1027; x_wconf 81' lang='lat' dir='ltr'><strong>nexum</strong></span> <span class='ocrx_word' id='word_1_223' title='bbox 2731 964 2900 1032; x_wconf 82' lang='lat' dir='ltr'><strong>reddo</strong></span> <span class='ocrx_word' id='word_1_224' title='bbox 2933 972 3151 1036; x_wconf 86' lang='lat' dir='ltr'><strong>solutis.</strong></span> 
     </span>
    </p>
   </div>
   <div class='ocr_carea' id='block_1_40' title="bbox 2538 1056 2871 1143">
    <p class='ocr_par' dir='ltr' id='par_1_40' title="bbox 2538 1056 2871 1143">
     <span class='ocr_line' id='line_1_40' title="bbox 2538 1056 2871 1143; baseline 0.009 -21"><span class='ocrx_word' id='word_1_225' title='bbox 2538 1067 2627 1122; x_wconf 80' lang='grc'><strong>56.</strong></span> <span class='ocrx_word' id='word_1_226' title='bbox 2672 1056 2871 1143; x_wconf 74' lang='lat' dir='ltr'><strong>Caliga.</strong></span> 
     </span>
    </p>
   </div>
   <div class='ocr_carea' id='block_1_41' title="bbox 1902 1145 3400 1229">
    <p class='ocr_par' dir='ltr' id='par_1_41' title="bbox 1902 1145 3400 1229">
     <span class='ocr_line' id='line_1_41' title="bbox 1902 1145 3400 1229; baseline 0.018 -29"><span class='ocrx_word' id='word_1_227' title='bbox 1902 1145 2075 1218; x_wconf 83' lang='lat' dir='ltr'><strong>Major</strong></span> <span class='ocrx_word' id='word_1_228' title='bbox 2104 1165 2251 1207; x_wconf 89' lang='lat' dir='ltr'><strong>eram</strong></span> <span class='ocrx_word' id='word_1_229' title='bbox 2284 1152 2443 1225; x_wconf 87' lang='lat' dir='ltr'><strong>longe</strong></span> <span class='ocrx_word' id='word_1_230' title='bbox 2474 1159 2764 1227; x_wconf 86' lang='lat' dir='ltr'><strong>quondam,</strong></span> <span class='ocrx_word' id='word_1_231' title='bbox 2800 1164 2928 1218; x_wconf 89' lang='lat' dir='ltr'><strong>dum</strong></span> <span class='ocrx_word' id='word_1_232' title='bbox 2962 1156 3069 1220; x_wconf 75' lang='lat' dir='ltr'><strong>vita</strong></span> <span class='ocrx_word' id='word_1_233' title='bbox 3100 1168 3354 1226; x_wconf 87' lang='lat' dir='ltr'><strong>manebat</strong></span> <span class='ocrx_word' id='word_1_234' title='bbox 3387 1194 3400 1229; x_wconf 91' lang='lat'><strong>:</strong></span> 
     </span>
    </p>
   </div>
   <div class='ocr_carea' id='block_1_42' title="bbox 1904 1237 3284 1330">
    <p class='ocr_par' dir='ltr' id='par_1_42' title="bbox 1904 1237 3284 1330">
     <span class='ocr_line' id='line_1_42' title="bbox 1904 1237 3284 1330; baseline 0.019 -37"><span class='ocrx_word' id='word_1_235' title='bbox 1904 1237 2011 1295; x_wconf 88' lang='lat' dir='ltr'><strong>Sed</strong></span> <span class='ocrx_word' id='word_1_236' title='bbox 2040 1258 2180 1299; x_wconf 92' lang='lat' dir='ltr'><strong>nunc</strong></span> <span class='ocrx_word' id='word_1_237' title='bbox 2206 1248 2491 1315; x_wconf 85' lang='lat' dir='ltr'><strong>exanimis,</strong></span> <span class='ocrx_word' id='word_1_238' title='bbox 2523 1244 2780 1323; x_wconf 78' lang='lat' dir='ltr'><strong>lacerata,</strong></span> <span class='ocrx_word' id='word_1_239' title='bbox 2816 1256 3001 1327; x_wconf 84' lang='lat' dir='ltr'><strong>ligata,</strong></span> <span class='ocrx_word' id='word_1_240' title='bbox 3032 1263 3247 1317; x_wconf 84' lang='lat' dir='ltr'><strong>revulsa</strong></span> <span class='ocrx_word' id='word_1_241' title='bbox 3269 1306 3284 1330; x_wconf 92' lang='lat'><strong>,</strong></span> 
     </span>
    </p>
   </div>
   <div class='ocr_carea' id='block_1_43' title="bbox 1901 1327 3370 1413">
    <p class='ocr_par' dir='ltr' id='par_1_43' title="bbox 1901 1327 3370 1413">
     <span class='ocr_line' id='line_1_43' title="bbox 1901 1327 3370 1413; baseline 0.018 -26"><span class='ocrx_word' id='word_1_242' title='bbox 1901 1327 2091 1389; x_wconf 87' lang='lat' dir='ltr'><strong>Dedita</strong></span> <span class='ocrx_word' id='word_1_243' title='bbox 2119 1350 2237 1393; x_wconf 89' lang='lat' dir='ltr'><strong>sum</strong></span> <span class='ocrx_word' id='word_1_244' title='bbox 2268 1348 2461 1405; x_wconf 65' lang='lat' dir='ltr'><strong>terrae;</strong></span> <span class='ocrx_word' id='word_1_245' title='bbox 2492 1346 2696 1400; x_wconf 92' lang='lat' dir='ltr'><strong>tumulo</strong></span> <span class='ocrx_word' id='word_1_246' title='bbox 2724 1334 2823 1401; x_wconf 76' lang='lat' dir='ltr'><strong>sed</strong></span> <span class='ocrx_word' id='word_1_247' title='bbox 2844 1340 3065 1407; x_wconf 77' lang='lat' dir='ltr'><strong>condita</strong></span> <span class='ocrx_word' id='word_1_248' title='bbox 3093 1370 3200 1410; x_wconf 90' lang='lat' dir='ltr'><strong>non</strong></span> <span class='ocrx_word' id='word_1_249' title='bbox 3228 1372 3370 1413; x_wconf 87' lang='lat' dir='ltr'><strong>sum.</strong></span> 
     </span>
    </p>
   </div>
   <div class='ocr_carea' id='block_1_44' title="bbox 2394 1424 3004 1513">
    <p class='ocr_par' dir='ltr' id='par_1_44' title="bbox 2394 1424 3004 1513">
     <span class='ocr_line' id='line_1_44' title="bbox 2394 1424 3004 1513; baseline 0.018 -26"><span class='ocrx_word' id='word_1_250' title='bbox 2394 1424 2482 1488; x_wconf 70' lang='lat' dir='ltr'><strong>b7.</strong></span> <span class='ocrx_word' id='word_1_251' title='bbox 2528 1424 2714 1493; x_wconf 70' lang='lat' dir='ltr'><strong>Clavus</strong></span> <span class='ocrx_word' id='word_1_252' title='bbox 2741 1432 3004 1513; x_wconf 70' lang='lat' dir='ltr'><strong>caligaria.</strong></span> 
     </span>
    </p>
   </div>
   <div class='ocr_carea' id='block_1_45' title="bbox 1900 1513 3278 1605">
    <p class='ocr_par' dir='ltr' id='par_1_45' title="bbox 1900 1513 3278 1605">
     <span class='ocr_line' id='line_1_45' title="bbox 1900 1513 3278 1605; baseline 0.019 -34"><span class='ocrx_word' id='word_1_253' title='bbox 1900 1516 1959 1573; x_wconf 85' lang='lat' dir='ltr'><strong>In</strong></span> <span class='ocrx_word' id='word_1_254' title='bbox 1989 1528 2149 1590; x_wconf 89' lang='lat' dir='ltr'><strong>caput</strong></span> <span class='ocrx_word' id='word_1_255' title='bbox 2171 1513 2581 1600; x_wconf 48' lang='lat' dir='ltr'><strong>ingredior;qu</strong></span> <span class='ocrx_word' id='word_1_256' title='bbox 2612 1518 2681 1586; x_wconf 81' lang='lat' dir='ltr'><strong>de</strong></span> <span class='ocrx_word' id='word_1_257' title='bbox 2710 1526 2845 1603; x_wconf 78' lang='lat' dir='ltr'><strong>pede</strong></span> <span class='ocrx_word' id='word_1_258' title='bbox 2870 1536 3083 1605; x_wconf 89' lang='lat' dir='ltr'><strong>pendeo</strong></span> <span class='ocrx_word' id='word_1_259' title='bbox 3113 1526 3233 1596; x_wconf 82' lang='lat' dir='ltr'><strong>solo</strong></span> <span class='ocrx_word' id='word_1_260' title='bbox 3264 1561 3278 1597; x_wconf 91' lang='lat'><strong><em>:</em></strong></span> 
     </span>
    </p>
   </div>
   <div class='ocr_carea' id='block_1_46' title="bbox 1901 1609 3250 1702">
    <p class='ocr_par' dir='ltr' id='par_1_46' title="bbox 1901 1609 3250 1702">
     <span class='ocr_line' id='line_1_46' title="bbox 1901 1609 3250 1702; baseline 0.016 -35"><span class='ocrx_word' id='word_1_261' title='bbox 1901 1609 2116 1669; x_wconf 78' lang='lat' dir='ltr'><strong>Vertice</strong></span> <span class='ocrx_word' id='word_1_262' title='bbox 2147 1630 2306 1687; x_wconf 82' lang='lat' dir='ltr'><strong>tango</strong></span> <span class='ocrx_word' id='word_1_263' title='bbox 2336 1620 2512 1675; x_wconf 87' lang='lat' dir='ltr'><strong>solum</strong></span> <span class='ocrx_word' id='word_1_264' title='bbox 2543 1640 2555 1675; x_wconf 91' lang='lat'><strong>:</strong></span> <span class='ocrx_word' id='word_1_265' title='bbox 2583 1617 3021 1699; x_wconf 77' lang='lat' dir='ltr'><strong>capitis_vestigia</strong></span> <span class='ocrx_word' id='word_1_266' title='bbox 3053 1632 3209 1702; x_wconf 87' lang='lat' dir='ltr'><strong>signo</strong></span> <span class='ocrx_word' id='word_1_267' title='bbox 3238 1653 3250 1688; x_wconf 91' lang='lat'>:</span> 
     </span>
    </p>
   </div>
   <div class='ocr_carea' id='block_1_47' title="bbox 1820 1694 3269 1785">
    <p class='ocr_par' dir='ltr' id='par_1_47' title="bbox 1820 1694 3269 1785">
     <span class='ocr_line' id='line_1_47' title="bbox 1820 1694 3269 1785; baseline 0.016 -28"><span class='ocrx_word' id='word_1_268' title='bbox 1820 1694 1871 1757; x_wconf 85' lang='grc' dir='ltr'><strong>Β</strong></span> <span class='ocrx_word' id='word_1_269' title='bbox 1900 1700 2007 1758; x_wconf 86' lang='lat' dir='ltr'><strong>Sed</strong></span> <span class='ocrx_word' id='word_1_270' title='bbox 2036 1705 2187 1761; x_wconf 90' lang='lat' dir='ltr'><strong>multi</strong></span> <span class='ocrx_word' id='word_1_271' title='bbox 2214 1711 2442 1767; x_wconf 85' lang='lat' dir='ltr'><strong>comites</strong></span> <span class='ocrx_word' id='word_1_272' title='bbox 2468 1694 2657 1769; x_wconf 83' lang='lat' dir='ltr'><strong>casum</strong></span> <span class='ocrx_word' id='word_1_273' title='bbox 2687 1694 2963 1785; x_wconf 75' lang='lat' dir='ltr'><strong>patiuntur</strong></span> <span class='ocrx_word' id='word_1_274' title='bbox 2991 1721 3269 1780; x_wconf 86' lang='lat' dir='ltr'><strong>eumdem.</strong></span> 
     </span>
    </p>
   </div>
   <div class='ocr_carea' id='block_1_48' title="bbox 2504 1802 2893 1881">
    <p class='ocr_par' dir='ltr' id='par_1_48' title="bbox 2504 1802 2893 1881">
     <span class='ocr_line' id='line_1_48' title="bbox 2504 1802 2893 1881; baseline 0.005 -21"><span class='ocrx_word' id='word_1_275' title='bbox 2504 1802 2594 1862; x_wconf 85' lang='lat'><strong>58.</strong></span> <span class='ocrx_word' id='word_1_276' title='bbox 2638 1806 2893 1881; x_wconf 80' lang='lat' dir='ltr'><strong>Capillus.</strong></span> 
     </span>
    </p>
   </div>
   <div class='ocr_carea' id='block_1_49' title="bbox 1895 1872 3215 1970">
    <p class='ocr_par' dir='ltr' id='par_1_49' title="bbox 1895 1872 3215 1970">
     <span class='ocr_line' id='line_1_49' title="bbox 1895 1872 3215 1970; baseline 0.015 -27"><span class='ocrx_word' id='word_1_277' title='bbox 1895 1872 1941 1943; x_wconf 63' lang='grc'><strong>1³⁴</strong></span> <span class='ocrx_word' id='word_1_278' title='bbox 1944 1882 2129 1943; x_wconf 81' lang='lat' dir='ltr'><strong>indere</strong></span> <span class='ocrx_word' id='word_1_279' title='bbox 2156 1890 2244 1946; x_wconf 87' lang='lat' dir='ltr'><strong>me</strong></span> <span class='ocrx_word' id='word_1_280' title='bbox 2274 1888 2404 1949; x_wconf 89' lang='lat' dir='ltr'><strong>nulli</strong></span> <span class='ocrx_word' id='word_1_281' title='bbox 2434 1906 2678 1964; x_wconf 85' lang='lat' dir='ltr'><strong>possunt,</strong></span> <span class='ocrx_word' id='word_1_282' title='bbox 2708 1901 3006 1970; x_wconf 68' lang='lat' dir='ltr'><strong>prtecidere</strong></span> <span class='ocrx_word' id='word_1_283' title='bbox 3039 1896 3215 1962; x_wconf 73' lang='lat' dir='ltr'><strong>multi.</strong></span> 
     </span>
    </p>
   </div>
   <div class='ocr_carea' id='block_1_50' title="bbox 1894 1974 3300 2067">
    <p class='ocr_par' dir='ltr' id='par_1_50' title="bbox 1894 1974 3300 2067">
     <span class='ocr_line' id='line_1_50' title="bbox 1894 1974 3300 2067; baseline 0.018 -36"><span class='ocrx_word' id='word_1_284' title='bbox 1894 1974 2002 2032; x_wconf 91' lang='lat' dir='ltr'><strong>Sed</strong></span> <span class='ocrx_word' id='word_1_285' title='bbox 2030 1993 2149 2034; x_wconf 90' lang='lat' dir='ltr'><strong>sum</strong></span> <span class='ocrx_word' id='word_1_286' title='bbox 2183 1984 2501 2056; x_wconf 76' lang='lat' dir='ltr'><strong>versicolor,</strong></span> <span class='ocrx_word' id='word_1_287' title='bbox 2533 1986 2690 2044; x_wconf 87' lang='lat' dir='ltr'><strong>albus</strong></span> <span class='ocrx_word' id='word_1_288' title='bbox 2716 1993 3041 2067; x_wconf 85' lang='lat' dir='ltr'><strong>quandoque</strong></span> <span class='ocrx_word' id='word_1_289' title='bbox 3070 1998 3300 2057; x_wconf 82' lang='lat' dir='ltr'><strong>futurus.</strong></span> 
     </span>
    </p>
   </div>
   <div class='ocr_carea' id='block_1_51' title="bbox 1890 2067 3345 2151">
    <p class='ocr_par' dir='ltr' id='par_1_51' title="bbox 1890 2067 3345 2151">
     <span class='ocr_line' id='line_1_51' title="bbox 1890 2067 3345 2151; baseline 0.019 -27"><span class='ocrx_word' id='word_1_290' title='bbox 1890 2067 2031 2127; x_wconf 77' lang='lat' dir='ltr'><strong>Malo</strong></span> <span class='ocrx_word' id='word_1_291' title='bbox 2059 2088 2280 2131; x_wconf 86' lang='lat' dir='ltr'><strong>manere</strong></span> <span class='ocrx_word' id='word_1_292' title='bbox 2307 2076 2459 2149; x_wconf 80' lang='lat' dir='ltr'><strong>niger</strong></span> <span class='ocrx_word' id='word_1_293' title='bbox 2489 2098 2501 2135; x_wconf 95' lang='lat'><strong>:</strong></span> <span class='ocrx_word' id='word_1_294' title='bbox 2537 2081 2715 2138; x_wconf 86' lang='lat' dir='ltr'><strong>minus</strong></span> <span class='ocrx_word' id='word_1_295' title='bbox 2748 2082 2934 2141; x_wconf 87' lang='lat' dir='ltr'><strong>ultima</strong></span> <span class='ocrx_word' id='word_1_296' title='bbox 2959 2082 3063 2144; x_wconf 79' lang='lat' dir='ltr'><strong>lata</strong></span> <span class='ocrx_word' id='word_1_297' title='bbox 3096 2092 3345 2151; x_wconf 89' lang='lat' dir='ltr'><strong>verebor.</strong></span> 
     </span>
    </p>
   </div>
   <div class='ocr_carea' id='block_1_52' title="bbox 2562 2164 2911 2234">
    <p class='ocr_par' dir='ltr' id='par_1_52' title="bbox 2562 2164 2911 2234">
     <span class='ocr_line' id='line_1_52' title="bbox 2562 2164 2911 2234; baseline 0.011 -3"><span class='ocrx_word' id='word_1_298' title='bbox 2562 2164 2652 2232; x_wconf 51' lang='lat'><strong>59&#39;.</strong></span> <span class='ocrx_word' id='word_1_299' title='bbox 2697 2165 2839 2234; x_wconf 79' lang='lat' dir='ltr'><strong>Pila.</strong></span> <span class='ocrx_word' id='word_1_300' title='bbox 2906 2199 2911 2203; x_wconf 61' lang='grc'><strong>’</strong></span> 
     </span>
    </p>
   </div>
   <div class='ocr_carea' id='block_1_53' title="bbox 1888 2255 3462 2354">
    <p class='ocr_par' dir='ltr' id='par_1_53' title="bbox 1888 2255 3462 2354">
     <span class='ocr_line' id='line_1_53' title="bbox 1888 2255 3462 2354; baseline 0.02 -43"><span class='ocrx_word' id='word_1_301' title='bbox 1888 2255 2007 2312; x_wconf 84' lang='grc' dir='ltr'><strong>Νοη</strong></span> <span class='ocrx_word' id='word_1_302' title='bbox 2035 2273 2153 2315; x_wconf 91' lang='lat' dir='ltr'><strong>sum</strong></span> <span class='ocrx_word' id='word_1_303' title='bbox 2183 2261 2358 2319; x_wconf 88' lang='lat' dir='ltr'><strong>cincta</strong></span> <span class='ocrx_word' id='word_1_304' title='bbox 2389 2264 2582 2336; x_wconf 81' lang='lat' dir='ltr'><strong>comis,</strong></span> <span class='ocrx_word' id='word_1_305' title='bbox 2615 2276 2668 2325; x_wconf 90' lang='lat' dir='ltr'><strong>et</strong></span> <span class='ocrx_word' id='word_1_306' title='bbox 2697 2287 2802 2327; x_wconf 90' lang='lat' dir='ltr'><strong>non</strong></span> <span class='ocrx_word' id='word_1_307' title='bbox 2833 2287 2952 2329; x_wconf 93' lang='lat' dir='ltr'><strong>sum</strong></span> <span class='ocrx_word' id='word_1_308' title='bbox 2980 2288 3195 2350; x_wconf 87' lang='lat' dir='ltr'><strong>compta</strong></span> <span class='ocrx_word' id='word_1_309' title='bbox 3222 2270 3462 2354; x_wconf 36' lang='lat' dir='ltr'><strong>eapil‘lis;</strong></span> 
     </span>
    </p>
   </div>
   <div class='ocr_carea' id='block_1_54' title="bbox 1882 2340 3439 2435">
    <p class='ocr_par' dir='ltr' id='par_1_54' title="bbox 1882 2340 3439 2435">
     <span class='ocr_line' id='line_1_54' title="bbox 1882 2340 3439 2435; baseline 0.019 -32"><span class='ocrx_word' id='word_1_310' title='bbox 1882 2340 2037 2405; x_wconf 70' lang='lat' dir='ltr'><strong>Intus</strong></span> <span class='ocrx_word' id='word_1_311' title='bbox 2067 2353 2210 2407; x_wconf 90' lang='lat' dir='ltr'><strong>enim</strong></span> <span class='ocrx_word' id='word_1_312' title='bbox 2239 2356 2417 2412; x_wconf 91' lang='lat' dir='ltr'><strong>crines</strong></span> <span class='ocrx_word' id='word_1_313' title='bbox 2450 2358 2583 2413; x_wconf 86' lang='lat' dir='ltr'><strong>mihi</strong></span> <span class='ocrx_word' id='word_1_314' title='bbox 2608 2370 2754 2431; x_wconf 90' lang='lat' dir='ltr'><strong>sunt,</strong></span> <span class='ocrx_word' id='word_1_315' title='bbox 2778 2362 2915 2435; x_wconf 78' lang='lat' dir='ltr'><strong>quos</strong></span> <span class='ocrx_word' id='word_1_316' title='bbox 2944 2383 3050 2423; x_wconf 89' lang='lat' dir='ltr'><strong>non</strong></span> <span class='ocrx_word' id='word_1_317' title='bbox 3087 2372 3229 2428; x_wconf 84' lang='lat' dir='ltr'><strong>videt</strong></span> <span class='ocrx_word' id='word_1_318' title='bbox 3258 2376 3398 2432; x_wconf 91' lang='lat' dir='ltr'><strong>ullus</strong></span> <span class='ocrx_word' id='word_1_319' title='bbox 3424 2396 3439 2433; x_wconf 92' lang='lat'><strong>:</strong></span> 
     </span>
    </p>
   </div>
   <div class='ocr_carea' id='block_1_55' title="bbox 1887 2441 3486 2529">
    <p class='ocr_par' dir='ltr' id='par_1_55' title="bbox 1887 2441 3486 2529">
     <span class='ocr_line' id='line_1_55' title="bbox 1887 2441 3486 2529; baseline 0.02 -34"><span class='ocrx_word' id='word_1_320' title='bbox 1887 2441 2079 2513; x_wconf 83' lang='lat' dir='ltr'><strong>Meque</strong></span> <span class='ocrx_word' id='word_1_321' title='bbox 2101 2460 2289 2503; x_wconf 87' lang='lat' dir='ltr'><strong>manus</strong></span> <span class='ocrx_word' id='word_1_322' title='bbox 2310 2448 2549 2518; x_wconf 70' lang='lat' dir='ltr'><strong>mittunt,</strong></span> <span class='ocrx_word' id='word_1_323' title='bbox 2577 2452 2937 2529; x_wconf 85' lang='lat' dir='ltr'><strong>manibusque</strong></span> <span class='ocrx_word' id='word_1_324' title='bbox 2958 2462 3208 2521; x_wconf 87' lang='lat' dir='ltr'><strong>remittor</strong></span> <span class='ocrx_word' id='word_1_325' title='bbox 3230 2466 3284 2524; x_wconf 89' lang='lat' dir='ltr'><strong>in</strong></span> <span class='ocrx_word' id='word_1_326' title='bbox 3304 2470 3486 2527; x_wconf 75' lang='lat' dir='ltr'><strong>auras.</strong></span> 
     </span>
    </p>
   </div>
   <div class='ocr_carea' id='block_1_56' title="bbox 2385 2536 2839 2616">
    <p class='ocr_par' dir='ltr' id='par_1_56' title="bbox 2385 2536 2839 2616">
     <span class='ocr_line' id='line_1_56' title="bbox 2385 2536 2839 2616; baseline 0.011 -16"><span class='ocrx_word' id='word_1_327' title='bbox 2385 2605 2395 2616; x_wconf 53' lang='grc'><em>,</em></span> <span class='ocrx_word' id='word_1_328' title='bbox 2531 2536 2616 2602; x_wconf 88' lang='grc'><strong>60.</strong></span> <span class='ocrx_word' id='word_1_329' title='bbox 2660 2542 2839 2605; x_wconf 83' lang='lat' dir='ltr'><strong>Serra.</strong></span> 
     </span>
    </p>
   </div>
   <div class='ocr_carea' id='block_1_57' title="bbox 1887 2623 3252 2718">
    <p class='ocr_par' dir='ltr' id='par_1_57' title="bbox 1887 2623 3252 2718">
     <span class='ocr_line' id='line_1_57' title="bbox 1887 2623 3252 2718; baseline 0.023 -42"><span class='ocrx_word' id='word_1_330' title='bbox 1887 2623 2148 2682; x_wconf 86' lang='lat' dir='ltr'><strong>Dentibus</strong></span> <span class='ocrx_word' id='word_1_331' title='bbox 2172 2626 2471 2689; x_wconf 88' lang='lat' dir='ltr'><strong>innumeris</strong></span> <span class='ocrx_word' id='word_1_332' title='bbox 2500 2645 2612 2693; x_wconf 91' lang='lat' dir='ltr'><strong>toto</strong></span> <span class='ocrx_word' id='word_1_333' title='bbox 2637 2653 2759 2696; x_wconf 90' lang='lat' dir='ltr'><strong>sum</strong></span> <span class='ocrx_word' id='word_1_334' title='bbox 2789 2659 3021 2716; x_wconf 88' lang='lat' dir='ltr'><strong>corpore</strong></span> <span class='ocrx_word' id='word_1_335' title='bbox 3046 2648 3204 2718; x_wconf 87' lang='lat' dir='ltr'><strong>plena</strong></span> <span class='ocrx_word' id='word_1_336' title='bbox 3237 2670 3252 2706; x_wconf 89' lang='lat'><strong>:</strong></span> 
     </span>
    </p>
   </div>
   <div class='ocr_carea' id='block_1_58' title="bbox 1885 2717 3320 2810">
    <p class='ocr_par' dir='ltr' id='par_1_58' title="bbox 1885 2717 3320 2810">
     <span class='ocr_line' id='line_1_58' title="bbox 1885 2717 3320 2810; baseline 0.02 -37"><span class='ocrx_word' id='word_1_337' title='bbox 1885 2717 2303 2781; x_wconf 87' lang='lat' dir='ltr'><strong>Frondicomam</strong></span> <span class='ocrx_word' id='word_1_338' title='bbox 2330 2728 2577 2786; x_wconf 84' lang='lat' dir='ltr'><strong>sobolem</strong></span> <span class='ocrx_word' id='word_1_339' title='bbox 2610 2748 2795 2791; x_wconf 90' lang='lat' dir='ltr'><strong>morsu</strong></span> <span class='ocrx_word' id='word_1_340' title='bbox 2823 2737 3088 2810; x_wconf 89' lang='lat' dir='ltr'><strong>depascor</strong></span> <span class='ocrx_word' id='word_1_341' title='bbox 3115 2755 3276 2799; x_wconf 89' lang='lat' dir='ltr'><strong>acuto</strong></span> <span class='ocrx_word' id='word_1_342' title='bbox 3307 2763 3320 2800; x_wconf 94' lang='lat'><strong>:</strong></span> 
     </span>
    </p>
   </div>
   <div class='ocr_carea' id='block_1_59' title="bbox 1883 2810 3389 2903">
    <p class='ocr_par' dir='ltr' id='par_1_59' title="bbox 1883 2810 3389 2903">
     <span class='ocr_line' id='line_1_59' title="bbox 1883 2810 3389 2903; baseline 0.017 -37"><span class='ocrx_word' id='word_1_343' title='bbox 1883 2810 2076 2870; x_wconf 83' lang='lat' dir='ltr'><strong>Mando</strong></span> <span class='ocrx_word' id='word_1_344' title='bbox 2101 2824 2279 2873; x_wconf 84' lang='lat' dir='ltr'><strong>tamen</strong></span> <span class='ocrx_word' id='word_1_345' title='bbox 2312 2818 2528 2888; x_wconf 81' lang='lat' dir='ltr'><strong>frustra,</strong></span> <span class='ocrx_word' id='word_1_346' title='bbox 2563 2839 2683 2894; x_wconf 68' lang='lat' dir='ltr'><strong>quae</strong></span> <span class='ocrx_word' id='word_1_347' title='bbox 2715 2843 2915 2901; x_wconf 82' lang='lat' dir='ltr'><strong>re5puo</strong></span> <span class='ocrx_word' id='word_1_348' title='bbox 2941 2834 3163 2903; x_wconf 63' lang='lat' dir='ltr'><strong>praemia</strong></span> <span class='ocrx_word' id='word_1_349' title='bbox 3190 2832 3389 2893; x_wconf 84' lang='lat' dir='ltr'><strong>dentis.</strong></span> 
     </span>
    </p>
   </div>
   <div class='ocr_carea' id='block_1_60' title="bbox 2621 2914 2840 2975">
    <p class='ocr_par' dir='ltr' id='par_1_60' title="bbox 2621 2914 2840 2975">
     <span class='ocr_line' id='line_1_60' title="bbox 2621 2914 2840 2975; baseline 0.032 -6"><span class='ocrx_word' id='word_1_350' title='bbox 2621 2954 2635 2969; x_wconf 93' lang='lat'><strong>.</strong></span> <span class='ocrx_word' id='word_1_351' title='bbox 2678 2914 2840 2975; x_wconf 72' lang='lat' dir='ltr'><strong>Pons.</strong></span> 
     </span>
    </p>
   </div>
   <div class='ocr_carea' id='block_1_61' title="bbox 1885 2908 3369 3087">
    <p class='ocr_par' dir='ltr' id='par_1_61' title="bbox 1885 2908 3369 3087">
     <span class='ocr_line' id='line_1_61' title="bbox 2006 2914 2840 2975; baseline 0.02 -17"><span class='ocrx_word' id='word_1_352' title='bbox 2006 2944 2009 2945; x_wconf 47' lang='grc' dir='ltr'><em>ν</em></span> <span class='ocrx_word' id='word_1_353' title='bbox 2621 2954 2635 2969; x_wconf 95' lang='grc'><strong>.</strong></span> <span class='ocrx_word' id='word_1_354' title='bbox 2678 2914 2728 2971; x_wconf 86' lang='grc' dir='ltr'><em>Ρ</em></span> <span class='ocrx_word' id='word_1_355' title='bbox 2763 2936 2794 2973; x_wconf 85' lang='grc' dir='ltr'><em>η</em></span> <span class='ocrx_word' id='word_1_356' title='bbox 2820 2918 2840 2975; x_wconf 79' lang='grc'><strong>’.</strong></span> 
     </span>
     <span class='ocr_line' id='line_1_62' title="bbox 1885 2908 3369 3087; baseline 0.016 -34"><span class='ocrx_word' id='word_1_357' title='bbox 1885 2996 2004 3053; x_wconf 87' lang='lat' dir='ltr'><strong>Stat</strong></span> <span class='ocrx_word' id='word_1_358' title='bbox 2028 3013 2221 3055; x_wconf 90' lang='lat' dir='ltr'><strong>nemus</strong></span> <span class='ocrx_word' id='word_1_359' title='bbox 2249 3001 2303 3056; x_wconf 92' lang='lat' dir='ltr'><strong>in</strong></span> <span class='ocrx_word' id='word_1_360' title='bbox 2331 2908 2823 3076; x_wconf 49' lang='lat' dir='ltr'><strong>lympliiiistatoius</strong></span> <span class='ocrx_word' id='word_1_361' title='bbox 2840 3012 2948 3068; x_wconf 83' lang='lat' dir='ltr'><strong>alto</strong></span> <span class='ocrx_word' id='word_1_362' title='bbox 2975 3016 3187 3087; x_wconf 80' lang='lat' dir='ltr'><strong>gurgite</strong></span> <span class='ocrx_word' id='word_1_363' title='bbox 3211 3019 3369 3087; x_wconf 73' lang='lat' dir='ltr'><strong>silva,</strong></span> 
     </span>
    </p>
   </div>
   <div class='ocr_carea' id='block_1_62' title="bbox 208 3072 1754 3173">
    <p class='ocr_par' dir='ltr' id='par_1_62' title="bbox 208 3072 1746 3173">
     <span class='ocr_line' id='line_1_63' title="bbox 208 3072 1746 3173; baseline 0.017 -37"><span class='ocrx_word' id='word_1_364' title='bbox 208 3078 295 3139; x_wconf 78' lang='lat' dir='ltr'><strong>Nec</strong></span> <span class='ocrx_word' id='word_1_365' title='bbox 319 3087 437 3142; x_wconf 86' lang='lat' dir='ltr'><strong>mihi</strong></span> <span class='ocrx_word' id='word_1_366' title='bbox 464 3096 695 3159; x_wconf 82' lang='lat' dir='ltr'><strong>germen</strong></span> <span class='ocrx_word' id='word_1_367' title='bbox 726 3082 883 3148; x_wconf 81' lang='lat' dir='ltr'><strong>habet</strong></span> <span class='ocrx_word' id='word_1_368' title='bbox 922 3102 1118 3151; x_wconf 79' lang='lat' dir='ltr'><strong>noxam</strong></span> <span class='ocrx_word' id='word_1_369' title='bbox 1138 3140 1155 3165; x_wconf 87' lang='lat'><strong>,</strong></span> <span class='ocrx_word' id='word_1_370' title='bbox 1180 3114 1280 3156; x_wconf 90' lang='lat' dir='ltr'><strong>nec</strong></span> <span class='ocrx_word' id='word_1_371' title='bbox 1297 3072 1473 3173; x_wconf 72' lang='lat' dir='ltr'><strong>culpa</strong></span> <span class='ocrx_word' id='word_1_372' title='bbox 1494 3101 1746 3161; x_wconf 87' lang='lat' dir='ltr'><strong>ruborem</strong></span> 
     </span>
    </p>
   </div>
   <div class='ocr_carea' id='block_1_63' title="bbox 1876 3072 3176 3173">
    <p class='ocr_par' dir='ltr' id='par_1_63' title="bbox 1880 3091 3176 3168">
     <span class='ocr_line' id='line_1_64' title="bbox 1880 3091 3176 3168; baseline 0.018 -23"><span class='ocrx_word' id='word_1_373' title='bbox 1880 3091 1950 3146; x_wconf 87' lang='lat' dir='ltr'><strong>Et</strong></span> <span class='ocrx_word' id='word_1_374' title='bbox 1979 3105 2162 3150; x_wconf 89' lang='lat' dir='ltr'><strong>manet</strong></span> <span class='ocrx_word' id='word_1_375' title='bbox 2188 3096 2241 3151; x_wconf 83' lang='lat' dir='ltr'><strong>in</strong></span> <span class='ocrx_word' id='word_1_376' title='bbox 2271 3098 2466 3156; x_wconf 87' lang='lat' dir='ltr'><strong>mediis</strong></span> <span class='ocrx_word' id='word_1_377' title='bbox 2494 3098 2652 3159; x_wconf 80' lang='lat' dir='ltr'><strong>undis</strong></span> <span class='ocrx_word' id='word_1_378' title='bbox 2685 3106 2961 3166; x_wconf 85' lang='lat' dir='ltr'><strong>immobile</strong></span> <span class='ocrx_word' id='word_1_379' title='bbox 2989 3113 3176 3168; x_wconf 87' lang='lat' dir='ltr'><strong>robur.</strong></span> 
     </span>
    </p>
   </div>
   <div class='ocr_carea' id='block_1_64' title="bbox 826 3178 1123 3243">
    <p class='ocr_par' dir='ltr' id='par_1_64' title="bbox 826 3178 1123 3243">
     <span class='ocr_line' id='line_1_65' title="bbox 826 3178 1123 3243; baseline 0.007 -2"><span class='ocrx_word' id='word_1_380' title='bbox 826 3184 918 3241; x_wconf 61' lang='grc'><strong>47.</strong></span> <span class='ocrx_word' id='word_1_381' title='bbox 964 3178 1123 3243; x_wconf 69' lang='lat' dir='ltr'><strong>Thus.</strong></span> 
     </span>
    </p>
   </div>
   <div class='ocr_carea' id='block_1_65' title="bbox 209 3268 1566 3356">
    <p class='ocr_par' dir='ltr' id='par_1_65' title="bbox 209 3268 1566 3356">
     <span class='ocr_line' id='line_1_66' title="bbox 209 3268 1566 3356; baseline 0.014 -32"><span class='ocrx_word' id='word_1_382' title='bbox 209 3268 358 3327; x_wconf 89' lang='lat' dir='ltr'><strong>Dulcis</strong></span> <span class='ocrx_word' id='word_1_383' title='bbox 374 3273 507 3330; x_wconf 86' lang='lat' dir='ltr'><strong>odor</strong></span> <span class='ocrx_word' id='word_1_384' title='bbox 539 3274 779 3333; x_wconf 82' lang='lat' dir='ltr'><strong>nemOris</strong></span> <span class='ocrx_word' id='word_1_385' title='bbox 805 3275 1017 3336; x_wconf 89' lang='lat' dir='ltr'><strong>ﬂamma</strong></span> <span class='ocrx_word' id='word_1_386' title='bbox 1051 3280 1305 3355; x_wconf 75' lang='lat' dir='ltr'><strong>fumoqu‘e</strong></span> <span class='ocrx_word' id='word_1_387' title='bbox 1332 3278 1566 3356; x_wconf 75' lang='lat' dir='ltr'><strong>fatigor:</strong></span> 
     </span>
    </p>
   </div>
   <div class='ocr_carea' id='block_1_66' title="bbox 208 3360 1772 3453">
    <p class='ocr_par' dir='ltr' id='par_1_66' title="bbox 208 3360 1772 3453">
     <span class='ocr_line' id='line_1_67' title="bbox 208 3360 1772 3453; baseline 0.013 -36"><span class='ocrx_word' id='word_1_388' title='bbox 208 3361 261 3417; x_wconf 84' lang='lat' dir='ltr'><strong>Et</strong></span> <span class='ocrx_word' id='word_1_389' title='bbox 279 3360 435 3434; x_wconf 78' lang='lat' dir='ltr'><strong>placet</strong></span> <span class='ocrx_word' id='word_1_390' title='bbox 462 3362 579 3423; x_wconf 70' lang='lat' dir='ltr'><strong>hoc</strong></span> <span class='ocrx_word' id='word_1_391' title='bbox 603 3371 816 3439; x_wconf 84' lang='lat' dir='ltr'><strong>superis</strong></span> <span class='ocrx_word' id='word_1_392' title='bbox 837 3414 851 3438; x_wconf 93' lang='lat'><strong>,</strong></span> <span class='ocrx_word' id='word_1_393' title='bbox 886 3374 1095 3431; x_wconf 85' lang='lat' dir='ltr'><strong>medios</strong></span> <span class='ocrx_word' id='word_1_394' title='bbox 1122 3377 1265 3447; x_wconf 90' lang='lat' dir='ltr'><strong>quod</strong></span> <span class='ocrx_word' id='word_1_395' title='bbox 1296 3379 1483 3435; x_wconf 88' lang='lat' dir='ltr'><strong>mittor</strong></span> <span class='ocrx_word' id='word_1_396' title='bbox 1508 3380 1561 3435; x_wconf 91' lang='lat' dir='ltr'><strong>in</strong></span> <span class='ocrx_word' id='word_1_397' title='bbox 1593 3378 1772 3453; x_wconf 75' lang='lat' dir='ltr'><strong>ignes,</strong></span> 
     </span>
    </p>
   </div>
   <div class='ocr_carea' id='block_1_67' title="bbox 205 3453 1516 3544">
    <p class='ocr_par' dir='ltr' id='par_1_67' title="bbox 205 3453 1516 3544">
     <span class='ocr_line' id='line_1_68' title="bbox 205 3453 1516 3544; baseline 0.013 -34"><span class='ocrx_word' id='word_1_398' title='bbox 205 3453 313 3512; x_wconf 88' lang='lat' dir='ltr'><strong>Cum</strong></span> <span class='ocrx_word' id='word_1_399' title='bbox 340 3456 463 3515; x_wconf 73' lang='lat' dir='ltr'><strong>mihi</strong></span> <span class='ocrx_word' id='word_1_400' title='bbox 491 3454 763 3532; x_wconf 73' lang='lat' dir='ltr'><strong>peccandi</strong></span> <span class='ocrx_word' id='word_1_401' title='bbox 788 3467 1039 3522; x_wconf 84' lang='lat' dir='ltr'><strong>meritum</strong></span> <span class='ocrx_word' id='word_1_402' title='bbox 1070 3477 1259 3525; x_wconf 89' lang='lat' dir='ltr'><strong>natura</strong></span> <span class='ocrx_word' id='word_1_403' title='bbox 1288 3468 1516 3544; x_wconf 87' lang='lat' dir='ltr'><strong>negarit.</strong></span> 
     </span>
    </p>
   </div>
   <div class='ocr_carea' id='block_1_68' title="bbox 789 3554 1161 3632">
    <p class='ocr_par' dir='ltr' id='par_1_68' title="bbox 789 3554 1161 3632">
     <span class='ocr_line' id='line_1_69' title="bbox 789 3554 1161 3632; baseline 0.008 -18"><span class='ocrx_word' id='word_1_404' title='bbox 789 3554 879 3615; x_wconf 75' lang='grc'><strong>48.</strong></span> <span class='ocrx_word' id='word_1_405' title='bbox 923 3554 1161 3632; x_wconf 68' lang='lat' dir='ltr'><strong>Myrrha.</strong></span> 
     </span>
    </p>
   </div>
   <div class='ocr_carea' id='block_1_69' title="bbox 206 3639 1547 3730">
    <p class='ocr_par' dir='ltr' id='par_1_69' title="bbox 206 3639 1547 3730">
     <span class='ocr_line' id='line_1_70' title="bbox 206 3639 1547 3730; baseline 0.011 -33"><span class='ocrx_word' id='word_1_406' title='bbox 206 3639 267 3698; x_wconf 87' lang='lat' dir='ltr'><strong>De</strong></span> <span class='ocrx_word' id='word_1_407' title='bbox 289 3644 533 3718; x_wconf 81' lang='lat' dir='ltr'><strong>lacrymis</strong></span> <span class='ocrx_word' id='word_1_408' title='bbox 557 3658 611 3703; x_wconf 89' lang='lat' dir='ltr'><strong>et</strong></span> <span class='ocrx_word' id='word_1_409' title='bbox 643 3665 740 3719; x_wconf 88' lang='lat' dir='ltr'><strong>pro</strong></span> <span class='ocrx_word' id='word_1_410' title='bbox 764 3640 1009 3723; x_wconf 78' lang='lat' dir='ltr'><strong>lacrymis</strong></span> <span class='ocrx_word' id='word_1_411' title='bbox 1038 3670 1155 3709; x_wconf 88' lang='lat' dir='ltr'><strong>mea</strong></span> <span class='ocrx_word' id='word_1_412' title='bbox 1182 3646 1347 3725; x_wconf 62' lang='lat' dir='ltr'><strong>coepit.</strong></span> <span class='ocrx_word' id='word_1_413' title='bbox 1373 3656 1547 3730; x_wconf 78' lang='lat' dir='ltr'><strong>origo.</strong></span> 
     </span>
    </p>
   </div>
   <div class='ocr_carea' id='block_1_70' title="bbox 205 3729 1497 3817">
    <p class='ocr_par' dir='ltr' id='par_1_70' title="bbox 205 3729 1497 3817">
     <span class='ocr_line' id='line_1_71' title="bbox 205 3729 1497 3817; baseline 0.013 -29"><span class='ocrx_word' id='word_1_414' title='bbox 205 3729 265 3788; x_wconf 80' lang='lat' dir='ltr'><strong>Ex</strong></span> <span class='ocrx_word' id='word_1_415' title='bbox 290 3740 445 3794; x_wconf 88' lang='lat' dir='ltr'><strong>oculis</strong></span> <span class='ocrx_word' id='word_1_416' title='bbox 474 3734 633 3805; x_wconf 78' lang='lat' dir='ltr'><strong>ﬂuxi,</strong></span> <span class='ocrx_word' id='word_1_417' title='bbox 664 3741 761 3798; x_wconf 88' lang='lat' dir='ltr'><strong>sed</strong></span> <span class='ocrx_word' id='word_1_418' title='bbox 792 3759 934 3798; x_wconf 89' lang='lat' dir='ltr'><strong>nunc</strong></span> <span class='ocrx_word' id='word_1_419' title='bbox 960 3762 1026 3800; x_wconf 84' lang='lat' dir='ltr'><strong>ex</strong></span> <span class='ocrx_word' id='word_1_420' title='bbox 1054 3740 1249 3803; x_wconf 80' lang='lat' dir='ltr'><strong>arbore</strong></span> <span class='ocrx_word' id='word_1_421' title='bbox 1280 3764 1497 3817; x_wconf 90' lang='lat' dir='ltr'><strong>nascor,</strong></span> 
     </span>
    </p>
   </div>
   <div class='ocr_carea' id='block_1_71' title="bbox 203 3820 1562 3911">
    <p class='ocr_par' dir='ltr' id='par_1_71' title="bbox 203 3820 1562 3911">
     <span class='ocr_line' id='line_1_72' title="bbox 203 3820 1562 3911; baseline 0.013 -31"><span class='ocrx_word' id='word_1_422' title='bbox 203 3820 347 3884; x_wconf 66' lang='lat' dir='ltr'><strong>Laetus</strong></span> <span class='ocrx_word' id='word_1_423' title='bbox 372 3824 548 3887; x_wconf 75' lang='lat' dir='ltr'><strong>honos</strong></span> <span class='ocrx_word' id='word_1_424' title='bbox 575 3826 775 3902; x_wconf 73' lang='lat' dir='ltr'><strong>frondi,</strong></span> <span class='ocrx_word' id='word_1_425' title='bbox 806 3836 978 3891; x_wconf 86' lang='lat' dir='ltr'><strong>tristis</strong></span> <span class='ocrx_word' id='word_1_426' title='bbox 1005 3837 1099 3892; x_wconf 85' lang='lat' dir='ltr'><strong>sed</strong></span> <span class='ocrx_word' id='word_1_427' title='bbox 1130 3838 1307 3911; x_wconf 89' lang='lat' dir='ltr'><strong>imago</strong></span> <span class='ocrx_word' id='word_1_428' title='bbox 1334 3836 1562 3898; x_wconf 82' lang='lat' dir='ltr'><strong>doloris.</strong></span> 
     </span>
    </p>
   </div>
   <div class='ocr_carea' id='block_1_72' title="bbox 822 3918 1122 3986">
    <p class='ocr_par' dir='ltr' id='par_1_72' title="bbox 822 3918 1122 3986">
     <span class='ocr_line' id='line_1_73' title="bbox 822 3918 1122 3986; baseline 0.01 -3"><span class='ocrx_word' id='word_1_429' title='bbox 822 3918 915 3986; x_wconf 65' lang='grc'><strong>49⁸.</strong></span> <span class='ocrx_word' id='word_1_430' title='bbox 959 3924 1122 3986; x_wconf 77' lang='lat' dir='ltr'><strong>Ebur.</strong></span> 
     </span>
    </p>
   </div>
   <div class='ocr_carea' id='block_1_73' title="bbox 201 4010 1565 4099">
    <p class='ocr_par' dir='ltr' id='par_1_73' title="bbox 201 4010 1565 4099">
     <span class='ocr_line' id='line_1_74' title="bbox 201 4010 1565 4099; baseline 0.014 -30"><span class='ocrx_word' id='word_1_431' title='bbox 201 4010 314 4071; x_wconf 85' lang='lat' dir='ltr'><strong>Deus</strong></span> <span class='ocrx_word' id='word_1_432' title='bbox 334 4033 427 4091; x_wconf 78' lang='lat' dir='ltr'><strong>ego</strong></span> <span class='ocrx_word' id='word_1_433' title='bbox 451 4028 581 4077; x_wconf 86' lang='lat' dir='ltr'><strong>sum</strong></span> <span class='ocrx_word' id='word_1_434' title='bbox 611 4028 857 4092; x_wconf 81' lang='lat' dir='ltr'><strong>magnus,</strong></span> <span class='ocrx_word' id='word_1_435' title='bbox 886 4022 1098 4096; x_wconf 77' lang='lat' dir='ltr'><strong>populis</strong></span> <span class='ocrx_word' id='word_1_436' title='bbox 1126 4028 1395 4099; x_wconf 81' lang='lat' dir='ltr'><strong>cognatus</strong></span> <span class='ocrx_word' id='word_1_437' title='bbox 1413 4023 1565 4088; x_wconf 70' lang='lat' dir='ltr'><strong>Eois&quot;.</strong></span> 
     </span>
    </p>
   </div>
   <div class='ocr_carea' id='block_1_74' title="bbox 198 4105 1564 4193">
    <p class='ocr_par' dir='ltr' id='par_1_74' title="bbox 198 4105 1564 4193">
     <span class='ocr_line' id='line_1_75' title="bbox 198 4105 1564 4193; baseline 0.015 -32"><span class='ocrx_word' id='word_1_438' title='bbox 198 4105 323 4165; x_wconf 84' lang='lat' dir='ltr'><strong>Nunc</strong></span> <span class='ocrx_word' id='word_1_439' title='bbox 342 4127 437 4184; x_wconf 83' lang='lat' dir='ltr'><strong>ego</strong></span> <span class='ocrx_word' id='word_1_440' title='bbox 462 4120 563 4184; x_wconf 79' lang='lat' dir='ltr'><strong>per</strong></span> <span class='ocrx_word' id='word_1_441' title='bbox 590 4124 771 4186; x_wconf 78' lang='lat' dir='ltr'><strong>patres</strong></span> <span class='ocrx_word' id='word_1_442' title='bbox 802 4117 853 4171; x_wconf 79' lang='lat' dir='ltr'><strong>in</strong></span> <span class='ocrx_word' id='word_1_443' title='bbox 883 4127 1111 4189; x_wconf 85' lang='lat' dir='ltr'><strong>corpora</strong></span> <span class='ocrx_word' id='word_1_444' title='bbox 1141 4122 1311 4177; x_wconf 69' lang='lat' dir='ltr'><strong>multa</strong></span> <span class='ocrx_word' id='word_1_445' title='bbox 1336 4115 1564 4193; x_wconf 77' lang='lat' dir='ltr'><strong>t‘eCessi,</strong></span> 
     </span>
    </p>
   </div>
   <div class='ocr_carea' id='block_1_75' title="bbox 196 4198 1560 4284">
    <p class='ocr_par' dir='ltr' id='par_1_75' title="bbox 196 4198 1560 4284">
     <span class='ocr_line' id='line_1_76' title="bbox 196 4198 1560 4284; baseline 0.012 -28"><span class='ocrx_word' id='word_1_446' title='bbox 196 4198 285 4259; x_wconf 80' lang='lat' dir='ltr'><strong>Nec</strong></span> <span class='ocrx_word' id='word_1_447' title='bbox 308 4212 585 4263; x_wconf 63' lang='lat' dir='ltr'><strong>mutauerit</strong></span> <span class='ocrx_word' id='word_1_448' title='bbox 607 4209 775 4276; x_wconf 77' lang='lat' dir='ltr'><strong>vires,</strong></span> <span class='ocrx_word' id='word_1_449' title='bbox 805 4204 905 4265; x_wconf 78' lang='lat' dir='ltr'><strong>Sed</strong></span> <span class='ocrx_word' id='word_1_450' title='bbox 929 4210 1115 4266; x_wconf 73' lang='lat' dir='ltr'><strong>ferinae</strong></span> <span class='ocrx_word' id='word_1_451' title='bbox 1142 4215 1312 4284; x_wconf 85' lang='lat' dir='ltr'><strong>gratia</strong></span> <span class='ocrx_word' id='word_1_452' title='bbox 1342 4215 1560 4272; x_wconf 77' lang='lat' dir='ltr'><strong>mansit.</strong></span> 
     </span>
    </p>
   </div>
   <div class='ocr_carea' id='block_1_76' title="bbox 768 4293 1219 4360">
    <p class='ocr_par' dir='ltr' id='par_1_76' title="bbox 768 4293 1219 4360">
     <span class='ocr_line' id='line_1_77' title="bbox 768 4293 1219 4360; baseline 0.007 -3"><span class='ocrx_word' id='word_1_453' title='bbox 768 4300 860 4360; x_wconf 73' lang='lat'><strong>50.</strong></span> <span class='ocrx_word' id='word_1_454' title='bbox 903 4293 1142 4359; x_wconf 60' lang='lat' dir='ltr'><strong>Faenum.</strong></span> <span class='ocrx_word' id='word_1_455' title='bbox 1212 4296 1219 4303; x_wconf 84' lang='grc'><em>’</em></span> 
     </span>
    </p>
   </div>
   <div class='ocr_carea' id='block_1_77' title="bbox 194 4381 1517 4467">
    <p class='ocr_par' dir='ltr' id='par_1_77' title="bbox 194 4381 1517 4467">
     <span class='ocr_line' id='line_1_78' title="bbox 194 4381 1517 4467; baseline 0.014 -29"><span class='ocrx_word' id='word_1_456' title='bbox 194 4381 342 4443; x_wconf 83' lang='lat' dir='ltr'><strong>llerba</strong></span> <span class='ocrx_word' id='word_1_457' title='bbox 370 4388 440 4446; x_wconf 80' lang='lat' dir='ltr'><strong>fui</strong></span> <span class='ocrx_word' id='word_1_458' title='bbox 470 4390 755 4464; x_wconf 74' lang='lat' dir='ltr'><strong>quondam</strong></span> <span class='ocrx_word' id='word_1_459' title='bbox 773 4392 935 4449; x_wconf 60' lang='lat' dir='ltr'><strong>viridi</strong></span> <span class='ocrx_word' id='word_1_460' title='bbox 955 4395 1025 4451; x_wconf 82' lang='lat' dir='ltr'><strong>de</strong></span> <span class='ocrx_word' id='word_1_461' title='bbox 1047 4396 1297 4467; x_wconf 82' lang='lat' dir='ltr'><strong>gramine</strong></span> <span class='ocrx_word' id='word_1_462' title='bbox 1324 4406 1517 4467; x_wconf 61' lang='lat' dir='ltr'><strong>terra;</strong></span> 
     </span>
    </p>
   </div>
   <div class='ocr_carea' id='block_1_78' title="bbox 192 4473 1428 4555">
    <p class='ocr_par' dir='ltr' id='par_1_78' title="bbox 192 4473 1428 4555">
     <span class='ocr_line' id='line_1_79' title="bbox 192 4473 1428 4555; baseline 0.011 -24"><span class='ocrx_word' id='word_1_463' title='bbox 192 4473 278 4531; x_wconf 84' lang='lat' dir='ltr'><strong>Sed</strong></span> <span class='ocrx_word' id='word_1_464' title='bbox 300 4480 532 4553; x_wconf 69' lang='lat' dir='ltr'><strong>chaiybis</strong></span> <span class='ocrx_word' id='word_1_465' title='bbox 560 4482 709 4538; x_wconf 64' lang='lat' dir='ltr'><strong>om</strong></span> <span class='ocrx_word' id='word_1_466' title='bbox 730 4484 905 4539; x_wconf 75' lang='lat' dir='ltr'><strong>Mollis</strong></span> <span class='ocrx_word' id='word_1_467' title='bbox 937 4487 1159 4555; x_wconf 77' lang='lat' dir='ltr'><strong>praecisa</strong></span> <span class='ocrx_word' id='word_1_468' title='bbox 1188 4488 1428 4555; x_wconf 71' lang='lat' dir='ltr'><strong>multo,</strong></span> 
     </span>
    </p>
   </div>
   <div class='ocr_carea' id='block_1_79' title="bbox 192 4567 1571 4649">
    <p class='ocr_par' dir='ltr' id='par_1_79' title="bbox 192 4567 1571 4649">
     <span class='ocr_line' id='line_1_80' title="bbox 192 4567 1571 4649; baseline 0.011 -24"><span class='ocrx_word' id='word_1_469' title='bbox 192 4567 308 4629; x_wconf 68' lang='lat' dir='ltr'><strong>Iole</strong></span> <span class='ocrx_word' id='word_1_470' title='bbox 334 4582 545 4645; x_wconf 76' lang='lat' dir='ltr'><strong>premor</strong></span> <span class='ocrx_word' id='word_1_471' title='bbox 567 4579 791 4649; x_wconf 59' lang='lat' dir='ltr'><strong>propria</strong></span> <span class='ocrx_word' id='word_1_472' title='bbox 809 4620 824 4644; x_wconf 90' lang='lat'><strong>,</strong></span> <span class='ocrx_word' id='word_1_473' title='bbox 855 4582 997 4636; x_wconf 68' lang='lat' dir='ltr'><strong>tiecro</strong></span> <span class='ocrx_word' id='word_1_474' title='bbox 1027 4581 1285 4639; x_wconf 63' lang='lat' dir='ltr'><strong>conclusa</strong></span> <span class='ocrx_word' id='word_1_475' title='bbox 1312 4583 1421 4640; x_wconf 72' lang='lat' dir='ltr'><strong>s‘ub&#39;</strong></span> <span class='ocrx_word' id='word_1_476' title='bbox 1441 4584 1571 4642; x_wconf 53' lang='lat' dir='ltr'><strong>alio.</strong></span> 
     </span>
    </p>
   </div>
   <div class='ocr_carea' id='block_1_80' title="bbox 816 4672 1115 4729">
    <p class='ocr_par' dir='ltr' id='par_1_80' title="bbox 816 4672 1115 4729">
     <span class='ocr_line' id='line_1_81' title="bbox 816 4672 1115 4729; baseline -0.003 0"><span class='ocrx_word' id='word_1_477' title='bbox 816 4673 905 4729; x_wconf 69' lang='grc' dir='ltr'><strong>Μ.</strong></span> <span class='ocrx_word' id='word_1_478' title='bbox 951 4672 1115 4729; x_wconf 78' lang='lat' dir='ltr'><strong>Mala.</strong></span> 
     </span>
    </p>
   </div>
   <div class='ocr_carea' id='block_1_81' title="bbox 193 4754 1676 4840">
    <p class='ocr_par' dir='ltr' id='par_1_81' title="bbox 193 4754 1676 4840">
     <span class='ocr_line' id='line_1_82' title="bbox 193 4754 1676 4840; baseline 0.012 -31"><span class='ocrx_word' id='word_1_479' title='bbox 193 4754 347 4815; x_wconf 70' lang='lat' dir='ltr'><strong>Ambo</strong></span> <span class='ocrx_word' id='word_1_480' title='bbox 363 4772 547 4819; x_wconf 80' lang='lat' dir='ltr'><strong>sumus</strong></span> <span class='ocrx_word' id='word_1_481' title='bbox 570 4762 796 4834; x_wconf 79' lang='lat' dir='ltr'><strong>lapides,</strong></span> <span class='ocrx_word' id='word_1_482' title='bbox 829 4774 933 4820; x_wconf 78' lang='lat' dir='ltr'><strong>una</strong></span> <span class='ocrx_word' id='word_1_483' title='bbox 965 4774 1175 4834; x_wconf 80' lang='lat' dir='ltr'><strong>sumus,</strong></span> <span class='ocrx_word' id='word_1_484' title='bbox 1208 4767 1368 4823; x_wconf 81' lang='lat' dir='ltr'><strong>ambo</strong></span> <span class='ocrx_word' id='word_1_485' title='bbox 1393 4770 1676 4840; x_wconf 74' lang='lat' dir='ltr'><strong>iaeemus;</strong></span> 
     </span>
    </p>
   </div>
   <div class='ocr_carea' id='block_1_82' title="bbox 190 4851 1637 4932">
    <p class='ocr_par' dir='ltr' id='par_1_82' title="bbox 190 4851 1637 4932">
     <span class='ocr_line' id='line_1_83' title="bbox 190 4851 1637 4932; baseline 0.01 -28"><span class='ocrx_word' id='word_1_486' title='bbox 190 4851 332 4916; x_wconf 83' lang='lat' dir='ltr'><strong>Quam</strong></span> <span class='ocrx_word' id='word_1_487' title='bbox 358 4857 505 4926; x_wconf 75' lang='lat' dir='ltr'><strong>piger</strong></span> <span class='ocrx_word' id='word_1_488' title='bbox 527 4868 612 4913; x_wconf 88' lang='lat' dir='ltr'><strong>cst</strong></span> <span class='ocrx_word' id='word_1_489' title='bbox 640 4873 796 4927; x_wconf 88' lang='lat' dir='ltr'><strong>unus,</strong></span> <span class='ocrx_word' id='word_1_490' title='bbox 826 4868 1032 4914; x_wconf 84' lang='lat' dir='ltr'><strong>tantum</strong></span> <span class='ocrx_word' id='word_1_491' title='bbox 1062 4874 1168 4915; x_wconf 90' lang='lat' dir='ltr'><strong>non</strong></span> <span class='ocrx_word' id='word_1_492' title='bbox 1199 4865 1380 4932; x_wconf 86' lang='lat' dir='ltr'><strong>segnis</strong></span> <span class='ocrx_word' id='word_1_493' title='bbox 1411 4866 1455 4919; x_wconf 83' lang='lat' dir='ltr'><strong>it</strong></span> <span class='ocrx_word' id='word_1_494' title='bbox 1479 4864 1637 4920; x_wconf 84' lang='lat' dir='ltr'><strong>alter.</strong></span> 
     </span>
    </p>
   </div>
   <div class='ocr_carea' id='block_1_83' title="bbox 192 4941 1520 5019">
    <p class='ocr_par' dir='ltr' id='par_1_83' title="bbox 192 4941 1520 5019">
     <span class='ocr_line' id='line_1_84' title="bbox 192 4941 1520 5019; baseline 0.013 -24"><span class='ocrx_word' id='word_1_495' title='bbox 192 4941 273 4999; x_wconf 89' lang='lat' dir='ltr'><strong>llic</strong></span> <span class='ocrx_word' id='word_1_496' title='bbox 292 4961 460 5005; x_wconf 87' lang='lat' dir='ltr'><strong>manet</strong></span> <span class='ocrx_word' id='word_1_497' title='bbox 489 4952 769 5019; x_wconf 69' lang='lat' dir='ltr'><strong>immunis,</strong></span> <span class='ocrx_word' id='word_1_498' title='bbox 802 4963 908 5007; x_wconf 87' lang='lat' dir='ltr'><strong>non</strong></span> <span class='ocrx_word' id='word_1_499' title='bbox 934 4952 1137 5009; x_wconf 85' lang='lat' dir='ltr'><strong>desinit</strong></span> <span class='ocrx_word' id='word_1_500' title='bbox 1164 4954 1254 5011; x_wconf 72' lang='lat' dir='ltr'><strong>ille</strong></span> <span class='ocrx_word' id='word_1_501' title='bbox 1282 4956 1520 5011; x_wconf 65' lang='lat' dir='ltr'><strong>moveri.</strong></span> 
     </span>
    </p>
   </div>
   <div class='ocr_carea' id='block_1_84' title="bbox 774 5041 1127 5099">
    <p class='ocr_par' dir='ltr' id='par_1_84' title="bbox 774 5041 1127 5099">
     <span class='ocr_line' id='line_1_85' title="bbox 774 5041 1127 5099; baseline 0 0"><span class='ocrx_word' id='word_1_502' title='bbox 774 5041 868 5099; x_wconf 57' lang='grc' dir='ltr'><strong>δῦ.</strong></span> <span class='ocrx_word' id='word_1_503' title='bbox 910 5042 1127 5099; x_wconf 72' lang='lat' dir='ltr'><strong>Farina.</strong></span> 
     </span>
    </p>
   </div>
   <div class='ocr_carea' id='block_1_85' title="bbox 190 5124 1499 5209">
    <p class='ocr_par' dir='ltr' id='par_1_85' title="bbox 190 5124 1499 5209">
     <span class='ocr_line' id='line_1_86' title="bbox 190 5124 1499 5209; baseline 0.008 -28"><span class='ocrx_word' id='word_1_504' title='bbox 190 5124 309 5185; x_wconf 88' lang='lat' dir='ltr'><strong>lnter</strong></span> <span class='ocrx_word' id='word_1_505' title='bbox 331 5147 453 5189; x_wconf 79' lang='lat' dir='ltr'><strong>saxa</strong></span> <span class='ocrx_word' id='word_1_506' title='bbox 483 5136 585 5201; x_wconf 76' lang='lat' dir='ltr'><strong>fni,</strong></span> <span class='ocrx_word' id='word_1_507' title='bbox 607 5153 731 5207; x_wconf 63' lang='lat' dir='ltr'><strong>qum</strong></span> <span class='ocrx_word' id='word_1_508' title='bbox 753 5152 841 5194; x_wconf 89' lang='lat' dir='ltr'><strong>me</strong></span> <span class='ocrx_word' id='word_1_509' title='bbox 867 5140 1101 5193; x_wconf 86' lang='lat' dir='ltr'><strong>contrita</strong></span> <span class='ocrx_word' id='word_1_510' title='bbox 1139 5139 1459 5209; x_wconf 81' lang='lat' dir='ltr'><strong>premebant</strong></span> <span class='ocrx_word' id='word_1_511' title='bbox 1485 5156 1499 5191; x_wconf 84' lang='lat'><strong>:</strong></span> 
     </span>
    </p>
   </div>
   <div class='ocr_carea' id='block_1_86' title="bbox 189 5215 1341 5299">
    <p class='ocr_par' dir='ltr' id='par_1_86' title="bbox 189 5215 1341 5299">
     <span class='ocr_line' id='line_1_87' title="bbox 189 5215 1341 5299; baseline 0.012 -27"><span class='ocrx_word' id='word_1_512' title='bbox 189 5215 271 5275; x_wconf 70' lang='lat' dir='ltr'><strong>Vix</strong></span> <span class='ocrx_word' id='word_1_513' title='bbox 298 5232 468 5281; x_wconf 82' lang='lat' dir='ltr'><strong>tatnen</strong></span> <span class='ocrx_word' id='word_1_514' title='bbox 496 5226 653 5299; x_wconf 51' lang='lat' dir='ltr'><strong>eam“</strong></span> <span class='ocrx_word' id='word_1_515' title='bbox 682 5230 811 5283; x_wconf 86' lang='lat' dir='ltr'><strong>totis</strong></span> <span class='ocrx_word' id='word_1_516' title='bbox 832 5227 1022 5284; x_wconf 88' lang='lat' dir='ltr'><strong>collisa</strong></span> <span class='ocrx_word' id='word_1_517' title='bbox 1050 5228 1341 5286; x_wconf 81' lang='lat' dir='ltr'><strong>medullis:</strong></span> 
     </span>
    </p>
   </div>
   <div class='ocr_carea' id='block_1_87' title="bbox 188 5307 1615 5393">
    <p class='ocr_par' dir='ltr' id='par_1_87' title="bbox 188 5307 1615 5393">
     <span class='ocr_line' id='line_1_88' title="bbox 188 5307 1615 5393; baseline 0.009 -29"><span class='ocrx_word' id='word_1_518' title='bbox 188 5307 244 5367; x_wconf 88' lang='lat' dir='ltr'><strong>Et</strong></span> <span class='ocrx_word' id='word_1_519' title='bbox 262 5329 393 5373; x_wconf 85' lang='lat' dir='ltr'><strong>nunc</strong></span> <span class='ocrx_word' id='word_1_520' title='bbox 409 5318 578 5375; x_wconf 73' lang='lat' dir='ltr'><strong>(aetna</strong></span> <span class='ocrx_word' id='word_1_521' title='bbox 604 5319 740 5377; x_wconf 78' lang='lat' dir='ltr'><strong>mihi</strong></span> <span class='ocrx_word' id='word_1_522' title='bbox 768 5322 946 5376; x_wconf 84' lang='lat' dir='ltr'><strong>minor</strong></span> <span class='ocrx_word' id='word_1_523' title='bbox 975 5331 1079 5387; x_wconf 85' lang='lat' dir='ltr'><strong>est,</strong></span> <span class='ocrx_word' id='word_1_524' title='bbox 1110 5320 1211 5377; x_wconf 86' lang='lat' dir='ltr'><strong>sed</strong></span> <span class='ocrx_word' id='word_1_525' title='bbox 1231 5322 1386 5393; x_wconf 78' lang='lat' dir='ltr'><strong>copia</strong></span> <span class='ocrx_word' id='word_1_526' title='bbox 1415 5319 1615 5393; x_wconf 82' lang='lat' dir='ltr'><strong>major.</strong></span> 
     </span>
    </p>
   </div>
   <div class='ocr_carea' id='block_1_88' title="bbox 355 5413 1093 5471">
    <p class='ocr_par' dir='ltr' id='par_1_88' title="bbox 355 5413 1093 5471">
     <span class='ocr_line' id='line_1_89' title="bbox 355 5413 1093 5471; baseline 0.009 -8"><span class='ocrx_word' id='word_1_527' title='bbox 355 5413 368 5423; x_wconf 87' lang='lat'>&#39;</span> <span class='ocrx_word' id='word_1_528' title='bbox 803 5415 891 5471; x_wconf 77' lang='lat'><strong>55.</strong></span> <span class='ocrx_word' id='word_1_529' title='bbox 946 5413 1093 5470; x_wconf 71' lang='lat' dir='ltr'><strong>Vitis.</strong></span> 
     </span>
    </p>
   </div>
   <div class='ocr_carea' id='block_1_89' title="bbox 184 5492 1729 5591">
    <p class='ocr_par' dir='ltr' id='par_1_89' title="bbox 184 5492 1729 5591">
     <span class='ocr_line' id='line_1_90' title="bbox 184 5492 1729 5591; baseline 0.011 -41"><span class='ocrx_word' id='word_1_530' title='bbox 184 5492 299 5554; x_wconf 76' lang='lat' dir='ltr'><strong>Nolo</strong></span> <span class='ocrx_word' id='word_1_531' title='bbox 323 5502 476 5561; x_wconf 88' lang='lat' dir='ltr'><strong>thoro</strong></span> <span class='ocrx_word' id='word_1_532' title='bbox 498 5504 646 5578; x_wconf 86' lang='lat' dir='ltr'><strong>jungi</strong></span> <span class='ocrx_word' id='word_1_533' title='bbox 664 5551 681 5574; x_wconf 93' lang='lat'><strong>,</strong></span> <span class='ocrx_word' id='word_1_534' title='bbox 705 5507 949 5579; x_wconf 84' lang='lat' dir='ltr'><strong>quamvis</strong></span> <span class='ocrx_word' id='word_1_535' title='bbox 978 5509 1155 5580; x_wconf 85' lang='lat' dir='ltr'><strong>placet</strong></span> <span class='ocrx_word' id='word_1_536' title='bbox 1183 5523 1306 5566; x_wconf 87' lang='lat' dir='ltr'><strong>esse</strong></span> <span class='ocrx_word' id='word_1_537' title='bbox 1333 5510 1607 5566; x_wconf 82' lang='lat' dir='ltr'><strong>maritam.</strong></span> <span class='ocrx_word' id='word_1_538' title='bbox 1728 5588 1729 5591; x_wconf 13' lang='grc' dir='ltr'><strong>η</strong></span> 
     </span>
    </p>
   </div>
   <div class='ocr_carea' id='block_1_90' title="bbox 183 5585 1752 5675">
    <p class='ocr_par' dir='ltr' id='par_1_90' title="bbox 183 5585 1752 5675">
     <span class='ocr_line' id='line_1_91' title="bbox 183 5585 1752 5675; baseline 0.01 -30"><span class='ocrx_word' id='word_1_539' title='bbox 183 5585 298 5647; x_wconf 84' lang='lat' dir='ltr'><strong>Nolo</strong></span> <span class='ocrx_word' id='word_1_540' title='bbox 322 5594 491 5653; x_wconf 83' lang='lat' dir='ltr'><strong>virum</strong></span> <span class='ocrx_word' id='word_1_541' title='bbox 520 5599 761 5657; x_wconf 87' lang='lat' dir='ltr'><strong>thalamo</strong></span> <span class='ocrx_word' id='word_1_542' title='bbox 791 5619 805 5657; x_wconf 93' lang='lat'><strong>:</strong></span> <span class='ocrx_word' id='word_1_543' title='bbox 836 5612 932 5672; x_wconf 90' lang='lat' dir='ltr'><strong>per</strong></span> <span class='ocrx_word' id='word_1_544' title='bbox 961 5612 1048 5657; x_wconf 93' lang='lat' dir='ltr'><strong>me</strong></span> <span class='ocrx_word' id='word_1_545' title='bbox 1081 5616 1196 5658; x_wconf 81' lang='lat' dir='ltr'><strong>mea</strong></span> <span class='ocrx_word' id='word_1_546' title='bbox 1228 5614 1352 5658; x_wconf 86' lang='lat' dir='ltr'><strong>nata</strong></span> <span class='ocrx_word' id='word_1_547' title='bbox 1381 5616 1619 5675; x_wconf 86' lang='lat' dir='ltr'><strong>propago</strong></span> <span class='ocrx_word' id='word_1_548' title='bbox 1642 5588 1752 5666; x_wconf 71' lang='lat' dir='ltr'><strong>est.</strong></span> 
     </span>
    </p>
   </div>
   <div class='ocr_carea' id='block_1_91' title="bbox 184 5678 1609 5774">
    <p class='ocr_par' dir='ltr' id='par_1_91' title="bbox 184 5678 1609 5774">
     <span class='ocr_line' id='line_1_92' title="bbox 184 5678 1609 5774; baseline 0.011 -34"><span class='ocrx_word' id='word_1_549' title='bbox 184 5678 299 5742; x_wconf 78' lang='lat' dir='ltr'><strong>Nolo</strong></span> <span class='ocrx_word' id='word_1_550' title='bbox 320 5690 557 5761; x_wconf 86' lang='lat' dir='ltr'><strong>sepulcra</strong></span> <span class='ocrx_word' id='word_1_551' title='bbox 587 5694 733 5767; x_wconf 80' lang='lat' dir='ltr'><strong>pati;</strong></span> <span class='ocrx_word' id='word_1_552' title='bbox 756 5695 869 5755; x_wconf 89' lang='lat' dir='ltr'><strong>scio</strong></span> <span class='ocrx_word' id='word_1_553' title='bbox 897 5708 983 5754; x_wconf 89' lang='lat' dir='ltr'><strong>me</strong></span> <span class='ocrx_word' id='word_1_554' title='bbox 1007 5696 1359 5771; x_wconf 73' lang='lat' dir='ltr'><strong>submergere</strong></span> <span class='ocrx_word' id='word_1_555' title='bbox 1388 5700 1609 5774; x_wconf 47' lang='lat' dir='ltr'><strong>territi</strong></span> 
     </span>
    </p>
   </div>
   <div class='ocr_carea' id='block_1_92' title="bbox 1879 3183 3371 3275">
    <p class='ocr_par' dir='ltr' id='par_1_92' title="bbox 1879 3183 3371 3275">
     <span class='ocr_line' id='line_1_93' title="bbox 1879 3183 3371 3275; baseline 0.017 -36"><span class='ocrx_word' id='word_1_556' title='bbox 1879 3183 2047 3241; x_wconf 86' lang='lat' dir='ltr'><strong>Terra</strong></span> <span class='ocrx_word' id='word_1_557' title='bbox 2080 3197 2259 3244; x_wconf 87' lang='lat' dir='ltr'><strong>tamen</strong></span> <span class='ocrx_word' id='word_1_558' title='bbox 2289 3191 2474 3259; x_wconf 82' lang='lat' dir='ltr'><strong>mittit,</strong></span> <span class='ocrx_word' id='word_1_559' title='bbox 2505 3195 2649 3266; x_wconf 91' lang='lat' dir='ltr'><strong>quod</strong></span> <span class='ocrx_word' id='word_1_560' title='bbox 2681 3207 2844 3254; x_wconf 82' lang='lat' dir='ltr'><strong>terrae</strong></span> <span class='ocrx_word' id='word_1_561' title='bbox 2874 3218 3096 3260; x_wconf 89' lang='lat' dir='ltr'><strong>munera</strong></span> <span class='ocrx_word' id='word_1_562' title='bbox 3129 3202 3371 3275; x_wconf 65' lang='lat' dir='ltr'><strong>praestat.</strong></span> 
     </span>
    </p>
   </div>
   <div class='ocr_carea' id='block_1_93' title="bbox 2493 3278 2868 3364">
    <p class='ocr_par' dir='ltr' id='par_1_93' title="bbox 2493 3278 2868 3364">
     <span class='ocr_line' id='line_1_94' title="bbox 2493 3278 2868 3364; baseline 0.016 -22"><span class='ocrx_word' id='word_1_563' title='bbox 2493 3278 2581 3342; x_wconf 75' lang='grc'><strong>62.</strong></span> <span class='ocrx_word' id='word_1_564' title='bbox 2615 3287 2868 3364; x_wconf 81' lang='lat' dir='ltr'><strong>Spongia.</strong></span> 
     </span>
    </p>
   </div>
   <div class='ocr_carea' id='block_1_94' title="bbox 1876 3366 3482 3465">
    <p class='ocr_par' dir='ltr' id='par_1_94' title="bbox 1876 3366 3482 3465">
     <span class='ocr_line' id='line_1_95' title="bbox 1876 3366 3482 3465; baseline 0.018 -41"><span class='ocrx_word' id='word_1_565' title='bbox 1876 3366 1996 3440; x_wconf 86' lang='lat' dir='ltr'><strong>Ipsa</strong></span> <span class='ocrx_word' id='word_1_566' title='bbox 2019 3372 2196 3443; x_wconf 81' lang='lat' dir='ltr'><strong>gravis</strong></span> <span class='ocrx_word' id='word_1_567' title='bbox 2222 3389 2328 3431; x_wconf 92' lang='lat' dir='ltr'><strong>non</strong></span> <span class='ocrx_word' id='word_1_568' title='bbox 2353 3382 2498 3445; x_wconf 85' lang='lat' dir='ltr'><strong>sum,</strong></span> <span class='ocrx_word' id='word_1_569' title='bbox 2522 3372 2623 3435; x_wconf 83' lang='lat' dir='ltr'><strong>sed</strong></span> <span class='ocrx_word' id='word_1_570' title='bbox 2645 3395 2799 3454; x_wconf 85' lang='lat' dir='ltr'><strong>aquae</strong></span> <span class='ocrx_word' id='word_1_571' title='bbox 2830 3384 2967 3443; x_wconf 87' lang='lat' dir='ltr'><strong>mihi</strong></span> <span class='ocrx_word' id='word_1_572' title='bbox 2990 3376 3199 3459; x_wconf 72' lang='lat' dir='ltr'><strong>pendas</strong></span> <span class='ocrx_word' id='word_1_573' title='bbox 3221 3376 3450 3452; x_wconf 65' lang='lat' dir='ltr'><strong>inhaeret</strong></span> <span class='ocrx_word' id='word_1_574' title='bbox 3464 3412 3482 3465; x_wconf 86' lang='lat'><strong>;</strong></span> 
     </span>
    </p>
   </div>
   <div class='ocr_carea' id='block_1_95' title="bbox 1877 3461 3224 3542">
    <p class='ocr_par' dir='ltr' id='par_1_95' title="bbox 1877 3461 3224 3542">
     <span class='ocr_line' id='line_1_96' title="bbox 1877 3461 3224 3542; baseline 0.019 -25"><span class='ocrx_word' id='word_1_575' title='bbox 1877 3461 2099 3521; x_wconf 80' lang='lat' dir='ltr'><strong>Viscera</strong></span> <span class='ocrx_word' id='word_1_576' title='bbox 2132 3477 2241 3523; x_wconf 88' lang='lat' dir='ltr'><strong>tota</strong></span> <span class='ocrx_word' id='word_1_577' title='bbox 2273 3480 2480 3526; x_wconf 91' lang='lat' dir='ltr'><strong>tument</strong></span> <span class='ocrx_word' id='word_1_578' title='bbox 2506 3472 2703 3542; x_wconf 87' lang='lat' dir='ltr'><strong>patulis</strong></span> <span class='ocrx_word' id='word_1_579' title='bbox 2735 3472 2926 3536; x_wconf 87' lang='lat' dir='ltr'><strong>diﬂusa</strong></span> <span class='ocrx_word' id='word_1_580' title='bbox 2955 3486 3224 3542; x_wconf 85' lang='lat' dir='ltr'><strong>cavernis.</strong></span> 
     </span>
    </p>
   </div>
   <div class='ocr_carea' id='block_1_96' title="bbox 1876 3550 3308 3642">
    <p class='ocr_par' dir='ltr' id='par_1_96' title="bbox 1876 3550 3308 3642">
     <span class='ocr_line' id='line_1_97' title="bbox 1876 3550 3308 3642; baseline 0.018 -34"><span class='ocrx_word' id='word_1_581' title='bbox 1876 3550 2026 3612; x_wconf 83' lang='lat' dir='ltr'><strong>Intus</strong></span> <span class='ocrx_word' id='word_1_582' title='bbox 2054 3557 2272 3631; x_wconf 83' lang='lat' dir='ltr'><strong>lympha</strong></span> <span class='ocrx_word' id='word_1_583' title='bbox 2304 3561 2452 3641; x_wconf 78' lang='lat' dir='ltr'><strong>latet,</strong></span> <span class='ocrx_word' id='word_1_584' title='bbox 2487 3565 2581 3620; x_wconf 88' lang='lat' dir='ltr'><strong>sed</strong></span> <span class='ocrx_word' id='word_1_585' title='bbox 2606 3581 2713 3623; x_wconf 90' lang='lat' dir='ltr'><strong>non</strong></span> <span class='ocrx_word' id='word_1_586' title='bbox 2741 3568 2800 3625; x_wconf 75' lang='lat' dir='ltr'><strong>Se</strong></span> <span class='ocrx_word' id='word_1_587' title='bbox 2826 3574 3018 3642; x_wconf 83' lang='lat' dir='ltr'><strong>sponte</strong></span> <span class='ocrx_word' id='word_1_588' title='bbox 3049 3566 3308 3633; x_wconf 70' lang='lat' dir='ltr'><strong>retundit.</strong></span> 
     </span>
    </p>
   </div>
   <div class='ocr_carea' id='block_1_97' title="bbox 2494 3652 2875 3714">
    <p class='ocr_par' dir='ltr' id='par_1_97' title="bbox 2494 3652 2875 3714">
     <span class='ocr_line' id='line_1_98' title="bbox 2494 3652 2875 3714; baseline 0.013 -4"><span class='ocrx_word' id='word_1_589' title='bbox 2494 3652 2583 3712; x_wconf 78' lang='lat'><strong>65.</strong></span> <span class='ocrx_word' id='word_1_590' title='bbox 2642 3652 2875 3714; x_wconf 79' lang='lat' dir='ltr'><strong>Tridens.</strong></span> 
     </span>
    </p>
   </div>
   <div class='ocr_carea' id='block_1_98' title="bbox 1871 3734 3397 3821">
    <p class='ocr_par' dir='ltr' id='par_1_98' title="bbox 1871 3734 3397 3821">
     <span class='ocr_line' id='line_1_99' title="bbox 1871 3734 3397 3821; baseline 0.015 -26"><span class='ocrx_word' id='word_1_591' title='bbox 1871 3739 2011 3796; x_wconf 85' lang='lat' dir='ltr'><strong>Tres</strong></span> <span class='ocrx_word' id='word_1_592' title='bbox 2036 3734 2169 3799; x_wconf 84' lang='lat' dir='ltr'><strong>mihi</strong></span> <span class='ocrx_word' id='word_1_593' title='bbox 2195 3744 2322 3801; x_wconf 80' lang='lat' dir='ltr'><strong>sunt</strong></span> <span class='ocrx_word' id='word_1_594' title='bbox 2346 3742 2538 3803; x_wconf 87' lang='lat' dir='ltr'><strong>dentes</strong></span> <span class='ocrx_word' id='word_1_595' title='bbox 2572 3766 2587 3804; x_wconf 90' lang='lat'>:</span> <span class='ocrx_word' id='word_1_596' title='bbox 2614 3752 2751 3821; x_wconf 80' lang='lat' dir='ltr'><strong>quos</strong></span> <span class='ocrx_word' id='word_1_597' title='bbox 2789 3758 2928 3811; x_wconf 83' lang='lat' dir='ltr'><strong>unus</strong></span> <span class='ocrx_word' id='word_1_598' title='bbox 2948 3756 3191 3816; x_wconf 78' lang='lat' dir='ltr'><strong>Continet</strong></span> <span class='ocrx_word' id='word_1_599' title='bbox 3215 3759 3351 3820; x_wconf 79' lang='lat' dir='ltr'><strong>Ordo</strong></span> <span class='ocrx_word' id='word_1_600' title='bbox 3384 3782 3397 3818; x_wconf 91' lang='lat'><strong>:</strong></span> 
     </span>
    </p>
   </div>
   <div class='ocr_carea' id='block_1_99' title="bbox 1874 3832 3153 3927">
    <p class='ocr_par' dir='ltr' id='par_1_99' title="bbox 1874 3832 3153 3927">
     <span class='ocr_line' id='line_1_100' title="bbox 1874 3832 3153 3927; baseline 0.016 -39"><span class='ocrx_word' id='word_1_601' title='bbox 1874 3832 2027 3891; x_wconf 89' lang='lat' dir='ltr'><strong>Unus</strong></span> <span class='ocrx_word' id='word_1_602' title='bbox 2057 3846 2321 3906; x_wconf 81' lang='lat' dir='ltr'><strong>praeterea</strong></span> <span class='ocrx_word' id='word_1_603' title='bbox 2349 3839 2485 3897; x_wconf 89' lang='lat' dir='ltr'><strong>deus</strong></span> <span class='ocrx_word' id='word_1_604' title='bbox 2509 3842 2595 3897; x_wconf 76' lang='lat' dir='ltr'><strong>est</strong></span> <span class='ocrx_word' id='word_1_605' title='bbox 2621 3849 2675 3898; x_wconf 86' lang='lat' dir='ltr'><strong>et</strong></span> <span class='ocrx_word' id='word_1_606' title='bbox 2700 3842 2853 3902; x_wconf 78' lang='lat' dir='ltr'><strong>salus</strong></span> <span class='ocrx_word' id='word_1_607' title='bbox 2882 3848 2935 3904; x_wconf 93' lang='lat' dir='ltr'><strong>in</strong></span> <span class='ocrx_word' id='word_1_608' title='bbox 2962 3850 3106 3917; x_wconf 92' lang='lat' dir='ltr'><strong>imo;</strong></span> <span class='ocrx_word' id='word_1_609' title='bbox 3144 3920 3153 3927; x_wconf 84' lang='lat'><em>_</em></span> 
     </span>
    </p>
   </div>
   <div class='ocr_carea' id='block_1_100' title="bbox 1873 3924 3375 4014">
    <p class='ocr_par' dir='ltr' id='par_1_100' title="bbox 1873 3924 3375 4014">
     <span class='ocr_line' id='line_1_101' title="bbox 1873 3924 3375 4014; baseline 0.016 -34"><span class='ocrx_word' id='word_1_610' title='bbox 1873 3924 2067 3998; x_wconf 79' lang='lat' dir='ltr'><strong>Meque</strong></span> <span class='ocrx_word' id='word_1_611' title='bbox 2091 3936 2236 3985; x_wconf 90' lang='lat' dir='ltr'><strong>tenet</strong></span> <span class='ocrx_word' id='word_1_612' title='bbox 2260 3944 2479 4001; x_wconf 83' lang='lat' dir='ltr'><strong>nomen,</strong></span> <span class='ocrx_word' id='word_1_613' title='bbox 2505 3942 2695 3992; x_wconf 67' lang='lat' dir='ltr'><strong>Ventus</strong></span> <span class='ocrx_word' id='word_1_614' title='bbox 2718 3937 2892 4007; x_wconf 82' lang='lat' dir='ltr'><strong>timet,</strong></span> <span class='ocrx_word' id='word_1_615' title='bbox 2923 3924 3375 4014; x_wconf 29' lang='lat' dir='ltr'><strong>aeqtioraicul‘anl‘.</strong></span> 
     </span>
    </p>
   </div>
   <div class='ocr_carea' id='block_1_101' title="bbox 2423 4020 2844 4100">
    <p class='ocr_par' dir='ltr' id='par_1_101' title="bbox 2423 4020 2844 4100">
     <span class='ocr_line' id='line_1_102' title="bbox 2423 4020 2844 4100; baseline 0 -15"><span class='ocrx_word' id='word_1_616' title='bbox 2423 4081 2426 4085; x_wconf 80' lang='lat'><strong>.</strong></span> <span class='ocrx_word' id='word_1_617' title='bbox 2491 4020 2582 4081; x_wconf 65' lang='lat'><strong>04.</strong></span> <span class='ocrx_word' id='word_1_618' title='bbox 2617 4024 2844 4100; x_wconf 71' lang='lat' dir='ltr'><strong>sagitta.</strong></span> 
     </span>
    </p>
   </div>
   <div class='ocr_carea' id='block_1_102' title="bbox 1872 4103 3256 4198">
    <p class='ocr_par' dir='ltr' id='par_1_102' title="bbox 1872 4103 3256 4198">
     <span class='ocr_line' id='line_1_103' title="bbox 1872 4103 3256 4198; baseline 0.016 -35"><span class='ocrx_word' id='word_1_619' title='bbox 1872 4103 2037 4182; x_wconf 79' lang='lat' dir='ltr'><strong>Septa</strong></span> <span class='ocrx_word' id='word_1_620' title='bbox 2059 4115 2219 4181; x_wconf 61' lang='lat' dir='ltr'><strong>graﬁ&#39;</strong></span> <span class='ocrx_word' id='word_1_621' title='bbox 2240 4111 2408 4182; x_wconf 75' lang='lat' dir='ltr'><strong>terra,</strong></span> <span class='ocrx_word' id='word_1_622' title='bbox 2440 4114 2649 4177; x_wconf 82' lang='lat' dir='ltr'><strong>levibus</strong></span> <span class='ocrx_word' id='word_1_623' title='bbox 2677 4118 3013 4182; x_wconf 75' lang='lat' dir='ltr'><strong>circumdata</strong></span> <span class='ocrx_word' id='word_1_624' title='bbox 3040 4129 3256 4198; x_wconf 79' lang='lat' dir='ltr'><strong>pennis,</strong></span> 
     </span>
    </p>
   </div>
   <div class='ocr_carea' id='block_1_103' title="bbox 1872 4203 3168 4288">
    <p class='ocr_par' dir='ltr' id='par_1_103' title="bbox 1872 4203 3168 4288">
     <span class='ocr_line' id='line_1_104' title="bbox 1872 4203 3168 4288; baseline 0.013 -30"><span class='ocrx_word' id='word_1_625' title='bbox 1872 4203 2012 4260; x_wconf 85' lang='lat' dir='ltr'><strong>Aera</strong></span> <span class='ocrx_word' id='word_1_626' title='bbox 2045 4219 2140 4275; x_wconf 90' lang='lat' dir='ltr'><strong>per</strong></span> <span class='ocrx_word' id='word_1_627' title='bbox 2169 4208 2415 4265; x_wconf 83' lang='lat' dir='ltr'><strong>medium</strong></span> <span class='ocrx_word' id='word_1_628' title='bbox 2430 4212 2643 4268; x_wconf 71' lang='lat' dir='ltr'><strong>Voiucr’i‘</strong></span> <span class='ocrx_word' id='word_1_629' title='bbox 2668 4216 2940 4275; x_wconf 74' lang='lat' dir='ltr'><strong>comendo</strong></span> <span class='ocrx_word' id='word_1_630' title='bbox 2967 4228 3168 4288; x_wconf 84' lang='lat' dir='ltr'><strong>meatu,</strong></span> 
     </span>
    </p>
   </div>
   <div class='ocr_carea' id='block_1_104' title="bbox 1870 4295 3204 4368">
    <p class='ocr_par' dir='ltr' id='par_1_104' title="bbox 1870 4295 3204 4368">
     <span class='ocr_line' id='line_1_105' title="bbox 1870 4295 3204 4368; baseline 0.01 -17"><span class='ocrx_word' id='word_1_631' title='bbox 1870 4295 2143 4368; x_wconf 80' lang='lat' dir='ltr'><strong>Missaque</strong></span> <span class='ocrx_word' id='word_1_632' title='bbox 2165 4295 2452 4357; x_wconf 75' lang='lat' dir='ltr'><strong>discedens</strong></span> <span class='ocrx_word' id='word_1_633' title='bbox 2480 4303 2637 4358; x_wconf 75' lang='lat' dir='ltr'><strong>nullo</strong></span> <span class='ocrx_word' id='word_1_634' title='bbox 2659 4306 2911 4364; x_wconf 65' lang='lat' dir='ltr'><strong>mittente</strong></span> <span class='ocrx_word' id='word_1_635' title='bbox 2940 4308 3204 4367; x_wconf 74' lang='lat' dir='ltr'><strong>revertor.</strong></span> 
     </span>
    </p>
   </div>
   <div class='ocr_carea' id='block_1_105' title="bbox 2446 4386 2885 4469">
    <p class='ocr_par' dir='ltr' id='par_1_105' title="bbox 2446 4386 2885 4469">
     <span class='ocr_line' id='line_1_106' title="bbox 2446 4386 2885 4469; baseline 0.007 -19"><span class='ocrx_word' id='word_1_636' title='bbox 2446 4386 2535 4451; x_wconf 77' lang='lat'><strong>65.</strong></span> <span class='ocrx_word' id='word_1_637' title='bbox 2569 4389 2885 4469; x_wconf 69' lang='lat' dir='ltr'><strong>Ftayetlam.</strong></span> 
     </span>
    </p>
   </div>
   <div class='ocr_carea' id='block_1_106' title="bbox 1784 4460 3240 4562">
    <p class='ocr_par' dir='ltr' id='par_1_106' title="bbox 1784 4460 3240 4562">
     <span class='ocr_line' id='line_1_107' title="bbox 1784 4460 3240 4562; baseline 0.01 -27"><span class='ocrx_word' id='word_1_638' title='bbox 1784 4460 1842 4522; x_wconf 85' lang='lat' dir='ltr'><strong><em>D</em></strong></span> <span class='ocrx_word' id='word_1_639' title='bbox 1868 4480 1945 4537; x_wconf 88' lang='lat' dir='ltr'><strong>De</strong></span> <span class='ocrx_word' id='word_1_640' title='bbox 1978 4480 2196 4552; x_wconf 77' lang='lat' dir='ltr'><strong>pecudis</strong></span> <span class='ocrx_word' id='word_1_641' title='bbox 2224 4484 2387 4540; x_wconf 71' lang='lat' dir='ltr'><strong>dorso</strong></span> <span class='ocrx_word' id='word_1_642' title='bbox 2414 4484 2648 4556; x_wconf 76' lang='lat' dir='ltr'><strong>pecudes</strong></span> <span class='ocrx_word' id='word_1_643' title='bbox 2672 4460 2778 4560; x_wconf 61' lang='lat' dir='ltr'><strong>ego</strong></span> <span class='ocrx_word' id='word_1_644' title='bbox 2795 4490 2977 4547; x_wconf 79' lang='lat' dir='ltr'><strong>terrea</strong></span> <span class='ocrx_word' id='word_1_645' title='bbox 2999 4494 3240 4562; x_wconf 66' lang='grc' dir='ltr'><strong>οινηαας,</strong></span> 
     </span>
    </p>
   </div>
   <div class='ocr_carea' id='block_1_107' title="bbox 1864 4563 3180 4656">
    <p class='ocr_par' dir='ltr' id='par_1_107' title="bbox 1864 4563 3180 4656">
     <span class='ocr_line' id='line_1_108' title="bbox 1864 4563 3180 4656; baseline 0.008 -22"><span class='ocrx_word' id='word_1_646' title='bbox 1864 4563 2194 4650; x_wconf 86' lang='lat' dir='ltr'><strong>Obsequium</strong></span> <span class='ocrx_word' id='word_1_647' title='bbox 2221 4581 2461 4638; x_wconf 86' lang='lat' dir='ltr'><strong>reddens</strong></span> <span class='ocrx_word' id='word_1_648' title='bbox 2486 4581 2761 4639; x_wconf 63' lang='lat' dir='ltr'><strong>modErat‘i‘</strong></span> <span class='ocrx_word' id='word_1_649' title='bbox 2783 4585 2905 4656; x_wconf 50' lang='lat' dir='ltr'><strong>Ege</strong></span> <span class='ocrx_word' id='word_1_650' title='bbox 2929 4578 3134 4643; x_wconf 80' lang='lat' dir='ltr'><strong>doloris</strong></span> <span class='ocrx_word' id='word_1_651' title='bbox 3165 4606 3180 4645; x_wconf 89' lang='lat'><strong>:</strong></span> 
     </span>
    </p>
   </div>
   <div class='ocr_carea' id='block_1_108' title="bbox 1864 4669 3200 4741">
    <p class='ocr_par' dir='ltr' id='par_1_108' title="bbox 1864 4669 3200 4741">
     <span class='ocr_line' id='line_1_109' title="bbox 1864 4669 3200 4741; baseline 0.007 -16"><span class='ocrx_word' id='word_1_652' title='bbox 1864 4669 1977 4727; x_wconf 87' lang='lat' dir='ltr'><strong>Nec</strong></span> <span class='ocrx_word' id='word_1_653' title='bbox 2007 4672 2128 4727; x_wconf 90' lang='lat' dir='ltr'><strong>volo</strong></span> <span class='ocrx_word' id='word_1_654' title='bbox 2157 4673 2453 4741; x_wconf 80' lang='lat' dir='ltr'><strong>contemni,</strong></span> <span class='ocrx_word' id='word_1_655' title='bbox 2492 4672 2595 4731; x_wconf 80' lang='lat' dir='ltr'><strong>sed</strong></span> <span class='ocrx_word' id='word_1_656' title='bbox 2616 4676 2802 4731; x_wconf 72' lang='lat' dir='ltr'><strong>contra</strong></span> <span class='ocrx_word' id='word_1_657' title='bbox 2828 4679 2964 4735; x_wconf 81' lang='grc' dir='ltr'><strong>ηοισ</strong></span> <span class='ocrx_word' id='word_1_658' title='bbox 2984 4684 3200 4736; x_wconf 79' lang='lat' dir='ltr'><strong>nocere.</strong></span> 
     </span>
    </p>
   </div>
   <div class='ocr_carea' id='block_1_109' title="bbox 2475 4765 2857 4825">
    <p class='ocr_par' dir='ltr' id='par_1_109' title="bbox 2475 4765 2857 4825">
     <span class='ocr_line' id='line_1_110' title="bbox 2475 4765 2857 4825; baseline 0.013 -5"><span class='ocrx_word' id='word_1_659' title='bbox 2475 4765 2565 4822; x_wconf 74' lang='lat'><strong>66.</strong></span> <span class='ocrx_word' id='word_1_660' title='bbox 2609 4765 2857 4825; x_wconf 62' lang='lat' dir='ltr'><strong>Laterum</strong></span> 
     </span>
    </p>
   </div>
   <div class='ocr_carea' id='block_1_110' title="bbox 1840 4852 3161 4931">
    <p class='ocr_par' dir='ltr' id='par_1_110' title="bbox 1840 4852 3161 4931">
     <span class='ocr_line' id='line_1_111' title="bbox 1840 4852 3161 4931; baseline 0.012 -30"><span class='ocrx_word' id='word_1_661' title='bbox 1840 4852 2133 4909; x_wconf 80' lang='lat' dir='ltr'><strong>.Corulhus</strong></span> <span class='ocrx_word' id='word_1_662' title='bbox 2158 4854 2282 4924; x_wconf 80' lang='lat' dir='ltr'><strong>apfa</strong></span> <span class='ocrx_word' id='word_1_663' title='bbox 2307 4854 2476 4925; x_wconf 78' lang='lat' dir='ltr'><strong>cavis,</strong></span> <span class='ocrx_word' id='word_1_664' title='bbox 2512 4858 2675 4913; x_wconf 81' lang='lat' dir='ltr'><strong>tereti</strong></span> <span class='ocrx_word' id='word_1_665' title='bbox 2700 4858 2973 4930; x_wconf 80' lang='lat' dir='ltr'><strong>perlucida</strong></span> <span class='ocrx_word' id='word_1_666' title='bbox 3005 4868 3161 4931; x_wconf 78' lang='lat' dir='ltr'><strong>gyro,</strong></span> 
     </span>
    </p>
   </div>
   <div class='ocr_carea' id='block_1_111' title="bbox 1865 4946 3336 5033">
    <p class='ocr_par' dir='ltr' id='par_1_111' title="bbox 1865 4946 3336 5033">
     <span class='ocr_line' id='line_1_112' title="bbox 1865 4946 3336 5033; baseline 0.005 -31"><span class='ocrx_word' id='word_1_667' title='bbox 1865 4946 2072 5004; x_wconf 90' lang='lat' dir='ltr'><strong>Lumen</strong></span> <span class='ocrx_word' id='word_1_668' title='bbox 2105 4947 2312 5004; x_wconf 84' lang='lat' dir='ltr'><strong>habens</strong></span> <span class='ocrx_word' id='word_1_669' title='bbox 2340 4948 2481 5004; x_wconf 87' lang='lat' dir='ltr'><strong>intus</strong></span> <span class='ocrx_word' id='word_1_670' title='bbox 2508 4948 2674 5005; x_wconf 81' lang='lat' dir='ltr'><strong>divini</strong></span> <span class='ocrx_word' id='word_1_671' title='bbox 2708 4948 2911 5007; x_wconf 85' lang='lat' dir='ltr'><strong>sideris</strong></span> <span class='ocrx_word' id='word_1_672' title='bbox 2933 4952 3123 5019; x_wconf 73' lang='lat' dir='ltr'><strong>iusmr,</strong></span> <span class='ocrx_word' id='word_1_673' title='bbox 3329 5025 3336 5033; x_wconf 30' lang='grc' dir='ltr'>ι</span> 
     </span>
    </p>
   </div>
   <div class='ocr_carea' id='block_1_112' title="bbox 1863 5039 3237 5115">
    <p class='ocr_par' dir='ltr' id='par_1_112' title="bbox 1863 5039 3237 5115">
     <span class='ocr_line' id='line_1_113' title="bbox 1863 5039 3237 5115; baseline 0.005 -20"><span class='ocrx_word' id='word_1_674' title='bbox 1863 5039 2129 5097; x_wconf 82' lang='lat' dir='ltr'><strong>Noctibus</strong></span> <span class='ocrx_word' id='word_1_675' title='bbox 2150 5041 2201 5096; x_wconf 88' lang='lat' dir='ltr'><strong>in</strong></span> <span class='ocrx_word' id='word_1_676' title='bbox 2227 5042 2422 5098; x_wconf 81' lang='lat' dir='ltr'><strong>mediis</strong></span> <span class='ocrx_word' id='word_1_677' title='bbox 2451 5040 2649 5101; x_wconf 81' lang='lat' dir='ltr'><strong>faciem</strong></span> <span class='ocrx_word' id='word_1_678' title='bbox 2675 5052 2792 5099; x_wconf 76' lang='lat' dir='ltr'><strong>non</strong></span> <span class='ocrx_word' id='word_1_679' title='bbox 2813 5045 2989 5115; x_wconf 68' lang='lat' dir='ltr'><strong>perdo</strong></span> <span class='ocrx_word' id='word_1_680' title='bbox 3006 5045 3237 5104; x_wconf 69' lang='lat' dir='ltr'><strong>dierum.</strong></span> 
     </span>
    </p>
   </div>
   <div class='ocr_carea' id='block_1_113' title="bbox 2454 5131 2862 5208">
    <p class='ocr_par' dir='ltr' id='par_1_113' title="bbox 2454 5131 2862 5208">
     <span class='ocr_line' id='line_1_114' title="bbox 2454 5131 2862 5208; baseline 0 -14"><span class='ocrx_word' id='word_1_681' title='bbox 2454 5131 2543 5194; x_wconf 80' lang='grc'><strong>6⁸7.</strong></span> <span class='ocrx_word' id='word_1_682' title='bbox 2587 5136 2862 5208; x_wconf 75' lang='lat' dir='ltr'><strong>Specular.</strong></span> 
     </span>
    </p>
   </div>
   <div class='ocr_carea' id='block_1_114' title="bbox 1861 5228 3188 5305">
    <p class='ocr_par' dir='ltr' id='par_1_114' title="bbox 1861 5228 3188 5305">
     <span class='ocr_line' id='line_1_115' title="bbox 1861 5228 3188 5305; baseline 0.008 -21"><span class='ocrx_word' id='word_1_683' title='bbox 1861 5228 2172 5302; x_wconf 82' lang='lat' dir='ltr'><strong>Pers&#39;picior</strong></span> <span class='ocrx_word' id='word_1_684' title='bbox 2195 5231 2430 5303; x_wconf 84' lang='lat' dir='ltr'><strong>penitus,</strong></span> <span class='ocrx_word' id='word_1_685' title='bbox 2462 5244 2561 5288; x_wconf 84' lang='lat' dir='ltr'><strong>nec</strong></span> <span class='ocrx_word' id='word_1_686' title='bbox 2584 5233 2806 5290; x_wconf 86' lang='lat' dir='ltr'><strong>luminis</strong></span> <span class='ocrx_word' id='word_1_687' title='bbox 2825 5236 2989 5292; x_wconf 73' lang='lat' dir='ltr'><strong>arceo</strong></span> <span class='ocrx_word' id='word_1_688' title='bbox 3022 5238 3188 5305; x_wconf 75' lang='lat' dir='ltr'><strong>visus,</strong></span> 
     </span>
    </p>
   </div>
   <div class='ocr_carea' id='block_1_115' title="bbox 1860 5319 3359 5413">
    <p class='ocr_par' dir='ltr' id='par_1_115' title="bbox 1860 5319 3359 5413">
     <span class='ocr_line' id='line_1_116' title="bbox 1860 5319 3359 5413; baseline 0.008 -36"><span class='ocrx_word' id='word_1_689' title='bbox 1860 5319 2257 5379; x_wconf 87' lang='lat' dir='ltr'><strong>Transmittens</strong></span> <span class='ocrx_word' id='word_1_690' title='bbox 2280 5325 2468 5380; x_wconf 92' lang='lat' dir='ltr'><strong>oculos</strong></span> <span class='ocrx_word' id='word_1_691' title='bbox 2492 5326 2639 5381; x_wconf 81' lang='lat' dir='ltr'><strong>intra</strong></span> <span class='ocrx_word' id='word_1_692' title='bbox 2657 5332 2785 5383; x_wconf 78' lang='lat' dir='ltr'><strong>mea</strong></span> <span class='ocrx_word' id='word_1_693' title='bbox 2809 5328 3050 5385; x_wconf 87' lang='lat' dir='ltr'><strong>membra</strong></span> <span class='ocrx_word' id='word_1_694' title='bbox 3082 5339 3359 5413; x_wconf 78' lang='lat' dir='ltr'><strong>meantes&#39;</strong></span> 
     </span>
    </p>
   </div>
   <div class='ocr_carea' id='block_1_116' title="bbox 1857 5412 3449 5484">
    <p class='ocr_par' dir='ltr' id='par_1_116' title="bbox 1857 5412 3449 5484">
     <span class='ocr_line' id='line_1_117' title="bbox 1857 5412 3449 5484; baseline 0.008 -16"><span class='ocrx_word' id='word_1_695' title='bbox 1857 5412 1973 5471; x_wconf 75' lang='lat' dir='ltr'><strong>Nec</strong></span> <span class='ocrx_word' id='word_1_696' title='bbox 2014 5428 2100 5471; x_wconf 87' lang='lat' dir='ltr'><strong>me</strong></span> <span class='ocrx_word' id='word_1_697' title='bbox 2129 5415 2327 5472; x_wconf 79' lang='lat' dir='ltr'><strong>transit</strong></span> <span class='ocrx_word' id='word_1_698' title='bbox 2353 5416 2548 5484; x_wconf 83' lang='lat' dir='ltr'><strong>hiems,</strong></span> <span class='ocrx_word' id='word_1_699' title='bbox 2576 5415 2672 5472; x_wconf 85' lang='lat' dir='ltr'><strong>sed</strong></span> <span class='ocrx_word' id='word_1_700' title='bbox 2702 5415 2787 5473; x_wconf 79' lang='lat' dir='ltr'><strong>soi</strong></span> <span class='ocrx_word' id='word_1_701' title='bbox 2819 5427 3001 5476; x_wconf 80' lang='lat' dir='ltr'><strong>tamen</strong></span> <span class='ocrx_word' id='word_1_702' title='bbox 3029 5412 3226 5478; x_wconf 81' lang='lat' dir='ltr'><strong>emicat</strong></span> <span class='ocrx_word' id='word_1_703' title='bbox 3253 5423 3305 5479; x_wconf 86' lang='lat' dir='ltr'><strong>in</strong></span> <span class='ocrx_word' id='word_1_704' title='bbox 3342 5422 3449 5480; x_wconf 72' lang='lat' dir='ltr'><strong>me.</strong></span> 
     </span>
    </p>
   </div>
   <div class='ocr_carea' id='block_1_117' title="bbox 2437 5504 2875 5580">
    <p class='ocr_par' dir='ltr' id='par_1_117' title="bbox 2437 5504 2875 5580">
     <span class='ocr_line' id='line_1_118' title="bbox 2437 5504 2875 5580; baseline 0.009 -16"><span class='ocrx_word' id='word_1_705' title='bbox 2437 5508 2526 5566; x_wconf 86' lang='lat'><strong>68.</strong></span> <span class='ocrx_word' id='word_1_706' title='bbox 2572 5504 2875 5580; x_wconf 76' lang='lat' dir='ltr'><strong>Speculum.</strong></span> 
     </span>
    </p>
   </div>
   <div class='ocr_carea' id='block_1_118' title="bbox 1855 5594 3287 5679">
    <p class='ocr_par' dir='ltr' id='par_1_118' title="bbox 1855 5594 3287 5679">
     <span class='ocr_line' id='line_1_119' title="bbox 1855 5594 3287 5679; baseline 0.004 -24"><span class='ocrx_word' id='word_1_707' title='bbox 1855 5597 2012 5656; x_wconf 87' lang='lat' dir='ltr'><strong>Nulla</strong></span> <span class='ocrx_word' id='word_1_708' title='bbox 2037 5600 2175 5658; x_wconf 82' lang='lat' dir='ltr'><strong>mihi</strong></span> <span class='ocrx_word' id='word_1_709' title='bbox 2202 5609 2350 5658; x_wconf 84' lang='lat' dir='ltr'><strong>certa</strong></span> <span class='ocrx_word' id='word_1_710' title='bbox 2378 5606 2478 5671; x_wconf 75' lang='lat' dir='ltr'><strong>est,</strong></span> <span class='ocrx_word' id='word_1_711' title='bbox 2507 5603 2657 5658; x_wconf 88' lang='lat' dir='ltr'><strong>nulla</strong></span> <span class='ocrx_word' id='word_1_712' title='bbox 2677 5611 2759 5673; x_wconf 77' lang='lat' dir='ltr'><strong>est</strong></span> <span class='ocrx_word' id='word_1_713' title='bbox 2790 5606 3073 5677; x_wconf 77' lang='lat' dir='ltr'><strong>peregrina</strong></span> <span class='ocrx_word' id='word_1_714' title='bbox 3099 5594 3287 5679; x_wconf 68' lang='lat' dir='ltr'><strong>ﬁgura.</strong></span> 
     </span>
    </p>
   </div>
   <div class='ocr_carea' id='block_1_119' title="bbox 1857 5692 3148 5767">
    <p class='ocr_par' dir='ltr' id='par_1_119' title="bbox 1857 5692 3148 5767">
     <span class='ocr_line' id='line_1_120' title="bbox 1857 5692 3148 5767; baseline 0.005 -19"><span class='ocrx_word' id='word_1_715' title='bbox 1857 5692 2057 5764; x_wconf 82' lang='lat' dir='ltr'><strong>Fulgor</strong></span> <span class='ocrx_word' id='word_1_716' title='bbox 2085 5696 2226 5754; x_wconf 87' lang='lat' dir='ltr'><strong>inest</strong></span> <span class='ocrx_word' id='word_1_717' title='bbox 2250 5694 2398 5755; x_wconf 90' lang='lat' dir='ltr'><strong>intus</strong></span> <span class='ocrx_word' id='word_1_718' title='bbox 2422 5695 2653 5754; x_wconf 85' lang='lat' dir='ltr'><strong>radianti</strong></span> <span class='ocrx_word' id='word_1_719' title='bbox 2678 5697 2799 5755; x_wconf 91' lang='lat' dir='ltr'><strong>luce</strong></span> <span class='ocrx_word' id='word_1_720' title='bbox 2826 5712 3148 5767; x_wconf 86' lang='lat' dir='ltr'><strong>coruscans,</strong></span> 
     </span>
    </p>
   </div>
  </div>
