4058 6188
512 339 617 410 Qui
646 339 778 396 nihil
810 337 1065 405 ostendit,
1097 333 1199 392 nisi
1223 334 1266 390 si
1299 334 1427 406 quid
1457 331 1651 390 viderit
1677 337 1822 386 ante.

1101 428 1191 485 69.
1237 427 1535 500 Clepsydra.

519 527 632 584 Lex
657 529 796 583 bona
822 523 1057 592 dicendi,
1086 523 1172 578 lex
1198 536 1315 578 sum
1345 533 1559 592 quoque
1585 517 1718 573 dura
1749 513 1985 572 tacendi.

518 621 616 677 Jus
640 617 812 674 avidae
839 617 1060 688 lingua),
1095 616 1217 670 linis
1239 614 1359 670 sine
1390 612 1496 667 line
1528 609 1801 681 loquendi,

516 713 635 785 Ipsa
657 713 852 780 ﬂuens,
884 709 1013 767 dum
1040 708 1203 765 verba
1230 709 1385 767 llunt,
1415 714 1471 759 ut
1498 705 1674 775 lingua
1706 701 1968 772 quiescat.

1140 800 1230 854 70.
1277 797 1497 852 Puteus.

514 898 689 955 Mersa
715 896 897 969 procul
928 899 1086 952 terris
1117 894 1170 949 in
1194 893 1405 965 cespite
1436 889 1653 962 lympha
1687 883 1987 957 profundo,

516 991 744 1049 Nonnisi
771 989 1031 1062 perfossis
1058 1001 1277 1058 possum
1307 981 1603 1055 procedere
1634 981 1810 1044 venis,

521 1085 594 1141 Et
624 1087 810 1140 trahor
836 1083 906 1138 ad
930 1096 1158 1152 superos
1185 1079 1360 1134 alieno
1391 1077 1550 1131 ducta
1579 1075 1784 1130 labore.

1153 1173 1240 1227 71.
1283 1170 1476 1226 Tubus.

519 1270 794 1328 ‘l‘runcum
827 1278 966 1324 terra
994 1265 1145 1337 tegit,
1177 1263 1390 1319 latitant
1421 1263 1472 1316 in
1499 1260 1706 1331 ceSpite
1735 1255 1971 1330 lymphae
2001 1271 2016 1309 ε

522 1366 722 1421 Alveus
751 1371 836 1418 est
862 1360 1124 1422 modicus,
1156 1357 1248 1426 qui
1278 1357 1424 1426 ripas
1451 1369 1559 1409 non
1589 1353 1752 1407 habet
1780 1351 1937 1405 ullas.

523 1455 582 1513 In
608 1457 754 1529 ligno
779 1453 993 1510 vehitur
1018 1450 1220 1516 medio,
1243 1448 1385 1519 quod
1413 1447 1553 1517 ligna
1583 1442 1834 1499 vehebat.

1173 1543 1262 1597 72'.
1289 1540 1476 1596 Follis.

524 1645 647 1701 Non
673 1659 774 1716 ego
800 1642 1059 1698 continuo
1085 1639 1313 1703 morior,
1345 1635 1470 1690 dum
1506 1631 1728 1703 spiritus
1757 1628 1904 1694 exit;

519 1738 654 1794 Nam
679 1738 818 1792 redit
842 1735 1078 1799 assidue,
1113 1729 1356 1802 quamvis
1377 1739 1431 1781 et
1452 1741 1597 1796 saepe
1618 1722 1856 1778 recedat.

526 1828 598 1885 Et
622 1827 754 1884 mihi
782 1830 924 1882 hunc
953 1838 1145 1895 magna
1169 1831 1252 1876 est
1277 1820 1490 1884 animae,
1519 1831 1663 1872 nunc
1690 1814 1836 1870 nulla
1863 1810 2117 1868 facultas.

1173 1916 1262 1971 73.
1305 1911 1480 1982 Lapis.

536 2011 878 2068 Deucalionis
904 2025 1004 2081 ego
1031 2006 1238 2064 crudeli
1268 2017 1456 2073 sospes
1482 2001 1552 2055 ab
1578 1999 1740 2067 unda,

528 2105 723 2162 Affinis
754 2116 936 2170 terrae,
963 2100 1059 2157 sed
1088 2101 1246 2168 longe
1275 2096 1459 2151 durior
1488 2095 1598 2149 illa.

533 2201 734 2256 Littera
761 2195 992 2254 decedat
1025 2211 1039 2248 :
1070 2191 1303 2248 volucris
1331 2201 1546 2260 quoque
1572 2200 1769 2241 nomen
1804 2182 2031 2238 habebo.

1189 2286 1278 2341 74.
1331 2283 1479 2338 Calx.

540 2387 700 2444 Evasi
730 2385 995 2446 ﬂammas,
1025 2378 1162 2448 ignis
1191 2383 1455 2431 tormenta
1490 2371 1716 2444 profugi.

547 2479 664 2551 Ipsa
695 2476 901 2533 medela
930 2487 1051 2528 meo
1077 2478 1276 2542 pugnat
1304 2465 1572 2521 contraria
1599 2465 1725 2517 fato.

542 2573 724 2630 Ardeo
752 2571 821 2625 de
844 2565 1116 2641 lymphis;
1146 2561 1336 2618 mediis
1366 2557 1630 2613 incendor
1650 2555 1718 2609 ab
1745 2552 1921 2609 undis.

1186 2654 1274 2709 75.
1306 2651 1470 2708 Silex.

534 2762 762 2833 Semper
783 2759 920 2814 inest
951 2756 1002 2810 in
1029 2768 1136 2820 me,
1168 2749 1262 2805 sed
1288 2763 1412 2803 raro
1440 2745 1678 2801 cernitur
1703 2741 1861 2812 ignis.

538 2856 682 2912 Intus
712 2853 858 2908 enim
887 2851 1079 2912 latitat,
1109 2846 1204 2900 sed
1229 2842 1376 2897 solos
1406 2841 1584 2908 prodit
1613 2841 1678 2891 ad
1709 2838 1884 2900 ictus;

535 2949 644 3005 Nec
672 2946 854 3018 lignis,
884 2953 943 2998 ut
966 2943 1132 3007 vivat,
1158 2947 1300 3008 eget,
1325 2951 1444 3001 nec,
1475 2947 1531 2990 ut
1561 2932 1790 2999 occidat,
1827 2930 2004 2985 undis.

1190 3032 1278 3087 76.
1324 3030 1492 3085 Roma.

492 3189 496 3193 .
537 3135 799 3205 Quattuor
828 3127 1062 3199 aequales
1091 3133 1316 3180 currunt
1343 3139 1410 3177 ex
1441 3129 1556 3175 arte
1587 3133 1824 3182 sorores,

534 3229 624 3285 Sic
645 3226 796 3296 quasi
821 3230 1112 3286 certantes,
1144 3233 1265 3272 cum
1289 3217 1359 3270 sit
1385 3215 1538 3270 Iahor
1561 3213 1811 3267 omnibus
1842 3223 2003 3273 unus,

536 3319 607 3376 Et
630 3331 799 3388 prOpe
826 3323 951 3369 sunt
977 3311 1200 3382 pariter,
1232 3324 1333 3364 nec
1364 3323 1425 3362 se
1456 3306 1770 3375 contingere
1805 3308 2046 3373 possunt.

1185 3402 1272 3455 77.
1299 3399 1488 3456 Scalw.

454 3515 458 3522 ‘
535 3504 646 3561 Nos
674 3519 885 3570 sumus,
915 3500 982 3556 ad
1008 3501 1205 3556 caelum
1236 3514 1355 3569 qua:
1386 3495 1662 3551 tendimus
1693 3493 1798 3548 alta
1826 3499 2095 3563 petentes,

536 3595 805 3654 Concordi
835 3594 1033 3653 fabrica
1063 3608 1198 3664 quas
1230 3606 1367 3646 unus
1388 3587 1637 3644 continet
1668 3584 1824 3650 ordo,

541 3689 610 3748 Ut
631 3687 792 3745 simul
819 3687 1088 3742 luerentes
1117 3700 1213 3755 per
1239 3697 1338 3736 nos
1364 3678 1652 3735 scandatur
1677 3677 1744 3732 ad
1773 3691 1952 3731 auras.

767 3840 777 3845 -
1170 3786 1257 3840 78.
1302 3787 1493 3854 Scapa.

539 3885 722 3944 Mundi
751 3897 941 3954 magna
964 3895 1176 3953 parens,
1209 3879 1401 3947 laqueo
1431 3889 1673 3931 connexa
1699 3871 1893 3937 tenaci,

541 3979 733 4036 Juncta
756 3977 872 4031 solo
900 3975 1060 4045 plano
1085 3970 1327 4026 manibus
1356 3982 1672 4038 comprensa
1702 3965 1930 4031 duabus,

547 4075 724 4128 Ducor
739 4068 938 4140 ubique
953 4080 1204 4137 sequens,
1222 4071 1374 4117 etme
1387 4075 1602 4131 quoque
1614 4069 1805 4114 cuncta
1819 4066 2134 4128 sequuntur.

1068 4156 1156 4210 79.
1189 4152 1632 4208 Tintinnabulam.

547 4259 677 4316 (Ere
702 4258 884 4328 rigens
909 4267 1077 4310 curvo
1106 4250 1344 4321 patulum
1374 4260 1673 4317 compnnor
1701 4245 1754 4299 in
1786 4243 1994 4300 orbem.

549 4352 760 4409 Mobilis
785 4358 872 4407 est
900 4349 1046 4404 intus
1075 4344 1267 4416 lingua:
1291 4340 1604 4411 crepitantis
1632 4340 1809 4408 imago
1829 4337 1863 4409 ;|

547 4445 663 4501 Non
691 4451 911 4499 resonat
936 4440 1164 4512 positus,
1194 4447 1373 4492 motus
1402 4449 1618 4505 quoque
1647 4447 1790 4502 saepe
1820 4429 2065 4486 resultat.

980 4559 1014 4600 ε,
1050 4532 1139 4587 80.
1193 4529 1436 4584 Conditus
1475 4538 1642 4599 potus.

551 4627 687 4683 Tres
715 4625 842 4680 olim
870 4622 1090 4687 fuimus,
1121 4620 1210 4691 qui
1243 4620 1462 4674 nomine
1483 4617 1756 4688 jungimur
1783 4633 1912 4672 uno.

551 4720 628 4774 Ex
663 4718 832 4772 tribus
861 4723 945 4770 est
974 4728 1131 4779 unus,
1164 4721 1219 4766 et
1246 4721 1355 4768 tres
1384 4711 1677 4765 miscentur
1705 4711 1756 4764 in
1787 4724 1929 4773 uno;

554 4809 791 4880 Quisque
815 4807 989 4861 bonus
1017 4819 1111 4873 per
1139 4818 1198 4858 se
1229 4821 1244 4858 :
1274 4801 1482 4864 melior.
1515 4801 1606 4873 qui
1629 4801 1869 4857 continet
1893 4815 2102 4857 omnes.

839 4897 929 4953 81.
991 4895 1174 4952 Vinum
1208 4911 1503 4950 conversum
1543 4897 1597 4948 in
1627 4904 1856 4948 .acetum.
1953 4897 1961 4900 ’

556 4995 837 5051 Sublatum
859 4989 990 5047 nihil
1019 4999 1123 5056 est,
1156 4987 1286 5044 nihil
1309 4997 1392 5043 est
1412 4988 1750 5043 extrinsecus
1774 4997 2025 5050 auctum;

551 5086 663 5143 Nec
693 5095 871 5141 tamen
897 5082 1129 5148 invenio,
1154 5079 1411 5151 quidquid
1441 5079 1586 5149 prius
1611 5081 1724 5148 ipse
1752 5077 1964 5148 reliqui.

554 5180 706 5250 Quod
737 5177 935 5245 fuerat,
966 5191 1072 5232 non
1099 5183 1180 5230 cst
1208 5173 1430 5242 :coepit.
1459 5173 1622 5243 quod,
1658 5188 1763 5226 non
1800 5182 1938 5236 erat,
1967 5183 2108 5226 esse.

1165 5268 1271 5335 .82.
1306 5264 1525 5320 Malunt.

558 5365 763 5422 Nomen
791 5364 994 5419 habens
1019 5377 1276 5432 grascum,
1307 5359 1582 5416 contentio
1611 5374 1800 5430 magna
1829 5357 2082 5426 dearum,

560 5458 726 5515 Fraus
751 5457 964 5528 juvenis
990 5453 1224 5525 pulchri,
1249 5454 1534 5508 multarum
1559 5468 1684 5508 cura
1715 5433 1989 5518 sororum,

560 5550 842 5610 Excidium
871 5547 1071 5617 Trojae,
1098 5545 1224 5601 dum
1258 5546 1394 5602 bella
1425 5553 1646 5600 cruenta
1678 5544 1881 5616 peregi.

1187 5639 1276 5696 83.
1331 5637 1524 5693 Perna.

563 5742 750 5803 Nobile
778 5741 918 5800 duco
938 5755 1108 5814 genus
1137 5739 1314 5814 magni
1341 5739 1407 5797 de
1435 5747 1596 5810 gente
1620 5735 1858 5796 Catonis.

1961 204 2364 268 .‘ENIGMATA.

2135 327 2184 390 Α
2217 326 2329 383 Una
2364 327 2494 384 mihi
2532 344 2690 387 soror
2720 344 2824 400 est,
2856 333 3038 404 plures
3061 335 3186 392 licet
3215 352 3336 393 esse
3369 348 3641 407 putentur.

3716 223 3825 284 296

2215 422 2292 480 De
2324 423 2469 480 fumo
2495 421 2682 495 facies,
2706 427 2968 498 sapientia
2999 430 3068 485 de
3091 446 3239 487 mare
3261 440 3384 487 nata
3415 441 3521 489 est.

2198 519 2202 524 ’
2827 522 2918 577 84.
2960 521 3015 576 Μ
3021 523 3201 578 aliens.

2215 611 2332 669 Non
2361 628 2460 684 ego
2483 613 2551 670 de
2580 623 2692 670 toto
2718 615 2850 670 mihi
2878 631 3107 688 corpore
3134 618 3346 674 vindico
3371 620 3536 688 vires,

2218 706 2324 761 Sed
2355 707 2548 777 capitis
2578 722 2753 780 pugna
2776 708 2906 764 nulli
2947 719 3155 765 certare
3182 726 3392 767 recuso.

2217 799 2434 856 Grande
2461 801 2590 856 mihi
2613 811 2773 873 caput
2792 813 2910 859 est:
2942 814 3108 858 totum
3136 821 3350 877 quoque
3372 805 3581 878 pondus
3604 807 3656 863 in
3685 806 3827 880 ipso.

2823 895 2916 951 85.
2964 896 3096 952 Piin
3102 896 3221 952 llus.

2218 981 2452 1040 Contero
2476 995 2668 1041 cuncta
2700 989 2862 1042 simul
2892 989 3102 1044 virtutis
3131 989 3327 1045 robore
3353 1005 3570 1062 magno.

2221 1073 2336 1132 Una
2367 1076 2495 1130 mihi
2527 1071 2728 1142 cervix,
2749 1080 2982 1148 capitum
3006 1081 3099 1135 sed
3123 1080 3292 1135 forma
3315 1081 3566 1137 duorum.

2226 1166 2327 1222 Pro
2356 1167 2581 1237 pedibus
2611 1180 2772 1241 caput
2795 1180 2906 1226 est:
2947 1187 3071 1226 nam
3111 1183 3304 1229 caetera
3337 1175 3580 1245 corporis
3609 1176 3832 1232 absunt.

2833 1265 2921 1320 86.
2968 1265 3218 1337 Strigilis.

2222 1351 2428 1420 Rubea,
2459 1369 2646 1421 curva,
2673 1370 2860 1425 capax,
2893 1357 3082 1412 alienis
3113 1357 3326 1413 humida
3355 1359 3538 1430 guttis,

2225 1444 2539 1502 Luminibus
2566 1446 2717 1503 falsis
2743 1449 2857 1504 auri
2890 1451 3109 1505 mentita
3137 1451 3395 1517 colorem,

2229 1538 2412 1594 Dedita
2440 1538 2646 1608 sudori,
2677 1539 2887 1595 modico
2911 1543 3202 1597 succumbo
3225 1541 3418 1597 labori.

2821 1633 2911 1688 87.
2958 1632 3229 1688 Balneum.

2145 1719 2195 1780 B
2224 1721 2326 1776 Per
2349 1732 2486 1778 totas
2509 1723 2654 1779 mdes
2681 1725 2931 1780 innoxius
2954 1727 3141 1782 introit
3170 1727 3339 1797 ignis:

2226 1814 2322 1869 Est
2349 1815 2498 1870 calor
2520 1817 2573 1871 in
2597 1817 2773 1872 medio
2795 1834 3017 1888 magnus
3045 1834 3209 1887 quem
3242 1834 3402 1874 nemo
3422 1828 3656 1876 veretur.

2226 1905 2343 1962 Non
2365 1916 2448 1963 est
2470 1908 2612 1964 nuda
2637 1907 2852 1975 domus,
2885 1911 2981 1966 sed
3013 1911 3187 1967 nudus
3207 1913 3458 1968 convenit
3481 1912 3703 1985 hospes,

2848 2005 2937 2060 88.
2986 2005 3215 2061 Tessera.

2231 2094 2417 2150 Dedita
2447 2111 2563 2151 sum
2589 2111 2805 2169 semper
2833 2110 2980 2168 voto,
3005 2116 3111 2154 non
3142 2112 3291 2156 certa
3322 2101 3518 2158 futuri:

2228 2188 2413 2244 Jactor
2441 2189 2495 2244 in
2523 2190 2784 2259 ancipites
2813 2192 2956 2246 varia
2983 2193 3243 2264 vertigine
3263 2209 3440 2260 casus,

2229 2282 2384 2338 Nunc
2411 2298 2512 2355 ego
2542 2292 2733 2340 moesta
2765 2285 2942 2354 malis,
2970 2303 3111 2342 nunc
3138 2289 3298 2344 rebus
3325 2288 3446 2344 laeta
3468 2288 3750 2345 secundis.

2846 2378 2935 2434 89.
2981 2378 3230 2436 Pecunia.

2231 2465 2402 2524 Terra
2426 2469 2496 2524 fui
2523 2469 2698 2540 primo
2727 2471 2946 2526 latebris
2971 2471 3285 2528 abscondita
3319 2482 3504 2529 terrm:

2231 2563 2383 2618 Nunc
2411 2565 2553 2619 aliud
2583 2567 2810 2634 pretium
2837 2564 3067 2620 ﬂammae
3099 2582 3402 2639 nomenque
3423 2567 3712 2623 dederunt.

2233 2655 2342 2712 Nec
2367 2659 2477 2728 jam
2503 2667 2641 2712 terra
2670 2675 2851 2723 vocor,
2879 2660 3002 2714 licet
3031 2676 3095 2715 ex
3121 2676 3206 2716 me
3229 2669 3368 2716 terra
3399 2672 3635 2732 paretur.

2619 2749 2706 2804 90.
2756 2750 2946 2804 Mulier
2973 2753 3202 2822 geminos
3231 2754 3452 2822 pariens.

2235 2840 2365 2895 Plus
2395 2856 2494 2910 ego
2519 2841 2746 2895 sustinui
2784 2859 2944 2910 quam
2977 2859 3173 2914 corpus
3199 2843 3385 2899 debuit
3415 2860 3599 2899 unum.

2234 2932 2370 2991 Tres
2399 2937 2604 2990 animas
2629 2936 2808 3001 habui,
2833 2953 2965 3008 quas
2985 2953 3174 2993 omnes
3201 2938 3344 2993 intus
3367 2938 3662 2994 habebam:

2240 3027 2548 3084 Discessere
2577 3028 2719 3094 duae,
2753 3029 2848 3084 scd
2875 3029 3032 3084 tertia
3066 3045 3212 3101 pene
3241 3040 3425 3086 secuta
3457 3041 3558 3087 est.

2733 3119 2822 3175 91.
2845 3120 2995 3176 Miles
3016 3123 3342 3193 podagricus.

2239 3214 2574 3284 Bellipotens
2600 3213 2754 3278 olim,
2780 3213 2942 3268 saevis
2973 3213 3295 3268 metuendus
3319 3214 3371 3268 in
3400 3213 3568 3269 armis

2237 3307 2484 3376 Quinque
2507 3305 2669 3375 pedes
2695 3305 2875 3371 habui,
2902 3320 3037 3375 quos
3066 3321 3297 3374 unquam
3324 3321 3482 3359 nemo
3503 3306 3757 3376 negavit;

2237 3399 2392 3456 Nunc
2422 3399 2551 3455 tnihi
2575 3399 2661 3454 vix
2691 3398 2799 3453 duo
2821 3411 2977 3452 sunt:
3013 3400 3224 3470 inopem
3249 3415 3334 3454 me
3367 3400 3521 3469 copia
3554 3400 3702 3455 fecit.

2632 3489 2724 3545 92.
2768 3489 2968 3544 Luscus
2997 3490 3179 3543 allium
3207 3490 3446 3545 vendens.

2239 3581 2474 3639 Cernere
2490 3582 2599 3653 jam
2621 3581 2701 3639 las
2730 3591 2832 3649 est,
2867 3581 3008 3651 quod
3033 3583 3118 3636 vix
3153 3581 3242 3637 tibi
3275 3582 3498 3638 credere
3522 3581 3604 3637 fas
3635 3592 3745 3637 est.

2241 3673 2390 3729 Unus
2407 3677 2544 3729 inest
2569 3674 2775 3740 oculus,
2807 3675 3039 3745 capitum
3062 3675 3155 3728 sed
3179 3674 3342 3728 millia
3374 3675 3560 3729 multa.

2241 3765 2343 3834 Qui
2361 3766 2502 3836 quod
2523 3765 2685 3822 habet
2703 3765 2906 3833 vendit,
2931 3767 3070 3836 quod
3095 3783 3200 3820 nun
3227 3766 3408 3834 habet,
3441 3767 3582 3822 unde
3605 3766 3864 3838 parabit?

2787 3873 2876 3928 95.
2921 3872 3296 3928 Funambulus.

2242 3965 2387 4022 Inter
2407 3966 2686 4022 luciferum
2717 3968 2913 4022 caelum
2940 3976 3213 4038 terrasque
3233 3969 3476 4038 jacentes

2243 4067 2380 4119 Aera
2413 4077 2509 4132 per
2536 4063 2768 4118 medium
2798 4063 2957 4118 docta
2987 4072 3127 4117 meat
3157 4072 3273 4118 arte
3301 4064 3506 4118 viator:

2244 4156 2452 4212 Semita
2475 4155 2569 4210 sed
2594 4155 2773 4211 brevis
2793 4165 2896 4222 est,
2931 4154 3153 4225 pedibus
3188 4171 3285 4212 nec
3309 4157 3509 4212 suflicit
3541 4156 3693 4226 ipsis.

2870 4249 2961 4304 94.
3009 4248 3220 4305 Umbra.

2244 4347 2470 4404 Insidias
2501 4347 2671 4401 nullas
2703 4362 2893 4402 vereor
2915 4345 2982 4400 de
3015 4346 3200 4401 fraude
3232 4346 3440 4410 latenti,

2248 4444 2381 4499 Nam
2415 4445 2554 4498 Deus
2583 4443 2827 4497 attribuit
2857 4441 3011 4496 nobis
3033 4442 3148 4496 ha-c
3173 4455 3395 4495 munera
3418 4438 3628 4502 formae,

2252 4536 2323 4594 Ut
2343 4551 2503 4593 nemo
2532 4545 2766 4601 moveat,
2796 4535 2898 4590 nisi
2922 4535 3010 4603 qui
3045 4534 3192 4604 prius
3217 4535 3331 4606 ipse
3359 4542 3626 4588 movetur.

2893 4627 2983 4681 95.
3029 4624 3193 4680 Eclio.

2253 4722 2411 4793 Virgo
2443 4721 2683 4778 modesta
2709 4719 2868 4776 nimis
2898 4719 3069 4790 legem
3100 4719 3234 4774 bene
3257 4733 3419 4774 servo
3442 4717 3680 4786 pudoris.

2247 4817 2354 4871 Ore
2383 4833 2579 4887 procax
2605 4832 2708 4870 non
2737 4832 2878 4877 sum,
2914 4830 3012 4870 nec
3032 4829 3150 4869 sum
3175 4813 3458 4868 temeraria
3491 4813 3668 4882 lingua
3698 4824 3714 4877 ;

2249 4906 2402 4963 Ultro
2432 4907 2557 4962 nolo
2581 4908 2746 4978 loqui,
2777 4905 2871 4961 sed
2893 4905 2964 4961 do
2995 4919 3254 4971 reSpousa
3281 4903 3540 4976 loquenti.

2157 3106 2205 3170 C

2860 5016 2949 5072 96.
3001 5016 3247 5074 Somnus.

2253 5131 2456 5201 Sponte
2486 5139 2604 5186 mea
2629 5129 2850 5184 veniens
2872 5131 3047 5184 varias
3069 5129 3296 5186 ostendo
3329 5129 3547 5199 ﬁguras.

2254 5223 2423 5295 Fingo
2455 5234 2629 5278 metus
2659 5238 2825 5277 vanos
2848 5223 2994 5278 nullo
3019 5222 3330 5277 discrimine
3359 5235 3511 5275 vero.

2253 5315 2358 5372 Sed
2391 5331 2475 5371 me
2499 5329 2656 5370 nemo
2685 5314 2850 5381 videt,
2877 5313 2977 5368 nisi
3004 5315 3093 5384 qui
3114 5328 3208 5369 sua
3233 5314 3430 5368 lumina
3453 5311 3678 5368 claudit.

2775 5427 2863 5482 97.
2923 5427 3332 5481 Monumentum.

2259 5544 2462 5602 Nomen
2495 5543 2698 5598 habens
2724 5543 2956 5598 hominis
2984 5551 3098 5612 post
3133 5543 3314 5597 ultima
3350 5540 3452 5595 fata
3481 5540 3760 5596 remansi:

2258 5639 2461 5694 Nomen
2485 5639 2643 5694 inane
2673 5645 2872 5702 manet,
2897 5635 2990 5691 sed
3024 5635 3194 5691 dulcis
3225 5635 3330 5688 vita
3360 5632 3614 5709 profugit.

2260 5731 2379 5791 Vita
2411 5741 2588 5788 tamen
2619 5740 2867 5803 superest
2895 5728 3051 5787 morti
3079 5738 3197 5802 post
3231 5736 3472 5802 tempora
3496 5727 3642 5784 vine.
