4058 6188
292 258 382 318 997

860 371 949 430 98.
996 375 1217 433 Ancora.

283 469 438 525 Mucro
461 467 584 523 tnibi
606 466 849 536 geminus
872 469 1020 525 ferro
1048 472 1390 545 coniungitur
1410 490 1569 531 unco.

280 559 392 615 Cum
418 568 566 614 vento
584 560 770 626 luctor,
795 574 917 615 cum
939 563 1148 633 gurgite
1178 579 1355 636 pugno
1377 566 1675 637 profundo;

279 650 469 706 Scrutor
487 663 643 722 aquas
671 650 876 708 medias
896 695 910 717 ,
936 653 1081 724 ipsas
1108 671 1327 728 quoque
1353 657 1578 713 mordeo
1609 668 1797 714 terras.

879 744 969 800 99.
1006 744 1233 818 Lagona.

279 835 418 892 later
433 844 542 892 erat
569 836 746 907 tellus,
779 838 994 910 genitor
1020 838 1120 896 fuit
1141 840 1256 912 ipse
1276 840 1657 909 Prometheus,

918 252 1162 319 STEPII.
1190 261 1449 322 ‘BALUZ.
1491 263 1650 322 ΝΟΤ.
1690 261 1756 319 ΙΝ
1799 260 1926 318 LIB.
1973 258 2059 316 DE
2098 258 2445 317 MORTIBUS
2485 257 2867 316 PERSECUT.

3447 260 3554 315 298

1871 388 1925 449 Α
1953 376 2329 447 Αιιτὶςυιωῳιθ
2359 385 2554 447 regunt
2576 375 2840 430 redimitae
2862 381 3051 429 ventre
3080 381 3287 430 cavato.

1947 470 2083 526 Dum
2108 470 2275 527 cecidi
2301 469 2510 537 infelix,
2538 478 2712 524 mater
2735 482 2853 522 mea
2883 483 2969 524 me
2997 466 3196 523 divisit.

2683 561 2806 619 100.

1929 653 2094 712 ,Νυηε
2114 655 2243 711 mibi
2268 655 2378 727 jam
2410 654 2622 723 credas,
2650 654 2765 710 ﬁeri
2792 653 2933 724 quod
2966 667 3123 724 posse
3148 660 3392 723 negatur.

1941 750 2076 807 Octo
2098 759 2249 807 tenes
2275 749 2545 816 manibus,
2565 749 2659 804 sed
2684 762 2771 804 me
2798 754 3134 803 monstrante
3160 746 3439 817 magistro,

1939 842 2176 900 Sublatis
2205 852 2415 914 septem
2446 842 2638 912 reliqui
2671 840 2764 896 tibi
2788 853 2881 896 sex
2907 836 3370 909 remanebuut(‘).

1589 981 1951 1042 VARIORUM
1984 984 2225 1042 'NO'I‘IE.

336 1099 827 1194 ('illultis'verbis
879 1120 948 1178 de
1004 1121 1109 1177 hoc
1160 1120 1445 1193 aenigmate
1492 1123 1829 1194 explanando

277 1192 382 1249 dixit
412 1192 769 1257 lleumannus,
812 1194 903 1264 qui
949 1193 1124 1248 varias
1164 1210 1213 1247 v.
1266 1192 1321 1248 tl.
1362 1192 1832 1264 interpretationes

276 1265 433 1318 attulit.
466 1264 777 1336 Alleynazius
802 1264 873 1318 ita
903 1265 1133 1333 explicat
1158 1284 1172 1319 :
1219 1284 1238 1317 ι
1263 1264 1485 1336 Veteres
1515 1281 1611 1336 per
1637 1266 1834 1336 digitos
1935 1281 2102 1322 nerus

1934 1125 2078 1179 tione
2107 1123 2340 1180 Perionii
2373 1138 2547 1193 neque
2587 1124 2709 1187 boc,
2754 1136 2928 1193 neque
2952 1121 3094 1193 illud
3137 1120 3555 1193 aanigmajnve-

1935 1197 2101 1262 nitur,
2134 1196 2352 1262 quodin
2390 1191 2478 1250 ed.
2522 1194 2772 1250 Lemairii
2814 1191 2868 1248 n‘.
2904 1192 3010 1249 100
3048 1193 3260 1261 legitur,
3294 1199 3352 1245 ut
3382 1191 3557 1246 Reus-

2197 1282 2260 1323 oc
2305 1283 2371 1322 ex
2416 1268 2505 1322 illa
2555 1266 2643 1322 ed.
2700 1264 3105 1334 transcripsisse
3142 1263 3276 1318 falso
3317 1262 3548 1318 dicatur.

276 1334 587 1391 numerabant
606 1355 633 1409 _:
690 1349 785 1390 sex
849 1336 1222 1409 signiﬁcabant
1288 1334 1538 1409 omnibus
1602 1334 1837 1393 sinistra:
1939 1338 2325 1409 Euigmaboc
2351 1346 2469 1393 est:

275 1416 438 1474 prmter
462 1406 794 1478 annularem,
840 1422 934 1478 seu
961 1408 1182 1461 minimo
1216 1407 1516 1477 proximum
1548 1409 1832 1478 expansis:

272 1487 441 1546 septem
462 1478 579 1530 solo
600 1476 823 1531 minimo
846 1476 1134 1547 depresso;
1162 1476 1284 1533 oeto
1313 1478 1571 1547 depresso
1590 1476 1836 1535 annulari

270 1561 310 1601 et
329 1549 544 1621 mimum,
574 1563 669 1601 seu
692 1550 995 1621 auriculari.
1022 1548 1081 1621 Si
1099 1564 1230 1619 ergo
1248 1549 1604 1621 auricularem
1624 1559 1831 1621 septem

270 1618 619 1691 exprimentem
650 1618 944 1687 erigebant,
991 1618 1208 1674 relictus
1236 1628 1320 1674 est
1345 1620 1615 1677 annularis
1635 1618 1833 1691 digitus

270 1688 534 1759 depressus,
572 1704 701 1761 ergo
726 1704 980 1745 numerus
1004 1691 1269 1747 senarius.
1311 1710 1330 1744 ι
1363 1691 1611 1747 Ceterum
1642 1688 1831 1748 in'edi-

2625 1447 2856 1501 Cuculus.

2030 1534 2239 1599 Frigore
2260 1536 2531 1598 digredior,
2557 1534 2808 1585 redeunte
2831 1531 2996 1583 calore
3020 1536 3268 1581 revertor.

2030 1619 2226 1670 Desere
2248 1620 2377 1683 quod
2397 1621 2599 1683 peperi;
2625 1618 2719 1667 hoc
2737 1626 2905 1668 tamen
2926 1614 3106 1666 educat
3129 1615 3284 1665 altera
3304 1622 3479 1665 mater.

2029 1703 2153 1763 Quid
2172 1705 2259 1755 tibi
2284 1706 2360 1755 vis
2379 1702 2509 1753 aliud
2533 1701 2728 1752 dicam?
2753 1713 2834 1751 me
2859 1714 2951 1750 vox
2976 1712 3086 1750 mea
3106 1701 3285 1763 prodit.

356 2030 361 2034 ’
442 2057 1334 2189 STEPHANI
1432 2060 2158 2191 BALUZII
2252 2066 3299 2195 TUTE‘LENSIS

1420 2536 1425 2540 δ
1528 2333 2267 2494 NOTAE

686 2624 802 2698 1N
860 2580 1299 2701 LIBRUM
1361 2624 1507 2699 DE
1565 2622 2117 2698 MORTIBUS
2174 2622 3118 2700 PERSECUTORUM.

1261 2877 2513 2924 ψ’·

331 3097 463 3175 Inter
481 3098 692 3155 multos
719 3113 784 3175 a_c_
808 3098 988 3156 varios
1016 3100 1236 3158 codices
1262 3102 1683 3175 manuscriptos,
1714 3118 1852 3175 quos
1881 3110 1930 3169 Β
1959 3103 2110 3160 heret
2143 3104 2195 3160 in
2223 3105 2405 3162 medio
2425 3104 2779 3175 atrocissimas
2801 3101 3232 3175 persecutionis?
3259 3101 3401 3175 Sane
3423 3101 3559 3159 Lac-

274 3170 650 3227 virlitterarum
672 3185 735 3227 ac
751 3171 1110 3228 litteratorum
1123 3170 1616 3240 amantissimus,'et
1634 3175 1687 3229 in
1706 3170 1852 3232 omni

270 3255 445 3316 genere
469 3242 651 3316 laudis
677 3243 1164 3316 excellentissimus
1185 3284 1198 3310 ,
1221 3244 1449 3300 Joannes
1474 3244 1711 3316 Baptista
1737 3245 1857 3303 Col-

274 3314 442 3382 bertas,
474 3317 529 3368 in
564 3312 833 3385 publicam
858 3313 1158 3371 studiorum
1182 3316 1463 3371 utilitatem
1494 3312 1566 3372 ex
1582 3318 1726 3372 omni
1751 3319 1858 3374 Ευ-

277 3398 407 3453 ropa,
464 3384 621 3452 Asia,
674 3384 858 3442 Africa
903 3387 1257 3457 comparavit,
1304 3396 1550 3457 repertus
1588 3398 1670 3442 est
1720 3405 1858 3448 unus

274 3469 389 3529 auro
402 3466 603 3529 contra
629 3457 1000 3529 estimandus,
1018 3460 1078 3529 iu
1103 3473 1211 3529 quo
1230 3460 1539 3513 continetur
1560 3459 1711 3515 Lucii
1736 3460 1857 3517 Ca:-

276 3527 367 3582 cilii
402 3526 664 3599 Firmiani
687 3528 951 3584 Lactantii
976 3526 1201 3585 liber'de
1225 3530 1621 3599 persecutione,
1653 3533 1767 3587 sive
1789 3534 1857 3590 de

277 3598 521 3670 mortibus
551 3608 981 3670 perseeutorum,
1013 3614 1119 3670 quo
1150 3598 1411 3655 baeteuus
1459 3613 1709 3658 caruerat
1752 3605 1856 3660 Ec-

275 3668 438 3743 clesia.
465 3668 586 3743 Non
608 3669 745 3743 iacit
774 3671 862 3743 ille
882 3668 1293 3743 quodiplerique
1335 3672 1544 3743 solent;
1575 3672 1667 3742 qui
1691 3674 1736 3729 si
1764 3691 1859 3732 ve-

278 3740 387 3814 teris
408 3740 712 3814 cuiuspiam
758 3740 1532 3814 scriptoris'opus',iueditum,
1566 3740 1855 3814 quantum-

277 3810 344 3864 vis
371 3811 484 3866 leve
526 3810 601 3866 sit
630 3827 695 3867 ac
726 3810 907 3879 tenue,
940 3813 1079 3867 nacti
1106 3810 1325 3878 fuerint,
1355 3810 1645 3884 diligenter
1676 3818 1858 3873 occul-

276 3889 397 3957 tant,
421 3894 696 3957 tamquam
728 3884 780 3937 in
811 3884 1048 3957 tenebris
1076 3885 1246 3957 magis
1271 3884 1505 3951 eluceat,
1537 3896 1594 3941 ut
1634 3888 1854 3957 gloriari

278 3956 465 4018 possint
477 3969 541 4009 se
558 3953 707 4009 solos
725 3954 1024 4024 possidere,
1040 3953 1186 4025 quod
1198 3970 1387 4011 omnes
1404 3956 1602 4012 habere
1619 3953 1819 4014 vellent
1837 3975 1853 4026 ;

275 4034 563 4095 darentque
584 4040 952 4096 summopere,
986 4041 1054 4081 ne
1084 4027 1136 4080 in
1168 4039 1359 4081 manus
1395 4027 1622 4083 aliorum
1672 4031 1857 4087 venire

280 4098 450 4167 possit.
484 4096 792 4151 Liberalior‘
815 4097 1186 4167 excelsiorque
1229 4107 1317 4154 est
1352 4099 1566 4154 animus
1609 4100 1855 4156 illustris-

280 4165 389 4218 simi
416 4167 728 4241 viri,rquam
756 4178 816 4221 ut
845 4166 976 4241 falsa
1007 4165 1298 4241 illa-gloria
1328 4171 1497 4241 teneri
1526 4172 1715 4241 possit.
1748 4171 1855 4228 lta-

277 4251 372 4303 que
389 4252 510 4292 cum
554 4238 907 4294 intellexisset
956 4238 1097 4293 hunc
1130 4239 1391 4294 Lactantii
1436 4238 1628 4295 librum
1668 4251 1857 4299 extare

281 4304 406 4381 inter
425 4310 679 4380 antiquos
698 4309 916 4381 codices
933 4310 1326 4381 manuscriptos
1353 4309 1692 4367 bibliothecae
1720 4328 1853 4381 suae,

279 4378 502 4452 satisque
527 4378 864 4452 compertum
908 4380 1128 4452 haberet
1158 4378 1418 4452 quantum
1446 4382 1570 4437 hinc
1612 4378 1857 4440 utilitatis

279 4450 552 4523 accederet
576 4451 853 4523 Ecclesiae,
903 4451 948 4507 si
996 4450 1318 4523 vulgaretur,
1368 4468 1673 4523 quanquam
1698 4466 1853 4511 antea

283 4518 585 4594 frequenter
604 4518 957 4579 mandaverat
980 4533 1059 4591 ut,
1081 4518 1126 4578 s'i
1156 4524 1284 4594 quid
1304 4518 1559 4579 iiieditum
1584 4525 1858 4582 videretur

282 4591 343 4665 in,
380 4593 584 4649 eisdem
635 4595 872 4665 antiquis
912 4591 1207 4661 codicibus,
1238 4596 1290 4649 id
1320 4604 1490 4650 totum
1519 4598 1685 4665 prxelo
1711 4613 1861 4654 com-

284 4663 805 4740 mit_teretur,gtamen
831 4680 895 4740 ea
920 4667 1206 4740 occasione
1230 4663 1540 4740 mandatum
1566 4666 1714 4724 dedit
1738 4684 1863 4740 spe-

284 4734 428 4808 eiale,
464 4747 517 4790 et
537 4738 695 4792 solita
724 4737 1089 4806 magnitudine
1106 4737 1269 4792 animi
1297 4739 1669 4808 statimjussit,
1698 4734 1862 4798 utbic

287 4802 540 4861 lactantii
566 4807 705 4863 liber
732 4809 783 4862 in
810 4802 1161 4863 clarissimam
1194 4810 1366 4863 lucem
1389 4802 1658 4865 ederetur.

353 4876 551 4951 Damus
568 4880 731 4951 igitur
756 4880 904 4951 illu_m
921 4893 986 4951 ex
1008 4879 1193 4935 codice
1215 4880 1350 4935 1297
1377 4880 1722 4937 Bibliotheca!
1735 4880 1862 4938 Col-

288 4945 505 5023 bertiuze
533 4945 708 5021 (ιῖιιηε
738 4950 791 5003 in
819 4947 1065 5023 Bibliotlt.
1095 4951 1258 5019 regia,
1287 4951 1450 5017 iri-4°,
1479 4969 1621 5006 num.
1651 4953 1789 5009 ‘26‘27
1820 4954 1861 5023 ),

284 5020 368 5087 qui
394 5020 847 5092 octingentorum,
878 5030 970 5075 aut
995 5022 1229 5086 circiter,
1270 5036 1532 5077 annorum
1557 5040 1678 5079 esse
1720 5020 1867 5080 vide-

289 5100 389 5166 tur,
464 5091 730 5166 integrum
791 5091 1043 5166 quidem,
1118 5093 1210 5148 sed
1278 5094 1346 5166 ab
1379 5095 1650 5166 imperita
1708 5112 1868 5166 manu

287 5162 850 5237 scriptum,'adeoque
881 5163 1120 5234 pluribus
1144 5164 1352 5237 mendis
1371 5162 1649 5237 iniectum.
1695 5164 1872 5237 Atque

289 5248 347 5285 ea
412 5236 631 5305 quidem
698 5234 926 5304 quorum
983 5234 1290 5290 emendatio
1360 5234 1534 5292 facilis
1594 5247 1650 5292 et
1715 5234 1871 5294 obvia

288 5315 401 5358 erat
473 5307 637 5362 libere
700 5324 800 5361 nos
860 5306 1265 5363 emendavimus
1317 5323 1330 5359 :
1390 5307 1485 5361 sed
1551 5323 1613 5364 ea
1676 5309 1873 5364 intacta

292 5375 622 5448 reliquimus,
645 5380 699 5432 in
724 5379 921 5448 quibus
940 5378 1157 5448 audacia
1184 5377 1486 5447 corrigendi
1515 5394 1623 5434 non
1646 5381 1870 5434 vacabat

293 5447 545 5520 periculo.
581 5446 849 5504 Fortassis
874 5449 962 5503 alii
1002 5446 1272 5503 feliciores
1315 5446 1490 5504 erunt.
1523 5451 1870 5520 Compositus

292 5524 345 5568 et
370 5517 644 5575 absolutus
670 5529 756 5574 est
784 5520 925 5591 liber
956 5534 1023 5573 eo
1069 5534 1234 5584 anno,
1276 5536 1384 5589 quo
1439 5533 1559 5591 post
1607 5517 1872 5577 extinctos

294 5600 662 5663 persecutores
713 5590 1084 5663 dulcissimum
1142 5600 1198 5663 et
1252 5591 1671 5663 pulcherrimum
1727 5593 1873 5663 pacis

294 5662 776 5734 nomengauditnin
822 5663 1000 5734 estin
1043 5659 1276 5717 Ecclesia
1303 5659 1526 5734 Christi,
1568 5659 1875 5734 nostrisque

296 5727 598 5808 liontinibus
648 5732 1140 5808 _tranquil_litas_ac_
1169 5733 1439 5808 loquendi
1493 5727 1876 5808 scribendique

294 5800 514 5859 libertas
534 5800 949 5873 restituta.iQuis
969 5804 1114 5859 enim
1130 5800 1406 5861 historiam
1421 5803 1725 5864 istiusmodi
1741 5800 1880 5862 scri-

657 5898 937 5963 i’a'raoc.
984 5894 1122 5957 νη.

1964 3176 2162 3231 tantius
2186 3177 2354 3233 libros
2371 3178 2675 3232 divinarum
2704 3173 3101 3229 Institutionum
3120 3174 3562 3245 scripsitfurente

1961 3249 2360 3317 persecutione,
2416 3248 2470 3303 in
2523 3249 2654 3317 ipsis
2697 3248 2815 3317 eius
2858 3246 3055 3312 initiis,
3090 3254 3147 3299 ut
3175 3260 3237 3300 ex
3267 3248 3441 3315 capite
3469 3261 3562 3302 se-

1960 3320 2225 3374 cundoet
2253 3328 2444 3389 quarto
2467 3320 2589 3374 libri
2620 3318 2789 3388 quinti
2817 3317 3090 3387 colligitur
3119 3318 3259 3389 :rsed
3290 3332 3394 3371 non
3426 3318 3563 3372 emi-

1959 3392 2050 3450 sit,
2088 3388 2376 3460 impeditus
2419 3390 2675 3445 videlicet
2717 3389 2796 3443 rei
2840 3399 2895 3460 et
2924 3388 3558 3460 temporisnecessitate,

1960 3469 2019 3514 ut
2047 3458 2177 3529 ipse
2192 3462 2428 3531 loquitur
2454 3463 2507 3516 in
2540 3461 2803 3531 principio
2834 3459 2956 3514 libri
2985 3459 3053 3513 de
3081 3458 3308 3527 Opiﬁcio
3346 3459 3562 3531 l)ei._At

1959 3528 2080 3586 cum
2113 3532 2235 3586 data
2262 3528 2419 3588 esset
2467 3528 2590 3601 pax,
2640 3531 2924 3599 omnisque
2961 3539 3139 3601 metus
3183 3543 3211 3580 a
3253 3528 3564 3601 pectoribus

1957 3602 2390 3658 Christianorum
2418 3598 2677 3671 depulsus
2703 3598 2968 3655 beneﬁcio
2989 3600 3327 3671 constantini
3354 3599 3427 3671 Μ,
3461 3598 3563 3653 im-

1956 3673 2246 3744 peratoris,
2275 3683 2388 3728 tum
2417 3668 2547 3744 vero
2575 3671 2935 3744 Ecclesiastici
2959 3670 3253 3744 scriptores
3278 3668 3564 3740 indulgen-

1961 3739 2030 3799 iia
2063 3743 2431 3814 benignissimi
2462 3742 2722 3815 principis
2762 3741 2865 3807 usi,
2897 3739 3135 3795 animum
3178 3739 3563 3815 converterunt

1957 3816 2023 3870 ad
2053 3809 2394 3871 scrib'endum
2426 3809 2610 3883 :quod
2641 3809 2797 3868 antea
2846 3827 2953 3866 non
2999 3819 3155 3865 erant
3204 3809 3565 3883 ausi.'ltaque

1959 3895 2072 3941 tum
2102 3885 2415 3942 Lactantius
2463 3882 2766 3941 divinarum
2818 3882 3220 3938 Institutionum
3264 3882 3562 3950 libros,’in

1957 3958 2151 4026 quibus
2174 3958 2289 4013 loca
2321 3957 2564 4028 quaedam
2597 3956 2826 4026 sparsim
2854 3954 3358 4028 reperiuntur,qu:e
3388 3953 3563 4009 mani-

1958 4024 2098 4083 festo
2123 4024 2559 4098 constat'scripta
2587 4024 2709 4083 esse
2734 4034 2853 4095 post
2883 4024 3083 4098 bellum
3111 4024 3359 4098 sedatum
3399 4033 3563 4098 atque

1957 4100 2276 4168 extinctum,
2331 4094 2625 4167 recensuit,
2690 4094 2951 4168 pleraque
3020 4095 3246 4168 addidit,
3298 4094 3562 4168 imprimis

1957 4185 2092 4226 vero
2119 4166 2341 4241 ea,quze
2369 4173 2420 4225 in
2447 4172 2616 4225 initiis
2650 4166 2909 4223 libroruin
2938 4176 2994 4221 et
3035 4167 3087 4220 in
3123 4166 3561 4241 epilogo__di_cun-

1960 4250 2046 4296 tur
2072 4243 2139 4296 ad
2166 4234 2610 4305 Constantinum;
2643 4257 2763 4309 quae
2792 4252 3078 4309 perperam
3127 4234 3370 4290 nonnulli
3413 4234 3561 4305 judi-

1958 4322 2085 4367 cant
2111 4314 2272 4367 notha
2303 4328 2452 4377 esse,
2479 4326 2542 4367 ac
2563 4307 2925 4381 supposiiitia,
2952 4307 3090 4361 adeo
3120 4317 3177 4360 ut
3205 4320 3393 4360 eorum
3422 4320 3560 4431 Ege-

1960 4383 2158 4431 iudicin
2185 4384 2352 4431 fretus
2378 4382 2647 4431 .lnsenhus
2694 4381 2879 4431 lsmus.
2929 4379 3018 4431 aui
3071 4388 3396 4431 nestremam
3504 4391 3560 4431 c-

3504 4391 3565 4433 c.

1954 4383 2158 4461 judicio
2185 4384 2352 4461 [retus
2378 4379 2647 4461 Iosephus
2670 4379 2879 4446 'lsa’us,
2898 4451 2909 4461 θ
2929 4379 3018 4460 qui
3071 4388 3396 4461 postremam

1958 4447 2112 4509 tantii
2142 4454 2434 4510 editionem
2469 4447 2765 4507 Romanam
2805 4447 3020 4517 emisit,
3052 4449 3302 4504 universa
3347 4447 3563 4504 deleve-

1961 4529 2054 4602 rit,
2076 4540 2197 4596 qua:
2230 4526 2431 4602 in_aliis
2458 4524 2782 4580 editionibus
2828 4521 2894 4576 ad
2931 4519 3563 4602 Constantinumscripta

1961 4589 2749 4672 leguntur.‘Et_tamen_puto
2801 4605 3116 4672 non_posse
3166 4606 3295 4672 vere
3318 4589 3565 4672 dubitari

1961 4661 2092 4739 quin
2122 4683 2185 4723 ea
2217 4669 2326 4723 sint
2355 4661 2791 4739 Lactantiif,cum
2814 4674 2869 4720 et
2892 4661 3134 4735 ejusdem
3156 4661 3408 4739 siut_sty|i
3436 4675 3563 4716 cum

1964 4733 2442 4815 caeterisejusdem
2473 4738 2755 4815 operibus,
2783 4745 2839 4815 et
2879 4733 3105 4815 phrases
3131 4733 3400 4815 quitedam,
3429 4747 3562 4815 quas

1968 4812 2082 4868 illic
2111 4806 2395 4878 habentur,
2427 4806 2633 4868 ezedem
2657 4812 2766 4864 sint
2784 4810 2836 4864 in
2861 4806 3027 4862 variis
3048 4806 3364 4878 locis‘istius
3387 4806 3562 4878 bis_to_-

1968 4883 2086 4949 rite,
2137 4893 2192 4939 et
2246 4874 2570 4954 reliquarum
2620 4880 2881 4954 Lactantii
2944 4874 3396 4954 lucubrationum.
3451 4874 3559 4954 Sed

1972 4945 2113 5008 baud
2138 4955 2299 5009 dubie
2326 4945 2448 5009 dure
2475 4953 2768 5023 antiquitus
2813 4948 3295 5023 fuere‘divi-uarum
3347 4945 3562 5023 Institu-

1973 5026 2178 5079 tionum
2204 5025 2490 5090 editiones,
2520 5016 2621 5079 una
2654 5026 2820 5077 ferme
2865 5020 3042 5090 statim
3092 5027 3212 5088 post
3249 5019 3426 5070 datam
3458 5016 3562 5090 Ec-

1974 5096 2154 5169 clesiae
2181 5112 2365 5169 pacem
2394 5087 2626 5169 emissa,
2645 5109 2768 5169 eum
2800 5087 3313 5169 adlt_t_tc_L:tCIatititts
3338 5096 3485 5169 esset
3505 5087 3563 5141 in

1976 5158 2247 5239 Bithynia,
2271 5167 2438 5240 altera
2465 5158 2809 5240 postbellum
2854 5160 3138 5240 Cibaleuse
3160 5169 3213 5212 et
3232 5158 3565 5240 ‘blardiense,’

1978 5230 2121 5293 eum'
2139 5230 2374 5294 venisset
2401 5238 2453 5292 in
2465 5230 2673 5293 Callias
2701 5244 2917 5304 propter
2936 5233 3186 5302 Crispqu
3228 5230 3569 5304 Constantini

1980 5311 2167 5363 illium.
2192 5311 2289 5375 Qui
2319 5324 2447 5378 ergo
2472 5308 2652 5377 priore
2679 5302 2914 5378 editione
2934 5305 3033 5378 usi
3049 5306 3192 5365 sunt,
3226 5316 3288 5378 ea
3329 5302 3572 5378 proiecto

1981 5394 2086 5434 non
2138 5371 2441 5454 habuerunt
2474 5371 2608 5454 'quze
2649 5387 2836 5448 postea
2884 5375 2951 5431 de
2995 5373 3353 5454 Constantino
3390 5371 3573 5454 addita

1979 5460 2134 5516 sunt;
2168 5460 2327 5521 atque
2363 5445 2722 5504 adeo-mirum
2767 5464 2871 5521 non
2928 5456 3013 5503 est
3051 5461 3124 5521 _ea
3167 5445 3462 5521 desiderari
3518 5445 3572 5494 in

1980 5514 2298 5590 quibusdam
2326 5522 2746 5592 exemplaribus.
2763 5520 2871 5575 Sed
2892 5529 2950 5576 ut
2973 5518 3261 5594 redeamus
3285 5514 3352 5594 ad
3370 5514 3573 5594 librum

1961 5587 2051 5661 ,de
2082 5587 2798 5665 mortilmsperseeutorum,
2830 5608 2858 5644 a
2887 5606 2994 5662 quo
3021 5604 3118 5665 nos
3151 5587 3401 5665 abduxit“
3420 5596 3576 5665 occa.-

1984 5666 2066 5718 sio
2093 5652 2394 5719 disserendi
2428 5665 2496 5720 de
2537 5652 2795 5732 tempore
2821 5652 2928 5733 quo
2979 5660 3161 5729 scripti
3196 5665 3317 5733 sunt
3350 5652 3469 5733 libri
3501 5652 3590 5707 di-

1984 5735 2234 5810 vinarum
2279 5722 2965 5810 institutionum,_certum
2993 5722 3243 5810 esti-eum.
3261 5722 3596 5810 nilﬁugltim

1986 5808 2247 5877 scriptum
2278 5806 2614 5864 Nicomedia:
2636 5795 2970 5874 iu'Bitbynia
2992 5845 3006 5866 ,
3040 5801 3127 5856 ubi
3156 5798 3201 5853 is
3230 5795 3489 5853 habitavit
3506 5809 3606 5871 per

2932 5890 3008 5952 10
