4058 6188
475 151 587 216 319

484 347 720 421 ριιιιᾼῐὶάθ
748 347 971 421 Christi.

571 418 1056 491 Victoriasfs'othor.
1088 427 1137 473 ct
1181 418 1409 491 Sarmat.
1444 420 1577 487 Quia
1622 420 1980 491 imperatores
2023 437 2084 477 se

486 491 541 548 in
575 490 727 546 titulo
765 490 923 545 edicti
958 491 1221 546 vocabant
1247 490 1508 546 Gothicos
1536 501 1592 546 et
1638 490 1991 558 Sarmaticos,
2025 502 2085 547 ut

486 564 541 618 in
566 562 728 632 veteri
757 562 1131 632 lnscriptione.
1152 578 1311 632 quam
1357 562 1522 618 refert
1546 563 1905 632 Cuspinianus
1934 565 1986 617 in
2021 564 2085 618 li-

486 633 585 688 hro
615 631 683 688 de
707 631 1035 704 Ctesaribus,
1086 631 1206 704 pag.
1241 634 1344 691 155
1370 674 1382 687 .
1414 634 1471 690 ltt
1504 631 1670 688 titulo
1708 645 1888 690 autem
1922 634 2081 689 edicti

486 704 661 777 posita
695 703 907 777 fuerunt
930 720 1036 761 non
1067 703 1243 761 selum
1264 706 1819 777 nominaDiocletiani
1846 705 2083 777 ClMRXi-r

487 774 649 830 iniani
700 775 1107 845 imperatorum,
1136 777 1229 831 sed
1260 778 1423 833 etiam
1450 775 1752 832 Constantii
1781 785 1837 831 et
1878 776 2083 832 Galerii

486 845 795 903 Maximiani
816 847 1113 916 Ctesarum,
1146 858 1205 903 ut
1225 847 1383 905 facile
1404 848 1584 918 colligi
1619 857 1795 917 potest
1816 863 1879 902 ex
1910 848 2084 902 histo-

488 919 863 993 tja__pas‘sionis
893 930 1202 993 sanctorum
1230 928 1537 993 martyrum,
1560 920 1857 986 Saturnini,
1887 919 2082 993 Dativi,

490 989 693 1064 Felicis
714 998 769 1064 et
795 991 1100 1064 sociorum,
1130 999 1184 1047 et
1210 1008 1275 1047 ex
1317 989 1577 1064 martyrio
1604 1000 1913 1046 sanctarum
1944 989 2088 1061 Aga-

490 1076 608 1134 pes,
634 1060 875 1119 Chionize
900 1072 956 1119 et
980 1063 1184 1120 lrenes.

496 1194 501 1199 .
565 1152 810 1225 Legitime
836 1164 1026 1211 coctus.
1054 1155 1241 1212 Modtts
1266 1155 1529 1223 coquendi
1576 1155 1914 1211 Christianos
1937 1154 2088 1208 vivos

491 1226 794 1299 explicatur
835 1226 1003 1294 infra,
1046 1242 1165 1299 cap.
1208 1228 1301 1282 2i.
1350 1227 1610 1298 chitime
1647 1236 1827 1282 autem
1875 1236 2089 1299 coetum

492 1296 657 1369 dixit,
686 1298 811 1367 quia
836 1309 1024 1354 coctus
1047 1295 1165 1353 erat
1192 1295 1487 1354 secundum
1520 1299 1668 1369 leges
1696 1312 1833 1369 quas
1862 1295 2091 1369 Augusti

494 1368 765 1433 tulerant;
807 1371 947 1426 sicut
971 1370 1064 1426 lib.
1100 1386 1133 1425 v
1160 1369 1420 1437 lnstitut.,
1447 1368 1664 1439 eap.’ll
1687 1410 1703 1434 ,
1734 1368 1974 1440 legitima
2004 1382 2092 1423 sa-

492 1454 580 1495 cra
612 1450 769 1495 vocat
791 1455 877 1506 ea,
905 1457 1027 1511 quae
1049 1441 1345 1497 secundum
1368 1450 1608 1497 veterem
1634 1455 1838 1494 morem
1869 1440 2089 1511 flebant,

493 1511 619 1580 quia
650 1528 768 1567 mos
794 1514 901 1567 vim
928 1510 1075 1581 legis
1101 1514 1329 1569 obtinet.
1360 1513 1559 1568 Eadem
1583 1512 1794 1567 ratione
1818 1511 1974 1574 dixit,
1994 1510 2087 1565 lib.

496 1598 573 1646 vt,
602 1598 721 1654 cap.
752 1584 806 1649 9,
832 1580 1055 1655 injurias
1085 1584 1328 1641 hostibus
1366 1585 1603 1655 legitime
1629 1583 1851 1655 inferri,
1882 1580 2093 1655 scilicet

495 1651 799 1735 postquam,
831 1651 1048 1735 servato
1076 1656 1203 1712 belli
1226 1651 1600 1735 jureLlfellum
1627 1670 1723 1735 per
1758 1654 1961 1735 legatos
1989 1651 2087 1735 de-
2121 1673 2169 1735 Β

495 1723 799 1782 nuntiatum
825 1736 881 1782 et
927 1728 1182 1783 indictum
1210 1723 1312 1783 est.
1348 1727 1580 1783 Fallitur
1604 1723 1749 1781 enim
1781 1724 1902 1781 heic
1926 1723 2092 1779 vehe-

494 1807 707 1853 menter
733 1796 1003 1869 Josephus
1036 1798 1219 1866 lszeus,
1247 1799 1337 1868 qui
1386 1813 1575 1855 vocem
1604 1797 1843 1869 legitime
1888 1796 2095 1869 ironice

496 1870 727 1940 positam
757 1866 908 1939 putat
955 1870 1058 1925 hoc
1088 1870 1207 1924 loco
1235 1866 1379 1936 esse,
1408 1871 1534 1940 quia
1565 1866 1820 1924 videlicet
1868 1880 1975 1922 non
2005 1866 2093 1920 in-

496 1939 706 1996 tellexit
726 1955 906 1996 veram
934 1941 1053 2011 ejus
1082 1939 1551 2012 significationem.

568 2031 695 2087 Cum
724 2033 1013 2088 admirabili
1039 2034 1302 2103 patientia.
1336 2034 1509 2090 Verba
1536 2042 1657 2088 sunt
1691 2030 1892 2087 Rnffini
1923 2032 2093 2087 inter-

497 2106 764 2175 pretantis
784 2114 838 2159 et
864 2105 1183 2174 explicantis
1230 2106 1540 2161 Eusebium.
1588 2105 1844 2159 Continuo
1874 2103 2014 2156 omni
2042 2103 2094 2157 in

497 2192 612 2230 eunt
630 2175 945 2230 crudelitatis
969 2193 1151 2247 genere
1177 2176 1518 2239 destenietttes,
1548 2193 1611 2230 ne
1636 2176 1731 2247 hoc
1777 2175 1989 2247 quidem
2008 2191 2093 2226 so-

499 2248 604 2302 lunt
635 2248 827 2318 efﬁcere
854 2245 1154 2316 quiverunt,
1184 2257 1237 2301 ut
1265 2264 1381 2301 eum
1419 2258 1652 2302 nuestum
1681 2246 1869 2315 aliquis
1906 2245 2097 2318 videret

497 2319 551 2372 in
574 2317 734 2388 poenis
758 2358 773 2381 ,
805 2319 894 2373 sed
915 2319 1031 2374 lteto
1059 2330 1211 2389 atque
1232 2319 1388 2373 hilari
1416 2318 1581 2384 vultu,
1613 2334 1730 2372 cum
1746 2321 1863 2390 jam
1903 2317 2096 2390 viscera

498 2390 554 2443 in
576 2387 855 2458 suppliciis
898 2387 1234 2460 defecissent,
1278 2391 1487 2459 spiritus
1529 2399 1694 2443 tanien
1726 2387 1994 2460 lietabatur
2045 2387 2097 2460 in

499 2456 663 2515 vultu.
689 2456 779 2515 Ex
817 2477 915 2532 quo
945 2456 1159 2517 tortores
1197 2461 1279 2517 sui
1307 2456 1521 2532 gravius
1549 2459 1928 2520 cruciabantur,
1959 2456 2097 2528 quod

499 2533 671 2585 omnia
699 2531 1068 2604 suppliciorum
1093 2549 1278 2604 genera
1317 2531 1676 2604 consumebant
1703 2532 1756 2585 in
1790 2545 1908 2585 eum
1947 2544 2098 2600 quem

500 2618 564 2658 tte
587 2603 778 2659 tristem
802 2602 1007 2675 quidem
1035 2602 1101 2659 ea:
1119 2604 1197 2660 his
1222 2603 1434 2659 reddere
1464 2612 1715 2674 poterant.

1075 2717 1307 2775 CAPUT
1377 2718 1521 2775 XIV.

574 2832 803 2905 subjecit
821 2834 1134 2889 incendium.
1155 2834 1438 2901 Eusebius,
1465 2836 1561 2893 lib.
1577 2852 1693 2904 vttt,
1717 2851 1837 2905 cap.
1855 2834 1909 2901 6,
1933 2850 2099 2905 agens

500 2902 569 2959 de
594 2904 695 2979 hoc
728 2905 997 2979 incendio,
1034 2907 1247 2979 nescire
1272 2922 1353 2979 se
1372 2906 1568 2962 fatetur
1588 2902 1697 2979 quo
1725 2902 1861 2979 casu
1890 2902 2100 2963 excita-

501 2982 613 3029 tum
657 2974 838 3033 fuerit.
875 2977 975 3030 Alii
1007 2977 1261 3047 palatium
1285 2976 1508 3035 fulmine
1546 2974 1710 3034 iclum
1736 2977 2100 3047 conflagrasse

1800 158 2143 220 STEPHANI
2181 160 2453 221 BALUZII

480 272 641 349 deret
673 271 1066 349 imprudentem
1088 282 1143 332 et
1170 273 1611 349 intempestivum
1653 276 1797 333 illius
1831 276 2082 334 ardorem
2113 281 2167 341 Α

3681 164 3783 227 3‘10

2755 279 2986 339 CAPUT
3052 279 3170 339 XV.

2261 416 2452 472 Filiam
2485 416 2759 473 Valeriam.
2809 416 3037 489 Noptam
3067 418 3284 475 Galerio
3312 418 3638 478 Maximiano
3660 423 3782 480 Ca:-

2185 491 2456 561 sari,qu:e
2484 490 2735 561 miseram
2760 490 2922 543 vitam
2950 490 3191 544 traduxit
3239 500 3360 561 post
3392 502 3619 548 mortem
3670 512 3781 549 nta-

2185 559 2298 637 ι’ἱιίἶ
2328 569 2386 637 et_
2412 560 2927 637 miserabilimorte
2948 576 3070 615 cum
3100 559 3273 637 matre
3301 562 3498 637 periit,
3532 566 3636 637 sub
3687 568 3787 621 im-

2187 630 2355 706 perio_
2369 630 2553 685 Licinii
2576 672 2591 697 ,
2623 641 2679 685 ut
2708 631 2867 706 docet
2894 631 3204 706 Lactantius
3230 633 3283 688 in
3315 633 3423 689 fine
3446 705 3449 706 ν
3474 634 3634 705 hujus
3655 651 3789 706 cpe-

2186 701 2283 757 ris.
2315 702 2518 777 Eana
2539 704 2860 777 narratione
2871 704 3279 777 pessumdatur
3310 705 3532 777 omnino
3545 701 3559 705 ⁷
3572 701 3792 777 conjec-

2188 781 2308 844 tura
2355 773 2705 830 illustrissimi
2736 772 3022 830 cardinalis
3068 775 3305 842 Baronii,
3333 775 3425 844 qui
3470 777 3538 832 ad
3583 772 3787 835 annum

2186 843 2292 918 ξω
2322 845 2513 918 scribit
2561 844 2729 918 tiliam
2761 845 3265 918 Diocle_tiani,_qu:e
3308 843 3560 917 cenjngio
3601 850 3788 918 juncta

2189 913 2287 970 luit
2316 915 2533 972 Galerio
2560 915 2901 980 Maximiano,
2936 915 3078 971 haud
3108 913 3203 972 diu
3231 926 3354 986 post
3382 913 3793 987 nuptias'fuisse

2190 988 2561 1056 superstitem,
2585 1002 2707 1041 cum
2735 987 2881 1042 nulla
2918 987 3035 1057 ejus
3079 987 3337 1042 memoria
3365 998 3514 1045 extet
3552 990 3604 1045 in
3647 994 3791 1046 anti-

2188 1057 2470 1131 quioribus
2513 1059 2913 1131 monumentis,
2933 1057 3027 1131 sed
3060 1074 3159 1131 nec
3180 1075 3248 1131 ex
3277 1074 3342 1113 ea
3389 1060 3568 1127 proles
3612 1062 3790 1131 aliqua

2192 1129 2398 1199 legatur
2418 1143 2542 1185 esse
2585 1137 2859 1199 suscepta.
2888 1129 3052 1186 Addit
3079 1129 3274 1185 deinde
3306 1140 3532 1199 patrem,
3562 1140 3622 1187 ut
3664 1129 3793 1188 tilia:

2189 1199 2460 1255 defuncta:
2488 1201 2800 1256 memoriam
2831 1209 3177 1256 consecraret
3204 1202 3489 1257 :eternilati
3507 1243 3525 1270 ,
3573 1204 3791 1259 Panno-

2193 1271 2294 1345 nia:
2313 1270 2666 1345 partemrejus
2705 1271 2924 1345 nomine
2958 1271 3175 1345 institui
3214 1280 3378 1342 atque
3416 1275 3791 1345 cognominari

2193 1344 2426 1416 voluisse
2448 1343 2725 1416 ;‘ci_t_atque
2754 1343 2955 1416 ineam
2984 1358 3097 1416 rem
3124 1342 3456 1416 librumuxtx
3488 1342 3786 1400 'Ammiani

2192 1412 2508 1469 Marcellini.
2533 1412 2734 1469 Verum
2765 1412 2825 1468 id
2854 1430 2961 1469 non
2985 1413 3117 1469 dicit
3144 1413 3486 1483 Marcellinus
3507 1457 3523 1481 ,
3550 1417 3647 1471 sed
3672 1426 3797 1471 tan-

2193 1494 2308 1539 tum
2339 1500 2457 1541 eam
2490 1484 2781 1540 Pannoniae
2806 1494 3012 1555 partem
3038 1484 3107 1539 ad
3122 1486 3381 1539 honorem
3412 1485 3640 1542 Valeria:
3666 1487 3797 1542 Dio-

2193 1555 2407 1627 cletiani
2431 1555 2555 1610 tilia:
2579 1564 2635 1627 et
2661 1556 2979 1624 institutam,
3008 1563 3063 1612 et
3089 1556 3651 1627 ita__cognominatam.
3686 1558 3798 1613 Re.

2196 1626 2360 1682 feram
2412 1635 2591 1681 autem
2612 1626 2739 1697 ipsa
2763 1627 2881 1697 ejus
2911 1630 3072 1682 verba
3106 1645 3120 1682 :
3162 1625 3413 1681 Valeriam
3442 1630 3612 1693 venit,
3667 1647 3796 1697 par-

2195 1707 2295 1753 tem
2316 1698 2575 1767 quondam
2596 1696 2898 1765 Pannoniae,
2924 1700 3014 1753 sed
3034 1698 3103 1751 ad
3131 1698 3372 1752 honorent
3406 1698 3623 1755 Valeria:
3666 1696 3799 1755 Dio-

2194 1768 2402 1823 cletiani
2426 1768 2551 1837 ﬁliae
2577 1778 2625 1823 et
2651 1769 2957 1835 institutam,
2981 1778 3027 1823 et
3057 1769 3130 1823 ita
3157 1769 3587 1839 cognominatam.
3621 1770 3801 1827 Porro

2197 1854 2298 1897 nec
2347 1839 2643 1894 institutam
2686 1855 2716 1893 a
2757 1840 3120 1903 Diocletiano,
3180 1854 3281 1895 nec
3327 1842 3801 1909 cognominatam,

2196 1912 2293 1967 sed
2336 1926 2366 1963 a
2407 1910 2625 1966 Galerio
2680 1910 3002 1966 Maximiano
3040 1911 3199 1967 docet
3221 1910 3478 1966 Aurelius
3510 1912 3695 1968 Victor
3744 1914 3801 1969 in

2195 1983 2335 2040 libro
2361 1982 2429 2037 de
2455 1981 2758 2037 Caesaribus
2790 2000 2803 2036 :
2841 1982 3170 2036 Provinciam
3207 1983 3383 2037 uxoris
3409 1984 3612 2038 nomine
3644 1982 3804 2040 Vale-

2196 2054 2328 2107 riam
2360 2053 2655 2124 appellavit.
2679 2053 2771 2108 llis
2800 2053 2869 2107 ita
2900 2053 3225 2118 constitutis,
3258 2063 3513 2124 tanquam
3541 2064 3690 2111 certa
3713 2071 3804 2111 es-

2197 2133 2349 2192 Sent,
2404 2124 2552 2178 addit
2605 2124 2864 2181 Baronius
2912 2124 3341 2187 Diocletianum.
3387 2140 3510 2180 cum
3568 2126 3803 2182 Valeria:

2198 2207 2371 2250 morte
2400 2194 2631 2251 resoluta
2674 2206 2817 2250 esset
2841 2194 3078 2250 affinitas
3098 2211 3218 2264 qua:
3247 2195 3385 2250 inter
3409 2210 3535 2250 cum
3555 2205 3613 2250 et
3638 2197 3808 2253 Gale-

2200 2268 2337 2322 rium
2364 2275 2635 2322 contracta
2658 2276 2796 2333 erat,
2826 2282 2986 2337 quam
3018 2268 3071 2321 in
3101 2280 3195 2321 sua
3226 2265 3550 2337 cognatione
3571 2266 3806 2325 haberet

2198 2337 2366 2407 gradu
2393 2335 3133 2409 propinquioretngvirginem,
3157 2351 3277 2409 eam
3303 2335 3396 2391 'illi
3422 2335 3627 2394 laedere
3658 2356 3807 2409 nttp-

2199 2410 2417 2479 littt'tltlt
2446 2408 2772 2479 conjungere
2827 2407 3109 2479 festinasse
3139 2426 3152 2461 :
3181 2407 3485 2463 Susannam
3540 2407 3810 2466 nimirum

2202 2480 2363 2533 filiam
2391 2478 2600 2534 Gabinii
2631 2478 2871 2550 germani
2902 2478 3014 2535 Caii
3045 2494 3194 2549 papae
3214 2520 3230 2546 ,
3260 2479 3352 2550 qui
3403 2482 3563 2535 ambo
3592 2481 3816 2536 Diocle-

2203 2550 2350 2606 tiano
2375 2549 2934 2621 sanguiueconjuncti
2966 2560 3123 2607 erant
3142 2591 3157 2617 ,
3176 2549 3375 2621 utpote
3404 2549 3515 2604 nati
3540 2566 3605 2606 ex
3635 2551 3809 2607 fratre

2200 2621 2442 2689 ejusdem
2469 2620 2803 2684 Diocletiani.
2825 2631 3045 2691 utpatet
3064 2637 3130 2678 ex
3158 2620 3308 2675 Artis
3330 2621 3571 2688 ejusdem
3594 2633 3808 2677 sanctze

2203 2693 2482 2750 Susamnc.
2520 2692 2713 2748 Verum
2747 2703 2855 2748 tota
2883 2694 2999 2748 haec
3021 2692 3255 2747 llistoria
3288 2693 3414 2757 ruit,
3451 2702 3640 2748 ruente
3679 2694 3811 2749 fune

2201 2765 2457 2821 damento
2483 2778 2644 2834 super
2673 2779 2780 2834 quo
2808 2765 2978 2835 posita
3024 2763 3221 2835 fuerat,
3256 2761 3310 2835 id
3356 2771 3463 2827 est,
3492 2776 3665 2819 morte
3700 2765 3810 2833 Va:

2204 2837 2349 2892 leriae
2372 2878 2388 2901 ,
2418 2832 2577 2906 quam
2617 2832 2707 2890 diu
2736 2832 3103 2905 supervixisse
3130 2832 3345 2906 Galerio
3372 2842 3603 2889 constat.
3648 2832 3811 2893 Adeo

2202 2918 2379 2963 autem
2409 2904 2691 2977 periculosi
2742 2904 2870 2961 sunt
2912 2904 3511 2977 magnorumvirorunt
3555 2921 3810 2973 errores,

2204 2987 2264 3034 ut
2289 2980 2376 3033 hic
2410 2975 2639 3033 ‘Baronii
2681 2978 2862 3048 lapsus
2890 2975 3355 3048 plerosquegviros
3401 2975 3591 3048 doctos
3618 2992 3813 3033 secum

500 3046 763 3113 scribunt,
790 3055 851 3103 ut
888 3045 1278 3121 ConStantinus
1323 3049 1376 3104 in
1422 3051 1667 3106 oratione
1691 3048 1759 3105 ad
1788 3045 2099 3105 sanctorum
2125 3051 2171 3116 C
2206 3049 2449 3116 traxerit,
2482 3045 2769 3106 Odoricum
2791 3045 3163 3121 Rajnaldtttn,
3187 3045 3450 3103 Joannem
3480 3047 3811 3105 Bollandum

501 3126 723 3185 emtum,
752 3134 871 3189 cap.
895 3118 986 3174 25.

577 3189 768 3245 Omnes
791 3206 912 3245 suos
955 3198 1087 3262 prot.
1121 3207 1277 3257 ιιι-ωε.
1326 3190 1381 3245 1η
1433 3192 1603 3248 veteri
1640 3191 1827 3248 codice
1856 3190 2054 3262 legitur
2083 3209 2097 3247 :

502 3275 679 3332 omnes
708 3278 829 3316 suos
856 3261 1090 3330 protinus
1117 3264 1272 3332 cepit.
1302 3262 1412 3317 Nos
1436 3262 1861 3318 emendavimus.

574 3328 1005 3403 Datapotestate.
1029 3328 1361 3401 Lactantius,
1388 3334 1481 3391 lib.
1507 3351 1540 3387 v
1567 3334 1828 3398 lnstitut..
1859 3348 1978 3403 cap.
2008 3335 2099 3401 ll,

502 3400 569 3457 de
592 3401 694 3458 hac
720 3400 835 3472 ipsa
866 3405 1241 3473 persecutione
1275 3419 1443 3475 agens
1468 3423 1481 3460 :
1516 3406 1737 3472 Accepta
1765 3406 1900 3459 enint
1929 3400 2102 3473 potes-

502 3482 625 3548 tate,
654 3490 747 3543 pro
761 3475 867 3548 suis
892 3476 1119 3548 moribus
1144 3476 1357 3547 quisque
1381 3478 1564 3532 steviit.
1589 3477 1689 3531 Alii
1715 3492 1822 3548 prae
1851 3477 2010 3530 nimia
2033 3476 2102 3528 ti-

503 3545 732 3621 miditate
773 3546 890 3621 plus
926 3545 1192 3621 ausigsunt
1218 3545 1381 3621 quam
1397 3545 1724 3621 jubebaturti
1748 3548 1851 3621 Alii
1890 3548 2103 3621 proprio

501 3617 746 3689 adversus
759 3620 932 3689 justas
973 3619 1112 3680 odio,
1139 3619 1353 3688 quidam
1382 3617 1608 3675 naturali
1648 3619 1830 3674 utentis
1872 3619 2099 3689 feritate,

503 3688 737 3762 nonnulli
760 3688 817 3742 ut
845 3691 1134 3762 placerent,
1167 3701 1214 3744 et
1242 3691 1339 3744 hoc
1362 3691 1527 3762 ofﬁcio
1549 3692 1685 3744 viam
1704 3690 1799 3744 sibi
1818 3688 1888 3742 ad
1914 3689 2105 3742 altiora

504 3760 779 3833 munirent.
814 3759 991 3833 Aliqui
1019 3761 1087 3814 ad
1107 3759 1443 3815 accidendum
1472 3762 1758 3833 prtecipttes
1793 3763 2069 3833 extiterunt
2087 3800 2101 3823 ,

502 3830 631 3903 sicut
652 3846 782 3884 unus
806 3831 859 3883 in
884 3829 1134 3903 Phrygia,
1156 3834 1243 3903 qui
1265 3829 1553 3888 universum
1574 3829 1826 3903 populum
1845 3847 1961 3885 cum
1991 3832 2106 3901 ipso

506 3900 702 3970 pariter
725 3900 1079 3956 conventiculo
1105 3900 1466 3957 concremavit.

524 4032 529 4035 τ
580 3992 920 4067 Torquebant.
968 3995 1065 4067 iSic
1104 3995 1363 4067 scriptum
1393 4004 1479 4053 est
1504 3997 1559 4051 in
1587 3996 1753 4051 veteri
1804 3995 1944 4049 libro
1969 4011 1981 4047 :
2007 3994 2105 4067 sed

509 4080 669 4135 supra
696 4065 938 4137 ultimam
966 4066 1185 4126 lineam.
1217 4064 1275 4121 ut
1305 4070 1415 4123 fere
1444 4068 1523 4134 fit,
1548 4067 1849 4137 appositum
1876 4074 1963 4121 est
1999 4064 2107 4135 sig-

508 4153 637 4193 num
666 4136 815 4209 quod
853 4137 1168 4194 ostenderet
1203 4138 1486 4209 legendum
1536 4136 1658 4193 esse
1702 4138 2100 4209 torquebantur,

506 4206 795 4281 manifesto
824 4224 955 4265 sane
970 4225 1177 4265 errore.
1215 4206 1389 4281 Atque
1420 4210 1563 4264 hunc
1588 4222 1710 4264 esse
1742 4206 1948 4281 fontem
1984 4208 2105 4275 piti-

506 4280 771 4335 riutornm
806 4289 1109 4337 erratorum
1148 4297 1268 4351 quae.
1306 4279 1359 4335 in
1396 4281 1624 4337 vetustis
1670 4279 1980 4351 auctoribus
2017 4292 2111 4333 oc-

506 4361 751 4419 currunt,
783 4368 883 4424 nos
909 4367 1053 4424 smpc
1094 4353 1552 4424 deprehendimus
1579 4352 1632 4406 in
1656 4350 1954 4424 codicibus
1989 4362 2107 4402 ma-

508 4424 820 4505 nuscriptis.
850 4419 1080 4505 Librarii
1110 4419 1255 4505 enim
1288 4426 1463 4505 primo
1491 4422 1871 4505 describebant
1899 4419 2068 4505 librps
2091 4461 2108 4486 ,
2134 4442 2190 4505 D

508 4494 599 4564 qui
630 4494 827 4549 deinde
850 4494 1199 4549 tradebantur
1225 4492 1682 4551 emendatoribus.
1719 4493 1809 4547 Isti
1839 4507 1969 4547 vero
1999 4492 2109 4544 frc-

510 4572 740 4633 quenter
775 4565 969 4619 bonam
1019 4565 1308 4619 lectionem
1357 4565 1641 4621 vertebant
1683 4565 1739 4619 in
1788 4565 1984 4619 malam
2018 4574 2113 4632 per

510 4634 750 4705 speciem
799 4634 1214 4690 emendationis.

589 4724 754 4779 Erant
782 4734 1052 4781 certantes.
1088 4726 1397 4781 Lactantius
1427 4728 1478 4780 in
1507 4726 1625 4781 loco
1649 4725 1808 4795 paulo
1851 4733 1975 4779 ante
2002 4724 2115 4778 lau-

510 4797 682 4868 dator:
714 4796 894 4865 Itaque
937 4798 989 4851 in
1019 4798 1366 4868 excogitandis
1398 4814 1662 4866 prunarum
1690 4795 1958 4868 generibus
1986 4796 2118 4850 nihil

509 4867 664 4923 aliud
691 4885 845 4937 quant
875 4870 1138 4923 victoriam
1168 4871 1475 4941 excogitant.

594 4960 871 5016 Familiam
917 4961 1153 5018 Caesaris.
1208 4962 1264 5018 ld
1314 4970 1430 5028 est,
1468 4960 1688 5017 Galerii.
1741 4959 1891 5015 llanc
1937 4959 2118 5028 itaque

515 5034 720 5105 placuit
746 5033 1003 5105 excipere
1023 5076 1039 5101 ,
1074 5044 1327 5103 tanquam
1358 5032 1892 5105 abominabilecsset
1922 5030 2114 5105 Διιιιιιιιι

518 5100 698 5160 scelus
741 5100 1436 5161 adversusDiocletianum
1487 5102 1747 5173 suspicari
1796 5101 1864 5156 de
1918 5100 2120 5173 familia

524 5176 759 5256 Caesaris
780 5216 795 5241 ,
827 5184 979 5256 et_ne
1007 5186 1258 5232 auctores
1283 5175 1515 5256 incendii
1538 5216 1554 5242 ,
1581 5170 1668 5256 qui
1695 5170 2123 5256 exhdanIejns

521 5246 858 5373 prpdieirant,
884 5245 1302 5319 detegerentur,
1331 5250 1375 5304 si
1405 5241 1556 5303 locus
1597 5241 1934 5314 inquisitioni
1964 5242 2123 5296 datus

548 5332 691 5373 insse
722 5356 736 5371 .

548 5332 736 5373 IIISSCI.

596 5410 922 5481 Profertione
961 5423 1163 5477 parata.
1199 5414 1401 5468 Bellum
1427 5428 1492 5467 ea
1543 5417 1864 5480 tempestate
1893 5406 2121 5481 nullum,

522 5482 665 5553 quod
707 5478 907 5537 sciam.
942 5484 1046 5538 Sed
1097 5485 1166 5538 ita
1196 5484 1590 5540 contumaciter
1640 5478 1695 5536 et
1741 5478 1974 5553 superbe
2013 5478 2123 5553 egit

523 5550 689 5609 liomo
731 5554 1008 5608 vesaniae
1054 5554 1249 5611 ferocis
1291 5556 1477 5618 animi,
1511 5564 1569 5607 ut
1596 5553 1699 5607 hoc
1719 5550 1909 5620 agendi
1960 5550 2123 5603 modo

523 5626 915 5680 Diocletianum
968 5626 1342 5682 vehementius
1386 5622 1799 5694 itnpellcretrad
1852 5621 2120 5694 excidium

521 5695 830 5752 christiana:
851 5696 1148 5767 religionis,
1172 5712 1333 5768 quem
1360 5692 1575 5758 videbat
1597 5693 1835 5754 molliter
1858 5692 2120 5768 hactenus

525 5773 674 5821 tanto
699 5769 849 5841 operi
879 5762 1211 5836 incumbere.
1772 5774 1812 5807 ἰδ
1959 5772 1969 5789 ⁸
2032 5762 2043 5779 ¹

2206 3131 2261 3176 et
2292 3121 2451 3176 alios.

2229 3186 2235 3193 ’
2276 3190 2978 3265 ConjugentPriscam_._Qure
3005 3199 3212 3265 postea.
3239 3192 3366 3247 vivo
3390 3189 3569 3265 adhuc
3587 3192 3812 3265 marito,

2206 3263 2260 3319 in
2279 3262 2497 3318 exilium
2515 3279 2637 3319 cunt
2666 3264 2770 3317 filia
2802 3262 3014 3318 Valeria
3044 3263 3279 3333 projecta
3306 3275 3389 3319 est
3413 3278 3456 3333 ag
3475 3262 3775 3333 Maximino
3796 3304 3813 3329 ,

2205 3345 2263 3389 et
2290 3336 2508 3390 demum
2534 3335 2690 3404 jussu
2720 3334 2907 3389 Licinii
2937 3335 3113 3403 capite
3140 3331 3314 3402 plexa.
3343 3342 3402 3391 ut
3426 3331 3641 3404 docebit
3668 3333 3813 3389 Lac-

2208 3407 2408 3461 tantius
2431 3408 2483 3460 in
2513 3406 2619 3461 fine
2650 3405 2809 3476 hujus
2828 3405 3033 3475 operis.
3082 3404 3188 3476 Sed
3216 3404 3303 3461 ltie
3331 3420 3393 3460 se
3430 3403 3586 3476 offert
3613 3403 3819 3475 ingens

2206 3476 2510 3533 difficultas.
2566 3474 2802 3531 Nam‘in
2836 3476 3063 3533 vetustis
3102 3475 3253 3531 Actis
3295 3483 3495 3531 sancta:
3539 3474 3815 3531 Susanna:

2206 3549 2450 3619 virginis,
2474 3563 2598 3619 qua:
2624 3547 2938 3619 martyrium
2963 3547 3151 3602 Rmna:
3170 3560 3578 3619 consummasse
3615 3546 3819 3602 scribis

2210 3617 2424 3675 tur'sub
2454 3617 2683 3691 imperio
2714 3617 3065 3691 Diocletiani,
3091 3618 3294 3691 mentio
3320 3627 3406 3673 est
3446 3617 3815 3691 Seren:t_t_Att-

2206 3699 2378 3763 gusta:
2407 3687 2593 3747 uxoris
2620 3690 2869 3763 ejusdem
2899 3688 3158 3763 principis
3179 3733 3195 3758 ,
3236 3705 3357 3760 qua:
3370 3688 3593 3763 occulte
3619 3687 3819 3763 Chl-is:

2212 3760 2357 3817 iiana
2391 3772 2548 3827 erat,
2581 3762 2671 3817 ubi
2701 3761 2819 3816 dies
2860 3761 3050 3815 natalis
3069 3760 3191 3829 ejus
3234 3761 3698 3830 consignatusest
3747 3760 3820 3815 ad

2208 3834 2353 3889 diem
2382 3834 2442 3891 l7
2462 3832 2719 3888 kalendas
2742 3832 3101 3901 septembrcs.
3119 3831 3314 3888 Gravis
3342 3846 3472 3885 sane
3495 3829 3821 3899 difficultas,

2211 3906 2257 3961 si
2287 3905 2357 3960 de
2380 3908 2634 3960 Actorum
2666 3904 2878 3958 illorum
2907 3902 3135 3959 veritate
3162 3912 3218 3959 et
3244 3902 3565 3958 auctoritate
3590 3912 3824 3958 consta-

2211 3985 2315 4032 ret.
2343 3976 2450 4033 Sed
2473 3992 2597 4032 cum
2627 3974 2716 4030 illa
2769 3975 2936 4030 ntulta
2962 3989 3135 4044 eaque
3187 3988 3398 4045 magna
3423 3973 3824 4045 suppositionis

2211 4047 2407 4103 indicia
2439 4048 2689 4109 habeant,
2725 4056 2837 4101 tum
2869 4062 2938 4102 ex
2983 4042 3087 4101 hoc
3110 4061 3244 4102 sane
3282 4042 3460 4116 capite
3494 4042 3665 4116 :falsa_
3687 4058 3825 4101 esse

2212 4119 2540 4189 probantur,
2597 4117 2739 4189 quod
2756 4117 3015 4173 Serenam
3042 4113 3601 4189 uxoremgbiocletiani
3642 4114 3825 4189 fuisse

2215 4186 2418 4245 volunt.
2452 4186 2661 4259 Quippe
2698 4197 3013 4243 ostensurus
3060 4202 3179 4242 sum
3232 4186 3562 4242 Diocletiano
3605 4186 3825 4259 nullam

2212 4261 2370 4316 aliaat
2412 4255 2524 4316 tofo
2562 4255 2900 4329 principatus
2945 4260 3029 4313 sui
3059 4269 3302 4329 tempore
3329 4272 3552 4329 uxorem
3587 4255 3780 4329 fuisse
3803 4297 3824 4324 ,

2212 4348 2391 4404 quam~
2411 4326 2669 4387 Priscam.
2701 4326 2911 4385 Etenim
2934 4330 2982 4385 si
3007 4345 3069 4404 ea
3088 4326 3271 4404 mater
3296 4328 3548 4404 νιιιιξιείτιιΔ
3580 4326 3718 4391 fuit,
3765 4337 3829 4383 ut

2215 4400 2345 4461 sane
2370 4402 2489 4470 fuit,
2524 4416 2747 4457 necesse
2775 4411 2859 4456 est
2887 4416 3008 4457 eam
3042 4400 3373 4457 Diocletiano
3394 4401 3649 4470 nupsisse
3663 4409 3826 4470 ante-

2217 4490 2377 4545 quam
2410 4476 2455 4529 is
2478 4467 2638 4545 lieret
2665 4473 2980 4545 imperator,
3010 4472 3066 4545 id_
3081 4481 3193 4545 est,
3225 4480 3352 4545 ante
3382 4467 3588 4545 annum
3613 4467 3829 4545 Christi

2216 4540 2359 4610 ‘284.
2390 4561 2513 4600 cum
2548 4540 2757 4598 Valeria
2785 4543 3002 4598 Galerio
3049 4542 3371 4598 Maximiano
3390 4541 3575 4611 juncta
3627 4540 3827 4596 matri-

2219 4620 2404 4673 monio
2428 4617 2499 4671 sit
2520 4630 2662 4669 anno
2681 4614 2811 4680 293,
2840 4614 3013 4668 astatis
3039 4628 3153 4669 sua:
3190 4621 3247 4669 ut
3284 4613 3569 4667 minimum
3610 4611 3831 4667 duode-

2219 4692 2382 4746 cimo.
2419 4687 2627 4742 Vixisse
2652 4694 2829 4741 autem
2864 4693 2974 4739 tum
3022 4685 3261 4740 l'riscam
3289 4694 3515 4739 matrem
3546 4682 3663 4753 ejus
3691 4683 3830 4740 hinc

2220 4772 2369 4816 certo
2415 4759 2704 4829 colligitur,
2737 4754 2895 4829 quod
2931 4755 3021 4810 ditt
3066 4766 3250 4826 postea
3279 4766 3555 4829 superstes
3594 4755 3692 4808 fuit
3716 4796 3734 4821 ,
3771 4765 3832 4812 et

2220 4847 2364 4886 anno
2392 4825 2596 4885 tantum
2644 4825 2771 4883 5l5'
2791 4827 3026 4882 extincta
3056 4834 3141 4882 est
3180 4838 3299 4896 post
3321 4825 3625 4888 victoriam,
3654 4842 3830 4892 quam

2226 4902 2462 4959 Licinius
2500 4900 2799 4969 reportavit
2826 4897 2895 4952 de
2932 4896 3273 4969 Maximino._
3301 4896 3427 4965 llaec
3473 4908 3834 4969 monumenta

2228 4991 2335 5030 non
2391 4966 2633 5027 senserat
2673 4968 3067 5024 illustrissinms
3106 4967 3391 5024 Annalium
3428 4966 3833 5023 ecclesiastico-

2231 5061 2349 5102 rum
2378 5042 2646 5107 conditor,
2668 5039 2972 5096 Cardinalis
3011 5040 3273 5096 Batonius
3297 5058 3312 5094 :
3335 5048 3392 5094 et
3421 5049 3597 5092 tamen
3638 5039 3828 5107 suspi-

2232 5119 2454 5173 cabatur
2482 5114 2690 5167 luturos
2708 5154 2723 5178 ,
2750 5112 2841 5181 qui
2869 5126 2987 5166 eam
3010 5110 3079 5166 de
3112 5111 3319 5167 Serena
3347 5108 3585 5181 Augusta
3636 5108 3826 5181 llisto-

2231 5189 2367 5243 riam
2396 5186 2449 5240 in
2478 5185 2700 5238 dubium
2725 5180 3063 5248 revocarent,
3092 5182 3235 5253 quod
3267 5181 3409 5235 nulla
3436 5180 3652 5251 penitus
3671 5180 3743 5253 de
3765 5195 3835 5236 ea

2232 5258 2436 5313 mentio
2464 5255 2589 5310 alibi
2617 5255 2898 5320 habeatur,
2928 5251 3280 5326 neque‘apud
3310 5253 3605 5322 scriptores
3649 5251 3838 5306 etimi-

2233 5344 2350 5395 eos,
2384 5342 2558 5396 neque
2587 5326 2641 5379 in
2670 5325 2905 5395 antiquis
2930 5324 3399 5396 inscriptionibus;
3450 5336 3515 5377 ac
3568 5332 3837 5396 tanquam

2231 5400 2281 5455 ei
2309 5394 2638 5453 difficillima:
2662 5394 2950 5466 quaestioni
3000 5396 3165 5452 finem
3193 5395 3560 5466 imposuisset,
3591 5394 3835 5448 interro-

2230 5480 2319 5541 gat
2346 5465 2692 5532 litteratulos,
2721 5468 2767 5522 si
2800 5467 2883 5521 his
2928 5467 3211 5541 displiceat
3241 5482 3436 5541 nomen
3468 5465 3690 5541 serente
3716 5465 3838 5517 Au-

2230 5536 2422 5624 gustas,
2447 5550 2504 5594 ut
2525 5541 2703 5624 dicant
2726 5538 3095 5624 «ιιιοιιᾳιηηειιίο
3119 5538 3334 5624 potuine
3363 5536 3673 5624 Diocletiani
3696 5550 3843 5589 con-

2225 5607 2320 5683 jux
2341 5616 2576 5683 Augusta
2596 5610 2667 5683 ab
2687 5610 3080 5683 antiquioribus
3104 5610 3243 5683 dicta
3272 5607 3595 5683 inveniatur,
3625 5615 3679 5660 et
3702 5619 3839 5661 cum

2229 5680 2336 5739 non
2367 5680 2708 5747 invenerint,
2752 5696 2860 5736 non
2897 5681 3096 5736 faciant
3124 5680 3195 5735 de
3248 5680 3466 5734 nomine
3508 5688 3841 5734 controver-

2228 5756 2385 5812 siam.
2424 5752 2769 5813 Satisfactum
2816 5761 2899 5810 est
2935 5753 3095 5823 igitur
3121 5750 3562 5826 zeumulatissime
3597 5749 3844 5805 interro-
