4058 6188
231 316 315 376 Sil

911 301 1121 368 NOTAE
1160 310 1225 368 IN
1268 312 1397 369 LIB.
1440 302 1527 369 DE
1564 300 1912 389 MORTIBUS
1951 301 2336 370 PERSECUT.
2378 312 2533 370 CAP.
2578 310 2717 374 XVI.

3357 313 3466 377 322

228 429 394 505 sationi
419 426 545 496 ejus.
575 422 789 505 Bcjecta
833 424 1395 505 itaquemsupposititia
1423 426 1510 482 illa
1549 426 1762 505 D-iocle-
1788 429 1843 490 Α
1867 426 2265 505 inuumcrabiles
2311 425 2508 503 vinctos
2548 438 2595 505 et
2642 429 2849 505 scaphis
2886 429 3151 505 impositos
3188 435 3467 505 carniﬁces

230 495 335 559 iiani
359 495 952 569 uxorc,_videamusuan
1003 495 1341 569 Eleutherio,
1367 514 1527 569 quam
1552 499 1632 553 vir
1652 498 1765 554 cla-

229 574 433 630 rissimus
458 609 472 636 ,
506 567 800 622 Hadrianus
840 566 1083 623 Valesius
1114 569 1164 622 in
1196 566 1510 625 defensione
1554 569 1766 638 discep-

231 643 408 700 talionis
432 656 532 694 sua!
558 638 623 694 de
666 638 912 693 Basilicis
963 654 1185 694 uxorem
1237 641 1550 698 Diocletiani
1601 640 1768 697 fuisse

228 714 405 783 collegit
431 727 491 766 ex
521 709 634 767 Vita
659 708 832 785 Vigilii
854 725 1025 785 paptc,
1050 727 1168 779 qure
1193 719 1340 767 extat
1366 714 1418 767 in
1443 713 1608 785 gestis
1636 728 1769 785 pon-

231 781 488 850 tificalibus,
514 796 629 852 qua:
653 783 815 852 vulgo
844 781 1148 836 tribuuntur
1177 781 1768 839 AnastasioBibliothe-

230 859 364 920 carie,
388 868 504 909 vere
535 853 846 925 Diocletiani
874 868 1015 907 uxor
1061 853 1242 925 fuerit.
1277 853 1507 909 Venerat
1542 854 1770 925 Vigilius

226 924 697 995 Constantinopolim
724 938 791 979 ex
824 935 1092 995 prmcepto
1119 923 1403 980 Justiniani
1430 937 1483 981 et
1514 923 1768 981 Theodoo

228 1015 316 1061 re;
339 1006 405 1063 et,
425 1010 540 1052 cum
563 994 630 1050 ad
654 1010 715 1049 ea
736 994 1021 1066 cogeretur
1046 1012 1165 1066 qua:
1193 995 1372 1053 facere
1394 997 1625 1061 nolebat,
1657 997 1765 1051 ait:

233 1070 288 1125 (lt
305 1069 447 1134 rideo,
472 1082 571 1121 non
591 1082 673 1120 me
700 1071 927 1138 fecerunt
965 1068 1133 1122 venire
1171 1069 1241 1122 ad
1258 1080 1312 1122 se
1348 1067 1677 1122 Justinianus
1724 1078 1771 1123 et

230 1141 455 1195 Theodore
472 1138 685 1211 pussinti
700 1139 977 1211 principes,
1008 1140 1096 1193 sed
1126 1141 1276 1193 hodie
1303 1142 1408 1194 scio
1423 1140 1559 1211 quod
1577 1139 1773 1195 Diocle-

230 1214 386 1265 tianum
409 1220 453 1264 et
471 1208 823 1282 Eleutheriam
851 1211 1037 1264 inveni.
1073 1211 1148 1265 Ex
1177 1211 1276 1266 hoc
1301 1208 1479 1282 itaque
1510 1212 1627 1265 loco
1654 1213 1770 1266 col-

229 1284 329 1352 legit
345 1283 415 1336 vir
435 1282 521 1336 ille
540 1280 878 1336 clarissimus
903 1282 1262 1338 Eleutheriam
1302 1280 1612 1338 Diocletiani
1641 1297 1773 1338 uxo-

229 1370 317 1409 rem
340 1353 504 1417 fuisse,
534 1352 682 1424 quod
712 1362 918 1407 certum
941 1354 1009 1406 sit
1039 1354 1145 1408 illic
1170 1355 1626 1424 comparationem
1675 1354 1773 1409 in-

228 1426 343 1478 stitui
390 1425 519 1478 inter
555 1422 919 1478 Justiniauum
960 1435 1012 1477 et
1050 1422 1468 1490 Diocletianum,
1526 1436 1580 1481 et
1633 1426 1774 1480 inter

227 1496 515 1551 Theodoram
532 1493 819 1549 Iustiniani
832 1495 1117 1565 conjugem
1141 1504 1195 1551 ct
1210 1495 1600 1563 Eleutheriam,
1620 1512 1774 1566 prop-

226 1576 343 1621 terea
373 1566 680 1639 Diocletiani
712 1580 954 1639 uxorem.
981 1566 1178 1622 Verum
1203 1582 1269 1639 ex
1300 1569 1775 1639 argumentisﬁqua‘.

225 1639 441 1693 adversus
471 1636 738 1692 Serenam
779 1638 940 1693 allata
982 1647 1107 1693 sunt
1153 1636 1386 1694 efficitur
1414 1640 1575 1693 etiam
1614 1636 1774 1693 Eleu-

226 1711 431 1775 theriam,
460 1709 576 1764 sive
607 1707 950 1776 Lutheriam,
983 1720 1035 1763 ιιι
1062 1717 1144 1764 est
1176 1709 1227 1763 in
1272 1711 1638 1765 vetustissimo
1680 1725 1776 1765 co.

224 1780 318 1835 dice
336 1778 690 1849 manuscripto
702 1777 766 1835 41
778 1781 808 1834 7
822 1780 1160 1836 bibliotheca:
1174 1779 1521 1849 Colbertinaa,
1535 1789 1626 1835 aut
1639 1780 1776 1836 Leu-

225 1823 427 1916 iheicin,
469 1823 747 1922 quomodo
800 1823 1305 1922 scriptumvTegitur
1347 1852 1398 1907 in
1448 1823 1636 1909 co’dice
1674 1852 1781 1908 755
1807 1823 1856 1885 Β

224 1922 519 1978 bibliotheca:
537 1922 728 1993 regite,
754 1938 859 1978 non
879 1924 1044 1979 fuisse
1067 1938 1290 1979 uxorem
1312 1924 1780 1989 Diocletiani,cum

224 2003 392 2048 certum
418 1995 504 2060 sit,
528 2005 588 2048 ut
616 2003 771 2049 antea
796 1994 929 2056 dixi,
961 1994 1159 2049 nullam
1199 1995 1360 2050 aliam
1391 2010 1517 2051 eum
1556 2010 1781 2051 uxorem

222 2064 436 2138 habuisse
471 2080 641 2137 quam
685 2064 954 2138 Priscam,
1000 2075 1114 2138 toto
1145 2067 1476 2138 principatus
1511 2068 1591 2121 sui
1641 2076 1783 2122 temo

224 2151 347 2206 pore.
376 2135 583 2192 Erravit
605 2151 737 2208 ergo
767 2135 989 2207 Vigilins
1021 2139 1072 2192 in
1095 2135 1350 2205 Historia,
1378 2147 1471 2192 aut
1496 2148 1783 2208 corruptus

224 2208 269 2262 in
288 2208 374 2262 hoc
401 2209 515 2264 loco
538 2218 629 2264 est
659 2206 944 2263 Gestorum
970 2208 1353 2279 pontificalium
1380 2208 1534 2263 liber.
1563 2206 1703 2265 Sane
1730 2211 1782 2264 in

222 2280 376 2334 codice
401 2280 503 2335 756
531 2280 783 2349 ejusdem
813 2278 1152 2335 bibliothecae
1173 2278 1494 2335 Colbertinm
1514 2281 1584 2334 ita
1616 2281 1782 2336 habe-

225 2360 293 2421 tur
318 2369 331 2405 :
359 2349 461 2405 Sed
481 2351 644 2405 Itodie
665 2351 770 2405 scio
799 2353 935 2421 quod
966 2349 1342 2405 Diocletianum
1369 2362 1416 2406 et
1443 2350 1676 2417 Decium,
1707 2352 1786 2407 vel

222 2419 512 2477 Leutherium
562 2424 755 2477 inveni.
796 2419 915 2477 lam
940 2438 1068 2493 ergo
1111 2422 1330 2478 fmtnina
1379 2423 1465 2477 illa
1507 2424 1558 2478 in
1609 2422 1783 2478 virum

220 2504 390 2565 mutata
414 2494 723 2565 est.7Porro
746 2510 812 2548 ex
840 2493 923 2549 his
944 2509 1064 2565 qua:
1099 2493 1361 2549 hactenus
1383 2495 1524 2549 dicta
1567 2503 1695 2549 sunt
1717 2495 1784 2550 de

220 2564 389 2618 Serena
416 2574 471 2619 et
516 2564 834 2621 Eleutheria
891 2564 1044 2621 facile
1086 2565 1339 2635 colligere
1386 2566 1557 2635 quivis
1610 2574 1786 2635 potest

217 2649 314 2706 qua:
342 2636 465 2691 fides
487 2636 797 2691 adhibenda
824 2638 895 2693 sit
925 2637 1173 2693 Historiae
1201 2637 1371 2691 sancti
1398 2636 1612 2706 Georgii
1642 2636 1785 2691 Mar-

220 2704 347 2779 tyris,
369 2707 418 2761 in
439 2723 544 2779 qua
572 2708 833 2779 scriptum
862 2716 945 2764 est
969 2707 1329 2779 Alexandram
1364 2704 1782 2776 imperatricem,

220 2775 503 2851 Diocletiani
528 2775 845 2851 conjugem,
871 2779 989 2833 viso
1013 2778 1244 2851 quodam
1293 2775 1487 2849 insigni
1525 2775 1786 2851 miraculo

214 2846 258 2921 in
283 2862 491 2921 persona
523 2846 782 2921 Martyris
803 2846 1128 2921 perpetrato,
1160 2846 1440 2905 veritatem
1464 2849 1749 2919 agnovisse
1766 2891 1783 2917 ,

215 2917 257 2971 id
280 2928 371 2985 est,
397 2920 602 2976 Christi
654 2917 815 2976 fidem
850 2917 970 2977 esse
1020 2921 1343 2991 amplexam.
1380 2917 1783 2977 llaec‘nimirum

215 3000 283 3064 cst
320 2992 655 3064 Alexandra,
708 2992 1021 3064 Diocletiani
1052 2993 1283 3063 conjux,
1326 3003 1497 3047 mater
1541 2994 1785 3064 conjugis

216 3058 489 3134 llaximiani
514 3106 530 3130 ,
556 3073 619 3117 ιιι
643 3058 879 3118 refertur
898 3064 951 3118 in
978 3064 1093 3119 Vita
1119 3058 1361 3134 ejusdem
1391 3058 1659 3134 Gcorgiif
1686 3058 1783 3120 οὐ·

212 3131 283 3205 jus
307 3132 662 3205 fragmentum
694 3135 746 3189 in
768 3144 913 3189 tomo
945 3136 1099 3190 tertio
1125 3131 1349 3205 Aprilis,
1374 3150 1494 3205 pag.
1517 3131 1642 3203 {05,
1672 3138 1783 3191 edi-

1868 497 2258 580 in_proLttndunt
2285 514 2424 552 mare
2449 494 2897 580 pr'oiecerefldem
2929 494 2982 555 in
3009 502 3147 580 libro
3169 503 3238 560 de
3264 494 3463 580 Marty-

1869 568 2025 648 ribus
2043 568 2368 648 Palaestina},
2394 584 2515 648 cap.
2535 568 2610 648 Β,
2629 587 2855 648 narrans
2883 576 3202 648 martyrium
3236 568 3466 648 iAgapii,

1869 643 1951 715 ait
1974 640 2120 694 illum
2143 640 2399 712 appensis
2415 640 2482 696 ad
2511 642 2676 712 pedes
2692 643 2810 713 ejus
2834 640 3104 715 lapidibus
3127 640 3465 705 medio'niari

1870 710 2378 767 submersum'esse.

1878 796 1881 797 ν
1947 780 2116 836 Homo
2146 799 2248 837 non
2273 784 2402 837 adeo
2431 783 2672 839 clemens.
2727 784 3039 842 Herculium
3090 787 3471 848 Maximianum

1873 850 2040 908 fuisse
2066 854 2339 910 hominem
2368 869 2653 923 asperum,
2686 856 2963 913 crudelem
3009 874 3072 914 ac
3118 861 3470 920 inhumanum

1874 925 2090 998 tradunt
2112 927 2307 981 vetusti
2328 925 2651 996 Scriptores.
2679 927 2990 998 Eutropius,
3018 930 3110 984 lib.
3138 948 3191 987 ιχ
3221 950 3233 985 :
3271 931 3471 989 Hercu-

1874 993 1972 1049 lius
2001 1007 2168 1050 autent
2197 993 2464 1075 propalam
2493 1002 2707 1075 ferus‘et
2728 993 2946 1075 incivitis
2970 1003 3159 1075 ingenii
3184 1045 3200 1070 ,
3231 1006 3475 1075 asperita-

1875 1075 1973 1142 t_ei_n
1993 1084 2141 1142 suam
2162 1070 2315 1122 etiam
2344 1069 2511 1122 vultus
2533 1070 2743 1124 horrore
2769 1069 3087 1142 significans.
3118 1073 3251 1130 Item
3277 1069 3471 1135 libsxz

1886 1135 1975 1215 Vir
2001 1139 2070 1191 ad
2091 1154 2298 1215 omnem
2327 1142 2655 1215 asperitatem
2698 1135 3046 1215 stcviiiantque
3075 1146 3330 1215 proclivas
3348 1189 3364 1213 ,
3394 1150 3475 1203 iti-

1875 1208 2048 1287 édus,
2083 1208 2470 1287 incommodus,
2518 1212 2780 1287 civilitatis
2826 1208 3028 1283 penitus
3065 1208 3265 1287 expers.
3299 1208 3475 1274 Etiam

1876 1280 2272 1354 Diocletianus,
2300 1282 2391 1354 qui
2442 1298 2710 1338 summum
2746 1280 3032 1354 imperium
3069 1280 3191 1342 eum
3223 1304 3290 1343 eo
3320 1304 3477 1344 com.

1876 1351 2246 1428 municaverat
2266 1394 2281 1420 ,
2309 1352 2425 1428 ejus
2447 1355 2800 1428 asperitatem
2824 1351 3247 1428 reprehendere
3288 1360 3480 1416 solitus

1877 1432 1993 1495 erat
2012 1464 2027 1489 ,
2053 1433 2117 1495 ut
2132 1424 2291 1495 docet
2310 1424 2526 1478 Flavius
2550 1426 2812 1495 Vopiscus
2832 1429 2883 1483 in
2908 1424 2973 1483 ἶ).
2997 1430 3305 1485 Aureliano.
3338 1431 3478 1488 Vide

1877 1492 2040 1619 etiam
2095 1494 2369 1550 lulianum
2427 1492 2809 1566 imperatorem
2863 1501 2915 1554 in
2972 1501 3110 1555 libro
3170 1500 3240 1556 de
3293 1502 3478 1559 (Stesa-

1881 1579 1925 1618 rt
1969 1579 2050 1618 us.

1881 1579 2050 1619 l'lDllS.
3464 1619 3468 1623 .

1952 1634 2186 1715 Parietes
2208 1637 2344 1691 dirui
2370 1654 2554 1715 passus
2569 1648 2696 1715 _est._
2696 1639 2897 1695 Contra
2929 1641 3215 1711 Eusebius,
3240 1644 3332 1700 lib.
3361 1661 3475 1715 vm,

1879 1719 2000 1785 cap.
2038 1709 2141 1774 15,
2179 1717 2369 1785 aperte
2420 1710 2607 1765 scribit
2656 1709 3027 1785 constantiam
3076 1709 3250 1785 neque
3299 1709 3481 1773 eccle;

1882 1778 2083 1850 siarum
2113 1779 2258 1835 aedes
2282 1802 2299 1845 ,
2327 1780 2441 1834 sive
2470 1784 2842 1839 conventicula
2866 1825 2882 1850 ,
2937 1794 2990 1839 ut
3032 1786 3119 1841 hic
3159 1778 3290 1842 dicit
3345 1788 3481 1845 Lac.-

1885 1848 2116 1929 tantius,
2142 1850 2652 1929 itemqueﬂuffinus
2688 1856 2742 1909 in
2776 1848 3023 1929 versione
3052 1857 3210 1927 hujus
3231 1859 3333 1914 loci
3366 1859 3478 1915 Eu-

1885 1921 2521 1998 sebiani,sub_vertisse,
2552 1940 2652 1980 nec
2704 1927 2991 1998 quicquam
3044 1921 3304 1987 adversus
3353 1945 3475 1987 nos-

1887 2000 2001 2045 tros
2021 2006 2145 2047 esse
2168 1993 2436 2047 molitum.

1970 2060 2152 2137 Verum
2172 2061 2272 2137 Dei
2294 2064 2559 2137 templum.
2583 2065 2641 2122 ld
2670 2077 2753 2125 est
2772 2111 2788 2137 ,
2816 2067 3089 2125 hominem
3111 2070 3485 2129 christianum.

1885 2132 2222 2213 Lactantius,
2250 2135 2346 2190 lib.
2367 2132 2407 2191 vi
2428 2135 2627 2213 lnstit.,
2650 2132 2836 2213 ρπβ.ίὸ
2867 2159 2879 2195 :
2911 2139 3072 2213 Cujus
3102 2142 3347 2213 templum
3378 2155 3486 2210 est,

1885 2221 1989 2284 non
2021 2206 2252 2275 lapides,
2284 2216 2374 2284 aut
2419 2208 2582 2284 lutum
2601 2253 2615 2275 ,
2646 2206 2736 2265 sed
2784 2212 2935 2266 homo
2974 2206 3113 2281 ipse,
3144 2206 3234 2284 qui
3258 2206 3485 2284 ﬁguram

1886 2276 1981 2330 Dei
1996 2287 2161 2354 gestat
2176 2278 2356 2354 {quod
2379 2282 2621 2354 templum
2644 2298 2744 2354 non
2771 2299 2898 2337 auro
2924 2293 2969 2338 et
2990 2276 3323 2354 gentm-aruit;
3336 2287 3487 2341 donis

1885 2348 2332 2419 corruptibilibus,
2385 2350 2473 2403 sed
2501 2352 2705 2407 (uternis
2734 2355 2974 2407 virtutum
2990 2348 3293 2411 'muneribus
3334 2373 3490 2412 orna-

1887 2420 2185 2499 tur.‘l_dem,
2213 2420 2303 2474 lib.
2339 2436 2429 2499 v1,
2459 2436 2577 2491 cap.
2611 2423 2683 2478 25
2712 2442 2731 2499 _:
2762 2423 2883 2478 Non
2924 2427 3113 2499 templa
3138 2427 3217 2481 illi
3238 2429 3491 2499 congestis

1884 2490 1938 2543 in
1956 2491 2279 2569 altitudinem
2306 2490 2445 2545 saxis
2472 2490 2756 2569 extruenda
2784 2505 2902 2569 sunt
2922 2511 2942 2549 :
2968 2490 3139 2551 in'suo
3164 2490 3489 2569 cuique'cou-

1884 2561 2166 2639 sfcrandus
2192 2572 2265 2616 est
2289 2572 2509 2639 pectore.
2538 2565 2605 2618 Et
2647 2564 2784 2619 infra
2814 2583 2828 2619 :
2861 2566 3048 2621 Secum
3070 2561 3285 2639 denique
3307 2570 3492 2625 habeat

1887 2629 2297 2711 Deuﬁmsemper
2308 2633 2361 2687 in
2383 2635 2537 2711 corde
2562 2652 2655 2711 suo
2682 2648 3070 2711 consecratum,
3097 2629 3338 2710 quoniam
3377 2642 3492 2711 ipse

1887 2712 1961 2783 ιιι
1984 2701 2079 2783 _Dci
2103 2706 2366 2783 templum.
2394 2704 2769 2783 ldeut,_lib._n,
2790 2723 2909 2778 cap.
2934 2708 2990 2777 2,
3010 2701 3181 2766 Ιὶιιῖνι
3200 2751 3216 2779 ,
3245 2726 3366 2783 cap.
3394 2701 3488 2781 id,

1886 2775 1961 2829 ait
1982 2775 2255 2832 hominem
2273 2790 2395 2832 esse
2423 2778 2514 2832 Dei
2545 2775 2912 2835 simulacrum.

2477 2888 2707 2946 CAPUT
2751 2891 2888 2948 XVI.

1941 2989 2163 3063 .Prwtcr
2199 2988 2418 3063 Gallias.
2470 2990 2710 3047 Libellus
2764 3008 2983 3063 precum
3034 2993 3392 3051 Constantino
3416 2994 3487 3051 Μ.

1890 3062 2106 3135 oblatus
2135 3078 2164 3115 a
2199 3062 2491 3135 Donatistis
2511 3064 2652 3133 apud
2684 3062 2935 3135 Optatum
2978 3064 3365 3135 Milevitanum,
3394 3067 3487 3123 lib.

1890 3149 1906 3187 ι
1933 3151 1952 3209 _:
1987 3133 2249 3209 Rogamus
2271 3144 2349 3200 te',
2368 3205 2378 3209 _
2396 3150 2427 3189 0
2451 3133 2786 3190 Constantine
2815 3138 3004 3208 Optime
3033 3137 3335 3208 imperator,
3353 3133 3493 3209 gno-

213 3204 278 3280 dit
316 3202 642 3280 Godcfridus
684 3206 1037 3280 Enscltenius.
1081 3202 1341 3280 Eamdem
1360 3202 1666 3262 defunctam
1718 3208 1785 3265 ab
1814 3212 1860 3277 C
1889 3206 2029 3259 niam
2058 3202 2123 3258 de
2149 3222 2331 3276 genere
2348 3205 2495 3280 justo
2524 3223 2576 3261 es
2595 3249 2611 3275 ,
2648 3210 2799 3280 cujus
2829 3202 2977 3278 pater
3002 3202 3133 3262 inter
3158 3202 3495 3265 creteros'im-
3564 3206 3571 3216 “

213 3274 371 3348 inferis
400 3279 656 3333 oratione
675 3278 788 3331 sola
817 3278 1058 3347 ejusdem
1090 3277 1305 3348 Georgii
1345 3289 1650 3348 revocatum
1679 3288 1786 3334 tra—

214 3344 636 3423 dit_Nicephorus
661 3344 1062 3423 Ca_llistus,_lib.
1087 3365 1158 3403 vn
1181 3396 1197 3423 ,
1229 3344 1347 3423 cap.
1379 3347 1467 3423 15.

274 3415 441 3473 Pollui
468 3420 661 3490 coegit.
707 3419 790 3474 Ex
827 3419 932 3476 hoc
957 3421 1076 3476 loco
1097 3415 1195 3474 vir"
1223 3415 1570 3475 doctissimus
1600 3419 1790 3477 llenri-

212 3490 642 3563 cuSLDodwellus
668 3491 886 3561 collegit
910 3493 963 3563 in
994 3491 1461 3547 dissertationibus
1510 3492 1790 3563 Cypriani-

214 3558 278 3633 eis
305 3559 620 3633 Diocletiani
652 3558 873 3617 uxorein
905 3562 1144 3618 Priscum
1170 3566 1238 3619 ’et
1284 3564 1449 3617 filiam
1478 3558 1605 3633 ejus
1633 3564 1789 3619 Vale-

212 3630 324 3683 riam
347 3631 510 3706 fuisse
534 3632 897 3706 christianas;
929 3650 1153 3706 eamque
1173 3634 1492 3689 sententiam
1507 3630 1793 3691 confirmat

214 3704 508 3776 auctoritate
538 3704 800 3771 Eusebii,
833 3706 922 3776 qui
978 3704 1234 3773 lib.'vnt,
1281 3719 1400 3774 cap.
1444 3707 1463 3760 l
1509 3705 1645 3761 Hist.
1691 3706 1793 3763 Ec-

214 3771 347 3847 clesf,
378 3790 823 3832 commemorans
848 3771 928 3832 'ea
958 3792 1077 3846 qua:
1121 3771 1550 3847 persecutionem
1584 3776 1793 3832 Diocle-

216 3844 323 3898 tiani
351 3857 800 3912 antecesserunt,
829 3849 903 3902 ait
954 3844 1150 3903 uxores
1192 3850 1574 3918 imperatorum
1618 3851 1792 3917 palam

214 3917 489 3984 acpublice
527 3919 701 3974 fuisse
727 3918 1083 3987 christianas,
1128 3928 1184 3974 et
1227 3917 1289 3974 ea
1344 3936 1463 3986 quae
1517 3919 1796 3989 religionis

212 3998 308 4062 sua:
346 4002 503 4045 erant
528 4033 544 4057 ,
582 4000 694 4045 tam
727 3990 907 4045 verbis
942 4006 1100 4062 quam
1138 3990 1293 4045 factis
1324 3991 1494 4046 libere
1523 4005 1795 4061 exequen-

213 4057 257 4133 di
280 4073 457 4116 coram
487 4062 912 4133 imperatoribus
933 4057 1249 4131 potestatem
1267 4063 1335 4116 ab
1365 4063 1494 4133 ipsis
1519 4057 1795 4133 habuisse.

213 4125 329 4203 llam
355 4125 607 4202 quamvis
656 4125 1010 4202 imperatores
1054 4149 1161 4187 non
1214 4125 1490 4197 nominet,
1522 4134 1611 4203 qui
1658 4132 1797 4189 hanc

210 4198 503 4273 facultatem
531 4198 801 4273 dederunt
831 4205 1091 4259 uxoribus
1128 4205 1273 4268 suis,
1310 4207 1422 4259 hmc
1452 4198 1629 4259 tanien
1662 4203 1798 4259 Lac-

213 4272 346 4346 tantii
400 4272 573 4330 verba
628 4277 855 4346 innuerc
903 4276 1150 4331 videntur
1208 4275 1430 4346 intelligi
1479 4275 1680 4331 debere
1730 4276 1799 4332 de

213 4342 537 4402 Diocletiano
569 4357 625 4402 et
656 4345 889 4401 Galerio.
911 4347 1124 4402 Atenim
1150 4347 1195 4401 si
1218 4346 1323 4401 illa:
1346 4342 1473 4402 vere
1490 4346 1800 4403 christiana:

210 4411 447 4488 fuerunt,
480 4420 759 4488 quomodo
782 4418 1074 4474 existimari
1126 4426 1303 4487 potest
1353 4418 1615 4474 sacrificio
1640 4420 1801 4475 fuisse

213 4485 467 4554 pollutas,
501 4485 698 4545 'etiam
752 4494 1007 4544 coactas?
1033 4485 1164 4559 Quis
1218 4490 1359 4544 enim
1399 4489 1582 4545 credat
1626 4489 1799 4545 foemi-

211 4568 299 4609 nas
327 4560 605 4630 principes
652 4560 706 4614 in
751 4560 899 4616 edito
928 4560 1049 4615 loco
1099 4561 1423 4615 constitutas
1478 4577 1585 4615 non
1634 4563 1802 4617 fuisse

212 4641 359 4704 {uisas
389 4631 696 4704 refragari,
741 4647 863 4687 cum
908 4630 1058 4704 pueri
1107 4641 1162 4687 et
1210 4633 1575 4700 mulierculas,
1633 4642 1692 4688 ut
1746 4634 1797 4688 in

214 4696 341 4775 libro
364 4696 569 4775 quinto
602 4696 1339 4775 DivinarumInstitution'um
1359 4743 1375 4767 ,
1408 4718 1529 4773 cap.
1559 4696 1652 4758 ⁷15
1672 4745 1686 4769 ,
1725 4704 1800 4759 ait

214 4765 552 4836 lactantins,
585 4775 869 4829 tormentis
917 4791 1021 4829 non
1049 4765 1304 4830 cederent
1327 4765 1369 4839 ;i
1402 4765 1644 4829 Eunuchi
1672 4765 1802 4830 vero

215 4843 383 4917 pacari
412 4843 708 4917 maluerint
736 4888 752 4911 ,
783 4861 941 4917 quam
971 4860 1165 4917 negare
1187 4844 1346 4917 fidem
1376 4844 1607 4912 Christi,
1641 4861 1801 4916 quam

214 4908 371 4981 impio
385 4914 666 4988 sacrificio
692 4908 854 4987 pollui
878 4917 902 4970 ἶ*
929 4908 1192 4973 Pr:eierea
1213 4915 1536 4988 ubicumque
1559 4908 1628 4973 de
1659 4908 1805 4971 Pris-

213 4996 268 5062 ca
298 4993 351 5038 et
384 4985 827 5062 Valeriaagitur
876 4990 928 5043 in
959 4988 1061 5062 hoc
1087 4989 1254 5053 libro,
1282 4985 1482 5042 nullum
1511 4988 1621 5062 illic
1646 4989 1808 5062 vesti-

216 5058 351 5132 gium
379 5058 667 5132 religionis
695 5058 881 5115 earum
908 5076 923 5126 ;
963 5061 1117 5130 cujus
1149 5070 1327 5115 tamen
1372 5060 1699 5132 mentionem
1728 5060 1806 5115 fe»

216 5126 369 5181 cisset
396 5126 740 5194 Lactantius,
768 5132 958 5186 saltem
985 5126 1105 5201 cap.
1149 5132 1220 5196 2,
1256 5132 1342 5185 ubi
1382 5129 1697 5187 describens
1724 5146 1814 5186 ea-

214 5208 339 5277 rum
383 5204 631 5277 exitum,
691 5203 768 5257 ait
822 5203 955 5258 illis”
993 5203 1301 5274 pudicitiam
1346 5211 1402 5258 et
1445 5203 1813 5259 conditionem

220 5269 380 5323 exitio
402 5271 602 5327 fuisse.

290 5338 754 5418 Eunuchinecati.
790 5344 854 5418 Et
881 5345 1019 5401 inter
1047 5345 1147 5400 hos
1181 5345 1584 5418 Petrus,‘cujns
1614 5355 1817 5418 marty-

220 5413 349 5466 rium
376 5415 644 5488 describit
669 5416 953 5482 Eusebius,
973 5418 1065 5472 lib.
1089 5433 1187 5472 vut
1207 5459 1222 5483 ,
1246 5433 1364 5488 cap.
1393 5416 1445 5472 6.
1473 5417 1605 5473 Item
1637 5413 1815 5486 ludes,

223 5497 273 5536 ut
298 5486 703 5559 produnt‘Acta
730 5490 979 5559 martyrii
1001 5489 1138 5557 ejus.

286 5557 364 5609 Ad
384 5556 710 5611 exustionem
754 5556 910 5627 rapti.
946 5556 1243 5614 Confirmat
1288 5559 1386 5614 ista
1424 5560 1687 5615 Eusebius
1715 5560 1815 5615 ibi-

218 5624 375 5692 dem,
405 5627 663 5683 scribens
698 5624 962 5697 imperiali
987 5632 1140 5699 jussu
1180 5640 1442 5701 quotquot
1487 5631 1814 5686 Nicomedia:

215 5709 363 5772 etum
411 5701 528 5772 ADei
580 5701 810 5756 cultores
871 5704 1161 5756 acervatim
1204 5718 1325 5756 eum
1387 5704 1501 5757 suis
1554 5701 1767 5757 familiis
1797 5744 1813 5772 ,

212 5770 348 5844 alios
370 5770 571 5844 gladio
589 5812 604 5836 ,
630 5774 762 5844 alios
786 5772 1023 5844 ﬂammis
1047 5783 1400 5843 consumptos
1422 5774 1665 5844 periisse.

280 5839 428 5899 lari
456 5840 835 5917 mergebantur.
870 5843 1139 5905 Eusebius
1172 5839 1372 5906 ibidem
1399 5839 1591 5904 {Alias
1617 5860 1814 5924 quoque

1894 3286 2151 3353 peratores
2180 3278 2572 3353 persecutionem
2621 3278 2725 3333 non
2758 3281 2983 3336 exercuit
3004 3290 3097 3353 ,_et
3144 3281 3206 3334 ab
3236 3282 3330 3335 hoc
3358 3282 3494 3353 faci-

1894 3346 2017 3425 nore
2045 3348 2284 3425 immunis
2314 3359 2387 3425 est
2413 3346 2622 3425 Gallia,
2651 3353 2865 3421 petimus
2886 3361 2942 3425 ut
2959 3349 3189 3425 ecullia
3219 3346 3373 3425 nobis
3394 3354 3492 3425 ju-

1894 3418 2030 3494 dires
2055 3418 2169 3472 dari
2215 3420 2481 3494 precipiat
2528 3418 2687 3491 pietas
2717 3432 2823 3477 tua.
2874 3421 3058 3477 Gallia:
3102 3438 3232 3494 ergo
3275 3418 3496 3479 fuerunt

1895 3491 2173 3565 immunes
2192 3490 2261 3545 ab
2287 3491 2385 3565 hac
2401 3494 2783 3565 persecutione
2804 3536 2819 3559 ,
2850 3494 2993 3563 quod
3042 3494 3151 3549 illic
3168 3490 3495 3565 vimperaret

1893 3558 2241 3635 gettistantius
2291 3558 2706 3635 benignissimus
2766 3558 3084 3635 imperator,
3136 3573 3192 3619 et
3258 3558 3386 3635 qui,
3436 3575 3495 3620 ut

1896 3633 2164 3686 Eusebius
2191 3629 2353 3685 tradit
2382 3675 2395 3698 ,
2421 3629 2820 3702 persecutionis
2844 3629 3136 3689 adversum
3185 3629 3291 3689 nos
3315 3629 3497 3690 conci-

1897 3710 2020 3776 latae
2049 3716 2245 3776 expers
2271 3703 2496 3776 omnino
2521 3703 2651 3769 fuit,
2692 3714 2745 3760 et
2775 3706 3015 3760 cultores
3057 3705 3153 3760 Dei
3200 3706 3300 3761 sub
3328 3704 3496 3776 ipsius

1896 3774 2126 3846 imperio
2145 3773 2402 3843 degentes
2432 3774 2502 3829 ab
2545 3780 2692 3831 omni
2724 3790 2861 3831 noxa
2905 3784 2960 3831 et
3005 3776 3199 3846 injuria
3229 3773 3497 3833 inminues

1896 3845 2163 3912 servavit,
2193 3860 2256 3900 ac
2288 3860 2461 3916 neque
2492 3846 2851 3903 Ecclesiarum
2900 3845 3129 3903 :ndiliCia
3181 3848 3491 3917 subvertit,

1897 3932 1998 3972 nec
2027 3918 2150 3970 novi
2173 3917 2461 3986 quicquam
2486 3918 2749 3975 adversus
2769 3933 2867 3973 nos
2893 3921 3099 3974 statuit.
3131 3919 3269 3988 Quin
3296 3929 3351 3975 et
3379 3920 3491 3976 Eu-

1900 3989 2109 4058 tropius
2136 3988 2186 4042 in
2221 3990 2372 4042 initio
2415 3989 2534 4044 libri
2561 3991 2753 4045 decimi
2786 3990 2967 4046 dicere
2997 3990 3206 4046 videtur
3230 3989 3492 4047 Gallicum

1898 4059 2215 4129 sanguinem
2267 4076 2371 4114 non
2407 4060 2571 4117 fuisse
2620 4061 2797 4117 fusum
2852 4064 2905 4117 in
2945 4062 3049 4118 hac
3094 4064 3493 4129 persecutione.

1897 4130 2151 4200 Loquens
2189 4129 2332 4185 enim
2363 4132 2430 4186 de
2456 4133 2772 4187 Constantio
2795 4174 2808 4198 ,
2834 4133 2905 4187 ita
2927 4134 3003 4187 ait
3035 4152 3048 4186 :
3084 4129 3185 4186 Hic
3213 4150 3316 4188 non
3341 4134 3497 4187 modo

1899 4202 2135 4274 amabilis
2158 4244 2171 4266 ,
2205 4202 2311 4274 sed
2354 4204 2507 4256 etiam
2542 4204 2837 4257 venerabilis
2868 4202 3034 4259 Gallis
3081 4205 3212 4274 fuit,
3230 4206 3500 4274 praecipue

1899 4274 2036 4343 quod
2062 4272 2369 4327 Diocletiani
2393 4284 2677 4344 suspectam
2706 4275 3028 4343 prudentiam
3052 4272 3141 4341 ,τι
3187 4272 3501 4329 Maximiani

1901 4344 2288 4416 sanguinariam
2314 4347 2649 4399 temeritatem
2674 4346 2888 4413 imperio
2931 4346 3042 4415 ejus
3067 4357 3349 4399 evaserant.
3391 4345 3500 4401 Sed

1900 4415 2161 4471 adversus
2192 4416 2305 4471 haec
2350 4415 2644 4471 reclamant
2676 4416 2914 4470 historiae
2956 4417 3335 4472 nonnullarum
3364 4417 3497 4471 Gal-

1904 4489 1990 4560 liae
2010 4487 2380 4560 civitatumac
2426 4486 2856 4560 provinciarum,
2900 4504 3021 4560 qua:
3064 4504 3208 4560 suos
3235 4497 3503 4560 martyres

1829 4596 1882 4657 D
1906 4556 2701 4657 ἷῖἰίίὶἑὶθῗὲῗέίὶξῖἶξῗῗοδὲΕῗΡῖΡ
2717 4557 3041 4657 λῖἢρξξξξξξξ
3070 4556 3503 4657 νῗῗέίῗὲἓέληὲἓ

1909 4639 1967 4687 ιιι
1997 4629 2080 4683 vix
2111 4630 2212 4683 ulla
2239 4630 2427 4684 civitas
2471 4632 2631 4684 fuerit
2658 4635 2795 4700 intra
2822 4627 3207 4700 Gallina—quae
3238 4642 3351 4687 tum
3393 4645 3502 4686 non

1908 4701 2118 4756 dicatur
2148 4700 2418 4756 maduisse
2466 4702 2726 4771 sanguine
2771 4698 3227 4757 Christianorum.
3276 4703 3380 4761 lsta
3425 4703 3505 4757 sic

1910 4770 2184 4828 conciliari
2206 4782 2461 4844 possunt,
2491 4770 2644 4828 initio
2672 4772 2913 4841 ‘quidcm
2949 4771 3153 4829 Gallias
3179 4789 3208 4826 a
3255 4788 3507 4844 persecu-

1913 4844 2188 4914 tionenon
2218 4843 2385 4899 fuisse
2408 4857 2630 4912 prorsus
2677 4844 2943 4898 immunes
2966 4886 2983 4912 ,
3018 4843 3281 4914 occupato
3317 4844 3506 4900 videli-

1913 4924 2001 4987 cet
2046 4912 2363 4987 Constautio
2417 4918 2604 4987 contra
2663 4914 2921 4987 barbaros
2964 4915 3064 4987 (ut
3109 4912 3506 4971 illustrissimus

1914 4986 2201 5055 epismpus
2225 4985 2636 5054 Monspeliensis
2682 4983 2998 5057 Franciscus
3025 4986 3325 5057 Bosquetus
3347 4986 3426 5041 'ait
3453 4987 3508 5041 in

1916 5058 2056 5113 libro
2073 5065 2266 5127 quarto
2297 5058 2648 5129 Historiarum
2670 5056 2924 5129 Ecclesiae
2946 5056 3257 5129 Gallicanae,
3279 5072 3398 5129 cap.
3423 5057 3508 5129 2),

1918 5144 1982 5184 ac
2010 5126 2110 5199 pro
2159 5128 2549 5183 consuetudine
2571 5170 2605 5199 ,Α
2644 5136 2700 5183 et
2749 5128 2911 5182 solito
2962 5126 3251 5199 Gentilium
3295 5126 3508 5194 furore,

1919 5197 2116 5255 multos
2146 5200 2472 5254 christianos
2503 5201 2554 5253 in
2577 5197 2765 5253 Galliis
2785 5214 2955 5255 caesos
2999 5199 3185 5255 fuisse.
3212 5197 3513 5255 Continuat

1920 5271 2036 5327 haec
2079 5272 2340 5326 Eusebius
2372 5273 2422 5325 in
2448 5274 2550 5325 line
2575 5270 2692 5326 libri
2718 5270 2786 5325 de
2814 5271 3138 5341 martyribus
3169 5272 3470 5327 Palaestinae
3496 5289 3508 5324 :

1924 5343 2063 5398 Nam
2089 5344 2455 5415 quwnlterius
2470 5344 2584 5415 sitae
2622 5352 2739 5415 sunt
2778 5343 3008 5415 regiones
3036 5384 3050 5408 ,
3100 5345 3271 5414 inquit
3296 5385 3309 5408 ,
3352 5342 3514 5396 Italia

1920 5412 2148 5470 videlicet
2171 5424 2280 5468 tota
2300 5455 2314 5479 ,
2346 5424 2392 5468 et
2418 5412 2603 5469 Sicilia
2621 5455 2635 5479 ,
2667 5413 2838 5467 Gallia
2860 5418 3058 5483 quoque
3079 5454 3096 5481 ,
3125 5412 3515 5483 et'quwcunqne

1922 5487 1990 5541 ad
2017 5503 2252 5541 occasum
2292 5486 2415 5541 solis
2456 5487 2805 5556 porriguntur,
2855 5485 3109 5556 Hispania
3137 5526 3153 5553 ,
3196 5485 3515 5539 Mauritania

1923 5569 1969 5613 et
1996 5559 2171 5630 Africa
2191 5599 2206 5624 ,
2236 5574 2351 5612 cum
2378 5560 2460 5630 via:
2494 5557 2692 5630 duobus
2735 5558 2912 5625 primis
2962 5557 3324 5626 persecutionis
3365 5556 3514 5630 annis

1921 5627 2133 5699 integris
2169 5634 2395 5702 furorem
2431 5628 2555 5702 belli
2599 5639 2825 5695 experta:
2864 5639 3027 5682 essent
3052 5668 3067 5694 ,
3099 5629 3254 5680 divini
3294 5627 3515 5678 numinis

1923 5701 2370 5771 prtesentissimum
2394 5701 2653 5771 auxiliarii
2689 5709 2736 5752 et
2779 5716 2953 5765 pacem
2980 5702 3114 5771 brevi
3138 5710 3255 5771 sunt
3279 5712 3513 5771 consecu-

1922 5767 2005 5825 ιω.
2042 5774 2189 5825 llune
2218 5781 2394 5827 tamen
2423 5772 2598 5825 locum
2638 5770 2715 5840 ita
2748 5771 2969 5840 intelligi
3018 5769 3139 5840 vult»
3168 5767 3516 5833 doctissimus

1924 5842 2231 5909 Dodwellus
2269 5844 2323 5902 in
2371 5839 2847 5903 Dissertationibus
2889 5838 3261 5915 Cyprianicis,
3311 5848 3369 5901 ut
3416 5854 3519 5905 att-
