4058 6188
521 286 628 347 593

1842 276 2184 352 STEPllANl
2224 279 2495 342 BALUle

3715 277 3832 338 525

524 419 652 469 num
700 400 849 457 illum
901 396 1260 456 Orcidcntalis
1308 397 1518 469 imperii
1565 411 1794 455 tractum
1843 402 2106 456 Eusebius
2139 407 2189 465 Α
2214 417 2478 469 magnum,
2507 416 2662 467 quam
2684 397 2781 452 Dei
2811 398 2974 451 oculis
3003 405 3319 454 sacramento
3348 414 3409 450 ac
3434 395 3696 453 devotione
3722 401 3831 452 mi.

526 475 804 543 pra-t-ipuis
833 476 1123 528 Provinciis
1159 474 1444 532 nominatis
1474 473 1780 540 designaret
1801 515 1813 531 .
1849 490 1945 526 nec
1973 474 2108 526 ultra

505 547 815 598 ‘t-ttit'ttlttitllll
861 544 1250 612 persecutionis
1298 561 1496 598 annum
1539 549 1710 605 ipsum
1741 545 1795 598 in
1854 557 1966 598 toto
2020 547 2112 598 illo

523 628 692 670 tracm
723 619 946 674 durasse
998 618 1290 677 iudicaret,
1321 631 1387 680 ac
1431 627 1612 682 tamen
1665 617 1878 672 interitu
1906 613 2111 671 Gallias

521 691 589 741 ah
619 703 680 740 ea
736 689 998 740 immunes
1034 688 1217 740 fuisse.
1259 686 1337 739 Ac
1375 701 1504 740 sane
1549 685 1665 751 eius
1715 687 2110 755 argumentatio

521 761 742 812 multam
774 761 884 811 veri
915 760 1148 828 specii-in
1181 759 1366 821 habet,
1415 767 1470 814 et
1499 758 1548 820 in
1576 757 1718 828 hanc
1758 773 1857 828 ego
1894 767 2114 816 sentcn-

523 831 648 882 tiaui
683 830 836 883 facile
863 819 1147 892 transirent
1169 869 1184 894 ,
1218 829 1316 885 nisi
1347 819 1642 882 iiconstaret
1687 819 1974 892 EusEbium
2011 846 2107 884 nn-

522 901 763 967 tuinalim
797 900 997 968 Gallias
1024 902 1326 969 exprimere
1357 899 1611 960 voluisse.

593 970 720 1024 Tres
766 973 953 1024 bestite.
1009 970 1063 1032 ιιι
1097 967 1250 1033 Vest,
1312 969 1711 1031 Diocletianus,
1761 967 2115 1030 Maximianus

521 1042 807 1107 Herculius
849 1054 903 1095 et
954 1039 1201 1095 Galerius
1242 1040 1611 1096 Maximianus.
1661 1040 1875 1094 Perstat
1938 1042 2116 1106 itaque

523 1113 835 1179 Lactantius
866 1114 915 1180 in
947 1114 1240 1178 sententia,
1289 1124 1344 1165 et
1370 1110 1740 1178 Constantium
1799 1109 1986 1166 Galliis
2017 1112 2116 1178 iut-

523 1195 801 1253 perantent
831 1202 934 1237 non
970 1186 1116 1252 ponit
1145 1185 1193 1236 itt
1226 1201 1451 1248 numero
1483 1192 1906 1248 persecutortuu.

522 1251 538 1258 ’ἡ
599 1251 899 1307 Flaccinttm
929 1251 1246 1324 pi'tcfectum.
1275 1254 1569 1324 Bithyniae,
1604 1256 1651 1306 iu
1705 1268 1807 1322 qua
1857 1251 2116 1324 praesida-

525 1335 637 1378 tuiu
669 1328 834 1398 gessit
864 1322 1137 1393 llierocles
1156 1367 1169 1389 ,
1198 1322 1482 1398 antequam
1515 1322 2116 1398 praslecturani__1E~,typ-_

525 1399 560 1450 li
589 1440 603 1462 ,
636 1393 737 1465 qua
766 1413 888 1464 eum
941 1409 1191 1449 ornatum
1251 1393 1414 1449 fuisse
1467 1393 1527 1448 in,
1565 1395 2002 1448 annotationibus
2029 1393 2115 1460 ad

525 1469 836 1532 Eusebium,
871 1467 1148 1538 pag.1177,
1174 1467 1332 1520 docet
1363 1465 1911 1538 llenrieusyalcsius,
1948 1465 2118 1538 admi—

522 1531 802 1593 nisrmret.
856 1531 1141 1592 Crudelem
1195 1549 1370 1591 autem
1416 1536 1580 1590 fuisse
1634 1535 1942 1588 Flaeciuutn
1994 1536 2118 1588 hinc

521 1612 807 1679 colligitur,
840 1609 984 1678 quod
1033 1625 1156 1662 eum
1186 1609 1496 1672 Lactantius
1525 1615 1819 1679 vocaLuon
1865 1606 2113 1676 pusillum

523 1677 867 1734 homicidam.
903 1679 1104 1744 Eadem
1158 1691 1476 1748 tempestate
1508 1680 1636 1732 vixit
1663 1677 1952 1744 Flavianus
1977 1694 2114 1742 prte-

523 1753 697 1806 l'eetus
747 1751 1013 1822 Aigypti,
1066 1751 1222 1816 cujus
1271 1747 1472 1822 intentio
1521 1747 2118 1822 estat_‘itthllrlenologio

519 1819 916 1886 Grmcorum'ad
941 1823 1082 1876 diem
1107 1835 1349 1874 uetavain
1374 1821 1524 1886 Julii,
1551 1819 1691 1888 quod
1722 1819 1923 1874 editum
1944 1832 2024 1872 est
2049 1820 2114 1884 ab

522 1893 754 1947 Henrico
784 1893 1000 1947 Canisio
1042 1893 1093 1945 iii
1126 1903 1270 1944 tonio
1304 1891 1541 1960 secundo
1574 1890 1819 1944 lectionis
1857 1902 2114 1956 aututino.

597 1961 907 2018 Hieroclem.
938 1963 1035 2017 Hic
1079 1963 1229 2015 locus
1256 1961 1543 2015 conlirmat
1567 1961 1932 2029 Conjccturam
1965 1961 2116 2020 illus-

519 2035 742 2089 trissimi
771 2036 1060 2100 cardinalis
1104 2034 1354 2100 Baronii,
1403 2033 1494 2100 qui
1539 2034 1819 2098 sequentia
1852 2031 2115 2098 Lactaptii

520 2105 716 2168 verba,
760 2121 880 2175 quae
920 2121 1017 2157 nos
1041 2103 1359 2171 descripturi
1392 2118 1581 2175 sumus
1630 2118 1693 2154 ex
1750 2103 1888 2155 libro
1921 2104 2119 2175 quinto

520 2173 828 2230 llivinaruin
852 2175 1244 2228 luslitutiotmm
1268 2215 1284 2239 ,
1317 2173 1727 2234 existimaverat
1771 2189 1891 2228 esse
1919 2173 2119 2230 intelli-

517 2247 691 2313 genda
723 2248 790 2300 de
837 2248 1103 2299 Hierocle.
1146 2245 1268 2298 Fuit
1300 2257 1479 2298 autem
1513 2243 1788 2296 llicrocles
1813 2261 2008 2311 praeses
2032 2245 2121 2297 Bi-

520 2319 755 2388 thynum,
788 2319 861 2388 uti
891 2317 1000 2385 jam
1029 2316 1230 2370 dictum
1257 2327 1338 2369 est
1363 2357 1378 2383 ,
1413 2326 1466 2370 et
1495 2315 1717 2381 inultam
1746 2316 2114 2374 carniﬁcinam

518 2385 594 2442 de
614 2385 938 2456 ChriSIiattis
961 2388 1219 2456 eXercuit.

593 2463 778 2513 Auctor
827 2455 872 2512 et
913 2459 1257 2527 consiliarius.
1311 2458 1644 2524 Laclantius,
1695 2455 1790 2509 lib.
1842 2473 1871 2508 ν
1915 2455 2118 2523 lnstit.,

517 2546 640 2600 Cap.
739 2549 750 2584 :
784 2531 928 2584 Alius
950 2530 1178 2596 eamdem
1231 2533 1494 2588 materiam
1544 2527 1835 2580 mordacius
1874 2528 2075 2600 scripsit
2102 2570 2116 2592 ,

517 2599 739 2674 quierat
764 2613 874 2670 tum
896 2617 921 2653 e
952 2617 1160 2674 numero
1168 2601 1409 2674 jntlicnm
1432 2644 1448 2670 ,
1482 2610 1525 2653 et
1549 2600 1633 2670 qui
1661 2610 1840 2652 auctor
1866 2599 1918 2651 in
1941 2600 2119 2667 primis

521 2673 770 2742 facienda
798 2669 1305 2742 pet'secutionis‘fuit.

595 2739 1001 2814 l’risctllianum.
1053 2739 1316 2812 Bithyniae
1360 2740 1682 2814 priesidem,
1731 2749 1791 2794 ut
1834 2740 2120 2814 legiturin

516 2811 822 2883 Meuologio
874 2811 1188 2868 Grarcorum
1240 2814 1303 2865 ad
1363 2811 1518 2865 diem
1563 2813 1628 2865 12
1675 2811 2115 2883 inensisduuii:

520 2884 714 2937 Eodem
740 2881 824 2938 die
873 2895 1067 2937 sancta:
1117 2885 1358 2953 martyris
1389 2883 1678 2940 Antonium.
1711 2883 1861 2948 Apud
1888 2881 2120 2936 Nicaeam

518 2954 810 3025 Bithynice,
859 2951 1178 3025 Diocletiano
1228 2951 1278 3007 et
1330 2953 1647 3006 Maximiano
1692 2954 2118 3025 imperatoribus,

524 3021 856 3079 l’riscilliatto
910 3021 1161 3097 prwside,
1217 3026 1477 3077 Antonino
1527 3027 1576 3077 in
1632 3023 1930 3097 chrtstiante
2001 3027 2121 3090 fidei

518 3099 833 3168 confessione
854 3096 1144 3150 constanter
1166 3112 1526 3168 perseverans,
1553 3097 1753 3147 demum
1791 3096 1964 3168 gladio
1983 3114 2122 3168 per-

2145 1790 2194 1864 Β
2225 1752 2328 1815 l‘ra,
2357 1765 2476 1819 cap.
2513 1749 2603 1804 55.

2219 474 2323 526 litis
2353 475 2464 542 ejus
2493 471 2789 538 arreptum!

2297 540 2631 609 lt‘lrpltantos.
2662 542 2794 596 Nam
2839 551 2892 593 et
2931 540 3248 608 elephantos
3279 541 3344 592 ad
3384 555 3600 598 curram
3637 541 3837 609 junxe-

2216 625 2344 680 runt
2371 612 2607 678 Antiqui,
2643 623 2699 666 ut
2731 623 2874 680 patet
2904 627 2970 666 ex
2999 612 3308 679 Lampridio
3349 613 3400 666 iit
3428 615 3534 664 vita
3564 613 3835 666 Antonini

2220 685 2549 754 lleliogabali
2570 725 2582 747 ,
2617 695 2672 738 et
2707 697 2772 738 ex
2801 683 2925 736 aliis
2954 684 3110 737 locis.
3137 684 3344 738 Auctor
3370 693 3454 737 est
3477 683 3690 738 Flavius
3718 683 3836 735 Vo-

2216 757 2397 826 piscus
2419 796 2433 822 ,
2466 757 2513 814 in
2549 755 2818 826 triumpho
2845 769 3005 823 quem
3041 755 3098 807 ί).
3129 754 3454 826 Aurelianus
3495 755 3604 820 egit
3631 755 3701 808 de
3725 755 3838 810 Ze-

2219 824 2377 888 iiohia
2423 837 2480 884 et
2535 824 2770 890 Tclrico,
2830 826 3151 892 elephantos
3200 825 3386 893 viginti
3459 829 3830 891 praeee5sisse.

2218 897 2454 953 Joannes
2493 897 2658 950 abbas
2692 896 3012 950 Biclarensis
3047 897 3114 948 ad
3137 912 3336 949 annum
3369 895 3624 951 91ustini
3653 896 3837 964 Impe-

2219 970 2416 1022 rattil‘is
2449 969 2671 1022 adnotat
2697 967 3057 1022 Justinianum
3108 968 3308 1028 Ducem
3341 967 3596 1022 Romanae
3623 970 3837 1022 militia:

2218 1037 2290 1104 24
2319 1040 2635 1108 elephantos
2665 1037 3180 1100 Constantinopolim
3209 1037 3476 1092 direxisse
3509 1054 3608 1105 pro
3636 1041 3834 1092 trium-

2222 1115 2329 1177 pho
2354 1151 2368 1170 ,
2396 1112 2485 1178 qui
2513 1111 2582 1163 de
2627 1110 2808 1164 Persis
2848 1108 3074 1163 devictis
3106 1109 3347 1176 agendus
3377 1120 3513 1162 erat.
3547 1108 3680 1163 Vide
3709 1110 3833 1164 Sir-

2226 1180 2504 1245 _tn0uduni,
2529 1181 2581 1234 in
2609 1183 2750 1236 netis
2767 1181 2833 1234 ad
2857 1181 3236 1250 panegyricum
3263 1180 3557 1243 Anthemii,
3576 1182 3717 1248 apud
3741 1182 3836 1236 Si-

2221 1251 2467 1317 donium,
2482 1263 2535 1305 et
2560 1252 2914 1320 liulengcrum
2938 1253 2987 1303 in
3011 1252 3145 1304 lihro
3167 1251 3234 1304 de
3251 1250 3559 1317 'I‘riutupltis
3572 1265 3720 1319 ,cap.
3735 1255 3837 1308 ⁸21.

2298 1321 2654 1388 Domiuatores
2682 1323 3032 1376 dominantur.
3067 1322 3283 1376 Passiva
3308 1323 3698 1389 signiﬁcatione
3724 1365 3738 1386 ,
3779 1337 3839 1377 ιιι

2221 1395 2360 1458 apud
2381 1393 2721 1460 Ciceronem,
2754 1395 2804 1446 in
2836 1396 2971 1446 lihro
3002 1392 3173 1459 primo
3194 1392 3507 1447 Olliciorutu
3536 1411 3548 1445 :
3581 1393 3624 1443 0
3649 1394 3841 1448 domus

2222 1466 2452 1533 antiqua,
2474 1466 2570 1518 heu
2596 1481 2747 1532 quam
2775 1466 2981 1530 dispare
3013 1465 3274 1517 dominare
3303 1465 3508 1518 domino
3535 1463 3554 1516 .'
3581 1463 3841 1533 Virgilius

2223 1538 2275 1590 in
2303 1535 2541 1589 secundo
2570 1535 2829 1601 mucidus
2861 1555 2871 1587 ;
2901 1534 3090 1594 utullus
3120 1535 3384 1588 dominata
3409 1551 3498 1603 per
3538 1552 3722 1589 annos.

2297 1605 2456 1659 Desiit
2482 1623 2775 1674 provocare.
2808 1605 3052 1660 Emissos
3079 1617 3161 1659 est
3188 1607 3470 1660 llonatuse
3498 1620 3719 1662 carcere
3741 1623 3842 1660 ex-

2223 1679 2411 1732 tremis
2441 1676 2640 1732 Galerii
2681 1678 2984 1740 Maximiani
3025 1679 3357 1746 temporibus
3385 1717 3400 1743 ,
3435 1685 3492 1730 ut
3527 1677 3724 1745 legitur
3757 1682 3842 1732 iu~

2801 1838 3032 1896 CAPUT
3080 1818 3244 1894 xvu;

2293 1949 2541 2016 Felicitas
2566 1955 2634 2026 ali
2653 1969 2710 2008 eo
2732 1970 2916 2008 recess.
2947 1953 3208 2026 Nimirum
3234 1968 3264 2026 a
3290 1953 3640 2021 Diocletiano,
3670 1972 3838 2026 quem

2221 2037 2318 2097 per
2347 2034 2488 2097 lotos
2538 2024 2719 2094 viginti
2763 2041 2935 2080 :tttlltls
2989 2025 3195 2094 imperii
3242 2025 3408 2086 fuisse
3450 2027 3656 2082 felicem
3693 2024 3843 2097 ὐτ-ιι-

2220 2096 2350 2148 dunt
2379 2095 2580 2162 antiqui
2627 2097 2971 2160 historiarum
3018 2098 3328 2164 scriptorcs.
3370 2096 3558 2166 Neque
3596 2095 3734 2166 opus
3758 2112 3845 2153 cst

2221 2169 2421 2218 referre
2447 2168 2750 2221 testimonia
2774 2168 3128 2236 singulorum.
3173 2167 3416 2222 Sul'liciet
3438 2170 3626 2223 unicus
3649 2182 3844 2224 auctor

2225 2237 2534 2309 panegyrici
2559 2237 2880 2291 Maximiano
2908 2248 2963 2291 et
3003 2237 3358 2292 Constantino
3386 2239 3514 2293 dicti
3549 2244 3598 2292 iu
3631 2245 3843 2309 nuptiis

2221 2305 2452 2370 Faustae.
2483 2308 2570 2361 Sic
2601 2325 2730 2376 ergo
2752 2308 2839 2363 ille
2872 2327 2884 2358 :
2919 2309 3025 2364 Sed
3048 2314 3276 2379 profecto
3302 2310 3464 2379 exegit
3487 2313 3583 2363 hoc
3607 2305 3722 2377 ipsa
3755 2331 3843 2367 Ml-

2221 2379 2376 2433 rietas
2412 2388 2458 2431 et
2491 2391 2676 2433 natura
2701 2380 2923 2449 fortuna:
2947 2422 2961 2441 ,
2994 2382 3078 2434 cui
3107 2381 3236 2433 nihil
3260 2391 3454 2434 mutare
3477 2383 3690 2436 lic-uerat
3714 2385 3840 2438 dum

2221 2463 2308 2502 vos
2359 2450 2627 2519 imperium
2657 2453 2884 2513 teneretis:
2913 2493 2928 2514 ,
2964 2465 3020 2503 at
3041 2453 3146 2505 illa
3173 2453 3348 2521 viginti
3378 2469 3628 2519 annorum
3675 2465 3843 2508 conti-

2222 2537 2334 2593 nua
2353 2523 2568 2587 felicitas
2579 2523 2858 2593 intervallo
2887 2521 3063 2592 aliquo
3093 2522 3515 2593 distingueretur.

2213 2657 2218 2660 η
2303 2589 2532 2645 Perrexit
2565 2591 2803 2648 Romam.
2842 2589 3202 2660 Diocletianus
3233 2589 3486 2660 {duabus
3513 2594 3580 2654 de
3606 2595 3789 2652 causis
3822 2638 3837 2658 ,

2222 2671 2281 2736 ut
2322 2665 2644 2736 vicennaliaﬂ
2675 2666 3018 2736 celebraret,
3075 2674 3130 2718 et
3159 2666 3486 2736 trinmplmtu
3538 2679 3734 2736 ageret
3768 2669 3837 2720 ile

2224 2733 2429 2787 Narseo
2464 2750 2589 2803 rege
2620 2735 2906 2792 Persarum
2933 2735 3057 2798 ante
3085 2737 3288 2806 aliquot
3322 2733 3492 2792 annos
3523 2733 3685 2790 victo.
3723 2735 3838 2791 iluc
3905 2793 3920 2798 ,

2222 2807 2364 2858 enim
2399 2822 2540 2858 anno
2573 2817 2724 2859 actus
2751 2819 2833 2860 est
2861 2808 3160 2876 triumphus
3183 2849 3197 2869 ,
3227 2825 3331 2861 non
3365 2820 3540 2862 autem
3572 2824 3715 2862 anno
3742 2813 3838 2864 de-

2223 2878 2365 2929 cimo
2396 2889 2586 2930 octavo
2621 2879 2828 2948 imperii
2855 2920 2869 2942 ,
2904 2890 2959 2946 ut
2992 2881 3195 2944 putavit
3242 2879 3504 2948 Henricus
3539 2879 3784 2933 Valesius
3817 2921 3833 2944 ,

2196 3014 2197 3017 η
2225 2949 2316 3015 qui
2353 2958 2638 3016 propterea
2671 2965 2792 3002 cum
2828 2950 3098 3017 triumpho
3129 2949 3410 3017 conjumit
3448 2950 3706 3004 vilitatem
3739 2968 3839 3003 an—

2226 3035 2403 3080 Itonar,
2436 3035 2593 3088 quam
2648 3019 2998 3088 imperatores
3039 3022 3268 3086 jussisse
3315 3025 3508 3076 ducent
3535 3020 3681 3076 Fasti
3709 3021 3833 3078 Ida-

2229 3092 2356 3142 tiaui
2389 3131 2403 3155 ,
2439 3101 2708 3157 tamquam
2762 3091 2812 3142 id
2851 3094 2918 3144 ab
2963 3093 3043 3144 eis
3096 3103 3214 3158 post
3259 3093 3584 3160 triumphum
3629 3096 3835 3146 consti-

519 3161 668 3220 cassa
691 3209 705 3232 ,
734 3168 980 3237 martyrio
1012 3161 1252 3237 coronata
1274 3179 1366 3221 est.
1395 3167 1590 3236 liadem
1615 3161 1879 3236 habemur
1905 3167 1956 3220 in
1979 3161 2118 3220 Mar-
2149 3172 2196 3234 ρ
2229 3170 2398 3237 Lutum
2429 3170 2575 3237 esset
2615 3163 2668 3237 in_
2699 3163 2944 3237 gratiam
2971 3162 3151 3237 populi
3174 3161 3420 3237 Romani.
3459 3162 3650 3237 Recte
3671 3164 3837 3237 igitur

520 3239 788 3308 tyt'ologio
814 3233 1074 3308 Humano.

593 3307 954 3378 Adversarium
981 3309 1162 3362 vicisti.
1191 3306 1515 3378 Cyprianus,
1539 3308 1698 3378 epist.
1724 3307 1754 3360 7
1774 3307 1838 3359 ad
1872 3307 2121 3375 Rogatia-
2145 3362 2156 3368 _

521 3396 647 3432 num
696 3392 748 3432 et
769 3375 1004 3433 cancros
1042 3378 1422 3434 confessorcs:
1475 3375 1734 3442 Quantum
1789 3377 2017 3432 dolemus
2057 3396 2120 3432 ea:

517 3451 623 3504 illis
651 3467 774 3520 quos
802 3460 1070 3521 tempestas
1094 3451 1300 3502 inimica
1324 3451 1619 3519 prostravit,
1655 3452 2121 3521 tantumla'latnttr

518 3539 580 3575 ea:
606 3519 742 3575 vo'lns
765 3563 781 3586 ,
815 3519 940 3591 quos
962 3521 1194 3574 diabolus
1222 3539 1463 3590 superare
1493 3539 1592 3574 non
1616 3523 1797 3588 potuit.
1834 3519 2120 3575 Hortamur

519 3604 688 3654 tamen
725 3611 814 3662 per
839 3608 1156 3646 communem
1178 3591 1331 3660 [idem
1358 3635 1371 3657 ,
1403 3611 1490 3660 per
1515 3597 1730 3663 pectoris
1761 3594 1921 3646 nostri
1949 3609 2118 3658 veram

517 3665 654 3718 circa
683 3681 770 3718 vos
791 3673 837 3718 et
866 3665 1149 3734 simplicem
1189 3665 1514 3726 churitatem,
1559 3675 1610 3714 nt
1660 3664 1744 3730 qui
1769 3665 2119 3717 adversariam

518 3737 687 3804 prima
717 3736 812 3788 hac
833 3737 1189 3806 congressione
1209 3736 1400 3788 vicistis
1428 3777 1442 3802 ,
1466 3735 1685 3806 gloriam
1736 3745 1955 3788 vestram
1995 3735 2118 3804 forti

519 3817 564 3860 et
586 3805 1133 3876 perseverantirvirtute
1153 3806 1396 3876 teneatis.

590 3875 866 3930 Zabulum.
893 3875 948 3928 ld
979 3887 1062 3929 est
1083 3918 1096 3936 ,
1134 3875 1428 3944 diabolum.
1472 3875 1562 3930 Sic
1597 3875 1736 3944 apud
1769 3875 2115 3930 Commodia-

518 3963 669 4011 num,
704 3949 793 4006 lib.
826 3962 860 3999 ll
889 3989 900 4008 ,
931 3961 1050 4014 cap.
1103 3946 1167 4015 l7
1203 3963 1215 3999 :
1246 3943 1439 3999 (juncta
1472 3945 1534 3998 de
1574 3943 1763 3999 labuli
1804 3965 1993 4015 pompa
2021 3962 2035 4005 ,‘
2064 3958 2119 4002 et

516 4033 638 4085 cap.
671 4017 737 4072 18
771 4017 907 4070 :Aut
939 4025 1046 4070 tota
1072 4014 1261 4069 Zabuli
1295 4033 1515 4082 pompa;
1543 4031 1598 4069 et
1637 4020 1728 4069 lth.
1765 4034 1779 4071 l
1807 4014 1820 4080 ,
1855 4033 1974 4086 cap.
2001 4017 2071 4072 55
2101 4037 2113 4070 :

521 4088 818 4143 Zabolicam
841 4088 1004 4159 legem
1033 4104 1205 4159 anates
1235 4090 1438 4140 omnino
1472 4088 1637 4141 vitate.
1677 4088 1902 4150 Itin-sum
1929 4090 2018 4142 lil).
2056 4105 2115 4155 tt,

518 4179 638 4229 «etp.
663 4161 726 4215 51
769 4179 781 4214 :
831 4155 1067 4212 Gé’rmine
1092 4155 1334 4212 Zabolico
1365 4171 1418 4211 ut
1452 4158 1654 4229 faciatis
1699 4159 1838 4211 turhe
1880 4171 2112 4226 pronatc'.

519 4231 826 4288 llel'eriinus
851 4241 1029 4284 autem
1062 4230 1175 4283 lia-c
1207 4233 1318 4282 loca
1357 4232 1506 4298 juxta
1541 4229 1697 4283 tidem
1749 4231 1943 4283 veteris
1964 4233 2115 4284 codi-

520 4306 618 4356 cis.
677 4304 804 4357 Nam
850 4302 1018 4356 editio
1057 4300 1266 4355 diversa
1313 4311 1448 4372 est:
1471 4298 1606 4352 Nhil
1651 4299 1914 4372 vulgatius
1957 4321 2114 4370 quam

519 4374 704 4428 Zahuli
737 4390 838 4429 vox
871 4377 919 4427 in
943 4374 1177 4442 antiquis
1210 4375 1378 4426 lihris.
1415 4371 1613 4425 Eadem
1647 4371 1860 4426 ratione
1911 4375 2117 4428 scribe-

519 4447 651 4499 bant
676 4445 977 4499 Zaritorttm
1016 4460 1112 4513 pro
1144 4443 1457 4516 Diaritorunt
1479 4485 1492 4507 ,
1523 4453 1580 4516 ut
1607 4443 1657 4495 in
1690 4446 1976 4497 collatione
2009 4447 2115 4516 pri-

518 4532 603 4570 ma
632 4516 1066 4584 Carthagineusi,
1092 4531 1212 4582 cap.
1245 4515 1368 4569 159.
1395 4515 1545 4582 Quod
1575 4529 1694 4567 cum
1731 4531 1835 4568 non
1865 4515 2118 4568 animad-

435 4624 438 4627 .
518 4597 758 4656 verteret
795 4585 1043 4654 l-apirius
1069 4586 1347 4640 Massouus
1373 4626 1386 4649 ,
1419 4587 1536 4638 heic
1577 4601 1676 4652 pro
1706 4584 2117 4656 llipponensinm

519 4655 847 4732 garidarum,
891 4672 1012 4724 qua:
1047 4665 1146 4732 est
1171 4671 1296 4732 vera
1328 4658 1484 4709 lectio
1510 4697 1524 4720 ,
1546 4656 1772 4732 scripsit
1792 4728 1802 4732 _
1823 4655 2119 4732 Ilyppensi:

521 4727 864 4782 Zaritorensis
891 4742 910 4780 :
939 4742 1098 4796 quam
1137 4727 1422 4780 lectionem
1461 4726 1684 4796 retinuit
1733 4728 1893 4779 etiam
1933 4726 2126 4783 Petrus

521 4744 864 4782 earttorensts
891 4744 910 4780 :
939 4744 1098 4796 quati
1137 4744 1422 4780 tecuonetn
1461 4744 1680 4779 retinnit
1733 4744 1893 4779 etiam
1933 4744 2118 4783 I'etrus

520 4799 766 4853 Pithoeus
795 4800 846 4851 iti
877 4812 969 4852 sua
1015 4744 1253 4851 editione
1303 4796 1608 4868 Collationis
1654 4794 2118 4866 Carthagineusis.

519 4872 702 4936 Quare
751 4869 803 4923 in
865 4869 1033 4924 veteri
1083 4867 1280 4922 Notitia
1334 4868 1748 4934 Africamquam
1805 4869 2122 4926 Sirnmmlus

519 4941 725 5008 edidit,
755 4949 806 4995 et
838 4952 958 5010 post
979 4955 1100 5010 eum
1133 4938 1475 5005 Cliiflletius,
1508 4955 1604 5008 pro
1631 4953 1698 4992 eo
1729 4941 1870 5009 quod
1906 4939 2016 4996 illic
2050 4937 2124 4996 le;

519 5013 683 5079 gitur,
719 5011 985 5064 Marianas
1031 5009 1474 5078 Hippzaritensis,
1519 5010 1862 5065 scribendum
1892 5020 1975 5066 est
2008 5013 2123 5066 Ma-

519 5083 699 5136 rianas
731 5080 1148 5150 Hipponensium
1176 5081 1476 5135 Zaritorum
1501 5124 1516 5149 ,
1545 5083 1592 5134 id
1613 5092 1696 5134 est
1719 5124 1731 5142 ,
1771 5079 2119 5151 lliaritorutu,

520 5155 636 5207 sive
671 5154 1074 5223 Diarrhytorum
1099 5196 1113 5218 ,
1147 5165 1203 5206 ut
1227 5154 1364 5220 apud
1401 5154 1652 5219 Plinium,
1685 5153 1775 5206 lib.
1807 5172 1831 5204 ν
1860 5153 1995 5208 Hist.
2033 5173 2128 5224 na-

523 5224 728 5290 turalis,
757 5239 872 5294 cap.
899 5225 952 5279 4.
978 5225 1069 5279 Sic
1090 5228 1273 5287 etiam,
1305 5225 1445 5293 apud
1469 5225 1932 5285 Commotlianum,
1961 5225 2126 5278 Zaco-

523 5311 618 5350 nes
651 5311 746 5364 pro
787 5295 1128 5350 Diaconibus.
1183 5295 1476 5349 Numisium
1507 5311 1718 5362 quoque
1758 5313 1851 5363 pro
1883 5297 2128 5350 Numidia

521 5367 624 5435 legi
651 5361 709 5420 in
742 5369 908 5420 veteri
932 5367 1118 5420 codice
1147 5382 1250 5420 ms.
1277 5365 1614 5421 bibliotheca:
1639 5361 1979 5419 (ltilbt-rtiute.

596 5437 967 5504 Triumphasti.
1001 5437 1338 5502 Lactantius,
1383 5439 1473 5490 lib.
1506 5453 1556 5490 tv
1589 5437 1815 5489 lnstitut.
1864 5453 1979 5506 Cap.
2012 5437 2082 5491 26
2117 5455 2131 5492 :

523 5509 793 5564 Postremo
814 5509 964 5562 etiam
986 5520 1195 5562 mortem
1221 5510 1477 5575 suscipere
1498 5524 1598 5560 non
1619 5509 1890 5572 recusavit,
1910 5518 1963 5561 ut
1988 5513 2138 5563 homo

522 5581 616 5634 illo
647 5581 777 5632 duce
805 5577 1067 5632 subactam
1096 5589 1145 5632 et
1175 5589 1457 5632 catenatum
1492 5589 1704 5630 mortem
1745 5595 1862 5631 cum
1895 5581 2002 5633 suis
2033 5594 2135 5634 ter-

522 5651 729 5706 roribus
759 5651 1112 5718 triumpharet.

593 5723 894 5776 Jucundum
911 5721 1273 5792 spectaculum.
1297 5718 1625 5792 Cyprianus,
1655 5721 1812 5792 epist.
1837 5722 1900 5777 9:
1928 5720 2137 5788 Oquale

525 5793 658 5850 illud
687 5796 786 5869 fuit
803 5790 1149 5865 spectaculum
1197 5790 1418 5866 Domino
1451 5833 1467 5862 ,
1509 5809 1661 5864 quam
1690 5790 1931 5863 sublime,
1981 5812 2136 5866 quant

2227 3229 2465 3299 Scaliger
2498 3233 2546 3292 in
2584 3229 3144 3288 animadversionibus
3176 3235 3240 3286 ad
3273 3235 3576 3287 Chronicon
3617 3229 3834 3288 liusehii

2223 3305 2467 3364 aduolat,
2502 3304 2828 3369 triumphum
2872 3323 2900 3356 ει
2947 3305 3279 3358 Diocletiano
3311 3315 3359 3362 cl
3390 3305 3715 3362 Maximiano
3742 3306 3834 3358 ac-

2226 3384 2335 3427 tutn
2365 3391 2506 3426 anno
2537 3375 2791 3435 vicesimo
2840 3374 3050 3443 imperii
3081 3415 3097 3439 ,
3131 3376 3336 3445 aliquot
3363 3376 3640 3429 Iliensibus
3672 3387 3833 3429 antc-

2223 3462 2382 3505 quatn
2433 3462 2716 3513 purpuram
2773 3446 3122 3512 tlenonerent.
3173 3448 3278 3500 Sed
3328 3460 3658 3514 postremum
3695 3448 3830 3504 illud

2225 3515 2439 3570 falsum.
2486 3516 2616 3569 Nam
2661 3517 2995 3572 retinuerunt
3027 3518 3202 3589 adhuc
3252 3520 3552 3589 imperium
3600 3517 3711 3572 lere
3743 3534 3838 3587 per

2225 3534 2439 3570 Lusum.
2486 3534 2616 3569 nam
2661 3534 2995 3572 rctutuernut
3027 3534 3202 3584 aupuc
3252 3534 3538 3642 quertum
3600 3534 3711 3572 tere
3743 3534 3836 3587 per

2223 3592 2628 3657 sesquianuum,
2656 3598 2714 3649 ut
2738 3599 2921 3656 postea
2958 3588 3275 3660 videbimus,
3315 3591 3473 3660 ferro
3506 3589 3836 3656 triumphum

2223 3669 2400 3712 actum
2449 3675 2570 3714 esse
2612 3667 2853 3728 tempore
2905 3659 3259 3713 viceuualium
3295 3701 3310 3726 ,
3362 3660 3503 3728 quod
3554 3663 3709 3714 uohis
3757 3663 3838 3714 itt-

2221 3732 2428 3785 cumhit
2460 3730 2791 3799 prohandum
2825 3772 2839 3796 ,
2874 3743 3019 3800 patet
3048 3747 3112 3796 ei;
3141 3734 3316 3799 capite
3357 3729 3572 3788 decimo
3605 3731 3837 3784 Lactan-

2224 3802 2281 3854 tii
2308 3844 2322 3867 ,
2380 3803 2465 3854 uhi
2513 3844 2526 3866 ,
2562 3815 2681 3872 post
2724 3817 2993 3855 narratam
3047 3803 3324 3856 victoriam
3366 3803 3432 3856 de
3483 3800 3705 3866 Persis,
3759 3803 3837 3856 ait

2223 3873 2609 3927 Diocletianum
2647 3874 2696 3924 in
2726 3872 3000 3926 Orientem
3055 3873 3376 3940 profectum,
3409 3883 3463 3928 et
3492 3889 3692 3926 annmu
3727 3873 3838 3928 illic

2223 3947 2396 4015 egisse
2429 3947 2514 4015 qui
2550 3947 2977 4014 persecutionem
3012 3946 3322 4006 antecessit,
3376 3944 3573 4012 deinde
3607 3943 3837 4014 hyema-

2223 4013 2332 4066 tum
2384 4013 2594 4070 venisse
2639 4015 2690 4068 iu
2727 4015 3048 4086 Bithyniam,
3100 4032 3163 4069 ac
3186 4025 3294 4070 tum
3341 4017 3556 4084 quidem
3607 4013 3832 4083 ciptuni

2221 4087 2502 4139 consilium
2529 4086 2977 4139 destruendarmn
3003 4088 3349 4146 ecclesiarum
3377 4127 3392 4150 ,
3437 4098 3490 4140 et
3515 4103 3699 4139 mense
3727 4087 3835 4141 Fe-

2223 4155 2438 4209 bruario
2472 4159 2714 4230 sequenti
2753 4169 2983 4230 emptam
3027 4160 3476 4230 persecutionem.
3509 4155 3685 4230 Igitur
3715 4173 3840 4211 cer-

2223 4227 2862 4302 tumestAlliocletiatmni
2895 4246 3002 4302 lion
3028 4227 3210 4302 luisse
3248 4229 3430 4284 Romae
3456 4228 3695 4302 a_It..o__l_8
3736 4230 3838 4302 iiu-

2222 4296 2352 4368 perii
2396 4297 2511 4356 sui.
2547 4314 2652 4366 quo
2685 4316 2805 4352 etim
2863 4296 3225 4367 triumphasse
3263 4299 3540 4353 contendit
3586 4296 3836 4352 Valesius

2221 4367 2439 4442 Secutus
2479 4369 2774 4442 Eusebium
2794 4411 2808 4437 ,
2839 4389 2998 4442 quem
3027 4383 3308 4440 propterea
3335 4367 3338 4369 ’
3369 4369 3718 4439 reprehendit
3743 4371 3836 4424 J0-

2219 4441 2420 4510 scplius
2469 4440 2727 4511 Scaliger.
2768 4440 2931 4508 Sane,
2982 4449 3123 4510 quod
3162 4442 3342 4512 negari
3375 4457 3479 4496 non
3528 4454 3738 4509 putest,
3779 4443 3832 4494 in

2224 4515 2448 4582 vulgatis
2477 4513 2732 4566 Clu-unici
2761 4513 3053 4568 Euseliiani
3077 4514 3404 4576 editionibus
3427 4522 3533 4582 ,.ct
3559 4515 3609 4564 in
3640 4512 3834 4580 pleris-

2143 4561 2198 4640 D
2228 4561 2341 4653 ψιὲ
2362 4586 2597 4650 antiquis
2638 4587 3037 4652 exeniplarihus
3072 4626 3086 4648 ,
3141 4561 3445 4652 triumplitts
3496 4585 3583 4636 ille
3611 4561 3834 4636 nrolatur

2232 4657 2282 4708 in
2315 4663 2470 4709 'auno
2515 4656 2581 4709 l8
2630 4657 2966 4710 llioclettani.
3008 4655 3203 4724 Verum
3254 4657 3304 4708 itt
3364 4655 3728 4708 vetustissimo
3777 4663 3835 4708 et

2229 4727 2435 4794 optimo
2474 4727 2660 4780 codice
2706 4727 3015 4781 Culhertino
3046 4769 3060 4792 ,
3104 4738 3157 4780 et
3190 4729 3238 4778 in
3271 4725 3391 4786 aliis
3428 4725 3661 4792 antiquis
3693 4741 3835 4793 quos

2230 4795 2500 4868 Putilacus
2534 4799 2664 4851 vidit
2693 4840 2708 4863 ,
2744 4801 2960 4868 ponitur
2985 4801 3035 4852 in
3066 4814 3208 4866 anno
3235 4799 3332 4866 19,
3371 4799 3464 4852 sed
3501 4807 3837 4863 przepostero

2229 4865 2451 4932 ordine,
2481 4885 2601 4922 Ctttn
2633 4865 2913 4938 antecedat
2949 4865 3674 4940 historiampersecutionis.
3700 4869 3837 4936 Quas:

2231 4940 2329 5010 luit
2353 4942 2567 4994 creasio
2597 4941 2806 4994 errandi
2837 4942 3137 5009 clarissimo
3160 4937 3395 5010 Valesio.
3429 4937 3712 5008 Probabile
3738 4953 3837 4991 au-

2232 5022 2335 5064 tem
2370 5023 2453 5064 cst
2479 5013 2698 5064 dilatant
2734 5014 2931 5066 tamdiu
2960 5029 2988 5065 a
3032 5009 3359 5080 Diocletiano
3393 5011 3719 5076 triumphum
3769 5014 3840 5063 de

2233 5082 2413 5137 Persis
2443 5125 2456 5146 ,
2510 5092 2561 5154 ut
2591 5101 2712 5137 cum
2745 5083 3095 5154 conjuitgeret
3115 5099 3235 5135 cum
3268 5081 3419 5140 l'eslis
3445 5080 3836 5154 viceiptalium,

2233 5164 2287 5220 et
2310 5170 2369 5205 ca
2404 5155 2481 5206 sic
2512 5153 2710 5208 laceret
2742 5150 2971 5208 clariora
3005 5155 3164 5221 atque
3205 5154 3523 5206 celebriora.
3560 5150 3715 5221 Nunc
3746 5167 3838 5204 re-

2237 5223 2453 5278 ferenda
2509 5233 2635 5276 sunt
2667 5225 2882 5279 Eusebii
2926 5220 3134 5278 verba:
3180 5224 3531 5277 Diocletianus
3559 5232 3606 5275 et
3655 5220 3841 5275 Maxi-

2235 5313 2436 5347 mianus
2484 5296 2700 5367 Augusti
2745 5297 2931 5367 insigni
2977 5312 3162 5367 pompa
3196 5292 3372 5350 [lamin
3402 5293 3788 5367 triumpharunt
3817 5335 3833 5356 ,

2237 5366 2646 5420 antecedentibus
2664 5384 2814 5420 curru
2824 5363 2868 5420 ni
2890 5363 3065 5421 eorum
3087 5363 3273 5421 Narsei
3295 5367 3531 5437 conjuge,
3547 5363 3832 5437 sororibus,

2243 5437 2436 5500 liberis,
2468 5449 2511 5489 ct
2541 5439 2679 5490 omni
2709 5441 2882 5504 prtcda
2920 5456 3018 5508 qua
3055 5439 3275 5491 Part/tus
3320 5436 3683 5508 spaliaverant.
3729 5436 3837 5508 Ea-

2240 5509 2362 5562 dem
2407 5507 2566 5570 habet
2615 5510 2901 5577 Eutropius
2933 5507 3003 5563 iu
3054 5510 3159 5563 line
3201 5509 3316 5562 libri
3345 5510 3468 5560 noni
3502 5547 3516 5571 ,
3561 5507 3650 5559 ubi
3697 5507 3775 5558 ait
3817 5548 3833 5570 ,

2243 5579 2629 5634 Diocletianum
2654 5593 2707 5634 et
2731 5582 3036 5634 llcrculiutn
3061 5579 3375 5646 deposuisse
3403 5593 3695 5648 purpuram
3717 5586 3838 5647 post

2242 5653 2557 5721 triumphant
2600 5652 2846 5724 inclytum
2885 5668 3033 5724 quem
3067 5649 3331 5724 Romte‘ea:
3357 5649 3840 5724 nunterosiﬁgentif

2239 5724 2331 5778 bus
2357 5706 2560 5793 ederunt
2583 5764 2600 5789 ,
2640 5706 2825 5792 poinpa
2868 5706 3181 5794 ferculorum
3223 5721 3455 5784 illustri,
3497 5736 3598 5794 qua
3635 5706 3841 5794 Νανδεὶ

2237 5791 2501 5870 conia—ges,
2527 5791 2825 5866 sarcresqae
2851 5791 2893 5854 et
2925 5793 3068 5849 liberi
3098 5802 3218 5866 ante
3253 5808 3464 5868 currum
3508 5791 3647 5850 ducti
3685 5798 3838 5864 sunt,
