4058 6188
512 256 623 316 355

1832 245 2173 308 STEPHANI
2208 244 2485 303 BALUZII

3704 245 3811 321 sse

514 390 546 429 a
573 373 860 435 Maxentio,
909 363 1155 440 quamvis
1209 381 1367 424 socer
1412 366 1531 438 ejus
1575 376 1739 433 esset,
1772 366 1937 421 immo
1968 381 2107 440 nuu-
2131 364 2187 424 Δ
2212 362 2315 440 [Ioc
2344 361 2484 440 iibro
2511 357 2882 440 Lactantii,‘_c._
2937 355 3028 440 l8,
3061 350 3307 440 doc‘etse
3333 370 3399 440 eo
3430 363 3673 440 tempore
3698 379 3802 430 quo

513 461 675 517 quam
699 445 837 500 bene
864 438 1020 517 inter
1048 454 1145 517 eos
1168 439 1511 517 convenisse,
1543 441 1707 517 etiam
1739 440 1955 517 vivente
1986 438 2109 491 Dio-

517 508 771 581 cletiano,
794 520 850 568 et
864 511 1064 567 bellum
1084 512 1224 568 inter
1251 526 1347 567 eos
1366 509 1532 565 fuisse
1546 508 1923 579 gravissimum
1948 523 2015 563 ex
2044 521 2111 581 eo

517 576 889 655 tempore'quo
910 582 1209 655 Maxentius
1233 582 1463 651 sumpsit
1499 576 1814 650 purpuram,
1843 592 2014 650 usque
2044 576 2112 632 ad

519 653 801 712 imperium
826 653 1038 709 Licinii.
1112 700 1119 705 ,
2006 707 2010 710 ⁵

644 727 827 780 riorem
847 723 1118 785 nominari.
1140 723 1336 793 Supra,
1365 737 1419 778 c.
1443 722 1532 793 18Ξ
1560 721 1808 793 Galerius
1838 719 2113 793 Maximia-

519 815 622 853 nus
642 798 922 867 alloquens
948 790 1331 867 Diocletianum
1358 794 1433 847 ait
1452 792 1561 867 .:_Si
1584 793 1693 867 ipse
1714 792 1889 845 cedere
1918 790 2115 843 noluis-

519 879 614 931 set,
646 885 700 922 se
720 864 813 921 sibi
839 866 1210 930 consulturum,
1230 882 1306 920 ne
1333 864 1555 932 amplius
1589 864 1756 919 minor
1786 872 1832 915 et
1862 871 2115 932 extremus

522 948 672 994 esset.
704 938 988 1001 Eusebius,
1022 937 1074 989 in
1108 936 1245 989 libro
1276 931 1450 1005 primo
1504 937 1571 987 de
1604 933 1721 1005 Vita
1752 931 2109 1005 Constantini,

520 1026 574 1065 c.
600 1011 691 1075 I8,
741 1010 817 1063 ait
841 1006 1238 1068 Constantium,
1268 1004 1389 1061 cum
1415 1005 1658 1059 seniores
1686 1004 1911 1073 Augusti
1944 1004 2116 1071 impe-

527 1083 608 1136 rio
653 1095 713 1135 se
743 1078 1109 1142 abdicassent,
1152 1077 1384 1147 primum
1412 1078 1709 1147 Augustum
1751 1075 2115 1129 renuntiatum

523 1167 666 1218 esse,
684 1161 736 1206 et
762 1150 990 1217 primum
1015 1146 1313 1217 Augustum
1342 1146 1664 1218 appellatum
1695 1146 1836 1200 inter
1860 1152 2115 1218 quatuor,

525 1224 617 1293 qui
641 1217 978 1291 postmodum
1006 1218 1269 1286 designati
1323 1230 1466 1273 sunt.
1522 1217 1664 1270 Idem
1695 1230 1911 1284 semper
1920 1217 2117 1339 lpriore

526 1294 646 1339 Ιοηο
678 1292 984 1339 nominatur
1008 1289 1064 1339 in
1095 1288 1269 1339 Fastis
1308 1288 1559 1339 ldatiauis
1590 1304 1620 1339 a
1649 1286 1886 1339 Zuzimo.
1970 1293 2117 1338 utro—

526 1286 654 1348 loco'
678 1292 984 1346 nominatur
1008 1289 1064 1342 in
1095 1288 1269 1344 Fastis
1308 1288 1559 1342 ldatianis
1590 1304 1620 1341 a
1649 1286 1886 1351 Zozimo,
1920 1286 2119 1339 Eutro—

527 1366 636 1432 pio,
665 1363 718 1417 in
765 1358 1308 1432 codice_.lustiniani,
1343 1362 1404 1432 in
1445 1360 1614 1432 veteri
1673 1356 2023 1432 inscriptione
2048 1355 2119 1432 de

526 1426 936 1489 consecratione
960 1430 1318 1485 Thermarum
1349 1429 1821 1490 Diocletianarum,
1855 1437 1910 1481 et
1937 1428 1989 1480 in
2020 1426 2119 1479 alio

527 1513 659 1574 quot
707 1502 828 1558 aliis
859 1500 1324 1574 inscriptionibus,
1348 1516 1469 1574 quae
1502 1499 1667 1574 apud
1691 1496 1993 1574 ‘Ciuterum
2045 1497 2121 1550 le-

523 1568 743 1643 guntur,
779 1588 897 1643 pag.
928 1568 1810 1643 58,'I59,_16l,7i6£,279L1065.
1847 1568 1913 1643 I33}
1940 1577 2119 1643 tamen

526 1637 703 1699 EElius
728 1637 1046 1713 Spartianus
1074 1643 1124 1696 in
1144 1640 1300 1713 421ἰο
1335 1641 1495 1707 Vero,
1524 1649 1581 1695 et
1611 1639 1827 1713 Flavius
1858 1637 2121 1713 V0piscus

528 1718 581 1770 in
603 1707 820 1782 Carino,
845 1713 1118 1770 Galerium
1141 1712 1517 1767 Maximianqu
1547 1710 1828 1782 nominant
1849 1707 2123 1782 anteCon-

524 1779 885 1848 stantiutn,'et
935 1783 989 1838 id
1040 1783 1258 1851 quidem
1319 1791 1560 1852 tempore
1600 1780 1937 1852 Diocletiani.
1979 1779 2124 1852 Sane

525 1873 735 1927 :cqunm
755 1849 1110 1927 videbaturut
1137 1855 1182 1927 is
1212 1854 1298 1927 qui
1322 1849 1676 1927 adoptabatur
1704 1866 1734 1905 a
1765 1849 2116 1927 Diocletiano,

525 1921 696 1999 ct'qui
730 1927 891 1999 filium
919 1925 1036 1995 ejus
1061 1923 1331 1979 Valeriam
1362 1921 1591 1999 habebat
1613 1936 1859 1999 uxorem,
1888 1921 2124 1999 priorem

529 1991 707 2054 locum
741 1991 965 2051 haberet
1016 2010 1175 2063 supra
1212 2009 1336 2048 eum
1386 1993 1474 2063 qui
1516 1992 1868 2063 adoptabatur
1895 2006 1925 2044 a
1957 1991 2126 2045 Maxi-

526 2070 727 2135 miano,
761 2066 981 2122 secundi
1013 2062 1116 2120 loéi
1146 2062 1641 2135 principeiConlra,
1674 2062 1866 2135 rationi
1891 2075 2125 2135 conseri:

524 2133 739 2195 taneum
776 2147 893 2193 erat
950 2145 1007 2191 ut
1047 2133 1385 2205 vir’magn’a:
1432 2134 1726 2189 nobilitatis
1757 2174 1774 2200 ,
1818 2133 2123 2205 cuiusmodi

524 2220 639 2265 erat
673 2207 1050 2273 Constantius,
1089 2221 1194 2260 non
1223 2203 1638 2276 postponeretur
1670 2205 1870 2276 homini
1898 2203 2121 2276 agresti,

525 2281 726 2351 pastori
754 2292 1033 2351 pecorum,
1066 2274 1235 2351 at_q_ue
1272 2276 1421 2351 illum
1451 2284 1656 2351 postse
1689 2274 1914 2351 haberet
1936 2275 1986 2326 in
2016 2274 2124 2351 _ad-:

522 2344 920 2407 ministratione
960 2347 1286 2417 reipublicm.
1325 2346 1441 2414 Ego
1470 2345 1793 2401 crediderim
1852 2344 2124 2417 Spartiani

521 2432 576 2477 et
616 2421 837 2490 Vopisci
881 2415 1188 2490 testimonia
1245 2417 1614 2488 postponcnda
1645 2430 1765 2470 esse
1816 2415 2123 2490 auctoritati

522 2485 767 2570 veterum
818 2489 1252 2570 inscriptionum,
1290 2497 1345 2542 et
1369 2485 1585 2570 'eorum
1616 2495 1893 2570 auctorr‘um
1925 2485 2123 2570 quidl-

523 2572 667 2619 set‘le
719 2563 873 2616 aiunt
918 2556 1147 2630 primum
1190 2559 1369 2630 locum
1399 2558 1581 2630 (latum
1608 2571 1729 2630 esse
1765 2556 2120 2615 Constantio:

528 2634 826 2704 praesertim
849 2628 971 2704 cum
1055 2631 1145 2704 qui
1165 2630 1311 2683 illum
1339 2628 1553 2704 Galerio
1584 2628 1825 2704 tribuunt
1846 2640 1951 2680 non
1981 2639 2121 2682 trac-

522 2698 753 2759 taverint
783 2703 920 2757 hanc
956 2698 1234 2755 histOriam
1264 2716 1329 2753 ex
1360 2701 1633 2768 professo,
1686 2698 1781 2752 sed
1838 2712 1935 2767 per
1975 2707 2120 2752 tran-

521 2791 745 2830 sennam
768 2784 821 2828 et
842 2771 986 2826 aliud
1032 2778 1274 2840 agentes.
1300 2769 1452 2837 Quod
1475 2770 1633 2824 etiam
1649 2768 1934 2840 dicendum
1958 2769 2122 2840 estde

518 2856 737 2901 auctore
768 2845 889 2897 vita:
920 2838 1089 2896 sancti
1124 2840 1367 2908 Procopii
1425 2839 1701 2909 martyris,
1730 2854 1851 2909 qua:
1893 2838 2122 2894 habetur

520 2918 574 2970 in
606 2926 752 2971 tomo
777 2922 970 2983 quarto
996 2911 1160 2983 Surii,
1193 2912 1280 2966 nhi
1299 2910 1549 2967 Galerius
1575 2911 1748 2980 primo
1779 2911 1898 2964 loco
1945 2911 2121 2965 nomi-

522 2995 682 3041 natur
699 2982 825 3039 ante
848 2982 1245 3038 Constantium.

592 3058 636 3110 Α
663 3056 843 3111 tribus.
870 3052 927 3109 Id
944 3062 1049 3120 est,
1079 3068 1106 3105 a
1138 3051 1373 3113 Galerio,
1398 3052 1602 3106 Severo
1628 3061 1681 3106 et
1700 3049 2007 3105 Maximino.

2217 428 2603 503 DiOcletianum
2641 429 2961 503 impellebat
3012 428 3554 503 adiabdleationem,’
3574 432 3682 499 jam
3710 428 3804 503 per

2214 517 2387 558 annos
2405 501 2710 573 quindecim
2730 498 2786 573 in
2809 500 3025 573 Illyrico
3041 498 3111 573 ad
3129 501 3298 573 ripam
3324 499 3550 573 Danubii
3576 498 3804 561 luctasse

2214 589 2336 629 cum
2366 570 2620 643 gentibus
2645 570 2911 637 barbaris,
2938 570 3328 643 interimdum
3354 570 3446 625 alii
3472 571 3612 643 intia
3641 573 3811 629 laxio-

2215 661 2303 700 res
2324 640 2701 712 et—quietiores
2728 651 2903 712 terras
2922 640 3152 696 delicate
3175 641 3521 712 imperarent.
3559 642 3805 702 Profecto

2216 717 2261 770 si
2289 711 2458 770 annos
2487 730 2605 777 sex,
2628 713 2825 784 quibus
2852 711 2945 784 ille
2986 711 3374 784 rempublicam
3414 712 3809 784 admini~travit

2217 796 2339 858 post
2394 781 2668 841 secessum
2713 782 3068 858 Diocletiani,
3095 781 3359 858 addasad
3385 783 3693 858 quindecim
3715 788 3806 858 qui

2217 853 2539 913 el'lluxerant
2558 871 2679 927 cum
2713 853 2829 910 haec
2856 853 3180 927 dicebantur
3202 868 3231 906 a
3261 853 3605 927 Maximiano,
3637 853 3809 911 mani-

2216 929 2413 983 festum
2445 928 2550 982 erit
2591 926 2741 981 illum
2783 925 3054 981 mortuum
3106 938 3230 984 esse
3261 925 3496 979 vicesimo
3520 928 3685 995 primo
3710 928 3808 981 im-

2218 1000 2344 1069 perii
2372 998 2639 1069 suianno,
2667 1005 2732 1069 _ut
2779 996 2975 1069 legitur
3001 995 3054 1049 in
3092 995 3319 1064 vulgatis
3347 995 3672 1069 editionibus
3702 999 3812 1054 Eu-

2217 1064 2424 1125 sebiani
2479 1067 2754 1123 Chronici.
2827 1064 3144 1134 Quanquam
3207 1068 3258 1120 in
3326 1068 3693 1124 vetustissimo
3762 1081 3814 1126 et

2219 1141 2428 1209 Optimo
2455 1139 2640 1195 codice
2680 1151 2783 1193 ms.
2806 1136 3152 1209 bibiiothecte
3181 1134 3530 1209 Colbertinte,
3559 1150 3612 1194 et
3642 1141 3695 1194 in
3721 1156 3812 1196 va-

2219 1206 2314 1267 riis
2341 1211 2574 1281 antiquis
2603 1207 3008 1281 exemplaribus
3036 1222 3158 1277 quae
3185 1206 3736 1281 ‘Pontacustestatur
3756 1227 3814 1269 se

2220 1281 2417 1337 vidisse
2449 1276 2565 1336 lizec
2597 1276 2803 1335 tantum
2853 1276 3103 1349 leguntur
3130 1295 3143 1330 :
3171 1276 3411 1333 Galerius
3463 1279 3814 1339 Maximianus

2219 1353 2455 1406 moritur.
2485 1351 2709 1413 Verum,
2748 1364 2870 1403 cum
2897 1366 2958 1402 ea
3000 1351 3071 1404 sit
3095 1348 3390 1405 auctoritas
3437 1350 3726 1419 Lactantii,
3760 1363 3816 1409 ut

2220 1425 2269 1478 ei
2292 1422 2588 1477 contradici
2618 1437 2723 1475 non
2763 1421 2950 1489 poSsit,
2982 1430 3037 1475 et
3067 1420 3320 1475 Aurelius
3373 1420 3557 1477 Victor
3610 1425 3816 1480 scribat

2220 1493 2495 1566 Galerium
2521 1492 2812 1566 potentiam
2835 1491 3065 1566 Caesaris
3081 1506 3254 1566 a_rmos
3275 1491 3533 1566 tredecim
3548 1498 3816 1566 gessisse,

2222 1564 2504 1634 imperium
2535 1562 2934 1634 quinquennio,
2956 1570 3066 1634 tum
3097 1561 3388 1634 Eutropius
3430 1564 3482 1617 in
3510 1561 3664 1619 initio
3695 1565 3817 1621 libri

2223 1632 2374 1700 noni,
2399 1645 2455 1691 et
2475 1632 2664 1689 auCtor
2685 1632 3322 1702 ChroniciAlexandrini,
3354 1649 3406 1702 p.
3432 1633 3561 1699 65!,
3587 1636 3819 1692 doceant

2151 1741 2200 1801 B
2226 1705 2673 1801 ςέξειξῖξὲηέὶυὶῑῑιε
2689 1701 3464 1801 ρρξέἓέξξτξε,ειίῑξι.-ίὲ.ἒὶεξξίίξ
3485 1705 3817 1801 Esaias

2227 1776 2427 1831 abiisse
2451 1776 2675 1832 Eboraci
2690 1776 2740 1847 in
2765 1774 3060 1841 Britannia,
3089 1789 3233 1829 anno
3253 1774 3466 1847 decimo
3485 1780 3651 1847 tertio
3672 1779 3821 1847 priu-

2227 1847 2438 1917 cipatus
2467 1847 2572 1917 sui,
2608 1848 2658 1899 in
2717 1845 3019 1917 fragmento
3065 1856 3324 1913 praeterea
3379 1846 3449 1901 de
3500 1845 3822 1904 Constantio

2226 1915 2450 1980 Chloro,
2467 1933 2521 1987 p.
2545 1916 2673 1977 472.
2691 1915 2897 1987 legatur
2917 1915 3188 1972 Galerium
3213 1917 3506 1986 imperasse
3535 1920 3693 1975 annis
3725 1937 3823 1975 no-

2226 1988 2549 2054 vemdecim,
2581 1988 2802 2043 necesse
2828 1999 2913 2043 est
2957 1996 3014 2040 ut
3044 1988 3096 2042 in
3120 2002 3238 2043 eam
3267 1992 3587 2045 sententiam
3632 2006 3824 2046 conce-

2226 2058 2438 2125 damus,
2471 2075 2593 2129 quae
2618 2059 2909 2128 potentiam
2937 2058 3054 2126 ejus
3086 2061 3221 2113 intra
3254 2060 3622 2117 uovemdecim
3648 2077 3824 2118 annos

2226 2139 2462 2202 coercet,
2491 2138 2546 2202 et
2574 2129 2879 2200 quindecim
2908 2129 3028 2202 illos
3054 2145 3224 2183 annos
3247 2144 3342 2198 per
3372 2146 3508 2200 quos
3532 2148 3655 2187 cum
3683 2149 3821 2202 geu-

2227 2200 2370 2255 tihus
2392 2200 2634 2255 barbaris
2666 2201 2903 2260 luctavit.
2930 2201 3349 2269 interpretemur
3371 2203 3562 2270 partim
3594 2204 3667 2259 de
3690 2200 3822 2259 bel-

2226 2271 2291 2325 lis
2320 2288 2440 2339 qtta:
2472 2272 2582 2344 illic
2606 2273 2775 2344 gessit
2799 2286 2920 2324 cum
2953 2269 3128 2324 adhuc
3166 2272 3415 2344 privatus
3434 2284 3595 2341 esset,
3624 2277 3822 2344 partim

2227 2353 2507 2412 postquam
2537 2341 2721 2415 Caesar
2744 2342 2920 2415 iactus
2949 2349 3053 2403 est,
3082 2351 3136 2415 et
3166 2341 3314 2397 initia
3334 2341 3673 2415 principatus
3704 2347 3825 2415 ejus

2224 2412 2641 2485 revocemusiad
2672 2411 2931 2485 kalendas
2945 2413 3178 2485 martias
3217 2414 3341 2466 anni
3370 2411 3592 2485 2931M
3618 2417 3700 2471 sic
3729 2411 3824 2485 per

2224 2498 2397 2557 annos
2421 2482 2905 2557 IBSACatsarifuisse
2925 2482 3031 2557 dici
3054 2486 3221 2551 possit
3243 2500 3385 2538 anno
3406 2483 3533 2553 5I5,
3557 2501 3666 2557 quo
3696 2482 3823 2543 Dio-

2223 2554 2487 2624 cletianus
2513 2553 2765 2624 deposuit
2794 2553 3103 2624 imperium.

3640 2643 3694 2697 p-
3729 2628 3820 2696 35.

2293 2623 2494 2680 Cmsare
2516 2627 2624 2693 ﬁlio
2651 2639 2764 2678 suo.
2795 2623 3016 2687 Galerii,
3050 2634 3109 2679 ut
3136 2626 3350 2695 Opinor,
3383 2625 3542 2693 infra,
3571 2641 3632 2681 ca

2223 2697 2591 2768 commendatis
2636 2694 2835 2768 Licinio
2880 2695 3105 2768 eonjuge
3143 2694 3237 2750 sua
3284 2707 3330 2750 et
3378 2698 3511 2764 ﬁlio.
3561 2694 3824 2768 Nuspiam

2221 2767 2347 2821 alibi
2379 2768 2605 2838 legimus
2644 2765 2859 2838 Galerio
2879 2765 3051 2838 lilium
3078 2766 3264 2838 fuisse.
3288 2768 3429 2823 Sane
3452 2768 3496 2822 si
3521 2765 3820 2836 habuisset,

2222 2842 2289 2893 ex
2318 2836 2495 2907 priore
2522 2852 2689 2891 uxore
2728 2836 3027 2891 habuisset.
3059 2836 3177 2905 Quo
3212 2853 3338 2893 casu
3386 2838 3629 2894 Caesares
3682 2843 3822 2897 duos

2221 2917 2372 2964 extra
2398 2924 2547 2963 suam
2576 2907 2828 2961 familiam
2851 2923 2957 2962 non
2978 2910 3283 2978 qumsiisset
3306 2926 3320 2963 :
3345 2909 3438 2964 sed
3469 2910 3637 2965 lilium
3658 2928 3821 2967 suum

2223 2979 2400 3045 primo
2440 2980 2628 3033 saltem
2663 2978 2778 3032 loco
2815 2979 3170 3034 nominasset.
3203 2980 3281 3034 Ex
3320 2979 3534 3036 Valeria
3581 2998 3690 3036 non
3729 2986 3823 3038 ha-

2221 3049 2354 3104 buit.
2387 3048 2600 3105 Sterilis
2629 3050 2772 3104 enim
2807 3048 2925 3115 fuit,
2957 3059 3014 3103 ut
3044 3049 3204 3105 docet
3240 3049 3376 3105 infra
3416 3049 3731 3107 Lactantius
3770 3055 3821 3109 in

592 3127 848 3182 Licinium
894 3130 944 3178 υ.
979 3140 1025 3177 c.
1057 3124 1295 3193 amicum.
1324 3121 1470 3177 Idem
1502 3121 1667 3193 tradit
1696 3122 1991 3193 Socrates,
2015 3122 2050 3176 l.
2075 3138 2114 3190 ι,
2145 3120 2191 3184 C
2223 3121 2399 3193 capite
2424 3121 2890 3193 quinquagesimo.
2934 3120 3059 3193 lianc
3103 3121 3281 3190 itaque
3319 3122 3663 3193 intelligenda
3695 3136 3822 3180 sunt

521 3215 573 3254 c.
608 3200 666 3266 ‘2,
692 3197 779 3252 ubi
811 3197 885 3250 ait
911 3192 1613 3266 GalerimuMaximianum
1655 3188 1855 3266 abiisse
1904 3207 1936 3248 e
1979 3188 2109 3260 vita,

519 3260 662 3323 cum'
691 3267 956 3335 Licinium
998 3264 1153 3334 prius
1188 3265 1584 3335 imperatorem
1619 3260 1937 3335 creavissct,
1973 3273 2119 3319 vete-

520 3354 637 3394 rem
663 3333 931 3401 amicum,
950 3348 1007 3390 et
1036 3333 1477 3391 contubernalem
1525 3348 1702 3400 suum,
1731 3334 1824 3404 qui
1851 3349 1915 3390 ex
1953 3335 2116 3391 Dacia

519 3417 638 3464 erat
660 3407 936 3465 oriundus.
1116 3466 1135 3471 η

592 3478 679 3534 Ne
698 3479 865 3547 ﬁlium
888 3476 1193 3531 nominaret.
1226 3474 1339 3546 Ego
1383 3473 1620 3541 arbitror
1640 3475 1785 3547 hunc
1816 3474 2039 3547 istorum
2058 3486 2115 3532 et

518 3544 1204 3620 sequentium_verborum
1255 3544 1475 3620 sensum
1508 3560 1650 3601 esse.
1680 3545 1825 3620 Cum
1866 3544 2115 3620 Galerius

517 3617 779 3675 Licinium
812 3618 1035 3673 haberet
1056 3627 1293 3675 veterem
1318 3617 1550 3671 amicum
1575 3624 1630 3671 et
1648 3617 2108 3686 contubernalem,

517 3692 707 3745 bonum
760 3690 968 3754 militia,
997 3698 1056 3744 ut
1078 3687 1247 3744 Taciti
1290 3687 1454 3742 verbo
1483 3696 1622 3750 utar,
1674 3696 1721 3740 et
1775 3688 2111 3757 victoriaeso-

518 3763 679 3829 cium,
735 3761 891 3829 cujus
934 3759 1173 3815 consiliis
1220 3758 1288 3813 ad
1342 3758 1521 3829 omnia
1568 3757 1812 3829 regenda,
1835 3758 2107 3825 utebatur,

521 3828 693 3887 noluit
722 3828 899 3893 tamen
954 3831 1129 3885 illum-
1156 3831 1337 3885 facere
1362 3828 1654 3893 Caesarem,
1692 3843 1759 3883 ne
1791 3828 1957 3882 lilium
1984 3845 2109 3884 eum

519 3904 846 3968 nominaret,
871 3915 994 3955 cum
1032 3914 1139 3969 quo
1165 3914 1262 3969 per
1305 3902 1522 3957 omnem
1542 3900 1705 3969 vitam
1730 3900 1934 3953 vixerat
1962 3898 2110 3955 velut

520 3973 689 4029 frater
721 3972 861 4041 :_sed
887 3968 1269 4041 destinatam
1296 3969 1509 4041 longum
1528 3968 1911 4041 jaciens,‘eum
1943 3970 1994 4023 in
2025 3971 2109 4024 lo-

517 4059 641 4098 cum
667 4038 988 4105 Constantii,
1007 4049 1100 4094 aut
1128 4038 1272 4094 brevi
1296 4039 1563 4103 morituri,
1586 4047 1677 4092 aut
1702 4049 1849 4094 certe
1879 4054 1973 4108 per
1993 4042 2105 4097 vim

518 4112 863 4179 deturbandi,
905 4112 1232 4166 substituere
1280 4109 1567 4178 cogitabat,
1600 4110 2103 4180 ut'sic_Augustum

517 4196 574 4239 et
602 4188 820 4240 fratrem
852 4178 1219 4251 nuncuparet;
1243 4179 1374 4234 Nam
1406 4182 1496 4250 qui
1534 4180 1743 4251 fiebant
1767 4178 2010 4245 Caesares
2050 4184 2104 4239 in

517 4256 755 4310 ﬁliorum
782 4250 1066 4309 numerum
1092 4251 1402 4315 veniebant,
1431 4259 1487 4304 et
1513 4250 1607 4305 lilii
1638 4254 1995 4320 Augustorum
2020 4254 2104 4310 di-

515 4327 795 4381 cebantur.
823 4325 927 4394 Qui
974 4339 1103 4379 vero
1132 4322 1597 4394 tnuncupabantur
1648 4323 1872 4394 Augusti
1910 4323 2103 4380 fratres

517 4392 930 4467 imperatorum
969 4393 1398 4467 appellabantur,
1431 4401 1489 4447 ut
1536 4408 1698 4464 supra
1746 4392 1980 4449 vidimus
2031 4396 2102 4452 de

519 4465 845 4523 Maximiano
889 4465 1159 4522 Herculio.

601 4508 1239 4592 ii'c'éiiéhiiaméiiéiiiio.
1287 4533 1367 4606 Ad
1409 4534 1739 4606 exemplum
1764 4534 2099 4606 Diocletiani,
2127 4508 2183 4570 Β

516 4609 606 4677 qui
640 4617 759 4676 post
807 4620 1059 4677 emensos
1110 4603 1476 4677 novemdecim
1508 4619 1679 4659 annos
1729 4604 1940 4674 imperii
1994 4603 2102 4664 Ro;-

518 4673 662 4732 mam
687 4677 930 4738 veniens,
948 4675 1096 4731 initia
1124 4673 1368 4742 vigesimi
1398 4682 1547 4729 tanto
1575 4673 1832 4743 apparatu
1859 4677 2101 4733 celebra-

516 4749 611 4811 vit,
640 4757 697 4802 ut
744 4754 1026 4816 propterea
1080 4744 1280 4799 dixerit
1327 4744 1523 4816 sextus
1573 4744 1744 4816 Rufus
1771 4756 1949 4800 notam
1981 4764 2103 4806 esse

517 4814 768 4888 pompam
796 4814 1055 4888 victoria),
1078 4831 1212 4888 quae
1238 4815 1339 4888 sub
1370 4814 1702 4888 Diocletiano
1748 4817 1990 4887 principe
2018 4835 2102 4876 re-

514 4884 721 4956 portata
747 4888 814 4943 de
840 4887 1018 4943 Persis
1046 4884 1152 4942 est.
1181 4884 1289 4941 Sed
1322 4884 1548 4956 multum
1577 4899 1645 4943 eo
1676 4884 1916 4956 tempore
1929 4884 2106 4947 dista-

511 4954 605 5013 bat
623 4958 870 5016 Galerius
890 4973 918 5011 a
935 4956 1297 5012 vicennalibus
1322 4954 1591 5014 suis.Nam
1609 4971 1675 5012 ex
1703 4954 1879 5027 capite
1902 4958 1972 5013 35
2001 4960 2097 5015 hu-

509 5028 598 5096 jus
645 5029 769 5084 libri
814 5027 1083 5100 colligitur
1124 5042 1187 5082 ea
1239 5027 1503 5100 celebrari
1560 5027 1810 5083 debuisse
1851 5027 2095 5087 kalendis

512 5100 758 5165 ntartiis,
815 5097 1206 5169 quae'mortem
1254 5097 1373 5171 ejus
1400 5098 1703 5171 subsecuta:
1747 5110 1889 5155 sunt.
1928 5100 2095 5171 Igitur

511 5181 757 5226 mortuus
792 5168 877 5225 εει
903 5186 1045 5224 anno
1071 5184 1135 5224 ex
1168 5183 1275 5239 quo
1304 5168 1487 5223 Ctesar
1534 5168 1705 5224 factus
1753 5179 1839 5225 est
1879 5168 2093 5229 decimo
2122 5176 2125 5177 ⁷

510 5256 657 5295 nono
683 5241 1049 5307 ineunte,cum
1072 5240 1267 5310 obierit
1294 5254 1479 5310 mense
1506 5242 1761 5310 maio,qui
1788 5243 1878 5294 l'nit
1908 5245 2091 5308 proxi-

508 5324 631 5365 mus
678 5320 805 5366 ante
828 5311 972 5367 diem
1002 5309 1379 5365 vicennalium.
1408 5308 1647 5367 Mortuus
1664 5308 1745 5365 est
1766 5322 1943 5366 autem
1966 5327 2088 5369 cum

507 5391 691 5451 ageret
722 5391 975 5451 octavum
1029 5384 1387 5445 consulatum,
1417 5390 1476 5434 ut
1503 5381 1756 5450 scriptmn
1784 5392 1867 5436 est
1906 5384 1957 5437 in
1992 5386 2091 5441 hac

509 5450 736 5507 historia
765 5452 897 5505 etin
942 5450 1116 5506 Fastis
1159 5450 1429 5505 ldatianis.
1463 5456 1552 5514 At,
1585 5456 1628 5505 si
1658 5452 1755 5506 ista
1782 5466 1905 5506 vera
1938 5464 2083 5517 sunt,

503 5527 776 5592 quomodo
801 5523 915 5577 fieri
947 5532 1120 5587 pmest
1163 5533 1221 5592 ut
1246 5520 1494 5576 Galerius
1550 5522 1892 5591 imperaverit
1931 5526 2086 5582 annis

506 5591 614 5665 uno
628 5602 682 5650 et
713 5594 895 5665 viginti
915 5594 937 5646 ?
956 5591 1061 5665 Tot
1093 5591 1233 5665 enim
1260 5603 1611 5665 numerantur
1631 5608 1660 5645 a
1684 5595 1968 5665 consulatu
1994 5594 2084 5651 Ti-

499 5664 706 5720 beriani
738 5661 790 5719 ei
817 5664 1017 5735 Dionis,
1046 5679 1153 5734 quo
1178 5662 1425 5735 Galerius
1454 5661 1649 5735 dicitur
1678 5664 1849 5735 factus
1875 5667 2079 5734 Caesar,

498 5748 669 5812 usque
703 5735 772 5797 ad
796 5733 1131 5801 consulatum
1172 5733 1289 5809 ejus
1330 5733 1602 5795 octavum.
1637 5734 1838 5795 Deinde
1881 5735 2081 5811 ipsein

2216 3191 2290 3266 de
2318 3190 2687 3266 Candidiano,
2720 3191 2810 3266 qui
2846 3191 3006 3266 paulo
3037 3201 3157 3260 post
3192 3190 3522 3266 nominatur,
3552 3204 3607 3249 et
3651 3211 3818 3266 quem

2221 3262 2534 3319 Lactantius
2583 3260 2719 3316 infra
2774 3263 2842 3333 in
2883 3263 3073 3318 eodem
3136 3264 3312 3332 capite
3365 3260 3821 3333 quinquagesimo

2219 3343 2441 3388 annotat
2496 3349 2562 3387 ex
2619 3332 2917 3388 concubina
2972 3343 3190 3395 natmu,
3248 3349 3279 3388 a
3338 3332 3818 3391 Valeria-Galerii

2219 3418 2387 3459 uxore
2414 3405 2726 3469 adoptatum
2758 3405 2827 3456 ob
2854 3399 3219 3469 sterilitatem,
3247 3420 3311 3459 ac
3333 3404 3671 3469 desponsam
3689 3406 3817 3462 lilia:

2217 3478 2465 3545 septenni
2492 3474 2765 3531 Maximini
2798 3475 3043 3543 Augusti.
3079 3476 3229 3546 Hune
3256 3491 3387 3546 ergo
3418 3474 3693 3534 Caesarem
3737 3480 3819 3532 fa-

2216 3560 2341 3601 cere
2367 3546 2676 3602 destinabat
2705 3554 2854 3615 pater
2890 3553 3011 3613 post
3039 3545 3308 3615 celebrata
3332 3545 3658 3611 ’vicennalia.
3706 3553 3816 3611 0c-

2214 3616 2361 3671 cisus
2384 3627 2468 3672 est
2491 3622 2670 3672 autem
2708 3614 2738 3669 a
2772 3614 2981 3671 Licinio
3020 3614 3387 3673 Candidia'nus
3424 3632 3570 3674 anno
3604 3616 3818 3676 Christi

2214 3687 2341 3751 515,
2364 3688 2537 3742 aatatis
2557 3702 2668 3742 suae
2691 3686 2780 3742 16.
3292 3698 3293 3701 ‘
3472 3736 3477 3739 _

2286 3756 2423 3828 Ipse,
2443 3758 2737 3829 deponeret.
2767 3757 3078 3831 Imperium.
3110 3756 3466 3831 Meditabatur
3493 3774 3624 3831 ergo
3647 3760 3816 3825 Gale-

2213 3826 2330 3885 rius
2356 3826 2720 3885 secessionem
2757 3844 2785 3881 a
2815 3826 3242 3901 republicaipost
3276 3826 3706 3901 celebrationem
3735 3834 3818 3887 vi-

2211 3901 2537 3967 cennalium,
2572 3909 2629 3954 ut
2658 3901 2925 3955 fortunam
2972 3898 3286 3956 Diocletiani
3327 3898 3654 3957 imitaretur.
3701 3903 3815 3959 Sed

2212 3971 2355 4027 Deus
2385 3981 2576 4043 cuncta
2607 3970 2757 4043 illius
2778 3970 3009 4041 cogitata
3047 3969 3316 4043 dissolvit.
3345 3970 3487 4025 Nam
3510 3988 3691 4043 neque
3733 3976 3811 4030 vi-

2209 4044 2455 4098 cenualia
2494 4041 2807 4107 celebravit,
2839 4040 3430 4111 nequeCandidianu'm
3458 4040 3810 4103 fecit'Czesa-

2209 4128 2348 4179 rem,
2380 4128 2479 4170 nec
2506 4112 2764 4184 consequi
2794 4114 2966 4183 potuit
2989 4113 3083 4167 otii
3113 4111 3479 4170 dulcedinem.
3694 4116 3697 4119 ’

2799 4223 3029 4287 CAPUT
3066 4222 3213 4280 XXI.

2278 4320 2667 4392 Torquebantur
2679 4320 2996 4375 decuriones.
3014 4319 3147 4375 Rem
3180 4320 3337 4376 istam
3360 4322 3640 4377 annotavit
3663 4321 3808 4379 Lac-

2207 4393 2406 4449 tantius
2435 4403 2686 4461 tanquam
2723 4400 2897 4445 actam
2933 4402 3121 4446 contra
3160 4392 3249 4460 jus
3287 4400 3343 4445 et
3395 4404 3624 4447 morem.
3668 4394 3810 4450 Nam

2201 4463 2327 4534 jure
2365 4464 2508 4520 civili
2551 4462 2918 4517 Romanorum
2948 4477 3065 4534 Anon
3103 4461 3301 4517 licebat
3339 4470 3596 4534 torquere
3633 4465 3805 4519 decu.

2207 4532 2408 4601 riones,
2434 4542 2493 4589 ut
2509 4542 2747 4606 patetiex
2769 4532 2996 4606 epistola
3015 4532 3351 4606 constantini
3378 4532 3446 4606 ad
3469 4533 3806 4606 Probianum

2205 4602 2583 4677 proconsulem
2595 4602 2816 4659 Africae.
2841 4602 3329 4677 Quare_Baronius,
3343 4603 3423 4677 ad
3446 4619 3647 4677 anitum
3668 4605 3805 4672 5H,

2204 4673 2458 4732 admonet
2483 4676 2615 4732 Acta
2647 4675 2977 4748 purgationis
3016 4673 3509 4748 Felicis,_episcopi
3536 4675 3807 4748 Aptungi-

2205 4749 2338 4815 tani,
2380 4743 3055 4817 corrupta'esseeo-loco
3087 4746 3185 4817 ubi
3214 4743 3465 4817 Elianus
3508 4743 3805 4815 proconsul

2203 4818 2281 4877 ait
2309 4814 2381 4890 ad
2405 4814 2705 4890 lugentium
2723 4833 2753 4890 _:
2773 4814 2900 4873 Noli
2928 4817 3098 4889 itaque
3128 4816 3219 4870 tibi
3242 4816 3491 4881 blandiri,
3512 4814 3651 4890 quod
3680 4835 3806 4872 cum

2205 4888 2332 4944 mihi
2352 4886 2494 4944 dicos
2526 4889 2621 4943 Dei
2648 4888 2893 4942 cultorem
2913 4897 2962 4942 te
2985 4886 3112 4954 esse,
3134 4904 3199 4942 ac
3228 4886 3518 4958 prapterea‘
3536 4904 3639 4941 non
3679 4906 3807 4958 pos-

2203 4962 2278 5030 sis
2312 4963 2565 5030 torqueri;
2604 4968 2659 5015 et
2697 4958 3017 5012 decurionem
3055 4958 3341 5030 legendum
3379 4957 3510 5030 beic
3538 4972 3661 5030 esse
3699 4975 3805 5029 pro

2203 5028 2304 5085 Dei
2330 5028 2597 5086 cultorem.
2639 5030 2831 5086 Postea
2861 5038 3061 5096 tamen,
3095 5038 3154 5084 ut
3191 5028 3301 5089 illic
3340 5028 3592 5084 observat
3635 5028 3803 5085 Baro.

2203 5103 2347 5169 nius,
2393 5101 2777 5157 Constantinus
2819 5100 2992 5169 legem
3033 5101 3173 5167 tulit,
3217 5112 3276 5155 ut
3317 5099 3643 5157 decuriones
3686 5110 3802 5155 tor-

2201 5175 2351 5242 queri
2382 5174 2569 5229 liceret
2592 5172 2646 5226 in
2676 5171 2903 5242 crimine
2930 5170 3070 5226 falsi.
3310 5196 3317 5202 -

2275 5242 2761 5314 Perfectissimiviri.
2783 5241 3111 5314 Lactantius,
3134 5241 3227 5297 lib.
3244 5242 3525 5298 vIostitut.
3550 5256 3673 5312 cap.
3691 5242 3798 5296 I5:

2201 5311 2367 5383 Nemo
2381 5309 2783 5383 perfectissimus
2809 5312 2909 5365 nisi
2937 5309 3025 5382 q’ui
3050 5330 3223 5369 onmes
3266 5314 3459 5383 gradus
3486 5309 3797 5380 impleverit.

2196 5382 2689 5438 PerfectisSimatus
2718 5383 2971 5453 dignitas.
2997 5394 3058 5438 ut
3092 5384 3168 5438 ait
3205 5383 3449 5439 Valesius
3476 5383 3543 5438 ad
3578 5385 3668 5437 lib.
3701 5398 3800 5438 ut

2196 5456 2467 5509 Atmniani
2497 5453 2807 5519 Marcellini,
2837 5456 3015 5508 minor
3053 5464 3172 5509 erat
3206 5454 3601 5519 clarissimatu;
3649 5466 3703 5509 et
3738 5463 3802 5507 ut

2193 5522 2490 5581 Clarissimi
2518 5526 2657 5595 apud
2696 5526 3005 5595 prtelectum
3047 5525 3164 5579 urbi
3197 5527 3676 5595 conveniebantur,
3713 5525 3799 5579 sic

2192 5594 2569 5667 perfectissimi
2597 5594 2737 5666 apud
2766 5596 3017 5650 vicariam
3044 5595 3441 5667 prafecturatn.
3470 5594 3604 5667 Vide
3624 5595 3798 5667 etiam

2192 5666 2348 5722 notas
2372 5666 2618 5722 Balduini
2662 5672 2713 5722 in
2749 5667 2994 5723 Eumenii
3024 5669 3327 5722 orationem
3367 5666 3434 5721 de
3471 5666 3676 5722 scholis
3709 5666 3797 5719 in-

2188 5737 2520 5823 Btaurandis,
2544 5737 2813 5812 luretum,
2846 5739 2901 5809 in
2939 5738 3082 5803 notis
3115 5737 3187 5803 θα
3230 5737 3537 5825 epistth
3553 5737 3628 5809 60
3660 5735 3798 5807 ποτε
