4058 6188
485 266 599 325 διε

1827 254 2168 316 STEPHANI
2197 253 2467 312 BALUZII

3687 244 3790 302 3H

487 386 652 463 docet
678 391 865 463 auctor
891 380 1195 463 panegyrici
1227 380 1388 463 paulo
1416 387 1540 463 ante
1567 377 1793 463 laudati:
1828 376 2085 463 Dixerint,
2115 376 2170 436 Α
2191 389 2308 463 cum
2336 372 2482 427 liberi
2510 369 2828 426 Constantini
2857 369 3065 433 Gallice,
3092 366 3291 422 Orienti
3313 363 3579 437 Italiaque
3606 378 3792 434 prices-

489 457 682 528 inquit,
711 458 840 528 licet
868 446 1100 523 plurimi,
1142 446 1387 521 multique
1428 450 1616 528 dicturi
1651 451 1774 513 sint,
1803 464 1863 503 ea
1888 446 2090 528 quibus

491 518 676 582 omnia
695 526 830 597 facta
862 518 1030 597 vestra
1055 518 1464 597 summarumque
1495 522 1742 597 virtutum
1774 520 1950 597 merita
1981 518 2094 597 tau-

490 588 706 663 (lantur,
751 595 1083 650 sacratissimi
1113 588 1733 662 principes'Maximiane,
1762 591 1904 655 velis,
1937 588 2092 663 nolis,

489 659 697 736 semper'
727 669 975 737 Auguste,
1010 674 1057 719 et
1084 659 1609 737 Constantineoriens
1632 663 1937 732 imperator;
1967 659 2096 737 mitti

489 730 661 793 tamen
696 730 888 793 certum
924 730 996 792 est
1035 752 1092 789 ea
1123 736 1378 805 prwcipue
1416 736 1513 788 isto
1540 730 1770 805 sermone
1809 730 2095 805 complecti,

486 826 607 880 qua:
633 820 750 864 sunt
789 810 945 881 hujus
982 800 1192 881 propria
1230 800 1439 881 lictitite,
1479 821 1581 881 qua
1608 805 1697 881 tibi
1725 800 1917 857 Ctesari
1939 801 2096 881 addi-

488 872 602 935 ium
640 896 823 934 nomen
853 872 1094 947 imperii,
1139 888 1185 932 et
1222 880 1437 932 istarum
1478 872 1756 947 cmtestium
1802 872 2099 941 nuptiarum

492 954 626 1022 festa
654 946 991 1006 celebrantur.
1025 950 1278 1022 Etrpaulo
1308 957 1456 1022 pust;
1495 946 1633 1022 Quid
1654 947 1788 1022 enim
1815 953 1904 1022 aut
1934 954 1988 995 tu
2014 960 2100 1022 ca-

489 1014 602 1075 rius
631 1023 776 1087 dare,
804 1033 893 1076 aut
919 1030 974 1074 tu
1003 1014 1172 1075 carius
1209 1020 1438 1088 accipere
1471 1018 1702 1087 potuisti,
1728 1032 1846 1069 cum
1867 1015 1960 1068 Itac
1988 1014 2101 1084 a/ﬁ-

493 1095 655 1147 aitate
680 1104 847 1147 vestra
884 1100 930 1147 et
966 1092 1077 1156 tibi,
1119 1089 1462 1155 Maximiane,
1503 1105 1592 1159 per
1627 1103 1867 1158 generum
1887 1088 2102 1157 juventa

492 1174 740 1218 renovata
771 1165 867 1228 sit,
898 1172 944 1217 et
983 1164 1090 1225 tibi,
1122 1160 1482 1236 Constantine,
1523 1176 1611 1229 per
1647 1174 1877 1214 socerum
1919 1171 2103 1236 nomen

495 1236 818 1301 imperatoris
844 1226 1155 1288 accreverit?
1185 1233 1285 1288 ista
1316 1226 1531 1300 quidem
1562 1242 1706 1284 certa
1738 1238 1791 1301 et
1821 1226 2102 1301 manifesta

494 1297 642 1359 sunt.
663 1306 930 1361 (linterum
962 1305 1225 1366 Labbeus,
1261 1303 1313 1357 in
1337 1297 1497 1371 parte
1528 1300 1695 1369 prima
1725 1297 2101 1371 Chronologize

495 1376 788 1448 historicas.
820 1391 940 1448 pag.
962 1447 966 1448 ί
989 1375 1119 1442 2‘25,
1152 1373 1330 1448 laudat
1348 1368 1597 1442 ejusdem
1628 1371 1904 1448 re_i_te_stes
1932 1368 2102 1448 Ense:

495 1447 645 1503 bium
673 1437 834 1511 atque
847 1437 1147 1520 Zozimtitn,
1180 1444 1317 1514 apud
1341 1437 1476 1513 quos
1497 1456 1598 1511 ego
1628 1440 1756 1520 nihil
1788 1440 1941 1494 istius
1959 1437 2105 1520 modi

495 1508 934 1588 reperire-potui.
959 1508 1199 1583 Quatuor
1218 1508 1373 1588 ergo,
1402 1523 1461 1567 ut
1483 1508 1695 1588 notatur
1725 1514 1775 1588 in
1807 1510 1975 1588 veteri
1998 1508 2103 1563 Ca-

494 1582 944 1651 leddariofl'uere
974 1582 1178 1642 natales
1220 1582 1576 1648 Constantini,
1609 1584 1643 1638 5
1673 1582 1930 1637 kalendas
1960 1596 2104 1635 mar-

493 1659 592 1721 tii,
640 1659 675 1713 8
728 1658 985 1714 kalendas
1035 1658 1266 1725 augusti,
1322 1658 1356 1711 8
1408 1653 1665 1710 kalendas
1736 1652 1997 1725 januarii,
2053 1659 2108 1725 et

495 1729 671 1798 pridie
718 1728 976 1785 kalendas
1015 1722 1218 1797 aprilis.
1253 1728 1486 1790 Primus,
1531 1735 1590 1779 ut
1628 1722 2107 1798 recte‘observavit

496 1793 583 1855 vir
611 1800 1003 1855 eruditissimus
1032 1793 1260 1854 Carolus
1290 1798 1626 1861 Dulresiiius,
1661 1795 1891 1863 pertinet
1920 1793 1986 1847 ad
2010 1808 2107 1863 ge-

495 1872 719 1926 nuinum
748 1870 1084 1926 Constantini
1108 1870 1363 1933 natalem,
1397 1883 1502 1938 quo
1525 1881 1716 1935 nempe
1736 1875 1828 1938 est
1847 1866 1900 1919 in
1933 1864 2105 1938 lucem

494 1942 706 2004 editus;
737 1942 1008 1996 secundus
1027 1941 1091 1994 ad
1119 1956 1242 1995 eum
1271 1935 1439 1999 diem,
1477 1954 1584 2007 quo
1621 1937 1756 2005 patri
1791 1935 2108 1990 Constantio

497 2013 793 2072 successit;
825 2013 1014 2067 tertius
1042 2010 1110 2064 ad
1134 2026 1283 2076 eum,
1315 2024 1421 2079 quo
1446 2007 1627 2063 C:rsar
1659 2016 1995 2075 nuncupatus
2024 2014 2108 2079 est

497 2098 531 2136 a
559 2083 805 2153 Galerio;
837 2092 1061 2153 quartus
1089 2082 1319 2150 denique
1336 2076 1415 2153 ad
1446 2095 1591 2139 eum,
1619 2094 1743 2153 quo
1769 2076 2108 2148 imperatoris

496 2163 554 2209 et
573 2152 796 2222 AuguSIi
817 2148 1264 2222 nuncupationem
1287 2152 1512 2222 sortitus
1521 2157 1621 2222 est.
1646 2148 2106 2222 Quintumﬂuem

500 2224 556 2278 in
586 2218 681 2278 die
703 2225 737 2278 5
774 2218 1033 2279 kalendas
1053 2223 1236 2291 aprilis
1268 2224 1408 2278 locat
1430 2219 1799 2291 kalendarium
1825 2218 2103 2291 Pltilocali,

500 2310 610 2348 non
644 2304 769 2361 puto
806 2288 1235 2349 diversum'esse
1274 2294 1344 2347 ab
1383 2308 1469 2355 eo,
1502 2306 1660 2359 quem
1700 2289 1818 2361 alite
1843 2288 2109 2343 editiones

501 2359 709 2433 ponunt
744 2365 779 2418 5
832 2364 1091 2421 kalendas
1129 2365 1378 2429 martias;
1417 2372 1474 2417 et
1512 2362 1634 2416 liiuc
1666 2359 1901 2415 arbitror
1924 2374 2110 2414 emen-

500 2436 734 2490 dandam
760 2450 882 2492 esse
902 2435 1161 2491 Pbilocali
1190 2435 1503 2490 editionem.

1008 2549 1066 2605 εἴ
1104 2546 1334 2604 CAPUT
1376 2545 1568 2602 XXVI.

583 2640 903 2695 Maxentium
950 2639 992 2707 Ι.
1038 2639 1178 2708 Imp.
1230 2636 1737 2708 Fraginentumide
1787 2635 2110 2708 Constantio

502 2711 724 2777 Cbloro,
774 2727 894 2781 pag.
923 2709 1030 2765 4'72
1071 2728 1084 2764 :
1133 2709 1313 2781 Subito
1343 2708 1567 2781 inrurbe
1618 2707 1784 2761 Roma
1813 2707 2109 2776 praetoriani

504 2782 693 2836 milites
706 2781 758 2836 Μ
766 2779 1025 2836 utentium
1042 2781 1209 2850 [ilium
1228 2779 1461 2833 Herculii
1480 2781 1834 2848 imperatorem
1845 2787 2106 2850 crearunt.

505 2854 818 2921 Eutropius,
862 2852 956 2906 lib.
990 2868 1020 2906 x
1042 2846 1070 2907 ἐ
1101 2851 1282 2905 Romae
1329 2851 1521 2904 interea
1543 2846 1858 2919 pra'toriani,
1887 2846 2129 2921 excitato

506 2918 754 2988 tumultu,
787 2922 1107 2977 Maxentium
1140 2922 1373 2976 Herculii
1416 2918 1603 2989 ﬁlium,
1636 2923 1721 2987 qui
1754 2920 1894 2973 haud
1925 2918 2109 2987 procul

508 2995 573 3050 ab
602 2998 725 3049 urbe
752 2995 806 3048 in
834 2993 957 3047 villa
986 2993 1191 3063 publica
1236 2992 1552 3057 morabatur,
1576 2991 2111 3063 idugustum_nttn_c_u-

511 3075 775 3135 paverunt.
799 3063 946 3119 Idem
976 3059 1164 3135 scribit
1191 3063 1454 3135 Eusebius
1478 3063 1530 3116 in
1561 3059 1853 3135 Chronico.
1874 3059 2109 3135 Fuitille

508 3130 656 3192 illius
702 3135 1011 3190 Maximiani
1053 3134 1307 3199 Herculii,
1340 3148 1507 3204 gener
1547 3148 1677 3188 vero
1706 3131 1909 3204 Galerii
1939 3130 2108 3204 Maxi:
2139 3136 2186 3199 ο

511 3208 700 3273 tuiani,
729 3215 788 3261 ut
817 3206 938 3261 heic
965 3213 1023 3261 et
1059 3202 1368 3275 supracap}
1402 3205 1467 3259 18
1493 3213 1550 3261 et
1574 3204 1733 3273 paulo
1775 3202 1989 3275 infrave.
2019 3202 2109 3275 i'l,

511 3268 1047 3332 docet'Lactantius.
1080 3268 1234 3343 Quod
1283 3268 1444 3330 etiam
1495 3274 1549 3330 in
1577 3268 1845 3341 'Epitome
1884 3272 2114 3328 Victoris

510 3352 583 3404 ita
615 3347 844 3402 traditur
874 3364 887 3399 :
916 3345 973 3400 Is
1005 3345 1352 3401 Maximianus
1387 3345 1562 3417 (Leg.
1600 3344 1931 3417 Maxentius)
1962 3358 2114 3417 carus

511 3419 645 3472 nulli
674 3434 901 3486 unquam
934 3417 1053 3488 fuit,
1084 3434 1143 3488 ne
1175 3418 1310 3487 patri
1339 3412 1624 3488 autsocero
1651 3412 2109 3488 quidemCalerio.

515 3490 583 3544 Et
604 3484 982 3559 Fragmentum
1003 3488 1071 3543 de
1082 3484 1396 3559 Constantio
1408 3487 1630 3555 Cltloro,
1656 3484 1775 3559 pag.
1790 3485 1924 3559 4'12;
1950 3484 2115 3559 Gener

514 3559 658 3629 apud
709 3555 941 3614 Socerum
966 3600 980 3625 ,
1042 3560 1096 3612 id
1143 3569 1237 3624 est,
1288 3558 1580 3614 Maxentius
1630 3555 1770 3629 apud
1826 3555 2110 3629 Galerium.

514 3627 696 3699 Quare
724 3632 891 3685 miror
920 3630 1292 3685 doctissimum
1339 3633 1510 3685 virum
1540 3627 1839 3698 .lose’plium
1876 3627 2115 3696 Scalige-

517 3718 636 3756 rum
664 3701 716 3756 in
738 3700 1316 3756 Animadversionibus
1337 3700 1405 3756 ad
1434 3700 1742 3756 Cbronicon
1770 3699 1984 3754 Eusebii
2016 3700 2115 3752 mi-

515 3771 650 3836 rari,
679 3773 822 3841 quod
852 3787 975 3826 cum
1016 3771 1315 3826 Maxentius
1348 3772 1508 3827 luerit
1536 3771 1768 3826 Herculii
1808 3768 2115 3841 Maximiani

520 3843 681 3905 Illius,
702 3840 761 3897 in
789 3843 1020 3896 nummis
1046 3844 1353 3910 tamenejus
1379 3843 1449 3896 ita
1477 3842 1720 3912 legatur:
1750 3841 1864 3895 Ιιιιι.
1889 3840 2116 3894 Maxen-

518 3928 640 3967 TIUS
678 3928 799 3968 DIVO
842 3912 1149 3967 MAXIMIANO
1188 3929 1341 3968 PATRI
1372 3927 1575 3967 ευθειιο
1600 3924 1823 3967 ΕΤΕΒΝΑ
1852 3924 2110 3966 MEMORIA.

514 3983 778 4038 Nummus
811 3984 896 4037 hic
920 3998 1084 4038 cusus
1114 3999 1220 4037 non
1254 3991 1336 4037 est
1374 3984 1425 4037 in
1459 3984 1774 4038 memoriam
1806 3981 2114 4036 Maximiani

515 4056 704 4125 patris.
733 4054 828 4110 sed
858 4053 1056 4109 Galerii
1082 4053 1384 4108 Maximiani
1408 4054 1605 4110 soceri.

591 4127 771 4179 Castra
802 4125 1041 4193 prtctoria
1068 4127 1361 4179 sustulerat.
1396 4125 1511 4179 Non
1539 4124 1760 4179 omnino
1789 4140 1803 4175 :
1834 4120 2116 4193 sedrditni-

520 4206 733 4251 uuerat.
766 4192 981 4266 Alioqui
1026 4198 1169 4252 enim
1217 4197 1489 4266 quomodo
1516 4194 1859 4261 Prietoriani,
1902 4192 1947 4246 si
1981 4192 2115 4266 nulli

517 4266 770 4334 fuissent,
799 4264 1124 4323 Maxentium
1155 4264 1535 4333 imperatorem
1564 4280 1876 4336 nuncupare
1905 4264 2114 4336 potuis-

515 4339 683 4394 scut?
711 4339 874 4394 Recte
913 4337 1170 4393 Aurelius
1208 4337 1394 4393 Victor
1420 4339 1472 4392 in
1510 4338 1648 4392 libro
1668 4334 2067 4390 deCaesaribus
2096 4350 2112 4388 :

520 4410 661 4465 Hinc
690 4411 841 4464 etiam
877 4409 1035 4478 quasi
1053 4419 1302 4463 truncata:
1329 4410 1458 4464 vires
1489 4408 1649 4473 urbis,
1680 4406 1949 4460 imminuto
1979 4421 2114 4478 prte-

520 4481 769 4535 toriarum
814 4475 1097 4534 cohortium
1128 4490 1277 4549 atque
1321 4481 1374 4533 in
1403 4482 1558 4532 armis
1582 4480 1717 4550 vulgi
1744 4492 1975 4532 numero.
2012 4475 2114 4532 Ubi

517 4551 659 4606 [οιιθ
690 4552 976 4620 legendum
1006 4568 1018 4603 :
1047 4560 1199 4619 atque
1226 4550 1431 4603 inermis
1454 4551 1607 4620 vulgi.

597 4617 792 4675 Occisis
813 4620 1098 4694 judicibus.
1116 4617 1315 4694 Abellio
1344 4621 1485 4694 prius
1514 4617 1796 4694 interfecto,
1821 4617 1992 4694 inquit
2015 4618 2117 4674 Z0-

516 4691 711 4756 zinius,
764 4690 899 4760 quod
924 4691 971 4743 is
1004 4691 1230 4760 prtefecti
1272 4692 1409 4744 urbis
1439 4692 1605 4744 locum
1631 4692 1857 4744 obtinens
1878 4730 1893 4754 ,
1933 4690 2117 4745 horum

518 4761 863 4815 molitionibus
892 4761 1152 4813 adversari
1181 4760 1316 4813 visus
1346 4771 1491 4814 esset.

600 4831 854 4886 Turbatus
881 4840 971 4887 est.
998 4830 1246 4887 Galerius
1276 4830 1648 4886 Maximianus.

595 4902 722 4957 Tres
750 4903 1059 5025 Cwsares
1110 4919 1161 4955 η.
1198 4911 1411 4971 poterat.
1455 4904 1713 4958 Obstante
1761 4902 2114 4973 dispositione

596 4974 866 5025 ocletiani.
890 4973 981 5025 aui
1032 4987 1129 5025 uos
1144 4972 1415 5025 Augustos
1436 4989 1556 5025 esse
1593 4974 1791 5025 debere
1812 4976 2114 5025 instituerat

527 4973 866 5036 Diocletiani,
890 4972 1129 5043 quiduos
1144 4972 1415 5041 Augustos
1436 4989 1556 5029 esse
1593 4974 1791 5029 debere
1812 4972 2116 5031 instituerat

522 5045 662 5099 duos
687 5045 928 5099 Cirsares
952 5061 966 5107 ;
998 5059 1222 5113 eamque
1247 5045 1654 5116 dispositionem
1676 5057 1988 5102 servaverat
2011 5047 2117 5103 Ga-

525 5117 712 5179 lerius,
755 5116 1613 5186 cumAugustinuncupationem
1656 5127 1885 5184 accepit.
1918 5117 2113 5173 Postea

527 5197 705 5241 tamen
734 5195 843 5241 tres
863 5185 1010 5239 Ciesa
1021 5201 1105 5240 res
1128 5185 1248 5241 lacti
1272 5185 1397 5241 sunt
1412 5202 1441 5241 a
1455 5187 1806 5243 Constantino
1827 5199 1883 5244 et
1908 5189 2114 5244 Licinio

520 5273 664 5312 anno
685 5255 882 5312 Christi
911 5258 1035 5311 517.
1062 5256 1283 5327 Crispus
1315 5261 1587 5326 nimirum,
1610 5258 1953 5315 Constantius
1972 5259 2111 5314 Cou-

522 5329 747 5383 slantiui
791 5328 953 5392 ﬁlius,
996 5338 1052 5383 et
1110 5328 1415 5383 Licinianus
1468 5329 1608 5385 (ilius
1650 5330 1860 5385 Licinii.
1910 5331 2112 5386 Deinde

524 5400 667 5453 victo
697 5399 983 5469 occisoque
1029 5398 1255 5462 Licinio,
1302 5400 1551 5455 extinctis
1585 5417 1798 5470 quoque
1842 5398 2033 5470 Crispo
2059 5409 2115 5456 et

524 5469 828 5534 Liciniano,
855 5470 1199 5525 Constantius
1225 5481 1276 5523 ct
1296 5470 1562 5525 Constans
1593 5469 1827 5525 minores
1849 5471 1941 5524 lilii
1973 5469 2115 5524 Con-

522 5542 743 5595 stantini
789 5541 911 5594 lacti
950 5548 1079 5594 sunt
1121 5538 1365 5594 Censores
1431 5542 1590 5595 variis
1641 5543 1991 5610 temporibus.
2025 5542 2109 5597 Ad

518 5629 640 5677 qum:
670 5624 909 5678 tempora
932 5610 1213 5666 referenda
1240 5620 1323 5665 est
1353 5611 1439 5665 illa
1460 5611 2021 5679 Eutropiiobservatio
2042 5629 2108 5669 ex

512 5679 654 5737 libro
682 5683 891 5737 decimo
931 5698 943 5734 :
980 5680 1057 5733 Eo
1085 5691 1306 5748 (corpore
1342 5698 1420 5734 res
1452 5682 1685 5736 Romana
1713 5683 1807 5737 sub
1852 5700 1953 5737 uno
1998 5684 2108 5738 Au-

503 5761 654 5823 gusto
676 5763 721 5808 et
759 5754 919 5808 tribus
951 5749 1234 5807 Caesaribus
1283 5749 1458 5822 (quod
1488 5769 1746 5822 nunquam
1773 5754 1940 5827 aliast)
1985 5758 2101 5826 fuit,

2135 1760 2183 1821 B

2192 452 2321 498 86M.

2268 513 2609 569 Maxentium.
2659 512 2717 567 lu
2750 512 2920 568 veteri
2965 510 3103 567 libro
3147 508 3344 578 legitur
3397 507 3791 578 Maximianum,

2195 599 2328 639 sane
2356 584 2637 663 mendose,
2669 586 2812 663 sicut
2839 582 2998 663 paulo
3024 589 3149 663 ante
3166 577 3401 663 vidim‘us
3426 577 3680 663 enimidem
3708 592 3797 632 er-

2197 670 2375 729 rorem
2406 656 2755 729 commissum
2788 649 2953 729 fuisse
2972 653 3023 708 in
3050 652 3297 729 Epitome
3323 649 3573 729 Victoris.
3673 718 3684 729 _

2276 725 2523 781 Poternos
2550 726 2752 780 milites.
2791 725 2893 793 Qui
2940 720 3105 781 erant
3142 722 3194 777 in
3223 721 3464 777 exercitu
3503 720 3712 785 Severi,
3741 725 3800 773 ut

2200 796 2399 867 dicitur
2425 797 2584 865 paulo
2612 812 2795 867 supra.

2271 867 2339 923 In
2368 860 2817 939 Cdmpaniafgllii
2848 879 3037 939 omnes
3063 863 3443 939 Maximianum
3490 860 3801 939 Herculium

2202 946 2330 1010 tunc
2356 932 2615 1010 temporis
2641 941 2690 992 in
2712 936 2942 993 Lucania
2965 976 2979 1001 ,
3007 951 3114 1006 quo
3144 950 3206 990 se
3232 934 3536 1010 contulerat
3566 941 3686 1010 pos_t
3710 932 3804 1010 ab—

2202 1002 2526 1064 diczttioneitt
2553 1050 2569 1074 ,
2601 1010 2765 1065 fuisse
2786 1002 3153 1068 consentiunt.
3187 1013 3245 1060 ιιι
3269 1005 3561 1075 Eutropius
3580 1045 3596 1069 ,
3646 1002 3805 1058 Zozi-

2205 1096 2340 1144 mus,
2366 1080 2580 1136 Suidas.
2596 1080 2779 1150 Itaque
2800 1076 3264 1135 sicconstituenda
3290 1091 3377 1150 res
3388 1086 3491 1141 est,
3514 1075 3807 1150 secessisse

2204 1151 2419 1220 quidem
2446 1147 2751 1205 Herculium
2778 1152 2828 1205 in
2849 1150 3166 1220 Lucaniam,
3184 1162 3308 1201 cum
3335 1147 3675 1220 deposuisset
3704 1147 3806 1220 im—
3867 1180 3875 1184 -

2206 1217 2412 1287 perium
2449 1239 2460 1274 :
2491 1222 2585 1275 scd
2615 1230 2724 1276 tum
2752 1236 2873 1276 cum
2899 1221 2999 1275 ista
3025 1219 3345 1289 agebantur,
3378 1217 3430 1271 in
3457 1217 3808 1289 Campaniam

2206 1293 2460 1355 venisse,
2514 1304 2572 1346 ut
2620 1292 2765 1358 inde,
2813 1288 3134 1361 tanquam’e
3172 1290 3517 1361 propinquo,
3576 1288 3806 1342 militum

2206 1365 2673 1432 praetorianorum,
2695 1365 2787 1433 qui
2815 1360 3000 1417 Romae
3024 1360 3570 1433 tentlebant,‘animos
3588 1369 3812 1433 tentare

2206 1448 2268 1487 ac
2296 1433 2589 1488 sollicitare
2614 1432 2813 1502 posset,
2846 1443 2923 1498 et,
2954 1433 2999 1487 si
3030 1432 3273 1495 daretur,
3298 1442 3388 1486 aut
3411 1432 3694 1499 imperium
3727 1445 3814 1485 re-

2208 1513 2450 1559 sumeret
2489 1501 2631 1574 quod
2674 1505 2870 1559 invitus
2894 1505 3249 1572 deposuerat,
3281 1512 3371 1557 aut
3400 1502 3669 1557 Maxentio
3700 1501 3812 1574 lilio

2210 1572 2541 1643 procuraret.
2596 1574 2729 1629 Nam
2776 1576 2878 1630 ista
2909 1590 3004 1645 per
3035 1575 3251 1645 longum
3276 1576 3551 1645 temporis
3574 1572 3811 1645 spatium

2211 1654 2434 1699 tractata
2473 1646 2541 1701 ab
2571 1645 2821 1701 llerculio
2866 1643 3033 1701 fuisse
3056 1644 3214 1698 docet
3258 1643 3513 1698 Aurelius
3548 1644 3729 1697 Victor
3758 1643 3811 1698 in

2211 1715 2349 1769 libro
2371 1717 2439 1769 de
2467 1715 2771 1772 Czesaribus
2804 1735 2817 1771 :
2850 1716 3067 1771 Interim
3096 1714 3275 1769 Romae
3311 1716 3495 1785 vulgus
3533 1725 3815 1785 turnusque

2211 1788 2468 1856 prtctoria:
2507 1786 2863 1852 Maxentium,
2906 1795 3210 1841 retractante
3239 1786 3330 1839 diu
3357 1784 3499 1856 patre
3541 1784 3813 1850 Herculio,

2211 1855 2581 1927 Imperatorem
2610 1860 2934 1926 conﬁrmant.
2978 1857 3145 1912 Miror
3186 1855 3365 1911 autem
3396 1856 3814 1919 celeberrimum

2212 1928 2264 1981 in
2294 1929 2369 1981 rei
2403 1930 2725 2001 nummaria:
2756 1930 3066 2001 cognitione
3091 1929 3263 2001 virum
3297 1928 3726 2001 Santamantium
3761 1928 3815 1982 in

2210 2000 2540 2053 contrarium
2585 2000 2807 2054 omnino
2834 1999 3068 2055 sensum
3100 1999 3402 2053 traduxisse
3434 2000 3574 2053 hunc
3604 1999 3815 2063 locum,

2213 2076 2483 2139 tamquam
2514 2071 2557 2123 si
2586 2070 2882 2125 Maxentius
2908 2080 3230 2132 retractante,
3265 2070 3314 2123 id
3342 2079 3444 2131 est,
3476 2078 3819 2139 repugnante

2214 2148 2381 2211 patre,
2404 2140 2605 2211 fuisset,
2625 2143 2797 2197 lactus
2827 2143 3148 2206 imperator;
3178 2140 3319 2210 quod
3350 2140 3510 2194 etiam
3540 2141 3820 2211 placuisse

2212 2210 2371 2264 video
2392 2210 2707 2265 doetissimo
2735 2213 2851 2267 viro
2892 2212 3162 2265 Hadriano
3196 2212 3425 2266 Valesio.
3456 2210 3562 2267 Sed
3591 2227 3686 2266 eos
3712 2211 3818 2266 de-

2211 2281 2357 2346 cepit
2410 2282 2549 2336 haud
2596 2281 2761 2337 dubie
2809 2283 2940 2338 Ialsa
2989 2282 3218 2337 Androm
3248 2282 3455 2339 Scbotti
3493 2282 3817 2347 admonitio,

2211 2352 2495 2423 scribentis
2544 2352 2661 2408 heic
2718 2368 2906 2409 vocem
2960 2364 3269 2407 retractante
3329 2353 3468 2407 idem
3520 2353 3819 2423 ligniiicare

2210 2422 2353 2490 quod
2383 2423 2708 2495 detrectante.
2742 2424 3224 2495 Retractaregidem
3264 2424 3527 2495 signiﬁcat
3579 2439 3644 2478 ac
3675 2432 3819 2479 trac-

2214 2502 2347 2548 tare.
2383 2493 2709 2561 Lacumtius,
2748 2496 2839 2548 lib.
2874 2511 2928 2549 IV
2952 2493 3209 2557 lnstitu:.,
3239 2493 3361 2563 cap.
3381 2495 3451 2550 28
3482 2512 3493 2547 :
3526 2496 3626 2561 Qui
3642 2504 3821 2548 autent

2212 2565 2384 2618 omnia
2422 2580 2538 2632 quae
2562 2567 2630 2618 ad
2671 2566 2866 2621 cultum
2914 2568 3125 2619 deorum
3155 2567 3404 2630 pertinent
3453 2576 3816 2632 retractarent,

2211 2643 2257 2687 et
2285 2645 2528 2707 tanquam
2557 2637 2870 2707 relegerent,
2918 2638 2953 2690 ii
2982 2636 3106 2690 dicti
3129 2646 3246 2689 sunt
3276 2636 3521 2705 religiosi.
3556 2638 3624 2691 Et
3654 2637 3821 2705 paulo

2213 2714 2349 2779 post
2366 2706 2393 2779 ες
2410 2706 2697 2778 Religiosos
2725 2725 2758 2760 a
2777 2708 3044 2779 relegendo
3083 2706 3391 2779 appellatos,
3425 2709 3512 2776 qui
3541 2717 3821 2762 retractent

2211 2792 2271 2847 ea
2298 2776 2596 2847 diligenter,
2627 2793 2743 2847 quae
2777 2779 2844 2831 ad
2873 2776 3068 2833 cultum
3096 2776 3306 2831 deorum
3328 2780 3631 2846 pertineant.
3678 2779 3821 2834 Hinc

2212 2845 2335 2901 libri
2358 2845 2812 2903 Retractationum
2836 2850 3003 2904 sancti
3035 2845 3339 2918 Augustini.
3362 2848 3821 2905 Sufﬁciuntenim

2214 2918 2621 2989 lnecexempla.
2670 2919 2960 2989 Postquam
3010 2935 3142 2988 ergo
3188 2919 3485 2974 Maxentius
3523 2919 3700 2975 Iactus
3731 2930 3822 2977 est

2211 2987 2527 3057 imperator,
2543 2990 2722 3043 statim
2749 2987 3110 3045 Maximianus
3130 2990 3196 3044 ab
3217 3006 3282 3045 eo
3308 3000 3561 3045 evocatus
3583 2990 3817 3048 Romam

2212 3059 2507 3130 profectus,
2535 3061 2693 3129 paulo
2719 3072 2838 3130 post
2858 3063 3118 3117 Severum
3151 3063 3310 3115 morti
3340 3061 3577 3126 tradidit;
3606 3078 3668 3117 ac
3687 3079 3819 3120 mox

2218 3131 2270 3184 in
2285 3129 2547 3213 Calliam,
2570 3131 2679 3185 illic
2702 3129 2822 3185 lilia:
2841 3132 3054 3213 Faustae
3077 3132 3288 3213 nuptias
3306 3147 3437 3213 cum
3459 3131 3822 3213 Constantino

2216 3201 2507 3272 celebravit
2533 3217 2595 3256 ea
2624 3213 2833 3267 testate,
2858 3219 2961 3272 qua
2992 3201 3241 3259 Galerius
3262 3204 3556 3257 exercitum
3583 3205 3738 3259 duxit
3765 3206 3818 3261 in

2218 3270 2420 3343 Italiam
2448 3272 2707 3327 adversus
2731 3270 3078 3338 Maxentium,
3110 3282 3167 3327 ut
3194 3274 3360 3327 visuri
3388 3283 3570 3343 postea
3597 3289 3817 3331 sumus.

2216 3340 2395 3414 Quare
2424 3342 2615 3397 mirum
2658 3344 2711 3397 in
2740 3344 2957 3398 modum
2988 3347 3246 3414 deceptus
3291 3340 3661 3400 est'Petavius
3684 3362 3823 3401 auc-

2216 3411 2433 3468 toritate
2457 3414 2713 3485 anonymi
2739 3414 3053 3484 Scriptoris,
3077 3411 3145 3469 de
3170 3414 3488 3470 Constantio
3505 3416 3707 3470 Chloro
3729 3432 3821 3472 res

2216 3497 2283 3537 eo
2321 3500 2429 3554 quo
2472 3496 2636 3553 gestae
2680 3496 2809 3540 sunt
2853 3486 3045 3541 ordine
3105 3502 3209 3539 non
3263 3485 3565 3542 referentis.
3611 3487 3823 3543 Scribit

2217 3568 2345 3624 ergo
2385 3554 2637 3611 Petavius
2682 3556 2732 3608 in
2784 3556 2924 3611 libro
2967 3573 3063 3612 xm
3092 3557 3161 3611 de
3187 3557 3440 3611 Doctrina
3484 3566 3818 3626 temporum,

2219 3626 2494 3699 pangb.
2526 3625 2798 3699 Galerium
2823 3627 3199 3683 Maximianum
3225 3642 3346 3699 cum
3392 3625 3695 3699 ingentibus
3723 3644 3821 3685 co-

2218 3696 2321 3764 piis
2346 3696 2568 3750 Romam
2595 3698 2876 3754 advolasse
2899 3708 3037 3753 anno
3056 3699 3255 3753 Christi
3283 3698 3410 3763 507,
3433 3696 3486 3752 (ιί
3514 3709 3823 3766 eomtemp-

2220 3776 2356 3837 tum,
2388 3776 2446 3823 ct
2469 3783 2499 3821 a
2532 3768 2803 3837 plurisque
2840 3785 3059 3824 suorum
3101 3770 3414 3824 destitutum
3446 3771 3640 3825 abiisse
3669 3774 3724 3824 in
3750 3771 3823 3826 ll-

2217 3836 2464 3908 lyricuin,
2500 3836 2757 3894 Licinium
2787 3840 2978 3895 fecisse
3006 3839 3272 3895 Cresarem
3293 3882 3308 3905 ,
3342 3850 3397 3896 et
3420 3841 3696 3895 Sardicam
3729 3858 3821 3898 re-

2217 3923 2460 3977 gressum
2488 3925 2610 3965 esse
2639 3928 2651 3963 :
2682 3919 2791 3965 tum
2821 3911 3199 3966 Maximianum
3226 3911 3531 3966 Herculium
3561 3912 3629 3966 ad
3658 3928 3818 3981 spem

2217 3989 2457 4052 erectum
2508 3981 2841 4052 iresumendi
2903 3983 3093 4052 fastigii
3166 3981 3390 4052 Romam
3444 3983 3733 4039 advolasse
3787 4000 3822 4041 e

2218 4050 2473 4116 Lucania,
2500 4051 2996 4123 Diocletiauuntque
3018 4050 3227 4108 utidem
3250 4051 3450 4109 Iaceret
3468 4054 3818 4110 adhortatum

2217 4136 2385 4194 esse;
2420 4132 2601 4190 postea
2650 4124 2909 4180 Severqu
2963 4123 3198 4194 periurio
3240 4126 3523 4193 deceptum
3554 4126 3821 4181 custodite
3852 4174 3855 4175 ν

2218 4192 2502 4247 tradidisse
2531 4194 2885 4262 acjugulasse
2910 4213 2922 4249 :
2952 4192 3169 4257 deinde,
3196 4209 3317 4248 cum
3350 4192 3570 4249 insidias
3598 4196 3821 4251 Maxen-

2220 4264 2295 4319 tio
2325 4271 2582 4327 strueret,
2618 4266 2824 4334 pulsuui
2872 4266 3041 4319 Roma
3072 4266 3124 4320 in
3158 4265 3382 4321 Galliam
3411 4267 3477 4320 ad
3506 4267 3821 4322 Constanti-

2218 4350 2344 4389 num
2369 4336 2600 4399 venisse,
2623 4336 2781 4404 eique
2806 4337 2966 4391 tiliam
2995 4336 3247 4390 Faustam
3270 4336 3585 4402 collocasse,
3613 4349 3669 4394 et
3688 4357 3818 4395 eum

2217 4406 2441 4475 Augusti
2468 4406 2826 4475 appellatione
2855 4408 3105 4462 donasse.
3137 4407 3266 4476 Quae
3307 4410 3485 4462 omnia
3505 4449 3520 4473 ,
3553 4424 3659 4463 non
3684 4425 3820 4466 sane

2140 4516 2193 4577 D
2438 4477 2609 4577 “linde‘m
2654 4477 2924 4577 Historiae,
2957 4479 3071 4577 sed.
3095 4478 3651 4577 perturbatolprorsus
3676 4491 3820 4577 Item-

2224 4562 2410 4617 porum
2437 4564 2499 4603 ac
2524 4565 2703 4603 rerum
2735 4551 2925 4603 ordine
2968 4550 3315 4619 scriptaesse
3346 4552 3526 4605 nullus
3550 4561 3631 4605 est
3656 4554 3817 4607 dubi-

2223 4620 2366 4674 tandi
2413 4619 2579 4674 locus.
2610 4619 2829 4676 Ftedius
2872 4619 3140 4675 aberravit
3166 4618 3362 4676 Setlius
3391 4619 3671 4686 Calvisius,
3705 4622 3818 4678 Ma-

2221 4692 2459 4746 xentium
2520 4701 2628 4745 tum
2679 4692 2893 4746 demum
2922 4691 3205 4760 imperium
3248 4691 3509 4747 invasisse
3542 4694 3814 4757 scribens,

2218 4773 2503 4832 postquam
2527 4762 2908 4816 Constantinus
2937 4780 2967 4816 a
2991 4763 3310 4817 Maximiano
3332 4762 3583 4817 Herculio
3595 4774 3819 4821 creatus

2219 4833 2405 4888 fuisset
2449 4837 2738 4899 Angustus,
2766 4844 2820 4888 et
2846 4833 3224 4888 Maximianum
3248 4850 3277 4887 a
3305 4832 3561 4889 Romanis
3591 4849 3817 4903 persuao

2220 4918 2339 4975 sum
2382 4919 2522 4958 anno
2551 4904 2797 4973 sequenti
2829 4906 3183 4975 resuinpsisse
3230 4904 3534 4975 imperium.
3568 4904 3639 4958 At
3675 4922 3815 4975 quo-

2220 4974 2382 5030 modo
2418 4975 2827 5045 Constantinum
2876 4974 3151 5031 declarare
3198 4974 3370 5044 potuit
3399 4974 3706 5045 Augustum
3742 4978 3811 5043 is,

2160 5068 2172 5081 -
2220 5047 2514 5117 quinneque
2537 5044 2835 5113 Imperator
2860 5056 3025 5109 esset.
3058 5061 3231 5117 neque
3253 5046 3557 5117 Augustus?

2295 5116 2689 5187 Rerum‘novar.
2727 5117 2966 5187 cupidus.
2999 5116 3202 5172 Eadem
3246 5118 3315 5175 de
3346 5116 3608 5173 Herculio
3649 5120 3817 5176 tradit

2190 5186 2458 5245 Julianus
2491 5185 2869 5257 linperator‘de
2891 5189 3217 5244 Caesaribus.

2291 5256 2603 5327 Deposuerat
2616 5260 2817 5311 invitus.
2832 5256 3099 5312 Constans
3113 5268 3194 5314 est
3214 5259 3454 5316 omnium
3475 5259 3811 5330 Scriptorum

2216 5332 2528 5403 sententia,
2548 5330 2612 5403 si_
2641 5330 2902 5403 incertum
2931 5331 3348 5403 panegyristam
3384 5332 3660 5403 excipias,
3716 5334 3811 5403 qui

2217 5399 2451 5455 Herculii
2479 5399 2781 5471 Maximiani
2819 5410 2873 5454 et
2906 5399 3241 5471 Constantini
3276 5401 3460 5455 laudes
3495 5399 3813 5471 prosccutus

2214 5481 2316 5524 est.
2352 5470 2408 5523 lu
2440 5471 2641 5539 nuptiis
2659 5468 2993 5526 Constantini
3039 5480 3094 5527 et
3132 5470 3364 5539 Faustus,
3414 5468 3679 5540 omnium,
3728 5476 3811 5529 in-

2213 5556 2404 5610 quam,
2434 5544 2754 5609 scriptorum
2785 5544 3049 5597 sententia
3094 5551 3196 5605 est,
3247 5542 3388 5598 hunc
3424 5543 3807 5601 Maximiannm

2211 5612 2437 5667 invitum
2472 5613 2785 5682 deposuisse
2810 5614 3114 5683 imperium.
3143 5613 3343 5669 Verum
3366 5614 3442 5669 illi
3482 5614 3641 5669 aliter
3668 5616 3809 5673 hanc

2210 5684 2490 5757 ltistoriam
2520 5695 2916 5757 narrantquam
2931 5685 3259 5741 Lactantius.
3276 5685 3373 5757 Hic
3391 5686 3694 5757 enim,cap.
3717 5688 3803 5754 I8,

2210 5754 2365 5813 docet
2388 5755 2693 5817 Herculium
2707 5755 2956 5816 abdicare
2974 5764 3216 5812 coactum
3237 5772 3267 5811 a
3284 5756 3519 5824 Galerio,
3537 5757 3605 5816 ab
3631 5754 3806 5832 eoque
