4058 6188
273 284 368 345 5ιό

953 282 1164 344 NOTAE
1202 283 1269 343 IN
1308 283 1438 342 LIB.
1482 284 1572 341 DE
1611 278 1964 344 MORTIBUS
2002 283 2384 346 PERSECUT.
2427 282 2582 345 CAP.
2623 282 2834 346 XXVII.
2866 284 2883 311 ‘

3439 280 3546 346 546

272 401 500 458 territum
533 398 732 469 injecto
755 414 1029 455 armorum
1070 398 1304 455 civilium
1333 406 1497 454 metu.
1530 398 1634 453 Alii
1660 408 1848 454 contra
1878 404 1924 464 Α
1958 406 2102 469 patet
2137 397 2289 455 illum
2335 398 2418 454 bis
2447 395 2500 455 in
2529 398 2757 457 Galliam
2784 398 3079 471 profectum
3101 406 3387 469 antequam
3415 399 3547 455 Car-

271 472 500 528 scribunt
533 472 940 534 Diocletianum,
974 487 1117 535 cum,
1149 472 1549 541 ingravescente
1580 484 1729 535 sevo,
1758 485 1853 540 pa-

272 559 376 598 rum
413 556 473 596 se
515 542 769 597 idoneum
820 542 1150 597 moderando
1187 542 1415 610 imperio
1443 555 1564 596 esse
1603 543 1851 608 sentiret,

270 623 530 668 auctorem
555 614 805 668 llercnlio
827 613 1015 677 fuisse,
1031 623 1090 668 ut
1106 614 1158 667 in
1179 614 1443 684 privatam
1465 613 1850 684 concederent,

269 686 414 754 eique
449 700 590 754 :egre
611 685 873 756 collegam
916 683 1397 755 obtemperavisse,
1425 683 1520 739 sed
1550 692 1727 739 tamen
1758 684 1856 740 ob-

271 756 663 820 tetnpcravisse.

330 825 570 893 Libenter
597 827 838 895 arripuit.
873 826 1171 897 Purpuram
1203 841 1363 895 quam
1392 824 1735 897 deposuerat.
1769 824 1856 880 ln-

268 900 389 952 ccrti
440 892 797 970 panegyricus
850 892 1008 968 paqu
1034 908 1159 952 ante
1188 892 1436 970 laudatus
1468 892 1485 950 Ξ
1524 892 1668 970 Fecit
1720 900 1854 952 enim

270 970 559 1036 [tantoipsa
576 968 670 1037 pro
694 972 956 1041 majestate
977 970 1200 1022 nominis
1225 968 1325 1031 sui,
1350 978 1414 1041 ut
1429 968 1713 1041 ostenderet
1737 986 1858 1036 pos-

265 1056 314 1092 se
334 1055 384 1093 se
427 1040 581 1093 etiam
608 1039 999 1109 imperatoribus
1037 1042 1304 1108 imperare.
1356 1039 1576 1093 Abduxit
1605 1041 1855 1095 exercitus

268 1127 395 1175 suos,
426 1127 490 1164 ac
530 1112 619 1164 tibi
640 1110 894 1175 reddidit;
922 1122 967 1165 et
997 1127 1113 1165 cum
1129 1109 1195 1164 ad
1224 1110 1473 1164 sedandos
1502 1110 1698 1163 animos
1725 1127 1852 1165 auc-

267 1181 510 1235 toritatem
537 1182 719 1251 privati
743 1182 987 1250 principis
997 1182 1275 1248 attulisses,
1288 1181 1544 1250 supplices
1564 1181 1655 1235 tibi
1675 1199 1855 1236 manus

267 1252 465 1324 tendens
487 1294 502 1317 ,
534 1254 611 1306 vel
659 1254 826 1319 potius
854 1252 1201 1324 queribunda,
1252 1253 1484 1307 clamavit
1528 1268 1545 1305 :
1579 1251 1857 1324 Quousque

268 1324 378 1386 hoc,
411 1322 747 1387 Maximiane,
774 1322 963 1392 patiar,
987 1335 1091 1380 etc.
1116 1324 1181 1378 Et
1208 1325 1364 1393 paulo
1389 1332 1508 1392 post
1536 1341 1549 1376 :
1580 1322 1857 1392 lmperasti

267 1393 453 1516 gridem
482 1406 695 1466 rogatus
723 1413 755 1448 a
782 1399 958 1463 fratre,
990 1412 1169 1449 rursus
1194 1396 1385 1463 impera
1404 1396 1588 1466 jussus
1614 1411 1647 1448 a
1673 1404 1853 1449 matre.

308 1480 559 1516 nrnuram
584 1466 739 1516 facile
769 1467 1077 1516 resumebat
1110 1467 1411 1516 Herculius.
1436 1464 1636 1516 unione
1666 1469 1753 1516 oui
1776 1474 1853 1516 ter

321 1464 559 1534 trpuram
584 1466 739 1521 facile
769 1467 1077 1521 resumebat
1110 1464 1417 1528 Herculius,
1436 1464 1636 1534 quippe
1666 1469 1753 1531 qui
1776 1474 1858 1521 ter

266 1535 555 1618 sumpsisse
583 1536 1074 1618 invenitur._t\_t_qtte
1096 1536 1197 1591 hoc
1226 1536 1519 1618 pessimum
1549 1536 1854 1618 cxetnplutn

265 1620 414 1660 causa
440 1605 546 1661 iuit
567 1609 755 1662 mortis
785 1605 1005 1671 Licinii;
1038 1624 1195 1677 quem
1222 1605 1343 1661 cum
1372 1605 1753 1677 Constantinus
1780 1608 1857 1661 vi-

261 1677 435 1739 cisset,
469 1693 535 1732 ac
554 1679 605 1733 ei
624 1680 782 1732 vitam
809 1675 1188 1744 concessisset,
1214 1686 1397 1747 postea
1427 1675 1660 1730 Herculii
1684 1676 1857 1733 Maxi-

264 1748 407 1801 miani
445 1750 610 1803 soceri
637 1750 719 1803 sui
754 1760 921 1804 motus
949 1750 1214 1844 extemplo,
1261 1765 1324 1804 ne
1351 1749 1534 1802 iterum
1573 1748 1854 1844 depositam
1883 1785 1930 1844 Β

266 1835 541 1844 -..-..-...-...
592 1821 642 1844 2--
682 1822 870 1844 μ-..μὲρέ
888 1837 948 1844 η..
1051 1822 1192 1844 -;---.ι.
1221 1821 1312 1844 Ζ-..
1340 1827 1552 1844 ..-....-..-s
1635 1830 1773 1844 ι-.-....
1803 1832 1851 1844 ι--

265 1835 543 1885 purpuram
590 1821 643 1873 in
678 1822 951 1889 pernicient
1000 1819 1312 1890 Reipublicae
1336 1827 1583 1883 sumeret,
1632 1820 1853 1876 tumultu

263 1890 479 1962 militari,
510 1892 825 1962 exigentibus
855 1890 1313 1962 ianIiessalonica
1341 1960 1352 1962 Α
1367 1890 1525 1962 jussit
1556 1890 1753 1957 occidi;
1794 1901 1853 1946 ut

261 1958 446 2031 legitur
471 1961 528 2014 in
559 1958 880 2031 Fragmequ
904 1961 970 2016 tle
996 1964 1308 2017 Constantio
1327 1958 1547 2026 Chloro,
1576 1975 1695 2030 pag.
1718 1962 1849 2028 475,

260 2028 562 2087 Bonifacius
599 2028 693 2087 vni
751 2036 945 2089 timens
994 2049 1083 2097 ne,
1128 2033 1171 2086 si
1204 2032 1522 2087 Caelestinns
1552 2046 1582 2084 v
1625 2028 1847 2088 liberam

259 2102 409 2155 vitam
440 2114 653 2170 ageret,
680 2106 1070 2173 pontificatum,
1102 2120 1207 2171 quo
1236 2119 1294 2159 se
1320 2102 1679 2173 abdicaverat,
1702 2119 1852 2158 resu-

258 2182 442 2244 rueret.
476 2190 603 2227 eum
635 2174 687 2228 in
716 2174 953 2230 custodia
982 2176 1209 2230 detineri
1236 2173 1413 2244 jussit.
1442 2172 1538 2228 Cui
1567 2175 1853 2243 praiverat

255 2242 456 2315 Callisti
491 2260 530 2298 ιι
555 2246 859 2315 exemplum
887 2261 1012 2314 erga
1046 2242 1359 2299 Burilinum.

252 2346 293 2389 «_
317 2313 884 2389 Ravennamconfugit.
910 2313 1221 2372 zozimusin
1251 2313 1852 2389 libroAsecundoscribit

253 2384 562 2441 Herculium
609 2384 980 2444 circumvento
1005 2388 1360 2442 sacramentis
1388 2386 1591 2442 Severo
1630 2402 1851 2456 persua-

253 2457 399 2521 sisse,
442 2467 505 2511 ut
546 2458 799 2514 Ravenna
827 2460 1125 2521 excedens,
1155 2474 1264 2528 quo
1291 2473 1352 2514 se
1377 2458 1711 2521 contulerat,
1741 2458 1850 2514 Ro-

252 2543 382 2581 mam
417 2530 636 2585 veniret
655 2545 828 2599 eoque
858 2530 1311 2599 pergentem,-ubi
1339 2528 1626 2599 quemdam
1659 2528 1724 2591 ad
1768 2530 1851 2583 lo-

252 2612 362 2651 cum
383 2601 657 2666 venisset,
685 2598 844 2671 quem
860 2598 999 2656 Tres
1040 2602 1289 2656 tabernas
1313 2610 1532 2663 vocant,
1555 2598 1622 2653 ab
1644 2600 1849 2657 insidiis

250 2683 375 2740 quas
421 2685 495 2726 eo
542 2672 661 2727 loco
690 2672 988 2727 Maxentius
1016 2673 1395 2736 collocaverat,
1425 2671 1844 2740 apprehensum,

248 2739 442 2812 inserta
486 2743 683 2812 laqueo
717 2745 927 2797 cervice
964 2753 1233 2798 necatum.
1262 2742 1457 2797 Mcerti
1494 2739 1848 2810 panegyricus

246 2809 609 2867 Constantino
636 2815 811 2869 dictus
851 2825 974 2881 post
1002 2814 1279 2868 victoriam
1307 2812 1376 2866 de
1407 2809 1675 2866 Manentio
1722 2828 1847 2882 par-

247 2892 347 2937 tam
380 2902 395 2939 :
426 2884 667 2956 Duxerat
712 2901 949 2956 magnum
997 2885 1213 2939 Severus
1243 2884 1541 2956 exercitum,
1564 2893 1610 2936 et
1655 2885 1848 2937 hostem

242 2968 384 3024 suum
402 2955 633 3024 perﬁdia
658 2953 882 3010 desertus
901 2964 1200 3010 armaverat.
1226 2954 1427 3010 Auctor
1452 2953 1754 3023 Fragtncnti
1779 2955 1847 3010 de

242 3023 567 3097 Constantio
591 3027 815 3089 Chloro,
843 3042 963 3097 pag.
992 3026 1100 3082 472
1123 3044 1137 3082 :
1169 3025 1410 3080 Desertus
1438 3025 1663 3097 Severus
1682 3043 1714 3079 a
1737 3026 1846 3081 suis

244 3096 370 3165 fugit
392 3097 715 3151 Ravennam.
742 3097 846 3153 Per
858 3095 1175 3152 Maxentium
1196 3098 1361 3163 ﬁlium
1383 3096 1480 3165 (sic
1502 3095 1643 3151 enim
1668 3096 1845 3165 legen-

243 3162 388 3239 dum)
407 3179 655 3222 evocatus
685 3170 810 3223 illuc
834 3171 967 3223 venit
1000 3162 1297 3231 Herculius,
1329 3162 1415 3237 qui
1444 3183 1535 3238 per
1560 3162 1846 3239 perjurium
1870 3162 1916 3225 C

243 3235 491 3309 Severum
532 3240 799 3308 deceptum
842 3241 1090 3294 custodia:
1117 3235 1350 3305 tradidit,
1375 3249 1423 3293 et
1444 3235 1847 3309 capt'ivi’habitu

241 3306 291 3359 in
318 3309 499 3363 urbem
533 3306 771 3377 perduxit
789 3353 803 3374 ,
834 3320 883 3365 et
902 3312 956 3364 in
983 3312 1107 3365 villa
1134 3310 1337 3376 publica
1377 3306 1559 3379 Appiis
1585 3310 1679 3362 via:
1697 3310 1847 3379 trice-

240 3378 364 3450 simo
392 3381 647 3434 milliaria
676 3382 921 3436 custodiri
949 3382 1087 3450 fecit.
1116 3380 1301 3435 Postea
1321 3378 1437 3434 cum
1465 3378 1701 3434 Galerius
1733 3378 1844 3434 Ita-

238 3447 356 3503 liam
380 3460 600 3525 peteret,
629 3453 717 3506 ille
729 3447 1000 3525 jugulatus
1016 3462 1111 3525 est,
1135 3464 1181 3525 et
1202 3451 1386 3525 deinde
1404 3451 1597 3505 relatus
1619 3450 1687 3525 tul
1709 3461 1846 3506 octa-

238 3533 351 3574 vum
368 3523 703 3587 milliarium,
727 3522 960 3577 conditus
980 3526 1033 3577 in
1055 3522 1258 3577 Galieni
1277 3531 1618 3576 monumento.
1638 3522 1716 3576 Ex
1738 3537 1845 3589 quo

241 3591 358 3663 loco
402 3593 636 3663 collegit
685 3596 949 3650 llenricus
987 3594 1233 3648 Valesius
1288 3593 1397 3646 falli
1429 3593 1741 3660 [intrepiqu
1788 3603 1844 3649 et

238 3660 524 3719 Aurelium
549 3660 846 3731 Victorem,
879 3666 967 3735 qui
1013 3667 1270 3719 Severum
1300 3664 1572 3718 Ravenna:
1604 3664 1844 3720 occisum

240 3749 355 3789 esse
385 3735 659 3790 scribunt.
704 3737 779 3791 De
802 3738 920 3791 loco
949 3737 1110 3806 igitur
1142 3735 1232 3789 ubi
1265 3736 1498 3806 Severus
1530 3735 1691 3806 vitam
1725 3736 1845 3789 titti-

237 3807 307 3859 vit
346 3807 783 3862 controvertitur
829 3804 1266 3862 inter’ernditos.
1310 3805 1441 3861 Nam
1478 3804 1735 3874 Scaliger,
1788 3808 1841 3861 in

234 3878 801 3932 animailversiouihus
828 3879 893 3933 ad
921 3879 1236 3944 Eusebium,
1282 3880 1358 3931 ait
1384 3892 1487 3930 non
1507 3876 1753 3931 dubitare
1781 3892 1843 3933 se

235 3948 362 4016 quin
398 3949 516 4002 illa:
546 3948 684 4003 Tres
738 3949 974 4005 tabernae
1003 3950 1055 4004 in
1084 3965 1215 4019 agro
1259 3949 1570 4019 Ravennate
1620 3947 1838 4019 fuerint,

234 4034 408 4090 neque
449 4020 615 4074 aliter
644 4021 818 4090 colligi
849 4037 1009 4087 posse
1058 4018 1135 4075 exi
1156 4020 1338 4075 verbis
1375 4018 1598 4074 Zosimi.
1639 4018 1842 4075 Contra

237 4087 485 4160 Valesius
543 4087 824 4147 contendit
849 4092 999 4160 Tres,
1027 4093 1146 4146 illas
1177 4092 1427 4145 tabernas
1478 4090 1645 4144 fuisse
1673 4090 1726 4144 in
1756 4091 1841 4144 via

232 4158 401 4229 Appia
434 4178 608 4231 prope
636 4163 881 4217 Romam.
913 4158 1110 4217 Parnm
1139 4168 1317 4215 autem
1352 4160 1627 4231 probabile
1677 4172 1761 4216 est
1789 4162 1841 4217 id

231 4233 371 4304 quod
393 4233 721 4304 Sigoniusin
748 4235 885 4288 libro
912 4233 1151 4289 secundo
1174 4234 1241 4287 tle
1260 4233 1590 4304 Occidentali
1617 4232 1842 4301 imperio

230 4302 549 4374 collegit'ex
579 4304 818 4369 Zozimo,
851 4306 1109 4361 Severum
1155 4303 1454 4374 Maximiani
1486 4302 1645 4356 fidem
1685 4317 1843 4358 secu-

233 4380 340 4426 tum
369 4373 632 4430 Ravenna
656 4378 976 4439 excessisse,
1006 4385 1168 4444 atque
1188 4375 1252 4428 ad
1277 4373 1410 4428 Tres
1441 4374 1690 4428 tabernas
1718 4390 1840 4429 sese
1878 4399 1887 4412 ·

226 4446 551 4509 contulisse,
588 4446 730 4501 haud
776 4448 937 4502 dubia
984 4462 1078 4508 spe
1126 4446 1345 4500 ductum
1376 4444 1561 4498 urbem
1593 4460 1652 4499 se
1676 4445 1839 4501 Maxi—

229 4515 393 4569 miani
418 4518 1173 4600 opera-recepturum._Qnam
1200 4515 1399 4600 Signini
1426 4516 1734 4600 Opinionem
1753 4534 1840 4600 se-
1861 4540 1917 4600 D

225 4597 521 4660 cutusiest
568 4586 930 4660 Hieronymus
980 4588 1195 4643 Rubeus
1224 4591 1279 4642 in
1315 4588 1453 4641 libro
1482 4586 1720 4642 secundo
1750 4588 1839 4643 Hi-

228 4666 360 4709 ster.
396 4659 796 4714 Ravennatum.
1060 4693 1070 4704 -

314 4727 471 4782 Venis
498 4731 692 4784 incisis.
716 4731 917 4785 Contra
934 4729 1183 4785 Zozimus
1211 4728 1283 4783 lib
1299 4744 1359 4794 ιι,
1388 4737 1444 4783 et
1467 4738 1655 4783 auctor
1680 4729 1841 4799 Frag-

229 4814 396 4853 mcntt
431 4801 505 4854 de
531 4803 852 4856 Constantio
895 4803 1097 4856 Chloro
1126 4801 1404 4865 scribunt,
1437 4810 1496 4853 ut
1526 4801 1682 4868 paulo
1710 4813 1837 4858 ante

227 4871 484 4935 vidimus,
516 4871 775 4928 Severum
799 4873 981 4927 fractis
1001 4872 1194 4941 laqueo
1220 4872 1519 4927 cervicibus
1535 4872 1830 4941 expirasse.

794 4982 1019 5039 CAPUT
1059 4982 1269 5038 XXVII.

297 5075 563 5149 Adiuncto
617 5074 923 5149 Maximino.
966 5074 1337 5149 Cognomeuto
1365 5076 1491 5131 Daia
1532 5078 1614 5133 vel
1656 5079 1829 5146 Daza,

224 5148 314 5215 qui
346 5145 633 5202 Orientem
662 5145 1092 5201 administrabat.

300 5216 671 5286 Proﬁciscitur
700 5218 754 5270 in
780 5216 1027 5272 Galliam.
1065 5218 1194 5273 lluic
1222 5218 1515 5273 narrationi
1546 5219 1702 5275 [idem
1732 5219 1829 5274 ad-

220 5291 386 5341 struit
427 5290 590 5342 ctiam
623 5287 902 5355 Zozimns,
937 5298 1112 5342 tamen
1151 5291 1252 5345 etsi
1279 5291 1330 5343 in
1359 5306 1536 5344 rerttut
1564 5302 1708 5345 erret
1736 5307 1828 5346 or-

224 5360 352 5430 dine
410 5362 827 5423 narrandarutn,
868 5360 1169 5414 llercnlium
1227 5360 1476 5430 inquiens
1504 5376 1569 5415 eo
1626 5374 1822 5418 conatu

223 5429 579 5496 frustratum,
622 5446 729 5501 quo
759 5431 1144 5486 Diocletianum
1180 5429 1490 5499 pertrahere
1526 5434 1673 5487 nisus
1700 5445 1820 5488 erat

220 5502 289 5555 ad
348 5503 735 5574 resumendum
789 5504 1102 5569 imperium,
1154 5517 1365 5574 rursum
1416 5518 1603 5559 versus
1655 5506 1820 5574 Alpes

219 5573 593 5638 contendisse,
623 5584 681 5626 ut
710 5584 1138 5629 commorautem
1165 5574 1234 5628 ibi
1257 5572 1668 5628 Constantinum
1689 5572 1819 5630 con-

222 5645 435 5697 veniret
457 5684 473 5706 ,
503 5653 554 5696 et
584 5644 746 5697 tiliam
777 5643 827 5698 ei
859 5643 1105 5698 Faustam
1132 5645 1464 5712 promisisse,
1498 5660 1669 5715 eoque
1694 5662 1818 5715 pro-

215 5716 390 5769 misso
421 5715 664 5782 impleto,
696 5715 881 5768 fallere
903 5725 1152 5769 conatum
1182 5717 1471 5771 hominem.
1512 5716 1669 5770 Errat
1689 5759 1702 5777 ,
1736 5719 1817 5771 in-

213 5802 414 5854 quam,
468 5783 732 5842 Zozitntts.
774 5785 905 5842 Natu
956 5803 1022 5842 cx
1066 5788 1236 5859 capite
1266 5788 1333 5841 '27
1374 5799 1427 5845 et
1456 5788 1526 5849 29
1557 5787 1816 5847 Lactantii

1957 480 2183 525 nuntutn
2219 480 2458 540 peteret,
2514 484 2568 527 et
2613 473 2999 527 Diocletianum
3030 486 3134 527 non
3169 473 3396 535 vidisse,
3441 471 3545 526 nisi

2031 550 2081 596 st
2127 543 2340 612 nuptias
2382 542 2716 599 Constantini
2748 552 2801 598 et
2848 541 3077 597 Faustze.
3120 542 3189 596 At
3214 542 3355 596 enim
3401 542 3545 611 quod

2001 613 2265 668 actantius
2288 623 2343 668 et
2368 613 2614 668 Zozimus
2640 615 2789 669 alunt
2806 655 2821 679 ,
2857 613 3162 668 Herculium
3190 612 3546 667 Constantino

1956 683 2121 738 filiam
2151 684 2493 756 promisisse,
2525 680 2681 739 aliter
2712 685 2908 756 legitur
2934 683 3326 756 inpanegyrico
3356 684 3544 756 incerti

1955 755 2193 810 auctoris
2219 754 2363 810 dicto
2408 755 2459 808 in
2508 757 2704 825 nuptiis
2731 754 3069 811 Constantini
3096 765 3151 810 et
3176 755 3419 818 Faustae,
3454 754 3543 809 ubi

1956 826 2772 911 scriptumnest‘Constantinum
2817 842 2935 882 eam
2952 827 3272 911 [postulasse
3314 840 3340 877 a
3374 825 3543 878 Maxi-

1955 897 2154 951 miano.
2213 897 2319 951 Sed
2359 902 2588 968 profecto
2637 899 2768 952 sicut
2794 907 2914 960 tuo,
2948 897 3275 951 Constantine
3300 937 3314 959 ,
3370 911 3546 950 socero

1954 978 2071 1021 ante
2101 978 2173 1022 est
2201 968 2469 1022 conciliata
2498 968 2755 1033 divinitas,
2778 985 2932 1037 quam
2951 968 3014 1022 ab
3038 984 3096 1022 eo
3121 969 3304 1039 pignus
3332 968 3431 1035 ipsi
3460 984 3549 1021 ca-

1954 1040 2211 1093 rissimum
2250 1040 2555 1108 postulares,
2604 1040 2678 1092 sic
2701 1049 2748 1093 et
2774 1056 2910 1093 nunc
2936 1055 3132 1109 quoque
3156 1041 3208 1091 in
3235 1040 3330 1092 hac
3372 1048 3546 1105 gratu-

1956 1109 2146 1164 latione
2173 1112 2318 1180 prius
2362 1111 2453 1164 illa
2481 1111 2697 1164 dicenda
2724 1119 2843 1164 sunt
2868 1153 2883 1177 ,
2906 1125 3019 1181 qua:
3044 1111 3097 1163 in
3124 1120 3170 1163 te
3198 1109 3547 1181 considerans

1955 1189 2125 1234 tantus
2154 1178 2265 1246 iste,
2297 1190 2343 1235 et
2371 1182 2599 1251 paterni,
2627 1194 2673 1236 et
2702 1182 2777 1235 tui
2805 1178 2985 1235 auctor
3012 1178 3229 1251 imperii,
3249 1181 3451 1251 ltetatus
3471 1187 3544 1251 est

1955 1250 2092 1321 quod
2119 1252 2304 1321 petisti.
2338 1249 2437 1308 Ubi
2470 1253 2681 1307 interim
2707 1249 3100 1308 observandum
3124 1260 3206 1305 est
3222 1250 3371 1311 illud,
3396 1249 3540 1319 quod
3572 1308 3587 1317 ,

1955 1322 2029 1375 ait
2055 1324 2299 1395 Scriptor
2324 1324 2479 1395 istius
2504 1324 2812 1395 panegyrici
2833 1364 2849 1390 ,
2875 1323 3180 1395 llerculium
3208 1336 3329 1377 esse
3354 1330 3540 1374 aucto-

1954 1407 2069 1464 rem
2101 1391 2308 1464 imperii
2335 1391 2696 1449 Constantini:
2725 1394 2839 1462 Qua
2867 1394 2936 1449 de
2975 1410 3032 1449 re
3073 1392 3196 1448 vide
3222 1408 3342 1463 quas
3374 1406 3538 1462 supra

1956 1462 2099 1518 dicta
2126 1462 2252 1518 sunt
2278 1465 2344 1518 ad
2375 1476 2532 1533 caput
2560 1465 2649 1520 25.

2034 1536 2162 1589 Sua:
2192 1536 2403 1590 minoris
2432 1536 2573 1605 ﬁlim.
2607 1536 2734 1592 Heic
2756 1536 3032 1592 admoneri
3076 1534 3352 1599 convenit,
3389 1547 3543 1589 meno

1958 1604 2090 1677 dese
2123 1608 2173 1660 in
2201 1608 2368 1662 veteri
2398 1604 2585 1662 codice
2624 1609 2880 1677 scriptum
2928 1622 3048 1662 esse
3070 1650 3084 1673 ,
3119 1609 3192 1661 sic
3218 1606 3543 1677 minorisfa-

1957 1676 2134 1730 milite.
2183 1677 2436 1746 lntelligit
2468 1689 2645 1733 autem
2694 1676 2964 1734 Faustam.
3011 1678 3119 1733 Sed
3167 1676 3543 1746 inquirendum

1958 1756 2041 1820 est
2070 1748 2121 1801 in
2154 1755 2522 1820 tempus,7quo
2550 1750 2746 1819 nuptiae
2771 1749 3106 1805 Constantini
3137 1758 3191 1804 et
3221 1748 3430 1803 Faustae
3456 1761 3547 1803 ce-

1960 1818 2178 1873 lebrata:
2198 1818 2342 1873 sunt.
2373 1819 2592 1890 Certum
2615 1818 2697 1876 est
2725 1821 2983 1877 Severum
3012 1825 3308 1890 Augustum
3336 1820 3544 1890 extinc-

1956 1897 2065 1943 tum
2097 1890 2260 1945 fuisse
2282 1906 2423 1944 anno
2458 1889 2654 1947 Christi
2699 1892 2803 1946 507
2836 1894 3054 1946 ineunte
3074 1888 3119 1955 ,7‘
3139 1905 3443 1960 quanquam
3473 1888 3544 1945 de

1953 1975 2141 2016 mense
2188 1976 2295 2016 non
2341 1972 2572 2016 constat.
2609 1963 2798 2017 Postea
2846 1962 3208 2017 Maximianus
3262 1960 3543 2016 Herculius

1952 2029 2165 2086 Faustm
2189 2042 2343 2101 pater
2369 2035 2421 2086 in
2451 2032 2680 2088 Galliam
2714 2033 2989 2103 profectus
3017 2043 3135 2097 est,
3159 2044 3213 2087 ut
3234 2033 3539 2103 Constanti-

1953 2116 2079 2175 num
2107 2103 2346 2175 partibus
2377 2104 2489 2162 suis
2532 2102 2863 2172 conciliaret,
2910 2105 3188 2175 promissis
3214 2104 3287 2159 illi
3331 2102 3542 2157 Faustae

1952 2172 2177 2227 minoris
2207 2174 2332 2229 filiae
2387 2176 2587 2244 nuptiis
2618 2192 2631 2238 ;
2672 2191 2844 2246 eoque
2912 2172 3154 2231 ’romisso
3199 2175 3417 2245 impleto
3440 2215 3453 2239 ,
3484 2181 3544 2228 ut

1952 2242 2204 2299 Zozimus
2250 2246 2359 2302 ait.
2402 2246 2727 2302 persuadere
2758 2192 3053 2302 comitatur
3092 2246 3439 2302 Constantino
3484 2253 3543 2300 ut

1952 2242 2204 2315 Zozimus
2250 2246 2359 2312 ait,
2402 2242 2727 2315 persuadere
2758 2242 3053 2302 conabatur
3092 2242 3439 2302 Constantino
3484 2253 3543 2300 ut

1950 2314 2314 2371 discedentem
2366 2314 2431 2371 es
2473 2316 2621 2372 Italia
2649 2317 2922 2373 Galerium
2951 2318 3326 2372 Maximianum
3350 2332 3540 2385 prose-

1950 2395 2230 2458 queretur.
2261 2387 2341 2443 Ex
2370 2388 2564 2458 quibus
2608 2389 2788 2444 verbis
2813 2390 3086 2458 colligitur
3133 2389 3345 2458 nuptias
3371 2389 3541 2444 fuisse

1949 2455 2252 2530 celebratas
2278 2474 2343 2513 eo
2385 2455 2629 2527 tempore
2650 2502 2664 2525 ,
2713 2475 2819 2530 quo
2847 2455 3097 2515 Calérius
3122 2455 3240 2515 erat
3267 2460 3320 2513 in
3349 2458 3494 2514 Italia
3521 2499 3539 2525 ,

1950 2527 2033 2601 vel
2055 2539 2199 2583 certe
2225 2544 2349 2583 cum
2379 2530 2430 2601 in
2456 2527 2745 2601 procinctu
2757 2542 2898 2586 esset
2930 2531 3125 2601 Italicm
3150 2531 3533 2601 expeditionis.

1949 2598 2081 2651 Cum
2129 2607 2309 2672 autem
2354 2598 2473 2672 ille'
2503 2602 2553 2654 in
2587 2601 2855 2672 Illyricum
2886 2617 2950 2657 ex
2982 2600 3130 2656 Italia
3160 2598 3329 2657 redux
3380 2601 3540 2672 fuerit

1949 2682 2091 2724 anno
2115 2670 2306 2725 eodem
2351 2671 2455 2726 507
2482 2681 2604 2725 ante
2636 2670 2872 2728 mensem
2903 2673 3260 2740 septembrem
3289 2712 3304 2737 ,
3344 2680 3400 2725 ut
3424 2670 3542 2740 opi-

1951 2754 2086 2811 nor,
2115 2751 2168 2795 et
2192 2757 2256 2797 ex
2289 2746 2464 2811 capite
2482 2742 2553 2796 27
2584 2743 2736 2797 istius
2785 2744 2906 2797 libri
2953 2743 3286 2798 Lactantiani
3328 2751 3540 2797 constet

1951 2808 2257 2884 Herculium
2290 2808 2514 2868 Romam
2540 2815 2727 2869 iterum
2763 2816 3058 2882 profectum
3086 2825 3206 2884 post
3233 2814 3408 2883 fugam
3431 2813 3538 2869 Ga-

1950 2880 2066 2936 lerii
2091 2923 2105 2945 ,
2151 2897 2216 2937 ac
2244 2899 2366 2937 cum
2411 2900 2620 2939 rursum
2651 2880 2839 2941 eodem
2879 2900 3020 2941 anno
3053 2880 3377 2941 rediisset'in
3405 2884 3536 2940 Gal-

1948 2952 2084 3026 lias,
2127 2954 2200 3008 ibi
2230 2955 2614 3026 aliquantulum
2665 2966 2930 3013 moratum
2973 2971 3128 3021 esse,
3170 2966 3225 3012 et
3269 2966 3449 3026 postea
3482 2955 3536 3011 in

1948 3021 2216 3095 Illyricum
2240 3024 2306 3079 ad
2321 3021 2516 3082 urbem
2543 3028 2829 3082 Pannoniae
2841 3029 3170 3084 Carnuntum
3185 3021 3416 3091 venisse,
3434 3027 3537 3081 ibi-

1948 3110 2053 3169 que
2082 3096 2245 3169 fuisse
2274 3099 2308 3150 5
2338 3098 2455 3152 idus
2492 3100 2798 3154 novembris
2818 3142 2831 3165 ,
2865 3115 2972 3169 quo
2991 3100 3078 3156 die
3109 3097 3345 3155 Licinius
3373 3113 3400 3149 a
3426 3098 3536 3154 Ga-

1949 3164 2086 3239 lerio
2126 3167 2297 3222 factus
2328 3178 2408 3223 est
2435 3170 2767 3239 imperator,
2814 3164 3152 3226 manifestum
3196 3169 3537 3226 Constantini

1948 3245 2003 3289 et
2044 3237 2254 3312 Fausta:
2302 3237 2824 3312 nuptias—aliquanto
2860 3251 3103 3312 tempore
3130 3250 3254 3296 ante
3296 3255 3536 3312 mensem

1945 3309 2307 3381 septembrem
2332 3309 2457 3365 anni
2483 3311 2589 3368 507
2615 3309 2826 3368 coiisse.
2855 3312 2910 3369 Si
2938 3309 3083 3368 certa
3113 3322 3300 3369 essent
3318 3326 3439 3381 quae
3466 3311 3538 3368 de

1945 3375 2281 3435 Constantini
2314 3382 2476 3437 initiis
2520 3383 2770 3439 dicuntur
2805 3400 2835 3439 a
2868 3385 2932 3439 R.
2966 3384 3028 3438 P.
3057 3384 3219 3440 Petro
3261 3375 3351 3439 Fr:
3382 3382 3535 3438 Chii-

1946 3448 2094 3503 lletio
2124 3451 2177 3504 in
2215 3453 2487 3525 Anotisrad
2538 3454 2782 3525 Vigilium
2830 3455 3202 3524 Tapsensem,
3251 3470 3356 3509 non
3400 3469 3538 3525 opus

1946 3530 2103 3595 esset
2118 3536 2181 3575 ea
2212 3523 2551 3595 inquisitione
2569 3523 2621 3578 iii
2644 3542 2746 3595 qua
2771 3541 2868 3580 nos
2893 3523 3147 3580 hactenus
3166 3523 3530 3580 exercuitnus.

1948 3590 1997 3644 Is
2019 3591 2162 3664 enim
2194 3590 2472 3648 contendit
2522 3590 2733 3664 nuptias
2758 3595 3095 3651 Constantini
3141 3612 3262 3649 cum
3296 3596 3491 3650 Fausta
3515 3636 3535 3663 ,

1946 3663 2231 3735 etinitium
2260 3675 2500 3733 angustae
2521 3663 2800 3735 dignitatis
2830 3668 2883 3720 in
2919 3681 3042 3720 eum
3073 3667 3281 3720 collatae
3305 3680 3334 3718 a
3364 3665 3532 3719 Maxi-

1947 3734 2128 3805 miano
2196 3749 2427 3805 socero,
2485 3734 2731 3792 evenisse
2784 3738 2818 3791 8
2871 3736 3084 3791 kalend.
3144 3737 3353 3805 augusti
3408 3736 3537 3791 anni

1946 3801 2303 3878 507_,eadem
2333 3807 2583 3861 nimirum
2622 3809 2937 3862 auctoritate
2975 3822 3078 3878 qua
3122 3801 3536 3862 Constantinum

1945 3876 2133 3947 scribit
2176 3877 2348 3946 primo
2389 3878 2656 3933 Caesarem
2688 3880 2884 3934 factum
2913 3895 2941 3933 a
2964 3876 3179 3935 Galerio
3209 3893 3352 3933 anno
3386 3879 3493 3934 505
3515 3920 3532 3947 ,

1945 3944 1981 4019 ξ
2033 3944 2233 4019 balend
2262 3951 2501 4019 augusti,
2541 3961 2594 4005 et
2619 3966 2832 4005 rursum
2886 3950 3155 4007 Cursarem
3207 3944 3536 4005 declaratum

1944 4014 1980 4069 8
2033 4015 2289 4090 kalendas
2327 4014 2535 4090 augusti
2587 4022 2713 4075 anui
2759 4021 2907 4087 506,
2961 4022 3256 4077 secundum
3328 4022 3534 4076 obitum

1948 4089 2133 4155 patris.
2188 4090 2294 4146 Sed
2342 4089 2460 4160 quia
2493 4092 2610 4147 lucc
2635 4110 2662 4145 a
2691 4094 2804 4146 viro
2825 4094 3127 4148 clarissimo
3171 4109 3276 4146 non
3305 4092 3537 4161 proban-

1946 4166 2032 4231 tur
2056 4200 2069 4222 ,
2121 4164 2426 4217 necessaria
2454 4163 2549 4217 fuit
2574 4179 2635 4218 ea
2662 4179 2788 4219 cura
2817 4205 2830 4229 ,
2862 4180 3019 4231 quam
3052 4180 3150 4220 nos
3192 4162 3536 4218 adhibuimus

1945 4229 1999 4282 in
2024 4229 2908 4306 investigandoztemporeiigstarum
2950 4237 3275 4306 nuptiarum.

2016 4299 2119 4354 llle
2146 4299 2353 4357 interea.
2388 4299 2635 4359 Galerius
2667 4299 3038 4358 Maximianus:
3067 4305 3331 4359 Caeterum
3363 4312 3534 4357 totum

1945 4368 2090 4425 hunc
2134 4386 2447 4445 apparatum
2485 4373 2684 4429 Galerii
2716 4382 2795 4430 sic
2824 4378 3008 4443 paucis
3049 4374 3356 4445 perstringit
3383 4374 3533 4428 Zozi-

1945 4458 2108 4514 mus.:
2160 4443 2289 4511 Cum
2316 4455 2487 4499 autem
2538 4446 2891 4500 Maximianus
2933 4443 3170 4500 Galerius
3212 4443 3350 4498 haud
3387 4460 3534 4514 teque

1943 4513 2138 4567 tulisset
2164 4519 2333 4586 animo
2361 4533 2476 4584 quia
2502 4517 2556 4569 in
2586 4517 2827 4571 Severum
2853 4514 3109 4571 Ca'sarem
3134 4518 3398 4584 designata
3422 4522 3535 4586 fue-

1942 4592 2091 4648 rant,
2121 4589 2183 4639 ab
2216 4585 2421 4641 Oriente
2450 4586 2668 4641 Romam
2710 4588 2934 4642 eundum
2972 4591 3175 4653 statuit,
3210 4598 3255 4642 et
3283 4588 3536 4641 admisso-

1943 4670 2059 4731 rum
2086 4658 2289 4731 nomine
2315 4661 2523 4713 meritas
2575 4658 2836 4713 Maxentio
2878 4677 3054 4731 poenas
3101 4660 3427 4731 irrogandas.
3466 4657 3535 4714 Ut

1942 4725 1995 4777 in
2028 4724 2237 4802 Italiam
2263 4730 2551 4797 appulerat,
2584 4747 2764 4798 parum
2794 4724 2924 4795 [idos
2952 4748 3071 4802 erga
3098 4749 3151 4786 se
3178 4724 3400 4785 militum
3427 4731 3537 4802 ani-

1946 4812 2058 4873 mos
2073 4800 2314 4873 sentiens,
2328 4802 2397 4853 ad
2412 4802 2668 4854 Orientem
2698 4803 2844 4873 nullo
2872 4800 3138 4856 conunisso
3158 4802 3341 4873 pra’lio
3361 4801 3531 4855 rediit.

2016 4867 2281 4939 Populum
2306 4874 2673 4927 trucidaturus.
2712 4872 3087 4940 Fragmentum
3118 4867 3186 4929 de
3214 4871 3534 4927 Constantio

1941 4935 2179 5013 Chloro_,
2230 4958 2350 5011 pag.
2388 4943 2495 4997 472
2523 4961 2538 5001 :
2568 4943 2767 4997 Dehinc
2799 4935 3036 4997 Galerius
3082 4961 3199 4997 cum
3242 4944 3531 5013 ingentibus

1939 5012 2101 5078 cepiis
2133 5011 2350 5066 Romam
2398 5016 2566 5078 venit,
2616 5015 2838 5067 minatus
2884 5015 3099 5069 civitatis
3142 5011 3438 5078 interitum,
3485 5024 3533 5069 et

1936 5090 2108 5157 castra
2139 5081 2449 5157 Interamna:
2473 5085 2542 5137 ad
2586 5083 2808 5157 Tiberim
2834 5087 3025 5153 posuit.
3062 5085 3203 5139 Tunc
3230 5087 3422 5157 legatos
3461 5086 3532 5139 ad

1932 5153 2110 5205 urbem
2128 5154 2263 5207 misit
2289 5153 2540 5209 Licinium
2555 5165 2603 5209 et
2616 5154 2865 5221 Probum,
2888 5173 2978 5225 per
2998 5153 3309 5225 colloquium
3332 5167 3527 5226 petens,

1934 5232 1991 5300 ut
2020 5240 2175 5290 gener
2202 5226 2343 5300 apud
2372 5243 2600 5300 socerum
2624 5269 2639 5291 ,
2672 5227 2725 5279 id
2745 5236 2853 5291 est,
2896 5227 3187 5281 Maxentius
3208 5231 3349 5298 apud
3376 5227 3531 5282 Gale-

1930 5297 2063 5368 r_ium
2094 5297 2325 5363 precibus
2355 5299 2515 5368 magis
2542 5314 2698 5368 quam
2747 5300 2904 5351 armis
2968 5309 3146 5368 aptata
3192 5297 3523 5354 mercaretur.

1933 5361 2038 5427 Qui
2083 5361 2400 5437 contemptus
2438 5361 2650 5439 agnovit
2699 5368 2962 5436 promissis
3003 5361 3240 5424 virorum
3279 5371 3530 5425 Maxentii

1925 5446 2102 5499 partes
2156 5454 2275 5491 suas
2305 5441 2604 5507 deseruisse.
2648 5439 2844 5505 Quibus
2888 5442 3217 5511 perturbatus
3257 5455 3395 5497 retro
3419 5457 3529 5494 vcr-

1925 5521 2017 5558 sus
2042 5517 2112 5582 est
2132 5525 2149 5572 ;
2173 5519 2242 5574 et,
2270 5520 2325 5564 ut
2355 5512 2506 5565 militi
2533 5528 2630 5566 suo
2657 5512 2886 5582 praedam
2924 5529 3300 5580 quamcumque
3324 5515 3528 5581 confer-

1925 5586 2033 5641 ret,
2064 5580 2353 5655 flamminia
2368 5584 2530 5655 jussit
2553 5580 2770 5654 auferri.
2802 5584 2937 5651 Quid
2977 5584 3080 5640 sibi
3110 5585 3372 5655 velitihoc
3404 5580 3526 5655 luco

1925 5661 2028 5700 vox
2058 5652 2607 5718 ﬂumminia,'ncscirc
2628 5652 2696 5712 'se
2735 5656 2932 5711 fatetur
2960 5656 3221 5711 Henricus
3251 5652 3518 5718 Valesius,

1926 5727 1981 5797 et
2009 5718 2200 5797 deesse
2225 5722 2343 5778 hcic
2371 5727 2625 5780 nonnulla
2658 5737 2836 5797 putat,
2888 5744 3007 5794 qua:
3039 5726 3105 5780 ad
3136 5723 3519 5797 Maximianunt

1925 5787 2237 5856 Herculium
2274 5798 2631 5868 pertinebant.
2659 5787 2791 5872 'lﬂgu
2823 5787 3017 5873 potius
3055 5796 3517 5865 existimaverit“.
