4058 6188
277 250 369 318 353

920 259 929 294 ¹
963 253 1168 317 ΝΟΤΙΕ
1204 254 1273 317 ΙΝ
1311 260 1439 318 LIB.
1482 262 1571 319 DE
1608 256 1837 318 MORTII

1938 261 1960 318 5
2002 253 2387 319 PERSECUT.
2428 261 2580 320 CAP.
2625 260 2795 320 XXX.

3432 263 3538 326 354

272 378 363 443 bis,
392 377 473 432 ubi
522 376 716 453 legitur
758 375 1066 453 Herculium
1121 378 1189 434 ab
1226 377 1438 453 Illyrico
1482 378 1838 449 repudiatum,
1868 376 1922 437 Α
2022 378 2205 453 Generi
2245 378 2433 453 ﬁlium.
2465 377 2595 431 Nam
2626 378 2972 453 Constantius
2994 378 3335 453 gotistantini
3364 395 3535 453 pater,

274 460 498 519 tanquam
527 448 749 504 sialiter
776 449 1045 518 repudiari
1092 464 1197 503 non
1230 448 1511 518 potuisset,
1544 448 1701 520 quam
1737 465 1836 504 ne-

283 519 375 590 gata
414 522 458 574 ei
505 520 831 575 habitatione
871 520 1086 590 Illyrici.
1126 520 1293 576 Verus
1339 530 1517 576 autem
1549 519 1840 577 verborum

291 590 516 656 intuenii,
542 601 600 646 ut
625 606 724 661 ego
749 591 967 661 quidem
987 592 1240 653 arbitror.
1271 606 1463 648 sensus
1483 592 1574 648 hic
1597 606 1719 648 esse
1743 593 1840 647 de-
1866 622 1874 631 ι

268 660 362 744 bet,
411 672 469 716 ut
493 662 560 717 ab
585 660 795 744 Illyrico
824 662 1135 744 repudiatus
1177 661 1409 729 dicatur,
1448 664 1571 744 quia
1604 663 1841 744 illieLttt
1880 692 1885 697 ο

267 734 496 799 diximus,
521 733 865 789 suasionibus
892 733 1004 788 suis
1035 734 1250 789 efﬁcere
1273 751 1376 788 non
1416 733 1587 804 potuit
1626 746 1682 788 ut
1717 735 1842 789 Dio-

267 804 506 859 cletianus
536 815 836 860 resumeret
864 804 1167 874 imperium.
1193 804 1376 875 Neque
1397 821 1527 861 vero
1554 805 1839 875 repudium

264 874 380 930 illud
397 878 622 946 contigit
647 891 790 931 anno
811 875 1049 946 secundo
1067 884 1190 946 post
1217 874 1551 931 consulatum
1574 874 1840 945 tlecimum

265 946 501 1007 Herculii.
532 944 585 1002 id
611 957 714 1015 est,
744 962 889 1018 anno
912 944 1264 1018 Cltris'ti73l0,
1293 956 1351 1002 ut
1375 958 1526 1018 putat
1569 947 1837 1013 Valesius,

266 1018 347 1073 sed
369 1018 547 1090 statim
575 1029 696 1090 post
720 1017 967 1090 collatam
1000 1018 1054 1071 in
1106 1017 1372 1090 Licinium
1395 1018 1709 1090 dignitatem
1740 1018 1844 1090 iml-

325 1088 589 1143 ratoriam.
620 1088 895 1157 Siquidem
918 1088 1227 1143 Lactantius
1247 1089 1314 1145 dc
1343 1088 1582 1144 discessu
1610 1090 1728 1158 ejus
1771 1089 1841 1143 ab

288 1160 459 1230 llyrico
486 1161 570 1215 sic
593 1160 801 1223 scribit,
827 1169 1078 1229 tanquam
1109 1159 1177 1215 de
1204 1160 1322 1230 l‘nga
1346 1161 1652 1230 desperata,
1679 1162 1841 1215 adeo-

264 1245 354 1301 que
371 1230 434 1285 de
458 1230 706 1286 discessu
757 1232 935 1301 subito
960 1239 1015 1284 et
1062 1232 1316 1301 praecipiti
1355 1231 1706 1300 profectione.
1734 1232 1840 1285 De-

265 1299 402 1371 nique
433 1301 668 1356 reditum
708 1300 940 1355 Herculii
978 1301 1044 1355 ad
1089 1299 1497 1357 Constantinum
1544 1303 1621 1357 sic
1660 1309 1844 1356 narrat

262 1371 513 1439 Valesius,
549 1384 801 1443 tanquam
848 1372 894 1426 si
925 1371 1158 1426 nondum
1190 1372 1283 1427 ille
1322 1373 1729 1429 Constantinum
1760 1375 1842 1428 vi-

260 1444 409 1515 disset
432 1451 562 1512 post
580 1445 915 1499 exactionem
945 1443 1195 1515 suamab
1226 1445 1357 1499 urbe
1381 1446 1570 1507 lloma,
1599 1446 1843 1515 adeoque

260 1514 384 1584 apud
404 1511 535 1569 eum
555 1523 881 1585 conquestus
909 1531 1015 1568 non
1040 1511 1230 1570 luisset
1259 1515 1328 1570 de
1366 1516 1456 1569 lilii
1484 1516 1566 1570 sui
1607 1511 1843 1571 crudeli-

261 1594 353 1641 tate
370 1585 656 1640 adversum
687 1600 778 1651 se;
804 1601 926 1639 cum
955 1595 1132 1639 tamen
1160 1594 1311 1641 certo
1361 1587 1594 1641 sciamus
1614 1603 1683 1641 ex
1712 1586 1843 1641 Lac-

261 1658 409 1728 tantio
458 1656 769 1728 Herculium
795 1656 964 1728 Roma
992 1658 1270 1728 profugum
1320 1658 1534 1712 venisse
1588 1658 1761 1725 primo
1789 1660 1839 1713 in

259 1726 469 1799 Galliam
503 1727 574 1782 ad
623 1726 1307 1799 Constantinum,et‘hine
1348 1729 1400 1782 in
1457 1728 1721 1799 Illyricum
1774 1729 1839 1782 ad

261 1796 610 1870 Galerium_et
630 1797 1039 1870 Diocletianum,
1067 1809 1121 1854 et
1150 1798 1219 1854 ab
1257 1799 1362 1855 isto
1392 1796 1724 1870 repudiatum
1756 1815 1845 1856 re-

257 1869 400 1923 diisse
425 1870 483 1923 in
521 1867 748 1924 Galliam
778 1869 845 1925 ad
875 1868 1307 1925 Constantinum.
1454 1867 1467 1870 ⁷
1734 1873 1741 1876 ⁷

320 1937 547 2009 Utroque
566 1950 831 2009 prasente.
861 1940 1192 1995 Diocletiano
1215 1942 1464 1997 nimirum
1489 1951 1543 1997 et
1566 1941 1842 1996 Maximia-

257 2026 321 2065 no
346 2008 625 2065 Herculio.
669 2008 841 2067 Unum
876 2010 995 2067 heic
1020 2012 1256 2067 occurrit
1288 2011 1703 2068 examinandum
1725 2055 1739 2076 ,
1772 2029 1840 2069 an

256 2083 466 2136 istorum
504 2085 795 2153 praesentia
838 2083 1095 2138 trahenda
1132 2083 1287 2153 sitad
1316 2098 1661 2149 consensum,
1697 2099 1839 2153 prm-

256 2153 423 2207 sertim
454 2152 588 2207 eum
624 2152 725 2208 ista
749 2162 1041 2223 agerentur
1067 2169 1096 2207 a
1125 2152 1363 2219 Galerio,
1396 2155 1612 2209 homine
1646 2152 1836 2210 admo-

255 2223 366 2278 dum
397 2224 672 2293 pervicaci
699 2238 763 2279 ae
789 2224 1025 2292 superbo
1046 2267 1059 2287 ,
1091 2234 1145 2279 et
1173 2226 1262 2294 qui
1294 2226 1483 2280 stricto
1519 2226 1666 2280 velut
1708 2240 1840 2281 ense

252 2295 552 2364 supplicare
574 2306 760 2350 suetus
783 2305 923 2360 erat,
944 2304 999 2350 et
1021 2310 1087 2349 an
1110 2310 1413 2351 consensus
1431 2297 1521 2351 ille
1549 2297 1839 2353 trahendus

253 2380 446 2421 rursum
480 2365 650 2437 sitad
676 2376 931 2432 caeteros,
976 2382 1140 2436 penes
1169 2382 1304 2437 quos
1336 2367 1641 2436 reipubliea:
1668 2376 1841 2437 potes-

253 2448 322 2490 tas
357 2444 497 2490 erat.
554 2435 687 2490 Nam
737 2437 788 2492 id
821 2435 1002 2492 dicere
1048 2435 1258 2492 videtur
1283 2435 1549 2493 Eusebius
1587 2435 1683 2492 lib;
1721 2453 1836 2506 vm,

250 2521 353 2576 cap.
385 2507 453 2583 [5
481 2524 497 2561 :
528 2510 744 2583 Asitium;
766 2506 820 2583 δὲ
862 2510 945 2563 ἐπὶ
982 2511 1181 2583 ’τούτοις⁵
1222 2510 1324 2583 ὑπὸ
1362 2518 1524 2569 κοινῆς
1552 2510 1838 2583 τῶν

250 2577 569 2655 spared-ierant
592 2580 928 2655 αὐτοκράτωρ
948 2584 1047 2655 κοιὶΔ
1069 2581 1322 2647 σεϐαςτὸς
1352 2577 1649 2655 ἀναπέφήνεζ
1685 2581 1840 2655 Hune

250 2647 413 2719 locum
454 2647 787 2719 interpretes
836 2647 907 2704 in'
938 2652 1116 2705 varios
1141 2665 1333 2705 sensus
1359 2647 1739 2706 traduxerunt.
1772 2653 1838 2707 Et

248 2717 484 2774 Ruﬂinus
516 2717 734 2790 quidem
781 2720 851 2774 ita
884 2722 1043 2776 vertit
1070 2739 1083 2774 :
1118 2722 1226 2776 Sed
1255 2731 1301 2775 et
1332 2719 1558 2775 Licinius
1581 2724 1838 2776 communi

250 2792 461 2844 omnium
488 2793 743 2862 sententia
764 2793 992 2862 adscitus
1019 2793 1072 2846 in
1097 2793 1397 2860 imperium,
1435 2794 1692 2861 Augustus
1719 2810 1838 2862 pro-

248 2862 529 2916 nuntiatur.
563 2861 834 2917 Muscnlus
868 2880 881 2916 :
916 2861 1146 2917 Licinius
1169 2879 1286 2917 vero
1301 2863 1563 2916 communi
1588 2861 1836 2919 sententia

248 2941 597 3004 potentatuum
648 2942 696 2987 et
741 2934 852 3003 ipse
897 2934 1175 3003 imperator
1222 2944 1267 2988 et
1306 2934 1571 3004 Augustus
1609 2945 1831 2989 creatur.

247 3002 770 3076 Chriswphorsonus
797 3022 810 3058 :
840 3002 1071 3059 Licinius
1098 3005 1335 3076 deinceps
1374 3002 1631 3059 comitiutti
1659 3022 1835 3061 eorum

244 3072 486 3146 suffragio
517 3084 565 3128 et
594 3091 842 3129 consensu
870 3092 1022 3144 penes
1048 3092 1175 3145 quos
1197 3072 1399 3130 summa
1425 3085 1645 3145 potestas
1683 3088 1790 3131 erat
1813 3120 1829 3146 ,

246 3145 521 3216 imperator
561 3156 609 3199 et
648 3146 908 3216 Augustus
935 3147 1243 3201 declaratur.
1284 3147 1523 3216 Denique
1549 3145 1833 3206 Valesius:
1862 3150 1909 3213 C

243 3213 465 3271 Licinius
539 3213 797 3270 communi
854 3218 1220 3285 imperatorum
1292 3213 1540 3288 suffragio
1612 3219 1835 3286 impera-

244 3294 334 3359 tor!
361 3296 409 3341 et
455 3288 725 3359 Augustus
771 3289 1060 3342 declaratus
1124 3299 1218 3342 est.
1263 3288 1509 3343 Bullinus
1562 3288 1721 3358 igitur
1780 3292 1831 3346 in

242 3357 796 3430 ambiguogrelinquit
865 3374 1002 3428 quos
1033 3360 1253 3430 intelligi
1282 3360 1447 3430 velit.
1506 3359 1688 3430 Neque
1723 3362 1833 3416 cla-

242 3428 344 3499 rius
368 3422 429 3485 se
456 3422 742 3499 Masculus
777 3422 1013 3499 explicat
1036 3444 1065 3493 ,‘
1097 3422 1643 3499 quid'tpotentatuut'n
1673 3447 1832 3487 voca-

242 3498 360 3571 bulo
378 3500 696 3571 signiﬁcare
720 3498 879 3571 velit,
902 3502 1165 3556 incertum
1204 3500 1534 3571 relinquens.
1549 3500 1616 3555 At
1645 3502 1833 3558 Chriso

242 3562 602 3640 mphorsonus
631 3580 687 3625 et
715 3562 1181 3643 Valesiusaperte
1234 3562 1589 3641 pronuntiant
1639 3572 1691 3626 id
1722 3574 1830 3629 fac-

241 3651 341 3695 tum
369 3656 499 3698 esse
522 3644 798 3713 communi
840 3645 1260 3715 imperatorum,
1301 3644 1415 3715 sive
1445 3658 1633 3699 eorum
1664 3659 1830 3712 penes

240 3726 363 3777 quos
380 3728 599 3769 summa
629 3722 873 3784 potestas
893 3713 1032 3778 erat,
1065 3715 1343 3783 suffragio.
1373 3713 1568 3769 Verum
1599 3716 1698 3768 ista
1748 3716 1829 3779 in-

242 3784 553 3852 terpretatio
605 3785 892 3853 plurimum
930 3784 1101 3839 habet
1144 3785 1494 3841 difﬁcultatis.
1534 3784 1673 3841 Nam
1704 3801 1825 3841 eum

239 3853 371 3926 istud
390 3855 692 3912 concilium
723 3855 1150 3926 praecipitanter,
1188 3866 1244 3911 ut
1275 3856 1448 3926 palam
1475 3864 1831 3925 est,.c:tptum

239 3936 274 3997 ξ
287 3923 507 3982 Galerio
531 3926 627 3994 sit,
658 3923 914 3997 temporis
941 3930 1202 3997 angustia:
1232 3923 1340 3983 non
1362 3923 1730 3996 permiserunt
1769 3938 1827 3983 nt

238 3991 529 4063 Cassarum,
559 3991 651 4067 qui
671 3997 735 4053 in
758 3991 1046 4067 provinciis
1074 3992 1246 4067 erant,
1266 3991 1576 4059 consensus
1603 4006 1825 4068 expete-

239 4075 407 4133 retur;
453 4077 516 4123 et
538 4078 653 4135 non
682 4079 797 4123 erat
838 4071 931 4124 hie'
953 4082 1069 4124 mos
1106 4070 1323 4131 Galerii.
1364 4068 1825 4135 Pr:eterea,_certo

239 4132 403 4207 colligi
424 4132 611 4209 potest
634 4154 700 4201 ex
729 4139 960 4199 Eusebio
992 4140 1388 4207 etL‘actantio,
1423 4132 1712 4209 utipostea
1737 4141 1845 4195 div

237 4220 435 4277 cemus,
486 4223 666 4280 neque
694 4210 1061 4280 Maximinum,
1097 4225 1273 4280 neque
1301 4210 1711 4267 Constantinum
1744 4212 1824 4267 in-

238 4285 537 4350 terrogatos
560 4281 749 4352 fuisse.
779 4282 963 4352 Neque
987 4282 1265 4350 probabile
1290 4282 1415 4337 item
1437 4292 1519 4336 est
1562 4282 1821 4339 Maxentii
1860 4322 1865 4327 -

237 4360 557 4427 consensum
581 4350 754 4427 [uisse
782 4350 1120 4427 requisitum,
1145 4352 1595 4427 adversus_qnetn
1623 4353 1820 4427 bellum

238 4423 544 4493 parabatur.
576 4422 875 4493 Reliquum
908 4425 1067 4490 igitur
1094 4436 1177 4481 est
1205 4433 1262 4478 ut
1288 4423 1377 4478 hic
1405 4422 1636 4479 Eusebii
1669 4425 1819 4481 locus

238 4490 566 4595 intelligam;
583 4490 877 4595 dein—13ers
881 4495 1100 4578 toribus,
1131 4496 1385 4595 ηἰιφὶινιιιῃ
1403 4495 1470 4567 de
1490 4494 1818 4595 Diocletiano
1832 4533 1896 4595 Β

236 4571 494 4635 veterano
518 4564 702 4634 Rege,
737 4566 805 4620 de
831 4566 1146 4620 Maximiano
1175 4564 1558 4635 Herculim'qni
1583 4574 1691 4619 tum
1721 4568 1819 4620 im-

234 4634 441 4754 perium
470 4646 861 4706 resumpserat,
898 4647 952 4691 et
972 4636 1042 4693 de
1064 4637 1277 4701 Galerio
1314 4634 1652 4691 Maximiano.
1684 4636 1818 4691 Nam

275 4702 288 4754 i
318 4713 431 4754 tres
472 4715 583 4754 mm
619 4708 1093 4754 erant‘Carnnnti-
1121 4723 1246 4754 enim
1277 4707 1514 4754 Licinius
1544 4706 1712 4754 factus
1738 4717 1818 4754 est

275 4702 288 4754 ἰ
318 4713 431 4762 tres
472 4715 583 4779 tum
619 4702 1096 4779 erant‘Carnunti,
1121 4723 1246 4763 cum
1277 4707 1514 4779 Licinius
1543 4706 1712 4771 factus
1738 4717 1823 4763 est

235 4771 528 4849 angustus.
557 4771 1203 4849 itaque-vertunfnon‘est
1228 4778 1372 4833 omni
1400 4787 1639 4847 exparte
1678 4779 1822 4847 quod

238 4845 353 4902 heic
370 4848 451 4902 ait
473 4845 759 4915 Eusebius,
781 4849 1042 4905 Licinium
1072 4848 1267 4907 factum
1293 4865 1413 4903 esse
1440 4845 1818 4918 imperatorem

237 4918 1101 4993 et'Augusmm‘eommunieorum
1121 4933 1408 4993 consensu,
1434 4920 1524 4989 qui
1542 4928 1655 4975 tum
1678 4936 1822 4975 rem-

234 4987 507 5061 publicam
525 4992 893 5061 possidebant.
1054 5002 1055 5005 ‘

305 5058 415 5114 Sa:
440 5058 669 5126 fuerunt.
697 5062 956 5119 Nimirum
984 5064 1335 5121 Maximianus
1368 5060 1680 5126 Herculius,
1721 5061 1827 5116 Ga-
1860 5104 1865 5107 .

236 5125 398 5184 lerius
433 5125 827 5200 Maximianus,
852 5135 1172 5190 Maximinus
1196 5144 1557 5200 cognomento
1582 5132 1720 5187 Daia.
1740 5126 1825 5188 vel

234 5200 395 5272 Daca,
414 5199 827 5272 Constantinus,
857 5205 1156 5261 Maxentius
1178 5214 1237 5260 et
1262 5199 1518 5261 Licinius.
1586 5248 1593 5255 .
1668 5248 1671 5251 .

302 5268 563 5346 Generum
607 5288 779 5331 suum.
812 5268 1223 5331 Constantinum
1243 5318 1255 5335 ,
1286 5278 1374 5346 qui
1424 5276 1703 5337 Faustam.
1731 5290 1825 5330 se-

235 5340 403 5397 nioris
443 5344 749 5419 Maximiani
780 5346 1042 5419 minorem
1077 5348 1273 5417 tiliam,
1304 5340 1472 5419 paulo
1499 5355 1624 5400 ante
1649 5348 1820 5419 duxe-

234 5416 752 5487 ral_,_e_odem;anno
797 5418 1070 5487 nimirum,
1099 5428 1215 5487 quo
1237 5428 1293 5473 et
1322 5416 1554 5473 severus
1571 5416 1819 5480 occisis,

233 5491 288 5560 et
315 5481 552 5560 Licinius
581 5486 751 5543 laetus
783 5498 867 5543 est
894 5481 1205 5558 imperator.
1244 5487 1439 5543 Incerti
1473 5491 1825 5560 panegyricus

232 5549 557 5629 Maximiano
579 5569 633 5612 ει
657 5549 1011 5614 υοιιειδιιιὶιὼ
1040 5560 1214 5614 dictus
1243 5561 1293 5614 in
1336 5549 1535 5629 nuptiis
1576 5549 1819 5614 Faustae:

238 5620 282 5704 ς)
307 5625 553 5704 divinum-
565 5637 736 5704 tuum,
768 5629 1085 5685 Maximiano
1103 5672 1118 5693 ,
1146 5620 1427 5704 judicium;
1455 5631 1541 5704 qui
1570 5632 1706 5683 hunc
1730 5631 1825 5704 tibi

222 5696 349 5766 jure
372 5695 667 5769 adoptionis
681 5696 935 5778 nepotem,
966 5695 1249 5778 majestatis
1267 5695 1444 5769 ordine
1456 5695 1643 5777 ﬁlium,
1674 5703 1826 5755 etiam

229 5781 482 5845 generum
504 5785 609 5835 me
635 5770 882 5839 voluisti!

1873 1769 1922 1829 B

1944 450 2242 519 repudiata,
2273 450 2536 525 utrj‘ussus
2560 461 2697 525 erat,
2731 450 3331 525 HelenaLTheodoram
3359 450 3535 525 duxit,

1942 536 2105 597 quam
2133 521 2373 575 nonnulli
2406 522 2622 576 tradunt
2645 522 2881 577 Herculii
2913 523 3078 578 ﬁliam
3101 523 3287 592 fuisse,
3316 527 3408 580 alii
3432 521 3541 597 pri-

1941 607 2181 650 vittnam.

1994 607 2240 732 ggngiiit
2260 663 2671 735 regiamvestem.
2695 664 2747 717 ld
2769 674 2875 731 est,
2901 680 3224 735 purpuram;
3249 676 3303 721 et
3328 668 3405 723 sic
3433 669 3538 725 ite-

1943 753 2062 793 rum
2088 734 2153 789 ad
2184 736 2345 788 vitam
2380 734 2640 803 privatam
2675 736 2855 791 rediit.
2896 737 3114 791 Factum
3144 738 3284 792 istud
3312 742 3380 793 ab
3408 739 3541 795 Her-

1945 807 2090 861 culio
2111 806 2299 878 scribit
2332 805 2633 878 Hadrianus
2665 805 2979 861 Valcsinsin
3002 807 3138 861 libro
3166 809 3337 878 primo
3359 826 3538 867 rerum

1944 877 2349 953 Francicarum,
2376 891 2428 945 p.
2453 876 2516 931 ‘2l
2534 921 2546 940 ,
2570 886 2856 953 antequam
2887 876 3318 953 prolic_iscerewr
3341 881 3391 935 in
3418 882 3541 953 lllyo

1945 963 2128 1023 rycnm
2152 989 2194 1023 ,_
2219 948 2268 1000 id
2294 957 2402 1023 est,
2443 963 2585 1002 anno
2611 949 2716 1023 507
2757 961 3008 1004 exeunte.
3044 948 3245 1023 Verum
3278 948 3541 1023 repugnat

1952 1017 2264 1090 Lactantius
2294 1017 2417 1073 huic
2460 1018 2777 1087 sententias,
2830 1024 2920 1090 qui
2965 1021 3254 1075 secundam
3304 1017 3540 1080 Herculii

1945 1089 2334 1164 abdicationem
2367 1090 2568 1164 diserte
2599 1092 2897 1164 revocatad
2924 1093 3219 1164 posteriora
3251 1103 3530 1164 tempora:

1944 1161 2037 1215 sed
2064 1175 2262 1214 annum
2295 1175 2399 1215 non
2442 1160 2660 1214 indicat.
2686 1160 2969 1217 Probabile
3003 1172 3179 1218 tamen
3211 1175 3293 1218 est
3326 1160 3376 1218 id
3424 1166 3539 1220 l‘ae—

1947 1243 2058 1285 tum
2089 1247 2193 1285 non
2224 1234 2293 1284 ita
2326 1231 2494 1285 multo
2521 1241 2802 1301 postquam
2828 1233 2894 1286 ad
2918 1234 3325 1289 Constantinum
3348 1236 3541 1290 rediis-

1944 1314 2027 1357 set
2055 1319 2119 1357 ex
2143 1301 2376 1373 Illyrico,
2427 1302 2476 1355 id
2507 1313 2608 1367 εει,
2643 1318 2785 1356 anno
2813 1302 2918 1358 308
2949 1306 3187 1370 ineunte,
3215 1308 3332 1373 ipso
3358 1307 3539 1361 decies

1944 1384 1999 1446 et
2024 1373 2350 1446 Maximiano
2373 1373 2580 1446 septies,
2600 1375 2932 1430 consulibus.
2958 1374 3090 1430 Nam
3116 1375 3259 1429 nulla
3285 1375 3542 1446 deinceps

1946 1442 2241 1516 facinorum
2277 1444 2393 1513 ejus
2419 1445 2622 1498 mentio
2665 1446 2893 1500 habetur
2923 1461 3093 1516 usque
3124 1446 3190 1500 ad
3213 1462 3411 1501 annum
3436 1442 3541 1505 5i0

1945 1529 2053 1584 quo
2082 1514 2326 1590 interiit;
2360 1524 2413 1568 et
2442 1517 2523 1569 vir
2543 1517 2923 1590 cupidissimus
2951 1514 3215 1587 signando
3234 1533 3414 1590 annos
3444 1535 3541 1590 per

1945 1586 2264 1658 consulatus
2285 1598 2434 1658 suos,
2459 1588 2643 1641 consul
2658 1587 2915 1657 deinceps
2943 1586 3049 1642 non
3070 1589 3337 1658 reperitur
3352 1586 3538 1645 fuisse.

2020 1657 2218 1729 Relicta
2238 1656 2458 1729 militum
2489 1666 2653 1724 parte.
2695 1658 2748 1711 lu
2778 1656 3242 1729 potestate;soceri
3267 1664 3348 1714 sui
3378 1662 3545 1716 Maxi-

1948 1726 2141 1793 miani.
2160 1726 2266 1783 Sed
2292 1727 2455 1780 homo
2479 1729 2712 1796 perlidus
2734 1726 2828 1783 eos
2859 1730 3165 1784 sollicitavit
3184 1730 3250 1785 ad
3273 1730 3543 1789 defectio.

1948 1813 2093 1871 nem.
2133 1797 2329 1862 Testis,
2364 1809 2559 1867 praeter
2586 1798 2945 1866 Lactantium,
2977 1802 3270 1856 Eumenius
3294 1803 3343 1856 in
3379 1820 3543 1871 pane-

1946 1869 2132 1940 gy'rico
2153 1884 2311 1939 quem
2338 1878 2521 1937 postea
2551 1871 2688 1924 dixit
2707 1871 3081 1937 Constantino,
3116 1873 3202 1928 ubi
3224 1887 3345 1927 eum
3369 1869 3539 1930 dixis-

1946 1950 2028 2011 set
2056 1940 2437 1994 Maximianum
2459 1955 2661 2009 genero
2681 1956 2780 1996 suo
2811 1942 3082 2011 pejerasse
3102 1986 3116 2009 ,
3146 1945 3328 1998 statim
3354 1946 3539 2001 addit:

1947 2009 2075 2085 little
2098 2020 2171 2064 est
2202 2010 2351 2085 ﬁdes,
2376 2013 2484 2064 lucc
2514 2012 2691 2083 religio
2715 2009 2931 2079 palatini
2953 2016 3166 2067 sacrarii
3192 2014 3371 2068 devota
3392 2034 3544 2085 pene-

1944 2084 2161 2156 tralibus
2188 2122 2201 2144 ,
2222 2092 2303 2156 “ut
2333 2082 2466 2156 lente
2489 2091 2535 2135 et
2563 2082 2889 2150 cunctanter,
2924 2087 3040 2156 jam
3068 2086 3257 2139 scilicet
3287 2082 3401 2139 cuni
3438 2089 3543 2144 illis

1946 2154 2063 2207 belli
2087 2154 2339 2218 consiliis,
2356 2154 2548 2227 itinere
2570 2160 2802 2227 confecto
2820 2195 2836 2222 ,
2865 2154 3177 2227 consumptis
3202 2159 3362 2227 capiis
3388 2175 3540 2213 nian-

1944 2227 2166 2297 sionum,
2199 2240 2261 2278 ne
2279 2225 2393 2297 quis
2413 2226 2652 2291 consequi
2673 2236 2840 2294 posset
2862 2225 3142 2294 exercitus;
3173 2225 3378 2297 repente
3406 2231 3543 2286 intra

1945 2296 2160 2363 parietes
2190 2294 2469 2348 consideret
2501 2307 2817 2419 purpuratus
2839 2338 2853 2361 ,
2886 2308 2931 2351 et
2958 2298 3035 2351 bis
3072 2294 3364 2369 depositum
3394 2304 3542 2356 tertio

1945 2376 2217 2419 usurparet
2247 2367 2548 2419 imperium.
2613 2369 2784 2419 itteras
2811 2369 2879 2419 ad
2905 2369 3259 2419 sollicitandos
3293 2373 3542 2419 exercitus

1943 2376 2217 2435 usurparet
2247 2367 2548 2434 imperium,
2591 2367 2784 2422 litteras
2811 2369 2879 2422 ad
2905 2367 3259 2423 sollicitandos
3293 2373 3543 2427 exercitus

1943 2438 2180 2502 mitteret,
2213 2436 2365 2505 ﬁdem
2394 2438 2615 2490 militum
2632 2438 2958 2505 praemiorum
2984 2441 3317 2494 ostentatione
3335 2443 3543 2498 turbare

1942 2516 2153 2560 tentaret
2181 2548 2195 2572 ,
2236 2523 2412 2581 secure
2443 2508 2631 2581 scilicet
2662 2525 2852 2581 usurus
2878 2512 3104 2581 exercitu
3130 2552 3144 2575 ,
3174 2528 3321 2581 quem
3343 2515 3542 2570 venales

1944 2594 2127 2631 ntanus
2158 2577 2340 2631 habere
2369 2579 2641 2632 docuisset.
2687 2578 2843 2633 Istius
2869 2580 2975 2634 loci
3002 2577 3220 2635 sensum
3266 2581 3542 2640 Livineius

1942 2649 2014 2702 ait
2048 2649 2343 2723 liunclesse
2363 2689 2377 2711 ,
2430 2658 2487 2701 ιιι
2518 2649 2868 2723 Maximianus
2897 2650 3177 2707 Herculius
3209 2653 3542 2723 intelligatur

1942 2720 2300 2790 resumpsisse
2324 2734 2612 2788 purpuram
2638 2720 2866 2789 Arelati,
2885 2736 3006 2775 cum
3039 2722 3169 2777 urbe
3194 2720 3408 2790 pulsus;
3438 2724 3541 2780 lla-

1942 2789 2009 2843 lia
2042 2790 2271 2858 fugatus,
2300 2803 2364 2843 ac
2403 2790 2618 2860 Illyrico
2643 2793 2976 2859 repudiatus,
3017 2808 3047 2845 a
3078 2789 3430 2848 Constantino
3457 2808 3543 2851 est

1941 2871 2218 2931 exceptus.
2251 2860 2419 2915 Recte
2445 2876 2610 2927 sane,
2656 2873 2912 2930 quantum
2954 2864 3020 2918 ad
3069 2864 3381 2921 Historiam.
3429 2866 3539 2923 Sed

1942 2935 2123 3005 nescio
2151 2933 2239 2988 ubi
2271 2933 2535 3005 invenerit
2577 2942 2693 3005 acta
2735 2934 2848 2987 haec
2894 2948 3015 2989 esse
3051 2933 3192 3005 apud
3237 2936 3535 2992 Arelatem.

1938 3000 2127 3073 Neque
2166 3002 2385 3073 enimid
2433 3002 2561 3057 dicit
2592 3004 2887 3059 Eumenius
2909 3046 2922 3069 ,
2963 3005 3057 3060 sed
3083 3000 3286 3059 iantum
3315 3024 3375 3063 se
3404 3024 3540 3063 cun-

1939 3072 2164 3128 clusisse
2192 3077 2245 3129 in
2276 3072 2490 3129 civitate
2517 3072 2853 3145 Arelatensi,
2898 3092 3006 3144 quo
3053 3092 3176 3131 enm
3225 3090 3537 3145 persecutus

1942 3152 2024 3219 est
2040 3147 2319 3219 exercitus
2344 3144 2722 3219 Constantini,
2770 3156 2825 3200 et
2866 3148 2989 3219 inde
3031 3144 3316 3204 Massiliam
3350 3164 3537 3219 postea

1942 3215 2316 3292 l‘ugissqlllilti
2347 3226 2553 3270 certum
2611 3217 2820 3271 videtur
2864 3218 3166 3292 l‘lereuliutn
3208 3215 3533 3292 purpuram,

1924 3301 2095 3361 quam
2128 3287 2211 3342 bis
2251 3287 2611 3356 deposuerat,
2659 3290 3014 3361 resumpsisse
3056 3291 3107 3344 in
3153 3287 3263 3357 ipsa
3311 3287 3536 3350 civitate

1937 3357 2306 3435 'llrerirornm,
2334 3370 2426 3413 aut
2449 3373 2557 3435 _n_on
2580 3359 2767 3435 _mu|to
2802 3357 3020 3435 procul.
3044 3360 3100 3435 Id
3125 3361 3253 3415 mihi
3278 3363 3536 3435 colligere

1934 3428 2214 3503 videorex
2245 3430 2328 3484 his
2353 3428 2536 3503 verbis
2577 3428 2838 3503 Lactantii
2865 3473 2881 3496 ,
2934 3432 3021 3489 ubi
3052 3433 3126 3487 ait
3159 3448 3293 3487 cum
3348 3428 3535 3503 paineis

1935 3508 2057 3567 pust
2080 3499 2298 3571 diebus,
2318 3514 2476 3569 quam
2500 3500 2883 3571 Constantinus
2908 3503 3178 3571 profectus
3195 3514 3313 3558 erat
3338 3499 3535 3560 adver-

1932 3578 2051 3623 sum
2082 3568 2345 3635 Francos,
2365 3584 2485 3623 cum
2519 3569 2799 3645 thesauros
2816 3568 3057 3640 publicos
3084 3575 3386 3642 invasisset,
3407 3591 3534 3645 pur—

1934 3655 2119 3713 puram
2135 3651 2357 3709 repente
2374 3643 2699 3713 sumpsisse,
2714 3653 2834 3713 eum
2882 3644 3181 3698 mstintaret
3215 3643 3532 3700 Constanti-

1932 3725 2060 3765 num
2096 3712 2329 3766 intrasse
2367 3710 2504 3765 lines
2531 3710 2902 3765 barbarorum.
2936 3713 3066 3767 Nam
3096 3713 3427 3770 Francorum
3469 3718 3532 3771 li-

1931 3792 2190 3858 meslcrat
2220 3784 2361 3858 circa
2398 3781 2717 3858 Danubium.
2752 3784 2832 3858 Et
2857 3782 3097 3858 llicsauri
3131 3785 3361 3854 publici,
3393 3803 3533 3858 quos

1927 3853 2270 3929 tuminvasil
2290 3853 2592 3929 llercnlius,
2614 3870 2719 3929 non
2734 3854 2872 3929 alibi
2892 3864 3334 3929 potuerunt__csse
3352 3853 3527 3929 quam

1928 3924 1981 3995 in
2015 3924 2210 3995 palatio
2250 3924 2617 3993 Imperatoris,
2651 3924 2836 3991 idest,
2864 3924 3524 3985 incidtateTrcverénsi.

1929 3994 2110 4066 Itaque
2134 3996 2414 4080 Herculius
2430 3996 2749 4080 nondpotuit
2777 3997 2915 4080 intra
2947 4010 3149 4080 paucos
3176 3999 3299 4080 dies
3321 4015 3528 4080 purpu-

1926 4082 2044 4192 tilim
2072 4082 2346 4149 resumere
2372 4067 2575 4125 Arelati
2598 4098 2615 4133 -,
2647 4069 2961 4139 quae-longo
2993 4067 3277 4125 intervallo
3307 4067 3473 4127 disui‘t
3497 4087 3526 4126 ει

1928 4172 1929 4175 η
1975 4154 2215 4192 revens-
2468 4170 2507 4192 λ,
2798 4176 2807 4179 μ
3002 4172 3006 4177 ι
3148 4168 3151 4171 -
3430 4188 3433 4191 .

1928 4154 2177 4194 *Ircverts
2186 4180 2215 4195 .7
2468 4170 2471 4173 λ
2500 4190 2507 4195 .
2798 4176 2807 4179 ι
3002 4172 3006 4177 ’
3148 4168 3151 4171 ’
3430 4188 3433 4191 -

1982 4210 2152 4276 Quod
2180 4211 2363 4282 ips’uut
2379 4226 2478 4282 non
2507 4210 2720 4262 deceret.
2767 4207 3065 4282 Eumenius
3083 4281 3087 4282 ν
3105 4212 3156 4264 in
3201 4214 3528 4282 panegyrico

1923 4277 2292 4351 Constantini:
2320 4279 2531 4333 Talibus
2553 4288 2599 4331 te
2620 4295 2712 4351 pro
2737 4278 2957 4332 utilitate
2972 4296 3032 4345 ac
3053 4277 3300 4351 digniiate
3318 4277 3525 4349 publica

1921 4350 2074 4404 rebus
2088 4353 2343 4422 intentum
2361 4358 2645 4422 averterunt
2662 4350 2716 4422 in
2744 4365 2797 4401 se
2823 4351 2938 4422 noui
2958 4360 3128 4422 motus
3149 4353 3519 4422 ejus-hominis,

1922 4437 2071 4493 quem
2091 4421 2406 4476 successibus
2434 4421 2534 4473 tuis
2556 4418 2778 4478 maxime
2805 4418 2985 4488 [αυετε
3008 4418 3281 4481 decuisset.

2500 4529 2741 4611 CAPUT
2768 4522 2942 4588 xxx.

1924 4637 1940 4706 ‘_
1995 4629 2171 4706 Refert
2281 4627 2554 4706 intuitum.
2579 4608 2877 4706 Eutropius
2900 4629 2991 4706 lib.
3015 4646 3053 4706 _x
3085 4648 3099 4685 :
3124 4629 3345 4687 Detectis
3365 4634 3522 4706 igitur

1921 4697 2122 4756 insidiis
2151 4716 2239 4770 per
2269 4697 2521 4773 Faustam
2561 4697 2767 4773 filiani,
2792 4716 2907 4770 qua:
2936 4699 3113 4755 dolum
3151 4706 3263 4773 viro.
3284 4697 3522 4762 enuntia-

1923 4780 2083 4847 verat,
2115 4772 2341 4847 pro[ugit
2373 4770 2650 4847 Herculius
2676 4770 3005 4847 Massiliam;
3034 4774 3200 4847 ibique
3220 4770 3517 4847 oppressus,

1980 4844 2101 4896 ἠαδ
2128 4840 2584 4914 dedit-justissima
2606 4843 2763 4910 exitu.
2796 4840 3022 4897 Fallitur
3050 4840 3363 4916 Eutropius.
3387 4840 3520 4905 Nam

1925 4859 2212 4973 ﬁrculius
2231 4925 2353 4967 ante
2382 4908 2670 4966 Massiliam
2696 4911 2999 4973 profugerat
3018 4955 3032 4973 .
3066 4932 3224 4973 quam
3249 4917 3393 4973 hunc
3422 4920 3520 4973 do.

1914 4928 2007 4969 .ue

2012 4915 2212 4979 rculius
2231 4908 2353 4967 ante
2382 4908 2670 4966 Massiliam
2696 4911 2999 4985 prolugerat
3018 4955 3032 4978 ,
3066 4908 3393 4985 quatn'bunc
3414 4920 3523 4983 do-

1930 4985 2427 5052 lumeomponeret,
2454 4992 2512 5039 ut
2534 4988 2678 5052 patet
2701 4997 2766 5036 ex
2795 4981 3097 5040 Lactantio:
3116 4981 3517 5047 Graviusetiam

1929 5057 2127 5113 erravit
2154 5054 2422 5119 Zozimus,
2447 5055 2598 5108 aiens
2617 5052 2947 5123 Herculium,
2972 5058 3112 5125 quod
3142 5057 3341 5116 Fausta
3357 5076 3520 5117 cona-

1930 5135 2040 5182 tum
2072 5125 2213 5178 illius
2233 5126 2628 5190 antevenisset,
2653 5137 2715 5177 at:
2740 5140 2851 5179 rem
2876 5136 3037 5185 telam
3062 5126 3414 5187 Constantino
3438 5136 3519 5187 iti-

1846 5252 1853 5257 ,
1928 5196 2181 5270 dicasse't,
2212 5196 2899 5270 inchperalionemrernm
2929 5199 3168 5252 omnium
3201 5201 3514 5270 adduetutn,

1926 5269 2069 5339 apud
2108 5267 2332 5339 Tarsum
2371 5268 2560 5321 morbo
2607 5267 2897 5339 extinctum
2926 5283 3067 5323 esse.
3112 5269 3366 5327 Confudit
3397 5267 3517 5331 heic

1926 5336 2171 5395 videlicet
2202 5337 2582 5410 Maximianum
2625 5353 2744 5410 cum
2775 5336 3086 5410 Maximino,
3118 5344 3208 5410 qui
3239 5343 3514 5401 Orientem

1930 5410 2167 5484 tenebat,
2197 5407 2376 5484 ti_t‘_qtti
2407 5409 2594 5484 pulsus
2620 5408 2884 5469 aLicinto
2903 5450 2919 5477 ,
2967 5412 3104 5479 apud
3126 5407 3364 5484 _Tarsnm
3394 5430 3517 5484 pos-

1929 5491 2102 5539 tremo
2132 5482 2186 5535 in
2209 5481 2391 5536 Cilicia
2424 5480 2575 5546 obiit,
2609 5490 2663 5533 ut
2692 5483 3033 5535 annotabitur
3062 5481 3217 5537 inira.
3250 5485 3354 5540 Sed
3385 5480 3516 5545 neu-

1928 5562 2011 5609 ter
2036 5555 2217 5607 dolum
2247 5551 2554 5619 cxplicavit,
2585 5565 2742 5620 quem
2787 5553 3034 5607 retulisse
3066 5553 3313 5608 videntur
3336 5554 3400 5607 all
3431 5560 3513 5609 io-

1929 5626 2202 5695 vasioncm
2236 5623 2463 5695 imperii.
2495 5621 2646 5695 Ultus
2683 5621 3016 5686 Eucherius,
3066 5624 3343 5693 episcopos
3374 5623 3515 5695 Lng-

1930 5694 2207 5759 dttnensis,
2240 5696 2288 5745 in
2318 5694 2537 5751 historia
2552 5693 2840 5761 Martyrum
2870 5695 3265 5763 Agauneusium
3292 5693 3516 5763 annota-

1935 5764 2015 5827 vit
2040 5764 2419 5837 Maximiatmtn
2468 5763 2779 5847 Herculium
2818 5762 3081 5836 struxisse
3110 5764 3332 5836 insidias
3360 5762 3516 5840 ,COtt-
