4058 6188
237 244 327 305 361

897 238 1106 298 ΝΟΤᾹΖ
1144 240 1212 298 IN
1251 241 1377 299 LIB.
1421 242 1510 300 DE
1547 244 1896 304 MORTIBUS
1931 243 2318 304 PERSECUT.
2356 244 2511 303 CAP.
2552 244 2794 304 XXXVI.

3390 246 3504 306 362

2570 432 2734 495 tracta
2759 431 2862 486 sibi
2885 431 3201 487 retinuerat.

238 366 294 422 rii
334 365 625 417 consortem
664 366 719 414 et
757 357 1058 430 Augustum
1099 368 1460 431 nuncupatum
1491 360 1631 431 apud
1659 358 1792 416 Car-
1823 365 1880 428 Α
1901 360 2037 417 lerio
2058 401 2074 428 ,
2106 361 2288 417 Asiam
2316 374 2381 415 ac
2403 359 2712 485 Bitltyniam
2740 371 3069 431 occupasse,
3097 373 3233 431 quas
3261 359 3509 419 Galerius

239 444 432 486 nunltlm
457 440 606 486 nutat
628 444 659 483 a
683 428 918 486 Galerio.
951 447 1067 483 cum
1094 447 1148 485 se
1175 431 1391 486 imperia
1410 433 1630 486 uerenda
1652 433 1796 486 inea-
1903 448 2009 486 una
2034 447 2155 486 cum
2187 430 2401 486 lllvrico
2428 438 2486 486 et
2551 432 2734 486 bracis
2759 431 2862 486 sibi
2885 431 3201 486 retinuerat.

238 444 432 491 nuntum
457 440 659 503 putata
683 428 918 503 Galerio,
951 447 1067 483 cum
1094 447 1148 485 se
1175 428 1391 500 imperia
1410 428 1630 502 gerenda
1652 433 1796 503 inep-

238 518 331 582 tant
343 502 659 582 cangpiceret.
678 499 886 582 Quippe
908 515 1084 582 neque
1103 516 1163 556 ea
1181 499 1343 582 cansa
1373 499 1470 582 luit
1489 499 1798 582 assumendi

1903 448 2009 504 una
2034 447 2155 487 cum
2187 430 2401 504 Illyrico
2428 438 2486 504 et

1974 503 2219 559 Diversus
2244 500 2405 573 ripas.
2442 501 2720 574 tNimirum
2749 500 3093 574 Maximinus,
3116 511 3178 557 ut
3195 504 3373 574 palam
3397 515 3508 574 est,

236 576 402 633 Licinii
420 576 494 647 in;
510 572 840 647 consortium
872 572 1113 641 imperii,
1140 573 1238 637 sed
1275 588 1387 647 quo
1406 574 1648 647 pluribus
1683 589 1800 629 mu-
1900 576 2072 646 ripam
2100 574 2365 645 Bithyniae
2389 618 2404 643 ,
2438 573 2678 629 Licinius
2705 573 2991 629 adversam
3015 614 3034 643 ,
3065 574 3121 629 in
3156 572 3262 644 qua
3292 572 3505 647 Byzané

234 645 461 704 nimentis
483 644 777 709 insisteret,
795 651 849 698 et
870 652 928 697 ut
948 659 1015 698 eo
1037 653 1278 699 uteretur
1300 648 1353 698 in
1374 644 1519 699 bella
1543 646 1802 700 adversus

233 717 553 774 Maxentium.
586 713 789 769 Deinde
810 714 940 769 illud
968 714 1167 768 factum
1197 729 1303 768 non
1324 725 1407 770 est
1423 716 1678 770 extremis
1706 715 1806 771 Ga-

233 788 333 844 lerii
360 782 685 855 temporibus
716 800 731 839 :
764 784 857 838 sed
880 785 1238 854 quadriennio
1259 794 1406 849 ante,
1438 795 1497 840 ut
1524 800 1686 855 supra
1714 801 1805 841 os-

236 870 421 914 tensutn
453 866 556 910 est.
594 854 976 911 Committendi
1017 869 1147 911 vero
1169 855 1326 925 hujus
1342 858 1545 911 erroris
1571 854 1685 912 haec
1712 871 1807 912 oc-

233 931 357 985 casio
377 926 495 991 luit,
524 925 665 994 quod
691 926 932 995 plerique
958 936 1171 981 veteres
1191 926 1388 982 Galerii
1418 937 1646 983 mortem
1673 943 1807 982 con-

234 1010 450 1055 secutam
500 996 745 1053 scribunt
780 1009 900 1064 post
944 997 1199 1067 collatam
1242 996 1448 1051 Licinio
1490 997 1806 1067 dignitatem

237 1068 565 1139 itnperialem.
606 1069 903 1137 Eutropius
926 1068 1020 1123 lib.
1061 1084 1133 1122 x:
1165 1066 1270 1123 Per
1294 1069 1389 1121 Itac
1420 1066 1617 1139 tempus
1642 1085 1674 1121 a
1702 1068 1809 1123 Ga-

236 1138 341 1197 leria
365 1138 598 1193 Licinius
638 1140 919 1208 imperator
964 1148 1039 1193 est
1073 1142 1271 1209 factus;
1325 1139 1488 1193 Dacia
1524 1138 1805 1207 oriundus,

237 1212 435 1280 natustei
466 1211 680 1278 antiqua
709 1210 1093 1275 consuetudine,
1121 1220 1167 1263 et
1196 1211 1246 1262 in
1276 1209 1427 1280 bella,
1460 1212 1598 1280 quod
1623 1211 1807 1264 adver-

237 1299 307 1336 sus
335 1279 593 1335 Narseum

258 1299 307 1336 us
335 1279 593 1335 Narseum
608 1291 842 1404 gesserat
867 1291 1104 1333 strenuus
1132 1279 1391 1333 laboribus
1417 1279 1679 1350 etafficiis
1718 1297 1809 1335 ac-

258 1363 402 1421 epltts.
428 1351 579 1405 Mars
640 1349 802 1421 ialerii
826 1353 1091 1418 confestim
1113 1361 1302 1406 secuta.
1337 1350 1610 1416 Zozitnus,
1630 1351 1723 1405 lib.
1748 1366 1807 1405 tt:

235 1368 402 1407 tentus.
428 1368 579 1405 mors

653 1351 802 1404 alerii
826 1353 1091 1418 confestim
1113 1361 1302 1406 secuta.
1337 1350 1610 1416 Zozitnus,
1630 1351 1723 1405 lib.
1748 1366 1807 1405 tt:

238 1420 569 1477 Maximianus
606 1420 841 1474 Galerius
872 1437 936 1475 ea:
974 1423 1214 1475 societate
1249 1423 1570 1490 superiorum
1616 1432 1811 1489 tempa-

235 1511 332 1547 rum
360 1492 666 1564 familiarem
693 1492 789 1564 sibi
813 1490 1070 1545 Licinium
1091 1493 1449 1564 imperatorem
1480 1502 1641 1564 creat,
1674 1492 1814 1563 quod

236 1561 369 1632 hujus
391 1579 551 1635 opera
567 1562 697 1635 bella
727 1561 1043 1635 Maxentium
1064 1563 1296 1635 persequi
1321 1561 1817 1635 cagitaret.tPastea_-

237 1653 367 1706 (μανι
394 1633 638 1687 Galerius
676 1633 784 1687 lucc
820 1634 1023 1704 agitans
1047 1634 1264 1687 consilia
1298 1632 1817 1706 tex'iucuraltilituul-

236 1703 338 1761 aere
364 1706 525 1758 vitam
555 1720 670 1756 cum
695 1703 1256 1774 mortecantmutasset,
1287 1705 1557 1774 imperium
1582 1703 1816 1758 Licinius

294 1792 411 1846 aque
432 1775 538 1830 sibi
578 1775 885 1846 vindicabat.
922 1772 1150 1846 Orosius
1188 1772 1402 1844 quoque
1430 1776 1524 1829 lib.
1562 1790 1655 1841 vn,
1690 1789 1812 1845 cap.

294 1795 411 1846 aque
432 1795 537 1830 sun
578 1795 885 1828 mnatcauat.
922 1795 1150 1829 UI'OSIUS
1188 1795 1402 1844 quoque
1430 1795 1524 1829 ιιυ.
1562 1795 1655 1841 νυ,
1690 1795 1812 1845 cap.

235 1795 315 1911 gi,
340 1857 390 1901 et
413 1855 611 1900 auctor
652 1844 957 1916 Fragmenti
987 1846 1055 1900 de
1083 1842 1401 1901 Constantio
1428 1845 1658 1911 Cltloro,
1695 1860 1815 1915 pag.

238 1917 348 1983 l72,
393 1919 477 1971 sic
519 1915 833 1971 describunt
874 1915 1013 1970 hanc
1056 1915 1362 1977 historiam.
1391 1926 1449 1970 ut
1482 1917 1661 1971 statim
1705 1925 1824 1984 post

238 1991 452 2044 levatum
504 1984 769 2041 Licinium
808 1986 1169 2056 subsequatur
1194 2002 1341 2043 ntors
1369 1985 1589 2042 Galerii.
1615 1988 1682 2041 Et
1711 1986 1824 2041 Att-

240 2062 385 2114 relius
410 2058 627 2124 Victor,
656 2060 745 2127 qui
781 2056 1049 2112 Licinium
1090 2063 1470 2127 imperatorem
1515 2058 1712 2112 laetum
1753 2059 1829 2127 ait

238 2141 513 2200 antequam
543 2122 796 2200 Gate-rius
818 2131 918 2183 iret
946 2129 998 2182 in
1029 2122 1255 2193 Italiam,
1284 2128 1495 2195 scribit,
1517 2144 1637 2182 eum
1661 2122 1826 2198 paulo

240 2198 513 2272 postquam
568 2198 1086 2272 ltaliatdecetsserat,
1129 2201 1351 2272 vulnere
1399 2200 1669 2272 pestilenti
1699 2213 1831 2272 con-

240 2269 501 2340 sumptum
528 2283 671 2325 esse.
706 2270 771 2324 Et
796 2272 847 2323 itt
873 2270 1122 2340 Epitome
1152 2270 1385 2325 Victoris
1419 2288 1430 2323 :
1472 2270 1572 2323 Hic
1597 2269 1830 2324 Licinius

240 2360 410 2397 annum
429 2341 809 2394 dominationis
825 2344 938 2412 fere
967 2350 1081 2411 post
1105 2341 1337 2412 quintum
1362 2340 1615 2395 decimum
1643 2340 1835 2412 accidi-

243 2425 343 2479 lar;
373 2413 720 2467 numerando
749 2409 993 2467 videlicet
1026 2414 1094 2466 ab
1119 2409 1348 2466 excessu
1383 2412 1603 2468 Galerii.
1643 2411 1711 2467 Et
1734 2409 1837 2465 So-

241 2495 419 2548 crates,
451 2483 558 2538 lib.
589 2497 628 2548 t,
658 2498 757 2551 cap
791 2482 858 2549 2,
888 2482 963 2536 ait
986 2482 1365 2537 Maximiauum
1398 2484 1594 2537 abiisse
1632 2498 1665 2537 e
1703 2483 1835 2547 vita,

244 2571 348 2610 cum
377 2554 654 2609 Licinium
686 2551 832 2622 prius
860 2555 1239 2623 imperatorem
1269 2553 1589 2609 creavisset.
1625 2551 1842 2623 llisﬁigi-

244 2637 320 2680 tur
335 2625 571 2680 ducibus
598 2626 801 2679 erravit
821 2622 1072 2692 Sigonius
1088 2666 1103 2691 ,
1131 2639 1294 2695 quem
1326 2635 1545 2681 secutus
1570 2632 1655 2680 est
1682 2622 1844 2678 Mori-

244 2712 351 2753 IIIIS.

224 2764 233 2777 “
308 2768 504 2839 [ensis
529 2766 784 2839 ejusdem;
803 2763 860 2820 Id
888 2775 971 2820 est
999 2764 1145 2839 maii.

307 2836 427 2893 και.
474 2836 710 2891 maniis.
745 2836 824 2891 Eo
870 2838 1012 2890 enim
1058 2837 1148 2890 die
1190 2836 1441 2893 Galerius
1492 2836 1850 2895 Maximianus

248 2908 404 2965 lactus
435 2910 621 2963 luerat
661 2905 844 2962 Caesar
871 2923 990 2962 cum
1026 2906 1363 2973 Constantio,
1395 2908 1637 2977 adeoque
1663 2907 1850 2964 kalen-

248 2982 323 3035 dis
355 2994 588 3050 semper
619 2980 824 3050 martiis
875 2977 1262 3050 inchuabantur
1285 2980 1410 3033 anni
1453 2979 1569 3049 ejus
1614 2981 1852 3050 imperii,

249 3061 297 3108 et
320 3047 494 3106 viceni
505 3049 627 3103 talia
655 3049 916 3104 celebrari
947 3049 1218 3103 debebant
1242 3047 1493 3105 kalendis
1515 3047 1722 3105 martiis
1748 3052 1856 3107 iiu-

1904 648 2059 702 lium.

1977 718 2183 799 ln_ips_a
2210 723 2340 799 freta
2379 713 2955 799 fmdusﬂlauddubie
3094 715 3341 799 faucibus
3368 716 3505 799 Bos:

1903 789 2062 859 pltori
2093 785 2310 847 Thracii
2333 830 2347 854 ,
2378 785 2520 843 inter
2549 785 2875 859 Byzantium
2905 796 2961 840 et
2989 785 3411 859 Chalcedonam.
3443 789 3512 845 Et

1904 857 2212 933 Bithyniam
2241 860 2456 932 quidem
2500 857 2736 933 cesSisse
2763 858 2815 911 in
2859 857 2946 933 jus
2975 858 3315 933 et_ditionetn
3349 860 3517 933 blatti-

1908 926 2063 994 mini.
2078 926 2352 1003 colligitur
2368 946 2432 985 ex
2448 928 2706 1003 martyrio
2725 927 2897 982 sancti
2917 926 3140 1003 Luciani
3159 929 3510 996 Antioclteni,

1907 1005 2052 1076 quod
2076 998 2295 1060 enarrat
2318 998 2623 1076 Eusebius,
2654 998 2748 1053 lib.
2773 1014 2828 1053 tx
2850 1039 2866 1065 ,
2896 1013 3018 1069 cap.

1980 1073 2390 1147 Indulgentiam.
2421 1070 2479 1125 ld
2507 1080 2850 1147 est,_pace_m,
2878 1070 3237 1147 cessationem
3267 1086 3296 1147 a
3328 1085 3517 1147 pense-

1909 1138 2169 1203 cutione:
2190 1146 2366 1213 Supra
2430 1156 2550 1209 cap.
2602 1140 2707 1213 54,
2760 1141 2812 1213 in
2859 1138 3084 1195 edicto:
3129 1138 3516 1211 Indulgentth

1910 1226 2139 1271 nostram
2161 1211 2471 1270 credidimus
2492 1211 2903 1281 parrigendam
2922 1225 3082 1280 quam
3104 1225 3294 1266 vocem
3323 1214 3374 1266 in
3400 1214 3516 1267 suis

1912 1288 2257 1343 versionibus
2285 1294 2433 1340 recte
2482 1280 2735 1336 Bullinus
2762 1290 2818 1335 et
2862 1280 3111 1337 Valesius
3143 1285 3482 1341 retinuerunt
3502 1324 3521 1345 .

1912 1357 2442 1430 Ghristopltorsonus
2461 1354 2601 1430 male
2622 1352 2829 1430 omisit:
2852 1351 3248 1430 Lacta_ntitts__in
3284 1352 3425 1408 libro
3447 1354 3519 1430 de

1915 1429 1997 1483 Ira
2034 1423 2161 1491 Dei'.
2192 1443 2311 1497 cap.
2342 1426 2455 1497 20;
2481 1423 2543 1478 Si
2565 1423 2711 1497 nobis
2737 1423 3060 1497 indulgentia
3083 1423 3281 1497 caelitus
3308 1426 3521 1497 venerit.

1916 1502 2047 1555 Acta
2072 1492 2385 1553 sanctorum
2416 1494 2716 1559 Saturnini,
2745 1493 2916 1546 Dativi
2940 1503 2995 1548 et
3020 1492 3241 1559 Felicis,
3266 1510 3386 1563 cap.
3414 1496 3481 1549 15
3504 1512 3520 1549 :

1920 1569 2024 1636 Qui
2052 1570 2158 1624 uult
2182 1586 2245 1623 ea:
2267 1568 2405 1622 vobis
2434 1565 2502 1617 ad
2531 1564 2932 1636 indulgentiam_
2946 1566 3212 1636 peruenire
3230 1605 3243 1627 ,
3272 1574 3324 1616 ut
3350 1567 3525 1619 salvus

1918 1633 2026 1693 esse
2051 1641 2242 1709 possit,
2288 1638 2612 1709 profiteatur.
2643 1635 2872 1709 Optattts
2913 1633 3351 1709 Milevitanus‘in
3386 1637 3527 1691 libro

1920 1704 2096 1779 primo
2129 1727 2140 1762 :
2173 1704 2469 1779 Tempestas
2503 1704 2869 1779 persecutionis
2892 1714 3097 1779 peracta
3118 1717 3162 1757 et
3184 1706 3412 1779 definita_
3427 1718 3522 1779 est.

1920 1774 2141 1835 lubente
2174 1774 2313 1846 Dea,
2341 1778 2712 1847 indulgentiam
2754 1776 2985 1847 mittente
3025 1776 3319 1847 Maxentio,
3371 1774 3528 1831 Cltri-

1925 1852 2104 1904 stianis
2129 1845 2336 1904 libertas
2363 1859 2436 1902 est
2460 1845 2711 1900 restituta.
2750 1846 2812 1898 D.
2849 1847 3179 1916 Augustinus
3210 1845 3528 1915 frequenter

1927 1921 2066 1976 hanc
2097 1936 2281 1977 vocem
2311 1927 2533 1987 usurpat
2561 1918 2818 1970 adversus
2850 1915 3181 1988 Donatistas,
3207 1932 3327 1970 cum
3352 1918 3527 1988 loqui-

1929 2001 2016 2046 tur
2044 1992 2112 2047 de
2170 1986 2455 2060 rescriptis
2478 1988 2777 2060 principum
2802 2028 2817 2052 ,
2849 1986 3047 2060 quibus
3111 1986 3531 2044 libertatem'sui

1928 2062 2198 2133 dogmatis
2225 2056 2489 2133 dederant
2519 2058 2707 2133 iisdem
2741 2056 3053 2133 Donatistis.

2002 2127 2273 2188 Communi
2314 2131 2489 2185 tutela.
2555 2127 2775 2182 Certum
2808 2138 2913 2194 est,
2972 2128 3095 2183 heic
3124 2127 3209 2197 agi
3238 2128 3305 2183 de
3331 2129 3535 2197 edicto,

1933 2206 2076 2274 quod
2106 2204 2364 2258 extremis
2390 2201 2591 2257 Galerii
2623 2201 2959 2274 tetnporibtts
2984 2199 3191 2253 editum
3222 2212 3316 2274 est
3352 2200 3407 2274 in
3454 2203 3536 2255 la-

1933 2269 2122 2330 vorem
2152 2274 2607 2329 Christianorum.
2663 2269 2937 2324 Communi
2972 2281 3152 2324 autem
3191 2270 3349 2324 tutela
3377 2270 3540 2338 dixit,

1938 2360 2038 2416 pro
2064 2345 2338 2416 communi
2388 2356 2679 2398 consensu.
2757 2338 2908 2395 Hanc
2958 2354 3146 2416 vocem
3198 2356 3313 2416 n_on_
3357 2349 3539 2413 reperi

1939 2410 2087 2471 alibi.
2168 2415 2442 2471 Fortassis
2490 2422 2573 2467 est
2624 2422 2897 2480 corrupta.
2958 2410 3051 2464 Vir
3097 2410 3441 2468 doctissimus
3482 2425 3542 2469 et

1943 2501 2187 2542 summus
2233 2485 2442 2539 anticus
2486 2496 2639 2536 meus
2666 2480 2904 2535 Joannes
2933 2480 3168 2548 Baptista
3212 2481 3542 2549 Cotelerius,

1945 2573 2106 2626 quem
2154 2572 2351 2626 magno
2389 2554 2467 2609 rei
2506 2552 2790 2626 litterariae
2801 2562 2876 2626 Aet
2913 2551 3324 2626 ecclesiasticam
3343 2554 3547 2626 damno

1946 2621 2123 2697 nuper
2148 2621 2474 2697 amisimus.
2500 2632 2632 2676 tatu.
2667 2637 2723 2675 ttt
2771 2621 3239 2697 Monumentoruut
3285 2623 3546 2697 Ecclesia:

1948 2691 2172 2764 Griecte,
2224 2712 2345 2768 pag.
2379 2695 2532 2768 662,_
2558 2701 2767 2768 censet,
2802 2691 3344 2768 reportettdumesse
3370 2695 3543 2768 titulo.

1952 2759 2266 2825 Eadem'es't
2295 2759 2568 2822 sententia
2620 2760 2837 2831 Cuperi'
2864 2759 2920 2815 et
2960 2759 3230 2817 Columbi.
3285 2763 3548 2832 Spat-kitts

1951 2856 2083 2897 vero
2106 2841 2264 2894 tutela
2284 2836 2552 2900 rescribit,
2580 2834 2875 2887 admonens
2899 2834 3137 2896 interim,
3168 2833 3337 2888 virum
3360 2851 3553 2903 quem-

1956 2913 2079 2965 datu
2106 2912 2325 2965 doctum
2358 2924 2389 2963 e
2418 2909 2531 2962 suis
2561 2904 2875 2959 existimare
2904 2904 3188 2972 legendum
3226 2920 3349 2959 esse
3375 2906 3548 2961 titulo.

1959 2983 2055 3037 Vir
2096 2982 2443 3036 doctissimus
2478 2974 2706 3034 Carolus
2745 2971 3064 3029 Dufresnius
3100 2971 3335 3045 Ciangius
3376 2985 3549 3045 putat,

1961 3053 2244 3124 legendum
2269 3052 2491 3124 omnino
2531 3046 3053 3124 esse_titula:re_cte.
3126 3044 3553 3124 Bespicitemtn

252 3120 740 3202 pendentisatmi,
771 3118 1117 3202 qtti_l"tttut'us
1154 3132 1270 3202 erat
1300 3122 1598 3202 vigesimus
1638 3122 1850 3202 imperii
1880 3140 1926 3202 ρ
1963 3115 2275 3181 Lactantius
2304 3122 2371 3176 ad
2401 3116 2842 3202 constitutionem
2872 3115 3115 3202 editam,
3141 3118 3208 3202 in.
3239 3117 3555 3202 capitali-4,

253 3190 376 3275 eius.
405 3193 563 3275 Fasti
610 3190 840 3275 Idaliani
865 3190 1155 3275 Tiberiano
1202 3200 1277 3275 et_
1299 3190 1465 3275 Dicite
1489 3190 1800 3275 consulttius
1832 3211 1847 3248 :

258 3260 327 3317 Ea
362 3280 501 3318 anno
542 3262 696 3316 levati
726 3272 841 3315 sunt
873 3261 1202 3315 Constantius
1232 3272 1280 3315 et
1306 3261 1657 3316 Maximianus
1681 3260 1854 3317 Cma-

255 3353 325 3389 res
347 3336 428 3388 die
453 3334 565 3387 kal.
584 3342 739 3385 mart.
765 3331 1010 3386 Eumenii
1035 3333 1389 3404 panegyricus
1406 3331 1723 3388 Constantio
1740 3334 1853 3389 dic-

260 3415 377 3459 tus:
419 3404 464 3459 0
498 3404 740 3457 kalendis
775 3403 1003 3467 martiaz,
1044 3404 1191 3455 sicuti
1214 3403 1352 3457 olim
1385 3420 1637 3457 annorum
1675 3421 1857 3458 voven-

261 3477 397 3539 tium,
425 3478 501 3530 ita
527 3490 670 3529 nunc
712 3482 1015 3544 internarum
1044 3474 1280 3542 auspices
1320 3476 1723 3544 imperatorum!
1751 3475 1856 3530 Sed

263 3548 370 3602 heic
400 3560 623 3601 rursum
644 3545 880 3598 occurrit
902 3542 1190 3614 difﬁcultas
1209 3549 1277 3599 de
1299 3542 1453 3599 annis
1472 3546 1709 3614 imperii.
1725 3546 1857 3601 Nam

266 3618 304 3670 si
327 3632 513 3672 verum
547 3625 666 3678 est,
710 3614 979 3670 Galerium
1024 3612 1219 3668 factum
1262 3615 1429 3670 fuisse
1455 3612 1728 3671 Caesarem
1760 3616 1863 3672 sub

264 3693 537 3743 consulatu
567 3684 843 3740 Tiberiani
866 3695 922 3739 et
951 3684 1163 3750 Dionis,
1192 3696 1247 3740 et
1276 3686 1490 3741 illorum
1517 3687 1859 3741 consulatum

264 3773 558 3828 congruere
607 3770 730 3811 cum
773 3771 917 3811 anno
949 3755 1151 3828 Chrtsti
1190 3757 1330 3821 3H,
1377 3765 1445 3828 ut,
1463 3757 1623 3826 vulgo
1654 3766 1862 3826 putant,

266 3825 533 3884 catisutliit
581 3842 706 3883 eum
752 3837 1021 3881 mortuum
1063 3825 1228 3896 fuisse
1264 3842 1407 3882 anno
1434 3825 1732 3896 imperiin
1787 3828 1868 3881 in-

264 3911 439 3955 eunte.
468 3900 616 3955 Gum
660 3904 839 3951 autem
876 3895 1170 3953 contradici
1203 3914 1308 3953 non
1349 3895 1868 3967 possitargumentis

267 3986 325 4024 ex
373 3969 665 4026 Lactantio
716 3968 911 4037 petitis.
942 3969 1231 4038 quzerenda
1274 3969 1451 4039 aliqua
1482 3970 1567 4023 via
1617 3978 1731 4036 est,
1761 3982 1866 4035 qua

270 4058 361 4096 nos
385 4039 748 4105 expediamus
774 4054 840 4093 ex
884 4039 967 4093 his
993 4038 1415 4094 difﬁcultatibus.
1447 4039 1513 4094 Et
1556 4055 1685 4094 sane
1728 4041 1870 4108 opti-

271 4127 381 4167 mos
402 4113 529 4166 illos
561 4110 757 4164 Fastos
783 4110 1273 4178 ldatianoscertum
1304 4120 1389 4167 est
1415 4127 1523 4165 non
1546 4125 1731 4166 carere
1764 4124 1875 4164 nte-

273 4183 350 4236 vis
367 4192 424 4239 et
448 4181 759 4245 erroribus,
792 4189 849 4233 ut
875 4180 1033 4235 facile
1063 4182 1278 4250 probari
1318 4192 1516 4252 posset.

813 4267 1040 4326 CAPUT
1096 4270 1334 4326 XXXVI.

340 4342 545 4397 Licinio
578 4351 832 4396 morante.
864 4342 963 4409 Qui
995 4352 1106 4396 tum
1131 4354 1250 4397 erat
1279 4345 1330 4396 in
1364 4343 1526 4399 Dacia
1556 4342 1868 4397 Mediterra-

272 4429 367 4468 nea
395 4413 546 4483 apud
574 4411 876 4485 Sard'tcam,
904 4422 996 4466 aut
1026 4429 1133 4468 non
1159 4415 1328 4469 tnulto
1369 4415 1576 4485 procul.
1606 4414 1739 4468 Nam
1770 4412 1881 4468 illic

276 4495 522 4539 mortuus
551 4495 675 4538 erat
701 4483 968 4537 Galerius.

349 4555 566 4609 Fretum
594 4551 1019 4609 Chalcedonium.
1050 4554 1202 4609 Hunc
1229 4554 1407 4625 itaque
1432 4555 1657 4610 limitem
1687 4554 1881 4609 Orien-

278 4628 398 4700 talis
426 4626 650 4694 imperii
676 4628 1014 4700 constituere
1040 4626 1258 4700 volebat
1282 4626 1623 4700 Maximinus,
1656 4635 1714 4700 ut
1742 4626 1884 4681 intra

279 4695 425 4751 illum
457 4706 614 4750 esset
657 4697 819 4750 etiam
863 4695 1111 4761 Bithynia
1139 4712 1311 4761 usque
1338 4697 1404 4751 ad
1449 4695 1845 4752 Chalcedonam
1868 4737 1884 4761 ,

282 4765 578 4836 provincia:
609 4781 741 4821 vero
786 4767 923 4820 ultra
970 4765 1166 4822 fretum
1196 4765 1622 4823 Chalcedonittm
1655 4768 1889 4836 pertine-

280 4849 397 4892 rent
424 4840 495 4890 ad
529 4838 819 4905 imperium
865 4837 1242 4907 occidentale,
1276 4841 1345 4892 ita
1374 4848 1434 4893 ut
1459 4838 1616 4893 sedes
1640 4838 1885 4907 imperii,

281 4925 397 4977 quae
422 4922 554 4963 tum
570 4918 687 4979 erat
717 4908 857 4977 apud
883 4906 1352 4975 Nicomediam,ad
1371 4925 1453 4973 se,
1482 4911 1571 4979 qui
1603 4906 1891 4979 prior-lac-

284 4990 367 5062 tus
422 4979 612 5034 fuerat
655 4977 859 5045 Ctesar,
908 4980 1237 5049 pertineret,
1281 4994 1387 5035 non
1418 4977 1614 5036 autem
1643 4979 1711 5035 ad
1751 4978 1897 5034 Lici-

356 5120 685 5192 Bitltyniam.
714 5117 773 5174 ltt
801 5120 969 5176 veteri
998 5120 1184 5177 codice
1204 5121 1400 5192 legitur
1424 5119 1737 5192 Bltyaniam.
1759 5118 1895 5192 Cer-

288 5203 396 5246 tam
423 5191 559 5263 esse
583 5192 1038 5256 emendationem,
1065 5191 1458 5263 probat’primo
1481 5191 1582 5248 iter
1601 5191 1893 5263 Maximini,

288 5265 378 5331 qui
403 5279 475 5319 ex
523 5262 752 5317 Oriente
782 5264 845 5316 ad
877 5262 1272 5318 Glialcedonetn
1292 5262 1659 5333 properabat;
1700 5262 1898 5317 deinde

292 5336 406 5404 ipse
434 5332 787 5397 Maximinus,
808 5335 894 5403 qui
922 5334 976 5388 in
1006 5334 1230 5399 epistola
1262 5332 1505 5404 sequenti
1536 5349 1678 5388 anno
1697 5333 1896 5402 scripta

294 5403 359 5457 ad
400 5404 673 5461 Sabinum
702 5445 717 5468 ,
744 5420 903 5472 quam
935 5406 1126 5459 recitat
1153 5405 1415 5460 Eusebius
1434 5447 1450 5471 ,
1483 5406 1642 5461 docet
1670 5421 1730 5459 se
1753 5418 1898 5458 anno

296 5476 581 5546 pmterito
605 5474 930 5529 Nicomediae
960 5474 1143 5529 fuisse.
1172 5475 1300 5530 Cum
1325 5492 1461 5530 anno
1486 5476 1745 5546 praeterita
1763 5514 1779 5541 ,
1814 5475 1900 5528 in-

298 5549 411 5614 quit
431 5588 447 5612 ,
484 5544 852 5600 Nicomediam
884 5545 1095 5615 feliciter
1124 5563 1281 5599 essent
1308 5544 1568 5616 ingressus
1586 5586 1601 5610 ,
1634 5550 1764 5600 ciues
1793 5545 1904 5616 ejus

1281 5617 1458 5684 Quare
1483 5626 1628 5672 recte
1646 5617 1903 5671 observa-

303 5698 415 5742 tutn
443 5697 538 5743 est
566 5688 635 5742 ab
658 5686 890 5742 Henrico
912 5686 1125 5743 Valesio
1148 5690 1201 5743 in
1225 5687 1676 5743 Annotationibus
1695 5686 1763 5739 ad
1794 5687 1905 5741 Eu—

306 5759 522 5829 sebium
549 5797 568 5825 ,
602 5772 716 5830 pag.
752 5758 859 5813 185
899 5767 955 5813 et
1000 5773 1116 5829 seq.
1150 5759 1528 5828 Maximinum,
1559 5768 1773 5817 mortuo
1802 5755 1909 5815 Ga-

302 5618 439 5671 nrbis
465 5634 555 5671 me
576 5618 681 5670 illic
708 5618 969 5687 degentem
996 5617 1253 5672 adierunt.

728 5851 1006 5915 Panos.
1052 5849 1191 5917 V11.

1957 3213 2078 3266 qua:
2111 3210 2206 3265 pro
2235 3209 2395 3266 more
2416 3202 2527 3266 tum
2558 3198 2780 3266 recepto
2810 3188 3067 3266 insctipta
3096 3195 3218 3266 erat
3241 3188 3554 3243 nominibus

1956 3258 2154 3323 Galerii
2186 3263 2493 3320 Maximiani
2517 3271 2576 3317 et
2614 3258 2883 3313 Maximini
2940 3258 3115 3321 Dazna,
3168 3258 3219 3311 itl
3264 3269 3367 3323 est,
3418 3275 3557 3313 cam-

1956 3340 2100 3392 muni
2135 3338 2305 3389 titulo.
3120 3342 3125 3357 '

2032 3408 2339 3463 Subornatis
2391 3400 2755 3475 legationibus._
2802 3398 2950 3475 llaec
3011 3399 3559 3475 pluribushexplicat

1962 3481 2244 3541 Eusebius,
2275 3477 2370 3531 lib.
2404 3469 2478 3541 ti,
2508 3489 2626 3541 cap.
2654 3473 2710 3535 2,
2744 3471 2951 3524 initium
3004 3471 3201 3541 factum
3251 3469 3440 3525 dicens
3487 3473 3558 3527 ab

1962 3540 2469 3605 Antiochensilmszr
2502 3540 2612 3597 Sed
2647 3551 2693 3594 et
2730 3542 2883 3603 alios,
2931 3541 3105 3609 inquit
3147 3540 3424 3605 Bullinus,
3469 3559 3562 3610 per

1963 3620 2191 3689 singulas
2233 3618 2457 3689 ciuitates
2505 3613 2740 3666 similiter
2770 3611 3077 3689 deterrimos
3118 3611 3249 3689 cives
3394 3612 3561 3689 simile

1965 3680 2165 3762 facinus
2191 3688 2447 3762 intpetli_t,_
2479 3694 2524 3737 et
2554 3698 2616 3737 ea:
2643 3681 2876 3762 omnibus
2906 3680 3180 3762 provinciis
3202 3681 3560 3762 hujuscemodi

1968 3750 2274 3833 legationem
2292 3756 2447 3833 dirigi
2465 3752 2755 3833 componit.
2788 3751 2946 3833 "Quae
2995 3750 3157 3833 rurba
3182 3750 3330 3832 "ideo
3374 3753 3560 3820 retuli,

1968 3819 2109 3903 quod
2139 3819 2416 3903 apertiora
2433 3827 2564 3903 sitit,
2593 3838 2752 3903 qnztm
2783 3819 3236 3903 Gt-tecahEusebii.

2045 3891 2345 3959 Sacerdotes
2365 3891 2635 3951 maximos.
2693 3894 2819 3947 lltec
2864 3892 3250 3946 conlirmautur
3282 3892 3352 3948 ab
3392 3891 3567 3949 Euse-

1973 3974 2083 4039 hio,
2113 3975 2204 4028 lib.
2238 3987 2352 4032 vttt,
2400 3983 2519 4038 cap.
2542 3965 2642 4039 AM,
2677 3963 2946 4039 et_lib._t_x.
2978 3978 3099 4039 cap.
3123 3963 3178 4017 4.
3229 3962 3385 4039 νίιιίι⁸
3409 3964 3566 4039 Vale-

1973 4045 2041 4099 sii
2068 4033 2447 4099 annotationes
2470 4033 2555 4092 'ad
2581 4035 2831 4090 eumdem
2864 4034 3173 4095 Eusebium,
3206 4048 3327 4103 pag.
3362 4033 3488 4088 169.

2048 4115 2293 4171 Candidis
2343 4108 2697 4179 chlamydibus
2734 4113 2972 4179 ornatas.
3000 4104 3299 4179 _Eusebit_ts__
3335 4105 3389 4158 in
3433 4106 3566 4160 locis

1978 4202 2104 4241 mox
2130 4175 2568 4241 commemoratis
2615 4185 2838 4231 annotat
2885 4175 3126 4244 quidem,
3177 4175 3356 4229 addita
3404 4189 3566 4230 orna-

1980 4267 2159 4313 tnenta
2187 4253 2556 4310 sacerdotibus
2588 4264 2682 4316 per
2709 4245 3009 4315 provincias
3041 4246 3346 4316 constitutis
3386 4260 3429 4316 at
3458 4247 3570 4299 Ma-

1982 4322 2208 4394 simino,
2245 4340 2365 4396 quae
2389 4314 2605 4396 coercet
2632 4314 2961 4396 admilitare
2991 4314 3329 4396 satellitium,
3383 4315 3432 4396 id
3460 4326 3567 4396 est,

1981 4383 2049 4456 ad
2081 4383 2297 4454 lictores
2325 4404 2378 4449 et
2405 4390 2763 4459 apparitores:
2795 4401 2897 4459 qua
2915 4384 2996 4459 _de
3025 4399 3088 4459 re
3112 4383 3239 4459 videt
3257 4387 3573 4459 annotatio-

1985 4451 2329 4527 nes'Va—Iesii.
2385 4451 2455 4517 Αἰ
2478 4451 2788 4517 Lactantius
2815 4451 2995 4527 addit,
3035 4451 3185 4508 illum
3220 4454 3468 4525 jussisse,
3513 4467 3573 4512 ut

1906 4525 1961 4586 D
1985 4524 2273 4598 pontiﬁces
2304 4536 2401 4599 illi,
2430 4535 2518 4603 qui
2539 4544 2704 4603 super
2730 4524 3039 4603 provincias
3055 4524 3240 4603 erant,_
3259 4527 3572 4582 incederent

1985 4595 2160 4669 ornati
2218 4595 2465 4664 candidis
2504 4595 2897 4671 chlamydibus.
2980 4595 3332 4671 Chlamydem
3389 4607 3569 4653 autem

1989 4666 2107 4739 heic
2132 4679 2339 4750 accipio
2362 4691 2457 4750 pro
2484 4666 2902 4750 paludamento,‘
2931 4676 2987 4721 ut
3006 4666 3144 4750 apud
3173 4666 3425 4750 monium,
3475 4683 3570 4723 seu

1989 4756 2076 4810 illa
2108 4739 2465 4808 alluc'tun'icze
2487 4739 2695 4815 specie,
2727 4754 2859 4793 auro
2892 4740 3157 4815 interdum
3186 4739 3439 4815 limitatze,
3460 4754 3574 4815 qua

1992 4808 2278 4881 utebantur
2295 4820 2393 4873 soli
2419 4808 2649 4870 ministri
2674 4814 3093 4878 imperatorum;
3117 4809 3185 4861 de
3207 4808 3411 4881 quibus
3423 4809 3575 4877 plura

1992 4877 2283 4953 Salinasius
2309 4891 2361 4945 in
2393 4888 2541 4942 Notis
2568 4883 2636 4959 ad
2658 4877 3199 4959 Lampridium.pag.
3231 4879 3358 4932 241.
3392 4877 3576 4949 Itaque

1996 4950 2315 5024 Maximinus
2344 4968 2519 5014 vestes
2544 4953 2909 5024 ministrorum
2940 4950 3291 5019 palatinorum
3328 4963 3581 5024 commit-

1998 5022 2198 5094 nicavit
2226 5048 2348 5089 cum
2375 5026 2600 5085 summis
2630 5022 3003 5094 pontiﬁcibus,
3045 5035 3186 5094 quos
3223 5034 3320 5094 per
3362 5022 3580 5094 ριιρνῑη-

1997 5089 2115 5165 Stis
2153 5089 2437 5161 ordinavit.
2498 5098 2567 5152 Et
2607 5089 2733 5149 hinc
2772 5089 3405 5165 fortassisuexplicabitur
3430 5091 3581 5165 locus

1999 5159 2374 5235 ἷιίἷτὲὲυειιίί
2400 5169 2663 5225 Pollionis
2689 5166 2744 5220 in
2770 5164 2839 5235 in.
2864 5159 3447 5235 ςιεξιιαίρίσιιιατηυάςσ
3475 5163 3581 5216 ueri

1998 5232 2205 5307 lunonis
2247 5246 2478 5300 limbatas
2520 5241 2685 5301 duas,
2732 5234 2824 5290 ubi
2865 5232 3158 5287 Salmasius
3183 5246 3369 5287 verum
3398 5233 3582 5289 lumen

2000 5326 2384 5390 interpretatur
2409 5312 2682 5390 decolore
2716 5318 3022 5390 purpureo:
3083 5371 3118 5390 ν

2073 5371 2346 5447 bonum
2367 5371 3056 5452 iussit._Vi_t_le’Ett'sebittm,
3083 5371 3182 5452 lib.
3215 5388 3330 5440 vui,
3351 5387 3480 5452 cap.
3516 5373 3585 5452 12

2003 5474 2058 5521 et
2074 5444 2144 5519 ἷιὶ
2158 5444 2307 5516 libro
2335 5444 2508 5523 primo
2534 5450 2603 5523 de
2629 5448 2749 5523 vita
2777 5445 3117 5523 Gonstatttini
3136 5485 3153 5511 ,
3196 5458 3313 5523 ca_p_.
3338 5444 3449 5523 ss,
3492 5444 3586 5499 tibi

2006 5514 2058 5592 in
2084 5514 2528 5602 interpretatione
2554 5519 2750 5576 Valesii
2778 5516 3000 5587 irrepsit
3023 5530 3219 5571 nomen
3240 5514 3459 5581 Licinii,
3488 5528 3589 5584 pro

2006 5595 2543 5663 nomine-Maximini.
2605 5664 2632 5666 η
2705 5660 2748 5666 η
2905 5658 2917 5666 _
3226 5654 3238 5666 ,

2083 5656 2469 5743 Effodiebantur
2499 5664 2655 5719 oculi.
2705 5660 2822 5715 Non
2854 5656 3593 5743 adnotassentistanqtttetab

2007 5721 2509 5815 Eu-s'e'biowquoque
2555 5736 3049 5792 commemorantur
3074 5769 3088 5794 ,
3149 5728 3250 5780 nisi
3301 5721 3595 5786 admonere

3158 5820 3235 5884 12
