4058 6188
436 234 542 290 ’565

1757 228 2101 286 STEPHANI
2133 230 2406 291 BALUZII

3634 239 3740 298 564

432 353 764 434 voluissem,
819 349 978 434 hanc.
1005 345 1377 427 crudelitatem
1426 361 1455 420 a
1507 345 1671 434 Suidp
1719 348 1910 434 referri
1956 347 2022 400 ad

2154 356 2555 434 ilactant‘igit-tu:
2575 358 2792 434 optimas
2816 375 2878 434 ac
2926 357 3136 434 pingues
3183 356 3392 434 hostias
3422 353 3526 410 Deo
3571 358 3727 426 quasi

436 423 830 482 Diocletianum
849 428 904 476 et
933 417 1333 484 Maximiauutu,
1377 414 1609 485 cumque
1641 419 1742 486 hoc
1773 419 1921 482 loco,
1971 428 2028 472 ut

436 510 578 565 sa-pc
608 493 750 548 solet
776 491 828 546 ia
854 490 1019 546 rebus
1050 487 1344 552 historicis,
1383 487 1591 554 lapsum
1618 503 1756 543 esse.

965 578 1198 636 CAPUT
1249 575 1517 632 XXXVII.

508 699 828 756 Constantini
862 696 1063 752 litteris.
1121 692 1508 766 Constantinus
1548 702 1671 766 post.
1718 704 1922 766 partam
1967 696 2036 752 de

435 772 706 829 Maxentio
755 768 1058 829 victoriam,
1113 779 1234 818 cum
1273 763 1412 831 apud
1446 762 1804 820 Mediolanum
1833 781 2035 822 conve-

438 845 610 900 uisset
635 857 758 898 cum
784 840 1026 901 Licinio,
1075 835 1516 890 constitutionem
1561 835 1815 891 emiserat
1843 840 2036 892 admo-

437 915 564 967 dum
613 911 960 968 favorabilem
1009 905 1369 969 Christianis,
1432 920 1658 974 eamque
1710 910 1931 964 miserat
1983 912 2037 966 in

437 985 712 1040 Orientem
747 980 812 1036 ad
855 980 1220 1047 Maximinum,
1278 987 1334 1029 ut
1380 974 1426 1030 is
1471 991 1591 1047 eam
1645 978 1696 1035 in
1747 981 2037 1047 provinciis

439 1058 552 1111 suis
578 1054 802 1124 proponi
827 1057 1058 1124 curaret.
1116 1045 1318 1124 Auctor
1367 1056 1451 1124 est
1487 1045 1786 1124 Eusebius,
1826 1051 1919 1124 lib.
1958 1069 2032 1115 1x,

438 1144 556 1195 cap.
580 1116 646 1191 '9,
681 1116 829 1178 illum
872 1123 1104 1192 primum
1141 1119 1356 1188 quidem
1389 1116 1453 1169 ad
1487 1118 1601 1195 haec
1624 1120 1858 1195 graviter
1887 1123 2030 1195 iugc-

439 1188 675 1259 iuuisse;
728 1188 910 1263 postea
958 1204 1133 1245 tamen
1154 1232 1185 1263 ,_
1224 1203 1345 1244 cum
1375 1203 1474 1242 nec
1503 1188 1670 1244 videri
1701 1191 1865 1263 vellet
1889 1188 2035 1248 Cttn-

439 1270 676 1322 stantino
719 1261 781 1320 ac
823 1261 1027 1320 Licinio
1052 1261 1282 1322 cessisse
1301 1300 1315 1325 ,
1376 1273 1476 1316 nec
1505 1275 1715 1333 rursum
1745 1261 1800 1333 id
1819 1303 1832 1328 ,
1887 1265 2033 1333 quod

439 1339 643 1408 jussunt
675 1346 811 1408 erat,
843 1333 1198 1408 supprimere,
1230 1339 1370 1408 metu
1404 1345 1599 1408 eorum
1623 1332 1710 1408 qui
1733 1332 2030 1408 jusserant,

440 1402 722 1479 rpistolam
752 1407 814 1470 ad
849 1406 1105 1462 Sabinum
1148 1402 1460 1481 [triefecttttn
1496 1403 1812 1481 scripsisse,
1866 1406 2032 1481 veluti

440 1474 632 1548 suopte
655 1488 801 1548 motu
825 1487 879 1548 et
909 1490 978 1548 ex
1010 1474 1226 1548 propria
1257 1474 1681 1548 auctoritate,__in
1703 1490 1812 1548 qua
1840 1477 2031 1530 eadem

441 1542 609 1609 l'ertnc
636 1549 702 1603 de
732 1545 1051 1601 Christianis
1079 1543 1327 1606 saneivit,
1357 1559 1476 1611 quae
1503 1542 1556 1597 in
1581 1544 1670 1597 illa
1694 1543 2030 1601 Constantini

441 1639 503 1676 ac
532 1619 722 1675 Licinii
750 1617 1135 1673 constitutione
1178 1613 1542 1667 continentur.
1600 1613 1896 1672 Addiderat
1937 1634 2031 1672 au-

445 1704 552 1745 tem
583 1689 964 1744 Constantinus
1016 1685 1223 1739 litteras
1271 1683 1340 1738 ad
1381 1683 1750 1752 Maximinum,
1798 1704 2026 1754 quarum

444 1765 772 1816 mentionem
805 1759 931 1813 facit
959 1755 1220 1810 Eusebius
1271 1756 1324 1808 in
1376 1765 1645 1824 postrema
1694 1769 1847 1826 parte
1888 1761 2032 1828 ejus—

444 1835 569 1888 dem
607 1832 816 1902 capitis.

515 1904 559 1956 Α
593 1893 940 1956 sacerdotibus
966 1895 1240 1950 immolari.
1274 1893 1426 1961 Quod
1467 1894 1585 1949 heic
1624 1896 1700 1950 ait
1727 1898 2036 1954 Lactantius

439 1975 508 2028 de
530 1972 814 2028 Maximino
841 1970 974 2023 cibis
1004 1965 1357 2032 immolatitiis
1387 1966 1628 2035 quotidie
1651 1981 1928 2039 vescente,
1983 1972 2034 2026 id

441 2047 510 2098 ab
554 2060 619 2099 eo
666 2039 1500 2112 publicopedictoeonstitutum
1541 2039 1616 2112 ait
1645 2039 1926 2112 Eusebius
1981 2044 2036 2096 in

442 2117 578 2172 libro
604 2108 679 2168 de
701 2108 1370 2182 MartyribusPalaestitw,
1403 2122 1522 2175 cap.
1556 2109 1609 2169 9,
1644 2109 1737 2182 ita,
1770 2122 1830 2165 ut
1857 2115 2036 2167 cuncti

443 2198 552 2240 tam
583 2186 702 2250 viri,
733 2180 890 2252 quam
921 2180 1196 2252 mulieres,
1244 2193 1346 2252 una
1374 2193 1495 2252 cum
1527 2181 1754 2252 servulis
1779 2192 1832 2235 et
1859 2183 2033 2236 inlan-

443 2261 607 2320 tibus,
638 2248 942 2310 sacriﬁcare
967 2261 1023 2323 et
1061 2249 1229 2323 libare
1278 2248 1379 2302 diis
1433 2248 1831 2323 immortalibus
1877 2269 2037 2323 coge-

444 2319 650 2389 rentur,
679 2334 733 2379 et
763 2322 1051 2376 immolatis
1075 2320 1373 2372 hostiarum
1400 2319 1652 2374 carnibus
1684 2324 1850 2389 vesci,
1883 2319 2036 2378 et'ut

443 2407 638 2453 cuneta
664 2397 716 2450 in
749 2397 864 2452 loro
895 2391 1102 2446 venalia
1131 2390 1516 2444 sacriﬁciorum
1548 2391 1897 2448 libationibus
1945 2396 2029 2448 in-

443 2470 810 2539 q_ninarcntu_r.
871 2463 1014 2539 Istud
1042 2463 1229 2539 ipsum
1246 2461 1440 2539 docent
1480 2462 1640 2539 etiam
1663 2465 1792 2518 Acta
1830 2467 2035 2539 passio-

444 2529 528 2594 nis
557 2539 728 2593 sancti
763 2534 979 2590 aniani
1011 2529 1652 2603 inartyris‘Antiocheni,
1704 2529 1864 2603 quem
1895 2535 2035 2590 idem

442 2611 760 2666 Maximinus
789 2617 962 2660 morte
991 2600 1168 2657 allec'tt
1185 2617 1202 2675 ς
1259 2600 1393 2675 Quin
1421 2603 1573 2654 etiam
1599 2604 1666 2656 ad
1695 2600 1887 2658 tantam
1918 2624 2036 2675 pro-

443 2685 590 2736 cessit
628 2679 895 2739 satvitiam,
939 2685 992 2728 ut
1021 2691 1081 2727 ne
1111 2672 1391 2742 infantibus
1421 2674 1626 2742 quidem
1653 2672 1926 2743 parceretp
1949 2678 2038 2730 sed

442 2757 581 2820 ipsos
602 2765 801 2822 quoque
823 2746 1155 2810 interimeret,
1202 2745 1442 2811 quoniam
1471 2760 1563 2797 nec
1607 2755 1803 2822 poterat
1832 2749 2036 2822 quidem

443 2815 515 2877 eis
536 2815 856 2892 persuadere,
892 2828 946 2870 ut
966 2824 1226 2892 gustarent
1250 2830 1338 2892 e_a,_
1357 2815 1906 2892 quiesacriﬁcabantur
1927 2820 2033 2892 dte-

445 2885 695 2947 moiu’bus.
749 2885 1004 2944 Secutum
1037 2890 1088 2940 in
1131 2886 1234 2940 hoc
1272 2887 1434 2939 luisse
1474 2885 1824 2942 Maximinum
1871 2891 2035 2944 vesti~

446 2965 529 3031 gia
557 2961 794 3032 magistri
823 2960 905 3013 stti
925 2956 1147 3032 Calerii,
1177 2957 1374 3032 docent
1397 2959 1528 3008 Acta
1550 2969 1860 3032 sanctorum
1893 2976 2035 3032 mar-

447 3027 625 3104 tyrum
649 3027 885 3102 'Agapes,
936 3028 1183 3082 Chionite
1209 3035 1264 3082 et
1293 3027 1495 3090 Irencs,
1531 3043 1651 3097 qua:
1683 3029 2030 3104 'l‘hessaloni-

2141 431 2400 502 esurienti,
2433 429 2895 502 profundunt‘vina
2925 429 3181 502 tamquam
3205 429 3415 502 sitienti.

2213 499 2353 553 Hinc
2381 497 2560 571 fames.
2632 499 3014 555 Crudelitatem
3042 497 3224 571 'istius
3271 497 3425 571 famis
3462 497 3732 571 describit

2140 567 2405 626 Eusebius
2456 573 2545 626 lib.
2581 589 2654 637 ιχ,
2688 586 2805 641 cap.
2831 573 2882 627 8.
2940 570 3213 641 Videndus
3253 569 3414 641 etiam
3461 567 3727 641 llul'linus,

2138 641 2229 708 qui
2255 658 2362 696 non
2398 644 2539 696 nulla
2570 639 2900 712 haben—qua:
2926 642 3063 712 apud
3093 639 3392 712 Eusebium
3413 656 3518 693 non
3544 640 3730 712 lt-gnn-

2141 720 2245 784 tur.
2300 713 2536 767 Meminit
2563 724 2616 766 et
2646 710 2815 784 hujus
2833 710 2984 768 lamis
3015 711 3310 782 Eutycbius
3333 710 3732 768 Alexandrinus

2140 783 2192 836 in
2224 785 2336 837 suis
2366 785 2680 839 Annalibus.

2211 853 2364 908 Dono
2391 857 2497 909 suis
2527 855 2697 910 dabat.
2723 853 2991 919 Bullinus,
3017 854 3109 909 lib.
3134 868 3248 917 vui,
3279 867 3397 922 cap.
3435 851 3528 906 16:
3586 851 3739 907 Unde

2139 937 2186 979 et
2231 936 2423 981 montes
2459 927 2595 987 auri,
2647 935 2700 979 ut
2720 928 2791 980 ita
2837 926 3072 984 dixerim.
3097 935 3425 995 congregatos
3453 924 3743 993 familiari-

2139 999 2231 1050 bus
2259 999 2364 1051 suis
2388 1013 2448 1049 ac
2474 997 2775 1051 satellitibus
2805 997 3134 1067 largiebatur.

2212 1067 2360 1122 More
2384 1069 2529 1122 clem.
2563 1069 2839 1123 latronum.
2889 1064 3176 1123 Salvianus
3203 1065 3255 1119 in
3287 1064 3390 1119 line
3417 1065 3536 1120 libri
3563 1067 3744 1121 octavi

2137 1138 2207 1194 de
2253 1137 2652 1194 Gubernationc
2706 1139 2816 1202 Dei,
2867 1154 2986 1209 pag.
3033 1138 3169 1192 l9l:
3230 1134 3483 1191 Latrones
3533 1138 3747 1206 quidem

2136 1211 2233 1263 hoc
2263 1209 2528 1276 proverbio
2557 1212 2630 1263 uti
2661 1212 2847 1276 solent,
2876 1220 2929 1263 ut
2951 1209 3132 1280 quibus
3156 1223 3258 1261 non
3285 1211 3526 1279 auferunt
3557 1212 3745 1274 vitam,

2137 1280 2338 1335 dedisse
2363 1297 2416 1334 se
2443 1282 2639 1336 dicant.

2649 1393 2877 1449 CAPUT
2930 1393 3222 1448 XXXVIII.

2215 1531 2386 1586 Vincit
2415 1532 2668 1602 officium.
2748 1531 2946 1587 Eadem
2991 1532 3216 1585 omnino
3267 1530 3428 1584 verba
3475 1531 3752 1587 habentur

2135 1603 2188 1656 in
2219 1603 2358 1657 libro
2384 1613 2537 1658 sexto
2563 1604 2866 1657 divinarum
2897 1603 3322 1662 lnstitutionum,
3353 1617 3473 1671 cap.
3503 1602 3597 1656 25.

2211 1673 2484 1728 Nobilibus
2521 1676 2760 1744 fwminis.
2830 1673 3079 1726 Bullinus
3127 1673 3264 1727 libro
3311 1687 3424 1744 vin,
3475 1689 3594 1742 cap.
3642 1675 3746 1727 l7:

2062 1725 2112 1786 Β
2139 1743 2236 1804 Cui
2262 1746 2416 1798 etiam
2440 1725 2570 1798 inter
2600 1756 2783 1798 cwtera
2811 1745 2904 1797 hoc
2932 1744 3198 1811 singulare
3227 1725 3456 1798 studium
3505 1725 3638 1811 θέαι,
3687 1763 3755 1798 ne

2139 1815 2303 1868 ullam
2329 1833 2429 1869 non
2457 1816 2573 1869 dico
2603 1815 2800 1876 urbem,
2828 1815 2916 1868 sed
2939 1816 3014 1868 vel
3043 1814 3186 1867 breve
3231 1815 3502 1880 oppidum,
3554 1817 3754 1885 absque

2139 1886 2394 1939 adulterio
2425 1887 2671 1940 nobilium
2695 1896 3067 1947 niatronarum,
3109 1901 3223 1953 qua:
3251 1902 3341 1947 per
3370 1888 3484 1938 loca
3530 1888 3753 1957 fuissent

2138 1967 2372 2025 reportat.
2403 1958 2478 2010 vel
2510 1959 2836 2025 corruptione
2858 1957 3135 2026 virginum,
3165 1958 3469 2023 prteteriret.
3629 1971 3632 1974 ·

2213 2026 2580 2096 Prtegustator.
2611 2028 2924 2094 Mctaphora
2959 2027 3114 2080 (lucta
3145 2043 3174 2079 a
3206 2027 3329 2080 cibo
3374 2037 3426 2080 ct
3464 2035 3613 2094 potu,
3643 2043 3751 2096 qua

2140 2099 2302 2151 etiam
2318 2113 2446 2150 usus
2468 2096 2754 2154 estCiccro
2778 2101 2828 2151 in
2854 2099 3097 2151 oratione
3125 2114 3221 2160 pro
3243 2098 3404 2151 domo
3430 2114 3552 2151 sua:
3588 2097 3754 2152 Scili-

2139 2179 2214 2221 cet
2244 2179 2298 2221 tu
2327 2168 2555 2221 helluoni
2580 2170 2931 2235 spurcissimo,
2961 2169 3317 2238 prazqustntori
3341 2168 3611 2221 libidinum
3633 2179 3752 2222 tua-

2139 2239 2476 2300 rumJiomini
2506 2240 2824 2309 egentissimo
2845 2249 2888 2292 et
2912 2239 3340 2308 [acinoros-issimo
3361 2238 3516 2293 Sexto
3534 2239 3750 2302 Roscio,

2138 2321 2244 2363 etc.
2287 2309 2649 2378 Praigustator
2672 2314 2849 2377 itaque
2880 2319 2982 2374 est,
3008 2311 3096 2379 qui
3123 2310 3272 2363 cibos
3301 2319 3564 2379 potusque
3584 2320 3750 2378 gustu

2141 2381 2408 2448 explorat,
2437 2382 2576 2449 apud
2604 2383 2748 2434 viros
2767 2382 3033 2448 principes
3051 2381 3337 2448 pra-cipue,
3355 2396 3420 2433 ne
3435 2380 3569 2434 forte
3584 2397 3756 2436 vene-

2147 2467 2274 2504 ntun
2305 2465 2424 2504 cum
2454 2453 2575 2504 cibo
2601 2461 2834 2521 potuque
2858 2452 3126 2505 hauriant.
3161 2451 3233 2503 Ea
3266 2452 3336 2504 de
3375 2467 3532 2504 causa
3575 2452 3754 2505 Anto-

2145 2523 2268 2575 nius
2300 2521 2497 2576 timeus
2524 2523 2840 2578 sceleratam
2868 2522 3169 2590 Cleopatra:
3191 2522 3501 2585 Solertiam,
3532 2525 3752 2577 nonnisi

2139 2603 2493 2660 prtrgttsmtos
2519 2593 2668 2649 cibos
2695 2595 2965 2657 sumebat,
2995 2603 3053 2647 ut
3083 2592 3243 2646 docet
3269 2593 3492 2656 Plinius,
3513 2592 3606 2646 lib.
3628 2610 3747 2659 xxx,

2139 2677 2260 2732 cap.
2290 2665 2321 2715 5
2347 2705 2362 2726 ,
2399 2663 2647 2717 Historiae
2703 2665 2980 2718 naturalis.
3041 2664 3351 2722 Suetonius.
3389 2664 3440 2716 in
3497 2664 3752 2729 Claudio,

2139 2747 2258 2799 cap.
2292 2735 2359 2787 44
2386 2751 2396 2784 :
2427 2733 2488 2786 Et
2517 2750 2702 2788 veneno
2727 2735 2932 2799 quidem
2954 2735 3176 2787 occisum
3215 2735 3446 2787 convenit
3475 2735 3603 2787 :ubi
3650 2753 3754 2788 au-

2140 2814 2260 2876 tem,
2281 2814 2327 2858 et
2354 2821 2443 2872 per
2466 2821 2614 2873 quem
2643 2807 2762 2858 dato
2809 2806 3082 2874 discrepat.
3117 2806 3337 2876 Quidam
3369 2806 3580 2858 tradunt
3615 2823 3754 2876 epu-

2140 2874 2270 2927 lauti
2292 2875 2343 2927 in
2366 2892 2613 2928 arcecum
2633 2876 2980 2930 sacerdotibus
3030 2892 3120 2943 per
3167 2875 3413 2929 Halotum
3459 2874 3755 2941 spadonem

2141 2956 2573 3018 praegustatorem.
2601 2946 2834 3009 Tacitus,
2867 2948 2958 3000 lib.
2995 2961 3088 3000 xut
3128 2944 3448 3002 Annalium:
3480 2946 3598 3001 Illic
3619 2964 3756 3018 epu-

2139 3016 2275 3088 lante
2303 3013 2618 3080 Britannico,
2663 3019 2783 3086 quia
2804 3019 2941 3071 cibos
2981 3027 3226 3087 potusque
3277 3020 3386 3088 ejus
3425 3013 3658 3074 dilectus
3683 3035 3757 3071 ea:

447 3087 527 3162 cie
549 3087 1400 3174 martyvri'umconsummaveruntt
1419 3087 1563 3174 anno
1588 3101 1826 3155 secundo
1858 3115 2036 3170 perse—

2154 3087 3228 3174 rninistrisgustu_ea:plorabat;'Gregorit§
3252 3087 3383 3157 papa
3409 3087 3480 3142 XI
3500 3129 3512 3153 ,
3547 3089 3598 3141 in
3633 3091 3752 3174 cpi-

447 3167 711 3238 cutionis,
769 3171 1096 3226 Diocletiano
1139 3183 1194 3221 ιχ
1241 3179 1295 3220 et
1324 3167 1643 3238 Maximiano
1676 3186 1770 3224 vm
1797 3167 2038 3226 cinsuli-

448 3247 566 3301 bus.
633 3237 822 3298 lnillis
848 3243 990 3296 enim
1020 3243 1168 3293 Actis
1193 3240 1388 3306 legitur
1412 3279 1426 3304 ,
1481 3237 1842 3294 Cassandrum
1876 3244 2038 3296 benc-

453 3315 714 3369 liciarium
738 3319 808 3367 ita
831 3310 1109 3378 scripsisse
1123 3308 1186 3362 ad
1214 3309 1844 3379 Dulcetiumprmsidem:
1873 3313 2037 3379 Scito,

447 3387 518 3439 mi
547 3386 765 3438 Domine
785 3423 799 3446 ,
832 3381 1184 3452 Agathonem,
1215 3378 1424 3452 Agauen
1443 3420 1456 3444 ,
1490 3378 1788 3452 Citioniam,
1816 3378 2036 3450 lrenem,

448 3457 674 3522 Casium,
706 3447 1008 3521 Philippum
1037 3447 1423 3524 et‘Eutycltiam
1451 3450 1587 3504 nolle
1618 3454 1696 3506 his
1723 3447 1885 3518 vesci,
1929 3447 2042 3524 qua:

451 3529 550 3582 dtis
578 3521 696 3581 sunt
724 3527 1006 3580 immolata.
1070 3521 1270 3576 Eadem
1326 3522 1589 3576 habentur
1618 3525 1672 3577 in
1699 3525 1850 3579 Actis
1879 3521 2036 3578 sanc-

454 3611 629 3654 torum
662 3598 832 3668 Sergii
870 3606 925 3649 et
965 3593 1184 3668 Bacchi,
1227 3594 1315 3660 qui
1364 3594 1464 3646 sub
1513 3593 2042 3668 eodcm__itiaximino

454 3671 598 3739 passi
629 3665 788 3739 sunt?
830 3668 958 3722 item
991 3666 1045 3739 in
1071 3665 1218 3739 Artis
1245 3669 1414 3739 sancti
1431 3667 1689 3739 martyris
1719 3665 1843 3720 Vari
1872 3679 1925 3722 et
1954 3683 2042 3722 so-

454 3733 659 3795 ciorum
703 3737 819 3808 ejus
840 3780 855 3804 ,
907 3737 1055 3808 et_in
1085 3735 1232 3808 Actis
1258 3733 1525 3808 Theodori
1555 3733 1807 3791 Amaseni
1839 3754 2042 3808 cogno-

455 3822 640 3866 mento
668 3804 915 3880 Tironis.
971 3805 1083 3859 lmo
1122 3804 1216 3880 diu
1256 3815 1393 3880 ante
1418 3807 1556 3859 hanc
1599 3804 2042 3880 superstitionem

456 3874 766 3950 usurpatam
793 3894 934 3944 esse,
967 3876 1179 3950 reperio
1205 3874 1256 3927 in
1281 3877 1428 3950 Actis
1448 3874 1756 3950 sanctorum
1781 3879 2039 3945 Terentii,

457 3946 748 4020 Aplli'icaui
788 3960 841 4004 et
868 3948 1187 4020 sociorum,
1244 3946 1337 4020 ubi
1364 3946 1619 4020 scriptum
1647 3959 1764 4014 est,
1824 3951 2040 4004 Decium

458 4015 837 4090 imperatorem
865 4019 917 4072 in
948 4016 1224 4074 universas
1250 4015 1476 4090 Romani
1505 4018 1714 4090 imperii
1744 4022 2042 4086 provincias

457 4084 693 4150 edi-ctum
722 4091 952 4152 misisse,
1009 4099 1062 4140 ut
1094 4101 1282 4140 omnes
1315 4084 1606 4142 Christiani
1647 4089 1713 4142 ad
1747 4084 2040 4146 immolan-

455 4165 582 4219 dum
610 4171 666 4218 et
693 4158 1083 4218 comedendum
1123 4173 1208 4217 ea,
1256 4173 1376 4226 quae
1415 4157 1575 4212 ldolis
1619 4170 1802 4214 essent
1852 4162 2044 4218 immo-

457 4237 584 4298 lata,
635 4233 1092 4302 pertrahereutur.
1169 4230 1346 4302 Quare
1383 4230 1540 4302 quod
1589 4231 1664 4283 ait
1707 4231 2039 4298 Lactantius,

457 4301 799 4368 Maximinum
826 4303 927 4358 hoc
960 4304 1188 4371 primunt
1218 4301 1518 4367 invenisse,
1569 4310 1627 4354 ut
1649 4304 1894 4356 animalia
1929 4323 2044 4358 om-

459 4379 567 4439 nia,
597 4377 787 4446 quibus
817 4375 1152 4446 vescebatur,
1183 4386 1286 4423 non
1313 4374 1579 4446 acoquis,
1612 4374 1708 4446 sed
1734 4390 1762 4426 a
1791 4377 2044 4431 sacerdo-

461 4443 692 4510 tibus—ad
723 4462 843 4500 aras
890 4444 1314 4508 inmtolarentor,
1358 4443 1758 4513 intelligendum
1809 4461 1912 4500 non
1960 4457 2044 4502 est

461 4521 529 4572 de
557 4519 733 4573 edicto
763 4531 856 4570 seu
879 4513 1112 4584 generali
1141 4513 1278 4580 lege,
1300 4583 1306 4584 ί
1331 4516 1669 4584 ουῐηψῐῐιυιιίε
1715 4525 1839 4570 ante
1885 4521 2042 4574 annis

464 4590 516 4642 id
540 4583 900 4642 constitutum
914 4584 1100 4638 fuisset
1129 4599 1158 4634 a
1189 4583 1348 4636 Decio
1370 4595 1425 4637 et
1445 4583 1662 4639 Galerio
1685 4586 2041 4646 Maximiano:

460 4659 558 4712 scd
585 4657 652 4712 de
682 4659 888 4727 privato
918 4654 1269 4723 palatinorum
1293 4653 1533 4727 ciborum
1557 4669 1672 4727 usu.
1706 4656 1876 4712 Porro
1899 4661 2042 4716 hunc

463 4744 619 4782 usti.“
652 4725 705 4782 ii".
728 4729 973 4794 regiones
1017 4738 1234 4794 quoque
1277 4735 1428 4794 extra
1471 4725 1693 4779 limitem
1744 4727 2042 4786 Romanum

467 4801 669 4868 positas
719 4793 1046 4866 penetrasse,
1077 4793 1270 4847 docent
1318 4793 1452 4868 Acta
1490 4799 1658 4868 sancti
1698 4797 1854 4854 Sabze
1883 4801 2044 4857 Gothi

462 4867 553 4941 qui
597 4869 918 4941 martyrium
962 4867 1382 4941 consummavit_
1409 4867 1460 4919 in
1487 4867 1821 4941 Cappadocia
1877 4875 2044 4941 pridie

459 4933 582 4995 idus
625 4933 829 5009 aprilis,
879 4935 1118 5010 Modesto
1141 4933 1472 5010 etAriutheo
1506 4933 1820 5010 consulibus
1859 4933 1910 4995 ill
1937 4954 2038 5010 est,

460 5025 604 5065 anno
629 5011 827 5064 Christi
849 5010 974 5064 372.
1021 5009 1286 5071 Caeterum
1315 5008 1382 5062 ab
1433 5009 1732 5064 istiusmodi
1773 5013 1910 5068 cibis
1935 5008 2040 5069 imé

459 5082 759 5144 molatitiis,
787 5096 922 5150 quos
953 5079 1246 5148 idolothyta
1276 5081 1559 5144 vocabant,
1600 5097 1817 5151 semper
1843 5086 2041 5141 abhor-

458 5153 634 5207 ruisse
659 5152 974 5215 Ecelesiam,
1017 5151 1198 5206 notius
1246 5157 1352 5214 est,
1398 5165 1558 5217 quam
1605 5162 1663 5207 ut
1707 5169 1927 5212 necesse
1971 5159 2042 5214 sit

459 5235 706 5278 veterum
734 5222 1050 5276 testimoniis
1075 5221 1436 5288 comprobari.
1927 5273 1940 5282 _

534 5294 806 5362 Perfusum
833 5308 987 5344 mero.
1037 5290 1346 5366 Lactantius
1373 5291 1465 5366 lib.
1488 5308 1541 5346 Vt
1565 5292 1798 5366 lnstitut.
1829 5313 1947 5366 cap.
1977 5301 2038 5354 i:

460 5363 708 5424 Homines
734 5375 925 5427 autem,
970 5361 1196 5430 neglecta
1215 5363 1441 5432 justitia,
1491 5380 1606 5416 cum
1651 5365 1752 5418 sint
1805 5361 2036 5424 omnibus

455 5436 666 5506 ﬂagitiis
693 5451 752 5487 ac
778 5433 1048 5506 sceleribus
1064 5433 1344 5506 inquinati,
1389 5435 1652 5503 religiosos
1672 5453 1727 5490 se
1748 5449 1949 5505 putant,
1994 5445 2044 5496 si

455 5503 645 5576 templa
676 5521 738 5558 ac
783 5517 898 5557 aras
943 5503 1221 5576 hostiarum
1259 5506 1510 5576 sanguine
1553 5503 1943 5573 cruentaverint,
1993 5514 2038 5566 si

452 5574 596 5647 [ocos
622 5577 818 5632 odorati
845 5591 905 5628 ac
944 5574 1118 5649 veteris
1165 5574 1268 5626 vini
1308 5576 1606 5645 profusione
1650 5580 2032 5649 ntadefeceiint.

455 5645 593 5724 Quin
613 5651 963 5724 etiamsacras
991 5645 1147 5724 dapes
1169 5657 1442 5724 apparent,
1473 5656 1520 5699 et
1539 5645 1812 5724 exquisitas
1834 5653 2030 5724 epulas,

447 5711 596 5790 quasi
623 5720 817 5791 aliquid
847 5718 964 5772 inde
1009 5711 1248 5771 libaturis
1291 5711 1528 5782 alierum.
1597 5711 1664 5774 Et
1705 5735 1828 5792 cap.
1863 5711 2027 5796 seq”:

2147 3158 2277 3228 stola
2299 3160 2495 3228 scripta
2519 3159 2587 3212 ad
2610 3159 2854 3212 Carolum
2886 3160 2950 3224 V,
2983 3175 3160 3228 regem
3186 3159 3539 3224 Francorum,
3570 3171 3623 3212 et
3653 3160 3755 3214 Jo-

2145 3226 2378 3300 hannam
2409 3226 2534 3300 ejus
2578 3245 2822 3291 uxorem,
2857 3231 2998 3284 edita
3027 3226 3079 3283 in
3113 3241 3256 3285 tomo
3285 3241 3475 3296 quarto
3512 3232 3751 3300 Spicile-

2143 3297 2563 3373 giiDacheriani,
2595 3315 2713 3369 pag.
2742 3301 2880 3356 300:
2912 3301 2974 3353 Et
3002 3302 3232 3369 insuper,
3257 3310 3313 3353 ut
3343 3303 3414 3366 hi,
3435 3304 3522 3373 qui
3556 3297 3753 3373 hujus-

2143 3370 2283 3422 modi
2308 3386 2419 3435 ova,
2456 3369 2556 3435 lac,
2588 3373 2827 3441 butyrum
2853 3382 2900 3424 et
2947 3388 3170 3433 caseum,
3204 3389 3293 3424 seu
3343 3369 3540 3441 fercula
3572 3369 3639 3426 e15
3674 3375 3754 3427 eis

2145 3441 2421 3508 parabunt,
2444 3451 2491 3493 et
2521 3443 2672 3512 etiam
2699 3444 2796 3508 illi,
2827 3445 2914 3512 qui
2947 3443 3009 3495 de
3052 3445 3124 3495 eis
3169 3443 3307 3496 vobis
3347 3444 3580 3506 servient,
3611 3444 3755 3512 dun-

2145 3520 2288 3563 taxat
2315 3529 2406 3577 pro
2436 3511 2593 3579 proba
2613 3514 2868 3582 ludendo,
2901 3525 3106 3583 gustare
3134 3514 3196 3567 de
3225 3515 3351 3580 ipsis
3371 3515 3591 3576 valeant,
3621 3531 3752 3568 con-

2145 3582 2370 3654 cedimus
2401 3599 2490 3652 per
2510 3594 2797 3652 praesentes.
2824 3582 2977 3651 Quod
3025 3585 3142 3639 heic
3162 3584 3452 3654 Gregorius
3481 3586 3613 3639 dicit
3650 3603 3753 3654 pro

2146 3653 2305 3724 proba
2331 3653 2590 3720 facienda,
2615 3668 2712 3707 nos
2741 3656 2971 3709 dIClllIllS
3003 3656 3178 3717 hodie,
3213 3653 3344 3723 pour
3370 3656 3500 3724 [nire
3547 3653 3747 3709 l’essai.

2148 3722 2382 3777 Evodius
2431 3725 2738 3792 Upsalensis
2795 3727 2844 3779 in
2884 3727 3022 3780 libro
3073 3727 3312 3780 secundo
3344 3722 3413 3780 de
3469 3727 3747 3781 Miraculis

2146 3796 2314 3867 sancti
2332 3795 2608 3864 Stephani,
2631 3811 2748 3863 cap.
2775 3799 2838 3852 ὃς
2865 3796 3019 3850 J-ubet
3037 3797 3114 3850 illi
3132 3799 3489 3867 prtegustatori
3510 3799 3617 3850 vini
3638 3801 3748 3852 sui.

2219 3863 2545 3920 lntmiuutas.
2579 3867 2835 3922 Putabam
2876 3869 3026 3933 olim,
3074 3863 3215 3920 hdnc
3241 3863 3442 3922 'Iocum
3475 3883 3595 3923 esse
3623 3884 3754 3923 cor-

2146 3946 2386 4003 ruptum,
2415 3950 2469 3990 et
2515 3937 2853 4005 coujcceram
2901 3938 3307 3993 rescribendum
3360 3954 3479 3994 esse
3533 3939 3747 3994 invitas.

2147 4005 2339 4062 Postea
2371 4009 2468 4061 viri
2508 4009 2790 4062 clarissimi
2827 4008 3084 4077 Sparkius
3135 4019 3187 4062 ct
3231 4007 3524 4064 Columbus
3552 4012 3752 4064 admo-

2151 4088 2402 4149 nuerunt,
2434 4079 2775 4134 retinendam
2829 4096 2951 4134 essc
3002 4081 3311 4144 lectionem,
3349 4095 3468 4149 quia:
3513 4081 3752 4136 habetur

2147 4147 2201 4200 in
2226 4149 2413 4204 codice
2430 4151 2616 4214 veteri,
2645 4152 2767 4219 quia
2793 4167 2894 4204 vox
2921 4152 3217 4203 itnminutas
3239 4147 3534 4205 nihil—aliud
3563 4167 3749 4218 sonat,

2145 4233 2305 4293 quam
2347 4230 2715 4293 praegustatas,
2744 4236 2848 4293 seu
2892 4223 3256 4288 pra-ﬂoreus;
3286 4223 3428 4291 quod
3479 4226 3751 4293 exemplis

2145 4289 2348 4363 aliquot
2370 4289 2606 4363 ostendit
2649 4293 2776 4346 item
2809 4289 3120 4356 Columbus,
3178 4304 3233 4346 et
3281 4289 3382 4347 isto
3441 4289 3748 4359 prmser'tim

2146 4359 2407 4441 Lactantii
2432 4362 2569 4441 libro
2591 4363 2774 4441 primo
2794 4363 3051 4430 lnstitut.,
3081 4379 3202 4433 cap.
3233 4364 3298 4417 10
3341 4381 3354 4416 :
3408 4363 3602 4419 Omitto
3641 4368 3755 4420 vir-

2144 4434 2286 4500 gines
2311 4449 2437 4500 quas
2462 4434 2739 4490 imminuit.
2935 4492 2938 4495 λ

2220 4502 2419 4577 Cubilia
2441 4505 2648 4565 impune
2673 4506 2949 4559 violabant.
2977 4506 3241 4572 Bullinus,
3259 4506 3352 4560 lib.
3380 4521 3492 4571 vm,
3519 4509 3744 4577 cap.l7,

2151 4568 2383 4648 Deliciis,
2414 4577 2875 4648 luxualqueomni
2911 4568 3300 4630 dissolutionum
3325 4568 3506 4645 genere
3529 4568 3749 4648 ﬂuitans

2149 4645 2444 4721 turpissima
2487 4647 2592 4721 suis
2637 4647 2883 4721 militibus
2916 4647 3178 4721 prwbebat
3221 4651 3473 4721 exempla.
3511 4645 3752 4721 Denique

2148 4717 2395 4789 quidquid
2424 4719 2628 4780 lascive,
2671 4719 2923 4789 quidquid
2965 4719 3269 4786 petulanter,
3301 4720 3552 4788 quidquid
3586 4717 3752 4776 luam-

2147 4787 2281 4859 riose
2304 4798 2496 4857 gestum
2524 4807 2555 4842 a
2582 4787 2856 4843 rectoribus
2885 4791 2959 4843 vel
2987 4791 3224 4855 militum,
3255 4792 3332 4843 vel
3359 4787 3750 4859 pravinciaruns

2149 4858 2349 4931 fuis_set_,
2376 4860 2596 4913 inultum
2620 4860 2825 4914 cedebat
2848 4864 2908 4914 ob
2937 4862 3257 4930 imperatoris
3282 4858 3592 4931 exemplum.

2222 4929 2266 4981 A
2304 4928 2483 4984 Gothis
2509 4933 2664 5000 pulsi.
2700 4933 2830 4986 Cum
2867 4928 3224 4986 Diocletianus
3262 4928 3463 4986 Italiam
3501 4933 3754 5001 petiisset.

2151 4999 2447 5074 vicennalia
2493 4999 2885 5074 celebraturus,
2932 5001 3117 5068 Gothi,
3167 5003 3283 5058 sive
3335 4999 3514 5072 pepuli
3567 5009 3750 5074 ripam

2149 5068 2268 5124 lstri
2301 5073 2537 5128 [luminis
2582 5073 2900 5138 incolentes,
2933 5088 2997 5128 ea
3031 5068 3435 5130 occasione—usi
3457 5115 3472 5141 ,
3504 5068 3747 5145 aliquam

2150 5151 2356 5215 partem
2384 5145 2570 5215 vicintc
2595 5147 2882 5213 provincia:
2904 5145 3238 5208 invaserunt,
3262 5155 3316 5199 et
3342 5145 3618 5215 indigenas
3642 5163 3748 5202 ex-

2148 5213 2420 5285 pulerunt.
2471 5213 2534 5268 Hi
2583 5230 2709 5285 vero
2760 5217 2897 5285 pulsi
2942 5216 3159 5270 sedibus
3200 5218 3310 5271 suis
3355 5217 3422 5270 ad
3460 5213 3747 5273 Galerium

2147 5282 2523 5357 Maximianum
2582 5282 2847 5341 Cmsarem
2893 5285 3283 5357 confugerunt,
3339 5298 3393 5341 et
3447 5300 3632 5357 postea
3679 5305 3751 5344 se

2145 5350 2454 5428 M:t_xitnino,
2481 5372 2638 5426 quem
2667 5357 2915 5413 Galerius
2940 5350 3315 5426 adoptaverat,
3345 5350 3744 5428 adjunxeruut,

2140 5434 2193 5478 et
2222 5426 2270 5476 in
2301 5443 2579 5482 numerum
2605 5427 2897 5483 satcllitutn
2925 5443 2988 5484 ac
3019 5439 3384 5498 protectorum
3408 5426 3528 5499 ejus
3555 5426 3749 5488 allecti

2137 5506 2282 5550 sun"
2679 5569 2908 5626 CAPUT
2948 5569 3196 5628 XXXIX.

2211 5659 2293 5715 Ne
2317 5661 2380 5715 ab
2401 5661 2634 5734 Augusta
2659 5665 2884 5734 quidem.
2914 5664 3150 5729 Valeria,
3177 5663 3378 5719 Galerii
3407 5663 3588 5729 vidua,
3611 5679 3748 5735 quae

2137 5742 2258 5802 post
2293 5743 2522 5792 mortem
2551 5735 2729 5792 mariti
2759 5735 2811 5790 in
2844 5735 3020 5791 aulam
3051 5735 3326 5792 Maximini
3366 5744 3748 5802 concesserat,
