4058 6188
285 306 390 365 569

938 320 941 327 '
1006 302 1216 362 ΝΟΤᾹΞ
1257 304 1324 363 IN
1365 304 1491 361 LIB.
1536 304 1621 361 DE
1661 304 2007 365 MORTIBUS
2050 256 2434 365 PERSECUT.
2472 310 2628 367 CAP.
2671 312 2831 368 XLV.

3460 317 3567 373 s70
3584 274 3585 277 γ

284 441 423 491 nem,
454 440 568 514 pag.
604 424 734 508 Ml,
759 439 1010 481 nummus
1060 426 1332 514 M‘axentii,
1366 426 1419 480 in
1467 424 1861 514 cujus‘aversa
1887 433 1944 492 Α
1968 424 2240 514 Britannia
2268 430 2581 514 sene_mﬁ.qui
2605 444 2665 484 se
2682 430 3001 514 fatereturei
3027 447 3217 514 pugnas
3246 432 3561 514 interfuisse

282 507 424 563 parte
473 498 586 552 tuaac
632 496 827 567 scripta
869 510 994 551 sunt
1037 514 1050 551 :
1097 496 1358 552 VICTORIA
1386 512 1473 551 no.
1512 513 1602 551 an.
1630 500 1761 567 Atto.
1796 512 1862 550 ενι·

278 567 413 623 (λεδ.
448 584 566 623 vos.
607 584 658 621 v.
691 566 858 623 IULT.
907 585 957 622 ι.
979 568 1115 637 Quin
1138 583 1268 639 ergo
1289 568 1560 623 celebrata
1582 582 1612 621 a
1642 566 1862 621 Maxen-

282 640 349 693 tio
371 640 471 692 sint
511 639 928 707 quinquennalia
948 680 962 703 ,
997 650 1050 694 et
1080 638 1295 706 quidem
1334 647 1467 708 post
1483 648 1729 692 exactum
1760 653 1859 691 an-

277 726 395 763 num
439 709 724 778 quintum.
770 711 969 780 ambigi
1022 725 1127 763 non
1199 707 1398 777 p0test.
1447 707 1605 780 Illud
1653 718 1858 762 tantutn

275 796 467 847 qumro.
498 780 771 849 quomodo
800 779 1139 849 ﬁeri’possit,
1172 789 1231 835 ut
1256 795 1374 847 quae
1408 779 1702 849 secundum
1741 793 1859 832 mo-

276 866 381 906 rem
400 847 527 905 acta
547 862 671 905 sunt
690 851 779 906 die
794 847 961 920 prima
994 852 1119 904 anni
1148 851 1307 915 sexti,
1349 851 1630 904 terminata
1658 847 1859 905 fuerint

273 922 321 973 in
345 924 444 975 line
469 922 713 988 ejusdem
761 921 909 975 anni.
938 920 1062 977 Scio
1092 929 1212 976 vota
1251 921 1337 975 illa
1378 935 1571 987 magno
1598 930 1856 988 apparatu

272 993 531 1047 celebrata
556 992 753 1046 luisse:
784 994 919 1046 testa
949 992 1064 1047 hazc
1088 1007 1186 1060 per
1214 993 1413 1045 multos
1441 991 1558 1045 dies
1596 990 1851 1057 durasse;

270 1074 318 1117 et
337 1078 435 1116 non
466 1063 646 1133 solum
675 1063 726 1116 in
740 1063 880 1133 urbe
905 1063 1047 1133 regia
1074 1071 1351 1133 usurpata,
1361 1062 1454 1115 sed
1471 1063 1631 1116 etiam
1649 1062 1853 1133 inpro-

270 1133 461 1188 vinciis.
488 1132 688 1187 Verum
733 1132 827 1187 illa
868 1131 987 1187 non
1005 1134 1222 1187 solvunt
1246 1131 1632 1188 difﬁcultatem.
1665 1131 1777 1185 Nisi
1803 1131 1851 1187 si

266 1203 496 1259 dicamus
549 1204 822 1257 hominem
885 1204 1245 1269 voluptarium
1286 1214 1339 1255 et
1383 1202 1607 1257 desidia:
1653 1213 1852 1256 amato-

265 1290 390 1339 rem,
415 1273 722 1343 cujnsmodi
748 1274 915 1328 luisse
935 1274 1257 1329 describitur
1278 1274 1597 1338 Maxentius,
1617 1273 1850 1329 voluisse

267 1361 394 1401 novo
414 1360 573 1400 more
598 1345 1015 1415 quinquennalia
1036 1360 1131 1399 sua
1157 1344 1531 1399 commendata
1562 1347 1760 1409 lacere,
1786 1359 1850 1399 ac

265 1426 539 1487 propterea
572 1430 669 1487 per
696 1431 895 1487 annum
922 1416 1269 1487 integrumea
1298 1416 1640 1470 continuasse
1666 1432 1678 1468 :
1705 1416 1847 1485 quod

262 1485 435 1557 parum
466 1486 749 1555 probabile
776 1485 1005 1557 videtur.
1036 1486 1131 1542 Vel
1188 1486 1450 1551 fortassis,
1481 1487 1615 1541 sicut
1645 1488 1847 1554 primus

259 1556 370 1613 anni
392 1559 538 1623 dies,
579 1572 686 1624 quo
713 1556 1129 1625 quinquennalia
1152 1557 1581 1617 celebrabantur.
1612 1557 1752 1611 ludis
1782 1573 1847 1614 ac

257 1629 530 1684 sacriﬁciis
557 1627 967 1696 transigebatur,
1010 1629 1089 1682 sic
1117 1629 1308 1683 eadem
1345 1627 1608 1682 solemnia
1637 1637 1871 1697 repetes

254 1700 433 1755 bantur
463 1702 525 1753 in
559 1699 749 1752 ultimo
774 1699 862 1751 die
892 1698 1130 1767 ejusdem
1161 1701 1307 1761 anui,
1349 1708 1408 1753 ut
1436 1699 1516 1752 sic
1544 1700 1844 1768 quinquen-

252 1772 377 1826 nalia
423 1786 493 1826 eo
551 1769 711 1823 modo
762 1772 1177 1825 terminarentur
1227 1787 1332 1839 quo
1371 1779 1677 1839 coeperant,
1726 1774 1839 1839 pari

249 1842 351 1897 fere
375 1842 565 1905 modo,
590 1855 697 1908 quo
722 1840 1094 1910 processiones
1121 1843 1399 1896 consulum
1428 1851 1633 1911 septem
1674 1854 1834 1911 erant

248 1928 334 1979 per
354 1928 585 1975 annum,
616 1918 673 1964 ut
694 1920 838 1979 patet
856 1926 921 1965 ex
949 1912 1154 1965 novella
1182 1912 1282 1968 l05
1303 1910 1638 1978 imperatoris
1659 1910 1830 1966 Justi-

247 1984 391 2038 niani.
410 1984 560 2052 Quid
578 1983 624 2037 si
646 1982 1245 2051 uatalesimperatorum
1268 1983 1569 2045 lesti'eraut,
1592 1998 1710 2037 cum
1737 1999 1831 2051 per

246 2067 677 2123 unumquemque
725 2067 966 2107 mensem
1013 2054 1406 2108 recurrebant?
1438 2053 1567 2107 Nam
1597 2055 1647 2107 in
1681 2057 1829 2109 Actis

245 2127 397 2179 sancti
428 2124 672 2180 Marcelli
694 2123 1056 2191 centurionis,
1084 2127 1173 2194 qui
1208 2139 1395 2194 passus
1422 2123 1581 2178 estin
1606 2126 1827 2180 civitate

242 2195 513 2265 Tingitana
559 2196 660 2250 sub
705 2193 929 2262 imperio
959 2193 1308 2265 Diocletiani,
1344 2197 1556 2264 reperio
1585 2194 1727 2248 diem
1759 2197 1827 2251 12

241 2264 583 2322 kalendarum
610 2267 832 2333 Augusti
874 2265 1039 2320 fuisse
1071 2264 1263 2321 fesmm
1303 2268 1353 2320 in
1381 2266 1608 2336 imperio
1629 2266 1825 2320 Roma-

239 2353 303 2392 no
324 2355 337 2391 :
361 2338 482 2392 lam
535 2338 622 2391 die
661 2336 961 2389 duodecimo
996 2336 1327 2392 kalendarum
1356 2346 1712 2408 augustarum,
1744 2339 1825 2390 itt-

240 2410 360 2479 quit,
390 2410 539 2479 apud
565 2408 715 2479 signa
742 2407 954 2478 legionis
1003 2409 1168 2473 istius,
1223 2410 1427 2477 quando
1476 2408 1608 2461 diem
1636 2411 1821 2477 festum

237 2481 556 2548 imperatoris
611 2480 763 2532 vestri
810 2479 1117 2541 celebrastis,
1168 2481 1370 2550 publica
1414 2495 1530 2532 voce
1557 2480 1817 2547 respondi,

238 2567 309 2604 ine
327 2551 683 2606 Christianum
726 2566 851 2605 esse.
886 2550 1250 2607 Diocletianus
1296 2554 1494 2619 quippe
1539 2551 1710 2605 factus
1738 2560 1822 2605 est

234 2619 523 2689 imperator
552 2622 625 2677 1‘2
654 2620 761 2675 kal.
787 2622 1113 2677 Decembris.
1136 2624 1226 2679 Sic
1254 2623 1470 2689 quidam
1500 2621 1627 2675 olitn
1656 2621 1819 2677 natali

234 2689 436 2760 Epicuri
480 2693 745 2747 vicesima
788 2691 912 2745 luna
942 2694 1337 2759 sacrificabant,
1366 2691 1634 2758 feriasque
1669 2693 1817 2748 oumi

231 2776 404 2818 mense
430 2762 843 2825 custodiebant,
863 2778 996 2830 quas
1016 2763 1202 2820 Icadas
1220 2764 1508 2828 vocabant,
1533 2772 1589 2816 ut
1613 2761 1818 2819 Plinius

231 2833 329 2892 ait.
358 2834 505 2889 libro
537 2849 681 2888 xxxv
705 2833 951 2889 Historiae
973 2847 1174 2899 natur.,
1199 2851 1316 2902 cap.
1350 2835 1406 2888 2.

292 2902 504 2960 Calene
533 2902 1084 2976 signumemortale
1135 2909 1363 2976 signum,
1407 2913 1466 2959 ut
1510 2904 1634 2959 alibi
1685 2905 1817 2960 dicit

229 2971 559 3062 lactantias,
582 2971 645 3029 id
671 2978 1015 3062 est,.si‘gnum
1061 2971 1255 3062 crucis.
1303 2976 1409 3062 iste
1448 2991 1614 3053 porro
1662 2976 1813 3062 locus

227 3048 495 3117 estmagni
528 3046 814 3100 momenti.
849 3046 1193 3113 Signatenim
1220 3057 1273 3102 et
1304 3048 1500 3113 locum,
1548 3058 1595 3101 et
1644 3047 1809 3113 diem,

230 3129 326 3184 quo
349 3132 508 3182 crux,
561 3117 619 3171 in
660 3130 766 3184 qua
793 3132 1052 3181 vmceret,
1082 3130 1296 3173 extensa
1324 3127 1408 3171 est
1432 3118 1808 3173 Constantino.

1868 1811 1917 1869 B

1965 512 2065 565 qua
2095 494 2363 553 Caesarem
2393 494 2707 555 inferentem
2735 516 2882 556 arma
2913 494 3222 567 Britannias,
3253 519 3439 558 arcere
3470 503 3559 556 lit-

1963 567 2166 622 toribus
2183 578 2238 642 et
2262 570 2459 637 pellere
2481 573 2715 641 aggressi
2743 582 2868 625 sunt
2898 592 2910 625 :
2936 572 3079 641 quod
3107 575 3400 642 contigerat
3429 584 3557 627 ante

1961 651 2142 714 annos
2177 638 2289 694 fere
2333 638 2585 714 centum:
2607 642 2814 710 viginti.
2847 644 2912 697 Et
2949 638 3166 699 Sanctus
3199 638 3558 714 Hieronymus

1961 708 2012 759 in
2039 708 2250 783 dialogo
2278 710 2538 765 adversus
2567 708 2954 779 Luciferianos,
2982 729 3139 782 quem
3167 708 3428 769 Baronius
3458 731 3556 783 pu-

1962 786 2036 855 tat
2060 781 2318 855 scriptum
2342 785 2484 835 circa
2516 797 2714 855 annum
2743 784 2940 855 Christi
2963 781 3089 851 582,
3118 786 3194 839 ait
3216 792 3326 855 tum
3364 781 3554 855 super-

1958 845 2127 904 fuisse
2170 845 2568 922 bomines,qui
2619 853 2828 924 synodo
2882 845 3113 909 Nica-nie
3166 845 3548 919 interfuerant,

1957 934 2111 974 raros
2138 931 2319 994 tamen
2358 935 2575 991 propter
2601 925 2999 994 antiquitatem.
3024 925 3232 994 Itaque,
3256 933 3315 980 ut
3339 927 3404 979 ad
3432 940 3547 979 rem

1934 1000 2200 1063 nostram
2230 993 2515 1063 redeamus
2534 1037 2548 1058 ,
2581 995 2649 1048 ita
2676 993 3221 1051 constituendum’est
3241 1037 3255 1062 ,
3285 996 3549 1050 visionem

1955 1058 2305 1141 illautcruci‘s
2333 1061 2686 1141 Constantino
2723 1076 2955 1141 ostensa:
2978 1058 3277 1141 contigisse
3323 1067 3377 1141 in
3426 1081 3548 1119 cas-

1956 1131 2052 1202 tris
2088 1131 2212 1185 dum
2254 1134 2477 1189 Romam
2524 1136 2820 1202 obsideret,
2854 1138 2884 1191 7
2907 1137 3015 1191 kal.
3049 1131 3366 1191 Novembris
3404 1151 3549 1190 anno

1951 1201 2153 1257 Christi
2184 1205 2307 1260 512.
2339 1204 2529 1260 Audax
2561 1208 2703 1261 enim
2749 1201 2876 1263 vero
2909 1210 3131 1262 nimium
3176 1206 3276 1261 luit
3312 1207 3546 1262 Jacobus

1952 1271 2215 1345 Oiselius,
2247 1277 2337 1345 qui
2366 1277 2419 1330 iu
2453 1277 2733 1332 Thesauro
2788 1279 3169 1333 nutnistnatutn
3201 1279 3542 1344 antiquorum

1952 1358 2071 1414 pag.
2105 1344 2235 1419 465_.
2261 1344 2353 1411 ait,
2386 1363 2510 1402 eum
2535 1350 2624 1418 qui
2657 1357 2826 1403 totum
2858 1350 2959 1403 hoc
2986 1349 3258 1419 negotium
3288 1349 3357 1405 de
3382 1363 3544 1402 cruce

1950 1424 2165 1488 ostensa
2188 1416 2637 1474 Constantino’ad
2666 1420 2782 1488 pias
2803 1429 3045 1476 veterum
3060 1416 3293 1474 'lraudes
3339 1420 3539 1473 retule-

1949 1484 2040 1557 rit,
2087 1503 2277 1557 parum
2316 1505 2345 1542 a
2406 1491 2483 1543 rei
2517 1484 2742 1545 veritate
2785 1493 3181 1545 aberraturum.
3211 1489 3350 1557 Quid
3387 1491 3547 1543 enim.

1947 1555 2201 1629 deinceps
2223 1575 2410 1614 verum
2438 1562 2766 1626 censebitur,
2820 1562 2863 1615 si
2900 1561 3179 1615 historiam
3228 1555 3387 1626 lianc,
3417 1575 3539 1629 quae

1947 1625 2234 1695 Lactantii,
2262 1630 2433 1685 Publii
2458 1633 2730 1699 Optatiani
2754 1625 3061 1701 Porphyrii,
3088 1632 3328 1695 Eusebii,
3359 1625 3543 1684 ac’ve-

1948 1707 2119 1752 terum
2144 1702 2306 1755 etiam
2362 1704 2743 1756 nuiuismatum
2792 1700 3100 1757 testimonio
3138 1702 3347 1765 nititur,
3399 1700 3541 1756 inter

1947 1767 2153 1824 fabulas
2178 1782 2232 1825 et
2272 1770 2404 1839 pias,
2437 1782 2494 1825 ut
2524 1772 2616 1827 ille
2659 1774 2754 1835 ait,
2800 1783 3040 1827 veterum
3074 1772 3288 1827 fraudes
3330 1786 3540 1825 connu-

1937 1854 2156 1919 merare
2180 1841 2494 1919 fas‘luerit?
2521 1843 2976 1919 Religiosiusista
3007 1842 3281 1919 tractanda
3312 1852 3458 1906 sunt,
3485 1850 3540 1895 et

1934 1912 2234 1984 irreligiosa
2258 1913 2346 1968 illa
2377 1912 2663 1969 temeritas
2684 1914 2869 1984 procul
2906 1914 3098 1970 abesse
3153 1914 3317 1968 debet
3343 1930 3371 1965 a
3404 1928 3535 1981 pec-
3574 1962 3577 1965 λ

1932 1981 2141 2036 toribus
2168 1985 2601 2039 christianorum.

2003 2051 2206 2125 Circum
2232 2056 2390 2124 ﬂexo,
2418 2056 2696 2112 Christum.
2715 2056 2841 2111 Haec
2867 2056 2936 2110 ita
2954 2054 3299 2125 intelligenda
3312 2063 3458 2117 sunt,
3481 2064 3541 2107 ut

1928 2119 2130 2193 Christi
2162 2119 2566 2190 monogramma
2620 2128 3022 2183 circumﬂexum
3054 2119 3215 2182 fue'rit
3243 2127 3295 2180 iu
3346 2127 3524 2193 capite

1927 2192 2145 2260 Labari,
2181 2197 2503 2253 utvidemus
2534 2200 2586 2253 in
2621 2200 2855 2253 nummis
2886 2197 3182 2254 veteribus.

1999 2264 2180 2339 Libros
2202 2268 2487 2339 Sibyllinos
2507 2270 2709 2338 inspici.
2734 2269 2985 2324 Zozimus
3009 2271 3098 2325 lib.
3128 2287 3162 2324 n
3190 2286 3203 2321 :
3231 2266 3529 2322 Maxentius

1925 2334 2152 2391 inclusus
2179 2334 2524 2393 diis'lwstias
2580 2334 2831 2405 immolat,
2865 2351 2913 2396 et
2968 2343 3239 2407 extispices
3287 2339 3352 2390 de
3404 2339 3530 2390 belli

1924 2417 2101 2481 euentu
2129 2411 2370 2481 consulit,
2402 2412 2527 2476 ipsis
2555 2428 2755 2481 quoque
2786 2412 3057 2481 Sibyllinis
3083 2410 3311 2465 araculis
3327 2424 3529 2475 perves—

1922 2477 2116 2550 tigatis.
2152 2479 2379 2547 Cumque
2406 2477 2967 2547 reperisset'oraculitm
3010 2500 3109 2550 quo
3145 2481 3528 2550 signiﬁcaretur

1920 2546 1975 2600 iii
2000 2550 2124 2619 fatis
2177 2546 2307 2615 esse,
2361 2562 2416 2603 ut
2444 2546 2531 2620 qui
2578 2554 2646 2604 ad
2701 2546 3054 2606 detrimentum
3094 2546 3527 2622 papuli'Romaui

1920 2622 2200 2692 spectantia
2221 2622 2530 2692 designaret,
2552 2623 2829 2677 miserabili
2856 2632 3013 2675 morte
3034 2624 3238 2689 periret,
3260 2623 3324 2673 de
3341 2631 3522 2692 semet-

1919 2689 2033 2758 ipso
2056 2691 2113 2745 id
2142 2689 2405 2746 oraculum
2429 2694 2744 2762 accipiebat,
2779 2695 2925 2762 quasi
2950 2695 3037 2761 qui
3066 2694 3284 2747 Romam
3315 2690 3522 2743 adortos

1918 2777 2130 2833 eamque
2158 2778 2342 2830 capere
2390 2766 2672 2832 cogitantes
2719 2766 3064 2834 propulsaret.
3100 2763 3327 2816 Eventus
3353 2770 3522 2813 autem

1916 2834 2262 2902 comprobavit
2288 2835 2363 2896 id,
2402 2842 2541 2902 quod
2571 2852 2746 2888 verum
2790 2846 2917 2889 erat.
2979 2835 3107 2889 Haec
3132 2848 3265 2887 vero
3295 2846 3519 2901 prorsus

1916 2916 2219 2974 congruunt
2248 2920 2370 2960 cum
2393 2907 2701 2982 narratione
2727 2906 3016 2961 Lactantii.

2508 2999 2737 3058 CAPUT
2776 3000 2940 3055 XLV.

1990 3110 2187 3186 Hyeme
2222 3117 2480 3183 proxima.
2512 3116 2568 3171 ld
2601 3125 2703 3183 est,
2734 3116 2929 3186 hyeme
2985 3130 3104 3182 qtae
3144 3123 3374 3186 mortem
3405 3112 3515 3167 Ma-

227 3183 351 3261 N_am
372 3202 495 3261 cuin
526 3202 601 3242 ex
642 3183 949 3261 testimonio
974 3191 1211 3253 Eusebii,
1238 3191 1327 3259 qui
1356 3204 1426 3261 se
1447 3190 1718 3258 accepisse
1739 3191 1813 3245 ait
1841 3198 1887 3261 ο
1916 3185 2634 3261 xentii_s_tatim_subsecuta_
2669 3183 2969 3261 estIAtqui
3000 3185 3329 3261 _Maxen_tius
3356 3186 3514 3261 periit

227 3256 290 3309 ab
309 3272 400 3312 ore
420 3256 796 3325 Constantini,
841 3272 1054 3316 constet
1083 3256 1267 3316 visum
1303 3259 1369 3313 ad
1408 3275 1473 3313 eo
1494 3256 1670 3313 crucis
1699 3270 1812 3314 tro-

227 3340 388 3393 paeum
410 3330 464 3383 in
494 3330 646 3384 caelo
678 3329 825 3385 boris
852 3332 1179 3393 meridianis,
1205 3331 1388 3385 solein
1407 3345 1658 3384 occasum
1688 3346 1810 3383 ver-

224 3407 395 3470 gente,
443 3410 500 3454 et
559 3400 899 3456 addubitanti
952 3402 1204 3470 quidnam
1253 3401 1356 3455 hoc
1400 3409 1670 3469 spectrum
1710 3402 1810 3456 sibi

225 3468 395 3534 vellet,
430 3478 601 3525 nocte
627 3474 870 3540 sequenti
913 3468 1183 3527 Christum
1214 3473 1307 3526 Dei
1332 3468 1618 3525 dormienti
1642 3486 1809 3540 appa-

223 3540 388 3594 ruisse
412 3556 542 3595 cum
572 3540 731 3610 signo
760 3543 871 3605 illo,
900 3544 1041 3612 quod
1068 3545 1117 3596 in
1146 3544 1286 3599 coelo
1313 3553 1590 3612 ostensum
1612 3541 1807 3606 fuerat,

222 3613 655 3683 pracepisseque
676 3620 737 3683 ut
762 3611 977 3667 militari
1002 3614 1157 3683 signo
1172 3615 1236 3668 ad
1262 3611 1667 3668 similitudinem
1692 3613 1809 3680 ejus

224 3681 351 3749 quod
384 3684 439 3736 in
466 3682 620 3738 caelo
636 3682 879 3748 vidisset,
901 3681 1176 3749 fabricato,
1201 3699 1268 3739 eo
1290 3694 1559 3751 tamquam
1587 3682 1807 3738 salutari

224 3752 466 3824 praesidio
513 3755 571 3807 in
625 3754 824 3821 prteliis
853 3764 1108 3817 uteretur,
1153 3764 1359 3809 certum
1390 3764 1493 3818 est,
1527 3764 1809 3824 utramque

223 3822 482 3878 visionem
527 3837 645 3878 uno
692 3826 743 3878 in
788 3824 905 3879 loco
930 3834 985 3879 et
1038 3826 1174 3879 intra
1203 3827 1431 3894 spatium
1467 3824 1673 3893 aliquot
1720 3822 1809 3878 ho-

221 3904 387 3964 rarum
418 3895 745 3964 contigisse.
769 3895 921 3964 Quod
942 3897 987 3951 si
1009 3896 1079 3951 ita
1097 3904 1201 3962 est,
1226 3893 1283 3950 ut
1303 3907 1449 3951 certe
1474 3905 1583 3955 est,
1612 3893 1811 3952 habent

221 3961 309 4017 viri
337 3964 484 4019 docti
518 3961 667 4020 unde
690 3961 850 4022 linem
874 3968 1084 4022 tandem
1111 3961 1385 4034 imponant
1407 3966 1568 4020 nobili
1591 3977 1808 4019 contro-

220 4036 400 4089 versia:
426 4037 500 4092 de
531 4036 678 4093 loco.
705 4038 790 4091 ubi
817 4039 1025 4107 signum
1053 4039 1227 4092 crucis
1254 4048 1530 4092 ostensum
1555 4047 1638 4091 est
1662 4038 1804 4091 Cou-

220 4107 471 4170 stantino,
494 4118 556 4161 et
584 4108 728 4161 unde
759 4109 892 4163 lides
921 4109 1226 4163 adstruatur
1250 4110 1451 4163 auctori
1482 4110 1601 4161 vita:
1633 4109 1805 4164 sancti

219 4173 435 4248 Artemii
458 4192 532 4232 ex
565 4177 704 4232 duce
722 4177 959 4248 Egypti,
990 4182 1141 4248 eujns
1167 4180 1536 4233 auctoritatem
1581 4179 1659 4232 vir
1681 4194 1805 4232 ern-

219 4245 514 4301 ditissimus
542 4248 740 4303 Petrus
762 4245 1073 4303 Franciscus
1095 4249 1395 4304 Chillletius
1415 4248 1730 4303 circuitione
1753 4262 1806 4303 et

218 4315 451 4387 anfractu
476 4319 754 4387 infregere
782 4330 836 4374 et
864 4325 1074 4375 elevare
1116 4332 1341 4374 conatus
1392 4331 1496 4375 est.
1528 4320 1650 4374 H:ec
1681 4329 1807 4375 sunt

216 4386 372 4440 verba
398 4386 647 4444 Artemii"
662 4392 974 4444 memoriam
996 4393 1330 4445 Censtantini
1355 4390 1693 4445 defendentis
1715 4408 1806 4444 ('0-

217 4471 322 4511 ram
340 4458 563 4513 Juliano
598 4462 952 4529 imperatore:
983 4461 1062 4514 Ad
1087 4460 1345 4516 Christum
1374 4471 1540 4514 autem
1572 4462 1799 4515 declina-

216 4529 281 4629 :n't
306 4534 368 4582 ab
395 4530 494 4629 illo
522 4542 755 4629 vocaSis,
784 4533 987 4613 quando
1000 4532 1373 4629 gif/icillimum
1398 4533 1654 4629 commisit
1672 4547 1805 4599 prte-
1827 4570 1881 4629 Β

216 4597 334 4651 liam
350 4602 612 4673 aduersus
632 4597 966 4655 Maxentium.
1000 4597 1139 4656 Tunc
1164 4605 1297 4656 enim
1322 4605 1367 4656 ei
1396 4605 1448 4655 in
1474 4597 1682 4673 meridie
1710 4621 1804 4673 ap-

217 4672 379 4733 paruit
401 4672 615 4742 signum
654 4674 817 4726 crucis
844 4675 1005 4727 radiis
1033 4674 1156 4727 solis
1182 4674 1522 4736 splendidius,
1552 4682 1597 4725 et
1626 4672 1805 4729 litteris

216 4741 376 4814 aureis
401 4741 529 4796 belli
551 4744 849 4814 signiﬁcans
881 4747 1160 4798 victoriam.
1190 4743 1335 4798 Nam
1358 4762 1448 4797 nos
1487 4759 1682 4813 quoque
1705 4746 1805 4813 ipsi

216 4811 410 4882 signum
440 4811 797 4882 adspeximus.
830 4831 944 4867 cum
967 4816 1096 4868 bello
1122 4811 1505 4877 interessemus,
1529 4821 1575 4867 et
1598 4811 1806 4870 litteras

217 4880 443 4956 legimus.
471 4880 605 4939 Cum
618 4887 769 4938 etiam
787 4896 919 4939 totus
935 4903 1131 4956 quoque
1143 4888 1197 4939 id
1211 4898 1281 4940 est
1292 4886 1663 4948 contemplatus
1674 4904 1808 4941 exer-

216 4952 361 5027 citus,
386 4965 434 5008 et
455 4956 609 5008 multi
630 4958 783 5027 ltujus
810 4958 883 5009 rei
908 4952 1058 5009 testes
1074 4969 1189 5010 sunt
1215 4960 1264 5010 in
1283 4968 1367 5011 tuo
1384 4957 1621 5010 exercitu.
1654 4958 1806 5027 Apud

215 5021 425 5079 Surium
454 5027 550 5080 die
573 5027 646 5079 20
671 5021 869 5082 mensis
896 5028 1164 5081 Octobris.
1198 5028 1389 5082 Mirum
1407 5042 1538 5081 vero
1566 5021 1807 5084 fortassis

216 5095 421 5165 cuidam
453 5098 730 5151 videbitur
757 5099 896 5165 quod
921 5098 1040 5152 hcic
1068 5099 1142 5151 ait
1170 5098 1462 5163 Artemius,
1492 5099 1686 5152 inultos
1713 5100 1809 5153 hu-

212 5162 609 5237 jusgreitestes
631 5178 741 5221 tum
777 5162 949 5222 luisse
1006 5172 1055 5220 in
1087 5171 1325 5225 exercitu
1351 5169 1543 5222 Juliani
1573 5171 1807 5237 impera-

214 5235 363 5311 toris.
388 5234 530 5290 Nam
549 5238 595 5291 si
619 5240 718 5311 ista
732 5238 1048 5311 dicebautur
1064 5255 1204 5295 anno
1216 5241 1412 5295 Christi
1431 5239 1538 5295 542
1554 5234 1803 5306 exeunte,

214 5303 545 5380 efﬂuxerant
569 5310 695 5380 anni
748 5303 1127 5380 quinquaginta
1170 5328 1199 5363 a
1250 5321 1423 5364 morte
1453 5311 1722 5374 Maxentii,
1754 5303 1809 5367 et

216 5374 427 5449 difﬁcile
457 5387 549 5432 est
572 5374 1337 5448 multosmili'tes'superl'uisse
1362 5396 1431 5435 ex
1453 5394 1519 5434 eo
1544 5384 1804 5449 exercitu,

216 5447 302 5505 qui
331 5458 442 5501 tum
465 5448 728 5503 adversus
754 5465 875 5519 eum
907 5447 1227 5519 pugnarunt.
1260 5449 1458 5505 Verum
1506 5452 1559 5506 id
1611 5447 1804 5506 mirum

214 5520 747 5591 nequaquamvideri
777 5516 1119 5586 delie’tham
1169 5523 1219 5577 in
1260 5520 1473 5591 dialogo
1524 5521 1592 5577 de
1645 5525 1808 5580 claris

215 5583 560 5650 Oratoribus,
603 5590 755 5662 cujus
793 5583 1066 5645 auctorem
1096 5607 1217 5647 esse
1241 5583 1621 5658 Quintilianum
1647 5596 1807 5662 pleri-

216 5669 317 5731 que
337 5666 594 5722 censent,
612 5661 980 5721 aliiTacitum,
1011 5663 1226 5731 quidam
1245 5664 1579 5722 Suetonium.
1614 5664 1666 5717 iu
1691 5665 1807 5719 dia-

215 5724 357 5804 logo,
389 5731 637 5804 inquam,
666 5732 779 5804 illo,
809 5733 898 5801 qui
921 5724 1153 5801 scriptus
1178 5743 1262 5789 est
1288 5749 1431 5789 anno
1458 5742 1611 5788 sexto
1653 5735 1804 5804 prin-

219 5797 424 5865 cipatus
472 5797 1088 5870 Vespasiatii,'testatur
1136 5804 1322 5861 auctor
1393 5805 1591 5862 vidisse
1650 5797 1711 5861 Se
1751 5805 1809 5867 in.

1915 3255 2213 3327 δυτψ-512,
2243 3255 2275 3311 6
2301 3256 2559 3313 kalendas
2593 3254 2933 3313 Novembris.
2997 3256 3162 3327 Igitur
3199 3254 3511 3310 Constanti-

1915 3338 2017 3400 nu_s
2038 3325 2400 3400 Mediolanum
2433 3328 2711 3400 profectus
2741 3340 2822 3384 est
2851 3344 2919 3382 eo
2947 3325 3090 3382 anno
3131 3336 3397 3400 exeunte.
3418 3337 3512 3379 aut

1912 3394 2015 3469 sub
2052 3395 2259 3469 initium
2311 3394 2589 3467 sequentis
2620 3416 2635 3455 :
2663 3402 2807 3469 quod
2849 3400 3018 3464 magis
3060 3395 3511 3469 credo._Quippe

1911 3462 2171 3540 Nazarius
2202 3468 2254 3520 in
2286 3462 2610 3540 panegyrieo
2658 3462 2819 3540 quem
2858 3462 3213 3540 Constantino
3237 3462 3509 3540 dixit,'sic

1911 3534 1980 3589 de
2003 3551 2173 3602 mora,
2203 3534 2364 3607 quam
2397 3534 2489 3595 ille
2522 3534 2708 3595 Romae
2739 3540 2920 3604 traxit,
2969 3538 3226 3607 loquitur,
3260 3545 3318 3607 ut
3350 3537 3511 3607 plane

1910 3616 2142 3680 constet,
2174 3605 2297 3663 eum
2324 3610 2435 3664 illic
2466 3612 2630 3665 fuisse
2663 3626 2759 3680 per
2809 3611 2943 3663 duos
2968 3605 3206 3680 menses.
3226 3605 3507 3680 ΔΩᾳριίιμιὲιι

1910 3678 2055 3749 mali,
2083 3677 2278 3749 inquit,
2308 3682 2548 3734 sexennio
2574 3676 2678 3734 tota
2709 3680 2988 3734 dominatio
3018 3678 3196 3749 feralis
3218 3676 3502 3746 inﬂixerat,

1911 3747 2288 3819 bimestrisfere
2313 3768 2437 3804 cura
2463 3753 2676 3805 sanavit.
2710 3750 2997 3805 Probabile
3018 3747 3205 3803 autem
3246 3762 3361 3819 Anon
3389 3759 3503 3819 est,

1908 3835 2031 3873 eum
2062 3822 2151 3888 qui
2183 3817 2263 3877 Sic
2313 3824 2593 3892 proximus
2621 3831 2736 3876 erat
2763 3821 3008 3875 kalendis
3036 3817 3331 3892 Januariis,
3387 3817 3498 3872 Ro-

1910 3906 2051 3943 mam
2084 3890 2368 3964 reliquisse
2406 3894 2512 3946 illis
2549 3893 3015 3964 impendentibus,
3055 3900 3116 3946 ut
3152 3890 3277 3945 alibi
3327 3892 3504 3964 potius

1906 3976 2068 4029 quam
2101 3960 2308 4029 Romae,
2341 3960 2661 4032 procederet
2684 3963 2898 4020 consul.
2920 3963 3187 4017 Praeterea
3243 3968 3393 4015 extat
3450 3962 3501 4015 in

1906 4033 2095 4104 codice
2120 4033 2411 4089 Justiniaui
2440 4037 2571 4104 imp.
2604 4037 2697 4091 lib.
2724 4052 2803 4101 χι,
2837 4036 2920 4088 tit.
2950 4035 3041 4093 57.
3065 4035 3153 4088 lex
3177 4048 3208 4087 a
3232 4032 3502 4104 Constan-

1906 4102 2020 4156 tino
2041 4103 2164 4159 data
2195 4106 2384 4160 Romae
2430 4102 2763 4163 lb’haleud.
2813 4106 2971 4161 Febr.
3030 4107 3149 4173 ipso
3197 4114 3255 4157 et
3292 4102 3501 4157 Licinio

1906 4176 2122 4229 tertium
2176 4178 2511 4243 consulibus,
2565 4179 2614 4230 id
2666 4186 2771 4241 est,
2825 4193 3013 4232 mense
3060 4174 3351 4238 Januario,
3407 4176 3502 4241 qui

1906 4247 2182 4312 proximus
2235 4247 2331 4302 fuit
2382 4258 2503 4314 post
2541 4250 2838 4310 extinctum
2896 4246 3243 4307 Maxentium,
3294 4260 3359 4298 ex
3391 4259 3497 4313 qua

1902 4317 2081 4384 colligi
2113 4331 2272 4386 posse
2304 4319 2532 4383 videtur,
2562 4319 2976 4373 Constantinum
3002 4317 3166 4370 Roma
3194 4316 3494 4386 digressum

1906 4400 2012 4439 non
2041 4401 2163 4441 esse
2189 4397 2312 4443 ante
2336 4389 2503 4448 diem,
2535 4403 2639 4457 qua
2661 4390 2747 4441 lex
2778 4387 2868 4440 illa
2908 4388 3030 4441 data
3077 4385 3290 4457 dicitur.
3342 4385 3496 4451 Quod

1903 4457 1946 4528 si
1988 4458 2057 4528 ita
2086 4469 2191 4522 εει,
2222 4460 2300 4513 sic
2331 4455 2643 4528 accipienda
2674 4458 2924 4512 videntur
2969 4457 3130 4511 verba
3174 4455 3404 4528 Nazarii,
3439 4468 3499 4511 ut

1907 4526 1997 4601 illa
2028 4527 2300 4601 bimestris
2327 4526 2628 4601 [ere—cura,
2679 4544 2845 4601 quam
2894 4527 3285 4601 componendis
3335 4528 3497 4601 rebus

1910 4598 2131 4651 urbanis
2160 4598 2572 4654 Constantinum
2613 4598 2944 4665 impendisse
2989 4600 3171 4664 tradit,
3222 4612 3289 4652 eo
3337 4600 3498 4654 modo

1908 4667 2257 4741 intelligatur,
2289 4687 2397 4741 quo
2425 4680 2645 4725 sanctus
2670 4670 2998 4741 Augustinus
3037 4670 3266 4741 indliln-o
3291 4668 3357 4722 ad
3393 4670 3499 4723 Do-

1913 4740 2140 4795 uatistas
2169 4752 2287 4810 post
2307 4739 2650 4797 collationem
2675 4739 2794 4808 cap.
2828 4742 2918 4803 55,
2945 4745 3038 4810 ait,
3070 4739 3342 4795 IElianuui
3377 4755 3501 4807 pro-

1910 4812 2186 4865 consulem
2219 4822 2435 4867 causam
2462 4811 2657 4867 Felicis
2678 4812 2916 4881 episcopi
2944 4811 3292 4880 Aptungitani
3344 4813 3502 4865 audi-

1912 4880 2055 4935 visse
2083 4881 2149 4936 l5
2172 4883 2429 4939 kalendas
2460 4884 2695 4949 Martias,
2722 4893 2835 4953 post
2862 4899 3055 4936 menses
3076 4883 3235 4950 ferme
3259 4893 3496 4948 quatuor,

1913 4968 2072 5021 quam
2100 4954 2419 5009 Caecilianus
2444 4971 2474 5009 a
2515 4955 2809 5009 Melchiade
2853 4953 3343 5022 lueratjudicatus;
3376 4967 3497 5005 cum

1914 5033 2094 5080 tamen
2118 5041 2145 5078 a
2174 5027 2261 5080 die
2287 5027 2320 5081 6
2344 5042 2512 5079 nonas
2541 5025 2807 5090 Octobris,
2848 5039 2955 5094 quo
2984 5025 3074 5079 ille
3099 5023 3369 5094 judicatus
3393 5033 3496 5094 est,

1910 5109 2081 5165 usque
2118 5097 2184 5150 ad
2238 5097 2304 5152 15
2332 5096 2589 5151 kalendas
2637 5092 2882 5161 Martias,
2934 5110 3040 5163 quo
3092 5107 3252 5147 causa
3304 5092 3500 5147 Felicis

1909 5164 2094 5221 audita
2135 5177 2239 5232 est,
2281 5167 2685 5222 intercesserint
2714 5181 2928 5220 menses
2969 5174 3200 5233 quatuor
3250 5179 3371 5218 cum
3419 5164 3502 5218 di-

1911 5236 2095 5292 midio.
2132 5239 2332 5293 Eadem
2363 5239 2573 5291 ratione
2602 5247 2822 5292 sanctus
2849 5236 2960 5291 Leo
2988 5251 3125 5305 papa
3173 5235 3228 5288 in
3273 5235 3499 5303 epistola

1908 5310 2350 5380 quinquagesima
2366 5308 2598 5364 secunda
2616 5308 2681 5362 ad
2702 5307 3035 5380 Ravennium
3053 5305 3425 5380 Arelatensem
3444 5319 3501 5359 et

1906 5376 2138 5434 caeteros
2154 5376 2452 5436 Galliarum
2500 5379 2783 5449 episcopos
2811 5378 3053 5433 scribens
3091 5378 3193 5449 ait,
3234 5376 3499 5449 synodum

1907 5448 2406 5506 Clialcedonensem
2433 5446 2743 5505 constitisse
2766 5463 2835 5504 ex
2864 5448 3133 5504 sexcentis
3160 5446 3275 5517 fere
3292 5446 3502 5514 episco—

1910 5522 2014 5597 pis,
2047 5524 2135 5597 cui
2166 5522 2475 5597 interfuisse
2503 5519 2610 5575 630
2635 5521 2923 5590 episcopos
2942 5531 3223 5597 _cons_tans
3268 5526 3354 5597 est
3382 5531 3499 5568 om-

1908 5593 2058 5666 nium
2111 5593 2281 5648 ferme
2312 5592 2663 5666 Wscriptorum
2722 5592 3012 5666 sententia.
3069 5592 3310 5666 Accessit
3370 5599 3501 5666 ergo

1911 5660 2269 5719 Mediolanum
2298 5656 2683 5719 Constantinus
2709 5663 2809 5718 sub
2840 5664 2998 5717 tinem
3022 5659 3220 5716 mensis
3236 5656 3497 5709 Januarii.

1910 5733 1989 5789 Eo
2010 5749 2139 5790 vero
2165 5738 2313 5791 venit
2336 5737 2496 5791 etiam
2523 5734 2781 5799 Licinius,
2817 5748 3038 5788 uxorem
3069 5730 3326 5785 ducturus
3358 5723 3501 5778 Con-

1908 5804 2165 5862 stantiam
2189 5806 2528 5863 Constantini
2555 5820 2819 5862 sororem.
2864 5802 3067 5858 Eadsm
3111 5805 3501 5853 commemorat
