4058 6188
516 283 623 340 571

1842 278 2185 339 STEPHANI
2218 277 2500 337 BANJle

3697 272 3801 331 δη

516 407 572 453 et
596 397 867 459 lusimus.
891 403 1035 451 recte
1056 394 1348 462 adnotans,
1368 395 1497 467 limo
1524 402 1643 451 acta
1678 401 1804 466 post
1844 393 2115 467 devictum
2136 397 2191 460 ,Α
2216 408 2321 467 pro
2350 393 2534 467 quoin
2558 392 2924 449 vetustissimo
2948 391 3138 449 codice
3164 405 3268 467 ms.
3290 390 3535 467 ecclesiae
3562 389 3804 447 Bellova-

520 468 870 531 Maxentiutn,
895 475 949 521 et
977 477 1267 535 antequam
1298 466 1497 521 bellum
1539 464 1696 521 esset
1741 467 1883 520 inter
1936 464 2111 520 {laxi-

517 541 802 619 minumet
829 537 1115 619 Licia-tium.
1146 537 1324 619 Quare
1344 536 1554 619 lapsum
1579 552 1702 618 esse
1746 546 1907 619 patet
1936 536 2111 619 virum

517 609 886 664 doetissitnum
939 607 1206 663 Joannem
1263 608 1549 672 Morinum,
1608 608 1698 678 qui
1747 607 1801 661 in
1836 607 2111 678 librorde

520 679 758 735 Ecclesia
774 694 878 751 per
892 678 1305 751 Constantinum
1328 679 1579 751 liberata,
1604 677 1724 750 pag.
1751 677 1875 751 3‘28,
1901 677 2107 743 scribit,

510 748 800 807 Licinium
819 749 1032 821 venisse
1058 748 1419 807 Mediolanum
1452 750 1517 805 ad
1549 748 1957 821 constantinum
1982 758 2113 818 post

508 823 784 891 devictum
812 818 1222 891 extinctumque
1247 822 1617 891 Maximinum,
1643 820 1825 889 ibique
1845 817 2111 891 Constan-

516 895 643 948 tiam
696 893 753 947 in
782 890 1184 949 matritnenium
1236 892 1477 961 dttxisse.
1536 890 1609 945 Eo
1662 900 1891 961 peracto,
1941 890 2112 961 inquit

514 964 786 1027 Zozimus,
839 961 1205 1019 Constantinus
1261 963 1327 1016 ad
1356 960 1526 1016 Celtas
1555 964 1841 1026 revertitur,
1871 960 2111 1017 Licinius

514 1037 568 1089 in
590 1035 882 1106 Illyricum,
912 1044 969 1089 ut
994 1034 1154 1088 tradit
1173 1044 1362 1106 auctor
1380 1031 1780 1106 Fragmentide
1795 1031 2110 1106 Constantio

512 1101 733 1173 Chloi-o,
766 1120 888 1175 pag.
926 1107 1052 1161 £73.
1101 1105 1210 1175 Sed
1252 1101 1538 1175 antequam
1593 1101 1893 1158 Mediolano
1929 1101 2107 1175 disce-

508 1170 728 1242 derent,
760 1170 932 1246 leg-em
958 1191 1058 1245 pro
1087 1170 1413 1232 Christianis
1448 1175 1755 1241 ediderunt,
1797 1188 1920 1244 qua:
1944 1170 2111 1244 paulo

512 1259 637 1317 p05t
666 1248 1001 1301 recitabitnr.
1330 1315 1337 1317 ξ
1524 1316 1527 1317 ν
1810 1314 1819 1317 Α
1890 1291 1899 1297 .

588 1317 912 1373 Existimant
930 1319 1026 1372 viri
1054 1317 1272 1388 quidam
1312 1315 1639 1388 doctissimi,
1671 1314 1888 1388 nuptias
1914 1311 2108 1370 Licinii

518 1398 574 1442 et
623 1387 955 1445 Constantius
1023 1384 1321 1444 celebratas
1372 1387 1535 1443 fuisse
1593 1384 1879 1442 Mediolani
1925 1398 2112 1443 mense

515 1459 724 1524 Martio,
752 1470 1069 1584 azgumento
1094 1460 1260 1529 petito
1281 1474 1347 1513 ex
1367 1459 1485 1530 lege
1508 1457 1676 1528 prima
1700 1457 1902 1512 codicis
1926 1457 2106 1513 Theo-

515 1529 726 1584 dosiani
836 1548 862 1583 e
905 1532 1052 1584 bonis
1098 1529 1393 1584 vacantibus
1410 1571 1424 1584 .
1478 1545 1596 1584 una:
1641 1531 1897 1583 scribitur
1931 1527 2053 1582 data
2076 1542 2106 1581 a

513 1529 726 1587 dosiani
786 1527 862 1584 De
905 1532 1052 1585 bonis
1096 1527 1393 1585 accentibus
1410 1527 1442 1595 ,⁷
1478 1527 1596 1599 qua:
1641 1531 1897 1583 scribitur
1931 1527 2109 1582 dataa

510 1601 870 1659 Constantino
919 1601 974 1668 6,
1024 1600 1143 1657 idus
1170 1601 1385 1656 Martias
1421 1598 2111 1665 Mediolani,Constantino

516 1672 653 1741 Aug.
687 1687 773 1737 ut,
801 1683 858 1728 et
893 1672 1100 1731 Licinio
1134 1672 1463 1726 consulibus.
1497 1670 1813 1740 Quanquam
1866 1685 2108 1725 mensem

519 1743 766 1799 Martium
792 1744 847 1799 in
870 1744 1066 1801 Maium
1090 1759 1213 1798 esse
1238 1741 1557 1798 mutandum
1601 1742 1653 1795 in
1706 1742 1811 1796 hac
1840 1742 2104 1795 constitu-

516 1815 666 1870 tione
691 1823 879 1870 censet
908 1815 1146 1871 Morinos
1165 1814 1219 1869 in
1250 1814 1388 1869 libro
1409 1814 1476 1867 de
1516 1812 1763 1868 Ecclesia
1823 1827 1919 1882 per
1964 1813 2110 1866 Cett—

517 1886 814 1955 stantinum
854 1885 1101 1952 liberata,
1144 1901 1261 1955 pag.
1297 1884 1423 1945 529.
1470 1884 1617 1954 quia,
1664 1894 1721 1937 ut
1756 1884 1942 1955 inquit
1995 1883 2109 1955 ille,

519 1954 906 2011 Constantinus
933 1950 1119 2011 mense
1146 1950 1344 2010 Martio
1374 1950 1514 2009 illius
1543 1955 1669 2009 anui
1705 1950 1966 2009 adversus
1990 1953 2115 2008 bar-

517 2027 682 2083 baros
708 2029 960 2098 pugnavit
990 2024 1044 2085 in
1069 2025 1379 2083 Germania.
1403 2026 1571 2090 Sane,
1605 2026 1747 2096 quod
1790 2024 1962 2079 semel
1992 2022 2114 2098 heic

520 2096 843 2154 observasse
870 2098 1124 2162 sufficiat,
1156 2098 1291 2152 nihil
1317 2101 1452 2152 certi
1479 2098 1655 2167 colligi
1689 2105 1867 2166 potest
1895 2110 1958 2149 ex
1982 2096 2115 2167 sub.

521 2169 904 2238 scriptionibus
930 2170 1106 2239 legum
1128 2167 1314 2224 codice
1343 2166 1720 2223 Theodosiano
1754 2166 2116 2239 comprehen-

517 2235 730 2305 sarum;
755 2235 1007 2311 adeoque
1029 2256 1096 2294 ex
1117 2241 1198 2296 eis
1223 2239 1471 2311 concludi
1496 2254 1600 2293 nou
1622 2235 2116 2311 potest,_Cons_tan-

520 2312 692 2366 tinum
718 2327 784 2368 eo
814 2306 1059 2381 tempore
1086 2313 1139 2365 in
1169 2312 1236 2366 iis
1262 2312 1395 2366 locis
1422 2309 1607 2376 fuisse,
1626 2306 1713 2364 'in
1757 2309 1949 2378 quibus
1975 2306 2116 2363 datm

520 2383 796 2439 dicuntur.
823 2381 958 2438 Nam
989 2383 1035 2437 si
1085 2382 1143 2443 id
1180 2392 1389 2436 certum
1434 2391 1598 2446 esset,
1650 2390 1855 2435 certum
1901 2394 2120 2448 quoque

498 2466 690 2518 esset,
718 2469 842 2510 enm
875 2454 1014 2508 intra
1045 2467 1141 2508 sex
1186 2452 1397 2507 dierum
1453 2452 1684 2520 spatium
1739 2447 2118 2520 fuisse’llcra-

520 2525 654 2580 eleae
680 2525 737 2579 in
765 2523 1097 2588 Macedonia,
1142 2533 1234 2577 ant
1262 2522 1314 2575 in
1347 2518 1600 2587 Thracia,
1642 2530 1697 2577 et
1725 2518 2014 2576 Mediolani
2062 2518 2118 2575 in

521 2595 692 2662 Italia,
719 2610 840 2651 cum
870 2595 975 2657 lex.
1003 2593 1074 2649 de
1103 2609 1205 2665 qua
1235 2593 1487 2659 diximus,
1515 2590 1637 2665 data
1668 2590 1876 2665 legatur
1919 2588 2125 2665 biedio-

517 2666 626 2722 lani
653 2660 687 2723 6
713 2666 832 2723 idus
859 2665 1096 2730 Martias,
1120 2660 1173 2721 et
1199 2665 1283 2719 lex
1303 2666 1507 2733 prima,
1537 2663 1612 2717 De
1641 2660 1922 2731 actoribus,
1942 2660 2122 2733 Hera-

521 2737 654 2793 cleat
703 2737 737 2793 5
781 2753 913 2793 ιιοιι.
945 2736 1103 2791 Mart.
1144 2737 1247 2791 sub
1292 2732 1483 2792 iisdem
1522 2733 1852 2790 consulibus.
1910 2732 2125 2788 Fortius

525 2816 680 2878 urget
704 2808 1039 2878 exemplum,
1072 2807 1214 2877 quod
1237 2807 1376 2861 sumi
1401 2814 1576 2878 potest
1600 2823 1664 2878 ex
1700 2806 1734 2858 ι.
1756 2804 1816 2878 2,
1845 2804 1922 2878 De
1939 2804 2121 2878 pinnis,

526 2875 677 2933 et'ex
704 2879 738 2932 l.
771 2880 822 2943 1,
866 2875 925 2933 Si
956 2875 1213 2949 petitionis
1242 2879 1424 2949 socius_
1448 2877 1556 2949 sine
1596 2876 1794 2949 luerede
1836 2875 2078 2949 defecerit
2103 2889 2124 2928 :

527 2964 753 3019 quarum
777 2945 966 3019 prima
996 2949 1118 3019 data
1150 2947 1347 3019 dicitur
1385 2945 1693 3019 Cabillono,
1726 2946 1910 3019 altera
1938 2945 2127 2999 Antio-

525 3016 683 3083 chiae,
730 3016 955 3089 utraque
984 3019 1052 3073 12
1097 3018 1206 3072 kal.
1262 3018 1437 3089 Aprii.
1486 3018 1840 3089 constantiae
1885 3016 2036 3089 ᾼιιε.
2072 3031 2125 3069 tv

525 3101 581 3144 et
627 3090 836 3147 Licinio
869 3086 931 3145 tv
952 3132 967 3155 ,
999 3086 1331 3144 consulibus.
1379 3087 1472 3141 Vir
1516 3088 1863 3143 doctissimus
1890 3086 2124 3142 Jacobus

2139 1782 2189 1842 B

2218 462 2396 520 censis
2424 466 2682 534 scriptum
2711 474 2793 519 est
2823 480 3002 529 causa,
3035 463 3283 533 quamvis
3301 477 3410 534 non
3434 462 3590 517 bene.

2290 532 2561 588 Perintho.
2585 533 2644 588 Id
2670 545 2772 600 est,
2806 532 3080 590 Heraclea.
3109 534 3199 590 Sic
3225 533 3368 590 enim
3389 543 3608 588 vocatur
3638 532 3805 589 Hera-

2212 606 2327 662 clea
2345 605 2684 671 Thracias,ad
2704 604 3058 660 differentiam
3073 606 3298 659 aliarum
3315 603 3555 673 ejusdem
3572 606 3805 658 nominis

2213 677 2451 743 urbium,
2482 688 2540 732 ut
2569 686 2716 731 necte
2736 677 2942 731 notavit
2969 676 3232 731 Henricus
3264 674 3587 729 Valesiusad
3609 675 3828 730 librntn‘

2216 764 2347 802 χιιι.
2408 748 2676 803 Ammiani
2717 746 3031 802 Marcellini.
3083 745 3442 815 Menologium
3490 745 3808 801 Graecorum

2204 816 2277 872 ad
2305 820 2447 874 diem
2473 818 2738 880 decimam
2790 818 2940 873 Maii:
2978 816 3281 871 Perinthum
3330 816 3502 870 urbem
3552 816 3807 883 Tltracite,

2202 906 2326 963 quae
2353 907 2489 963 nunc
2520 889 2770 944 Heraclea
2808 890 3014 963 diciiur:
3050 889 3205 961 Apud
3240 887 3510 943 Canisium
3549 899 3680 943 tom.
3713 902 3769 942 ιι
3792 929 3808 956 ,

2203 959 2446 1029 aluique.-
2476 962 2726 1018 lectionis
2753 976 2878 1029 pag.
2912 959 3035 1029 768.
3104 959 3111 960 7
3846 1021 3851 1025 θ

2284 1028 2457 1087 Millia
2485 1034 2655 1087 decem
2676 1042 2721 1085 et
2754 1028 2888 1085 acto.
2920 1028 3074 1086 Circa
3104 1030 3381 1096 Resiston,
3402 1030 3492 1101 qui
3517 1029 3669 1083 locus
3696 1029 3809 1101 pri-

2206 1119 2333 1158 mus
2357 1105 2595 1158 occurrit
2626 1105 2677 1157 iu
2715 1102 3000 1157 ltinerario
3045 1101 3302 1156 Antonini
3335 1099 3584 1157 euntibus
3614 1102 3682 1153 ab
3712 1099 3816 1155 He-

2204 1177 2387 1236 raclea
2416 1173 2855 1243 HadrianOpolim
2877 1214 2894 1240 ,
2922 1188 3248 1243 quamquam
3272 1172 3350 1227 ibi
3375 1172 3573 1228 dicitur
3622 1173 3813 1226 abesse

2206 1261 2270 1301 ι.
2296 1262 2348 1303 ι».
2378 1246 2448 1300 2'2
2478 1245 2548 1300 ab
2580 1244 2863 1300 Heraclea.

2285 1312 2578 1371 Secundam
2624 1317 2957 1370 mansionem.
2976 1311 3433 1384 Repraesentanda
3475 1321 3559 1368 est
3586 1327 3816 1384 _rursum

2206 1386 2472 1458 scriptura
2506 1389 2703 1458 veteris
2730 1382 3077 1458 exemplaris;
3098 1401 3217 1458 qua:
3243 1386 3331 1458 sic?
3344 1384 3503 1458 habet
3532 1402 3544 1436 :
3572 1382 3816 1458 Secunda

2212 1454 2475 1519 mansione
2495 1456 2688 1513 tenente
2724 1454 3222 1524 destantegmilitibus
3243 1456 3546 1523 totidemque
3569 1454 3818 1508 collectis.

2204 1516 2321 1584 Nos
2358 1530 2486 1583 olim
2524 1533 2931 1599 eonjeceramus
2964 1516 3271 1599 “legendum
3310 1516 3477 1599 esse}
3522 1525 3823 1599 Secundam

2214 1602 2527 1655 mansionem
2542 1597 2738 1655 tenente
2758 1599 3027 1653 distantem
3044 1598 3292 1652 militibus
3313 1598 3520 1651 totidem
3538 1608 3690 1665 atque
3711 1597 3820 1649 col-

2206 1672 2373 1731 lectis.
2429 1671 2619 1727 Postea
2655 1670 3010 1724 animadverti
3042 1670 3411 1741 conjecturam
3455 1668 3821 1741 Britannicam

2216 1759 2323 1798 non
2355 1743 2529 1798 solum
2579 1742 2972 1809 distinctiorem
3004 1738 3159 1803 esse,
3191 1740 3285 1795 sed
3336 1755 3556 1809 veram;
3589 1738 3823 1806 ideoque

2221 1814 2366 1870 illam
2396 1814 2642 1869 transtuli
2680 1814 2735 1866 in
2766 1820 2989 1866 textum.
3015 1812 3350 1880 Quamquam
3379 1807 3675 1865 Columbus
3720 1826 3824 1863 non

2217 1887 2412 2010 Ιριόιιιι
2435 1902 2500 1940 ex
2551 1900 2615 1940 ea
2645 1883 3027 1942 emendatione
3079 1883 3222 1953 quod
3268 1898 3299 1937 a
3344 1883 3498 1937 nobis
3546 1881 3822 1951 prolatum

2246 1969 2425 2010 uerat.

2246 1969 2425 2012 uerat.

2784 2046 3015 2103 CAPUT
3047 2038 3229 2101 XLVI.

2291 2163 2501 2221 Summe
2522 2162 2680 2219 Deus.
2716 2161 2812 2217 Vir
2859 2160 3190 2218 clarissimus
3239 2161 3477 2218 Joannes
3521 2159 3823 2217 Columbus

2220 2247 2405 2308 putat,
2434 2236 2502 2308 ad
2534 2235 2672 2308 hanc
2720 2236 3019 2308 orationem
3069 2235 3340 2308 respicere
3391 2233 3825 2308 Euse‘bitttn__lib.

2220 2304 2271 2367 iv
2317 2308 2386 2364 de
2418 2307 2538 2362 Vita
2578 2304 2914 2361 Constantini
2942 2320 3059 2374 cap.
3090 2304 3181 2374 l9.
3226 2304 3355 2358 dum
3402 2304 3630 2367 scribit,
3668 2304 3826 2358 illum

2222 2380 2485 2435 militibus
2512 2421 2525 2441 ,
2557 2378 2648 2447 qui
2676 2377 2870 2431 divinae
2916 2373 3037 2431 fidei
3069 2373 3366 2431 doctrinam
3410 2375 3664 2447 nondum
3708 2390 3831 2447 sus-

2223 2459 2480 2521 ceperant
2501 2491 2515 2513 ,
2535 2445 2653 2519 lege
2693 2447 2799 2502 lata
2828 2447 3149 2521 praecepisse
3169 2487 3185 2514 ,
3222 2456 3278 2501 ut
3307 2446 3609 2521 dominicis
3636 2445 3834 2501 diebus

2225 2518 2567 2589 in'campum
2602 2518 2815 2585 purum
2870 2518 3258 2587 procederent,
3302 2527 3359 2574 ct
3408 2518 3785 2589 precationem
3812 2559 3828 2589 ,

2259 2609 2381 2647 nam
2404 2588 2555 2646 antea
2601 2590 2935 2655 didicissent,
2983 2588 3145 2644 simul
3176 2604 3365 2643 omnes
3404 2588 3561 2657 Signo
3593 2588 3723 2657 dato
3769 2588 3833 2644 ad

2259 2609 2381 2647 nam
2404 2609 2555 2646 antea
2601 2609 2935 2655 mutassem,
2983 2609 3145 2644 Slﬂllll
3176 2609 3365 2643 omnes
3404 2609 3561 2657 Stgnu
3593 2609 3723 2657 ιιςιιο
3769 2609 3832 2644 ita

2224 2609 2395 2720 {leum
2428 2662 2748 2717 funderent.
2781 2660 2847 2714 Et
2876 2675 3003 2715 mox
3030 2660 3080 2713 in
3122 2659 3298 2728 capite
3344 2658 3591 2728 sequenti
3623 2658 3832 2715 formu-

2226 2733 2332 2799 lam
2361 2734 2477 2803 ejus
2503 2732 2776 2787 describit.
2811 2730 3009 2803 Verum
3029 2730 3118 2803 illa
3143 2730 3366 2787 multum
3395 2732 3609 2803 diversa
3636 2739 3731 2803 est
3764 2730 3830 2783 ab

2228 2821 2322 2873 ea,
2353 2801 2512 2874 quam
2547 2803 2781 2874 Angelus
2818 2802 3053 2874 edocuit
3091 2801 3388 2874 Licinium;
3443 2810 3493 2857 et
3527 2801 3685 2856 valde
3714 2818 3834 2869 pro-

2229 2871 2409 2931 babile
2433 2884 2516 2930 est
2536 2917 2551 2941 ,
2582 2871 2727 2929 illam
2753 2889 2783 2928 a
2805 2871 3143 2927 Constantini
3194 2873 3453 2928 militibus
3499 2888 3644 2940 Step8
3669 2880 3833 2927 antea

2230 2944 2396 3002 fuisse
2420 2947 2699 3001 recitatam
2720 2984 2736 3012 ,
2766 2959 2887 2999 cum
2916 2960 2984 3000 ex
3022 2943 3159 2999 libro
3188 2944 3428 2999 secundo
3450 2941 3518 2997 de
3546 2941 3663 2997 Vita
3715 2944 3835 3013 'cjus

2229 3033 2349 3086 cap.
2380 3017 2416 3072 4
2447 3028 2501 3073 et
2531 3015 2597 3070 η
2624 3026 2869 3080 constet,
2921 3031 3043 3070 eum
3078 3030 3268 3084 preces
3316 3022 3531 3083 semper
3560 3014 3626 3068 ad
3660 3014 3835 3086 Doluit

2230 3079 2456 3152 fudisse,
2485 3098 2771 3156 antequam
2787 3086 2853 3140 ad
2873 3101 3063 3140 manus
3078 3079 3247 3155 atque
3268 3086 3332 3139 ad
3351 3079 3577 3156 pugnam
3598 3079 3832 3156 veniret.

526 3159 891 3217 G0lh0lt'edtts
918 3153 1067 3228 Vidit,
1100 3159 1471 3214 difﬁcultatem
1489 3173 1610 3213 esse
1639 3160 1691 3213 in
1723 3158 2120 3225 subscriptione
2146 3162 2192 3225 G
2298 3153 2653 3214 Kalendarum
2692 3156 2970 3228 Maiarum.
3013 3156 3124 3210 [loc
3162 3153 3310 3228 enim
3341 3153 3627 3228 dielfactns
3658 3153 3837 3210 fuerat

524 3233 843 3302 posterioris
867 3233 1021 3302 istius
1050 3232 1203 3300 legis,
1234 3239 1290 3286 et
1326 3238 1437 3302 aut,
1459 3244 1576 3302 eam
1610 3229 1971 3302 pronuntiavit
2022 3228 2120 3282 tri-

525 3300 794 3358 buendam
825 3316 946 3359 esse
994 3300 1223 3364 Licinio,
1268 3302 1359 3371 qui
1405 3300 1703 3371 Orientem,
1735 3300 1887 3369 cujus
1937 3309 2125 3353 vertex

526 3372 837 3438 Antiochia,
890 3372 1128 3435 tenebat,
1180 3370 1293 3426 aut
1325 3370 1694 3440 reponendum
1758 3386 1885 3440 esse,
1928 3384 2122 3423 nomen

526 3442 832 3513 Antigonite
865 3458 1031 3513 prope
1054 3443 1234 3510 Stepis
1264 3443 1318 3497 in
1339 3442 1674 3513 Macedonia,
1701 3457 1822 3511 quae
1852 3439 2119 3495 Constan-

526 3520 641 3570 tino
659 3512 841 3578 Cessit,
868 3512 995 3568 eum
1030 3528 1129 3583 pax
1153 3515 1295 3569 inter
1318 3527 1441 3568 eum
1472 3524 1525 3568 et
1548 3512 1812 3567 Licinium
1834 3512 2125 3583 constituta

526 3594 758 3655 estpost
811 3600 1040 3655 pugnam
1068 3582 1449 3655 Cibalensem.
1468 3583 1573 3640 Sed
1606 3582 1722 3639 brec
1762 3599 1869 3637 non
1912 3582 2127 3655 solvunt

525 3653 920 3711 difficultatem.
946 3655 1079 3710 Nam
1102 3670 1318 3724 semper
1343 3653 1568 3710 difficile
1606 3656 1709 3709 erit
1738 3655 1892 3707 istam
1924 3653 2128 3708 discre-

527 3727 763 3795 pantiam
795 3741 1143 3796 componere,
1167 3742 1288 3780 cum
1333 3737 1542 3796 certum
1573 3726 1663 3792 sit,
1711 3725 2128 3796 Constantinum

444 3860 449 3863 1
526 3811 634 3851 non
667 3797 905 3864 potuisse
926 3795 1031 3851 uno
1062 3796 1365 3866 eodemque
1392 3795 1481 3852 die
1511 3812 1632 3851 esse
1682 3796 1735 3850 in
1767 3795 1935 3851 Gallia
1978 3807 2033 3866 et
2074 3797 2125 3849 in

529 3866 861 3935 Macedonia.
899 3867 1129 3922 Rursum
1164 3864 1435 3935 quomodo
1483 3866 1600 3921 fieri
1633 3872 1828 3933 potest,
1875 3875 1931 3919 ut
1963 3864 2125 3931 idem,

529 3938 621 4006 qui
675 3934 958 3991 Cabilluno
985 3946 1044 3991 et
1084 3934 1386 3993 Antiochi-.e
1445 3937 1607 4006 fuerit
1641 3937 1707 3990 1‘2
1750 3936 1859 3990 kal.
1900 3934 2126 4006 Aprilis,

531 4004 722 4062 eodem
767 4022 909 4063 armo
936 4007 970 4063 8
1001 4007 1118 4061 idus
1164 4008 1402 4072 Martias,
1434 4004 1598 4073 fuerit
1625 4005 2045 4069 Thessalonicze,
2078 4017 2131 4061 et

529 4077 693 4132 biduo
706 4087 850 4146 post,
870 4078 924 4132 id
940 4087 1025 4133 est
1047 4077 1101 4144 6,
1120 4079 1241 4133 idus
1268 4077 1507 4144 Martias,
1527 4077 1737 4131 Romae?
1754 4076 1885 4130 Nam
1910 4076 1959 4129 id
1979 4076 2130 4131 colli-

528 4150 672 4219 gitur
690 4164 775 4219 uex
796 4147 1300 4219 ‘subscriptionibus
1337 4149 1373 4202 Ι.
1400 4148 1452 4213 1,
1479 4146 1559 4202 De
1603 4146 2049 4219 diuersisiofﬁciis,
2076 4156 2132 4219 et

529 4215 598 4275 ἐκ
622 4220 657 4272 Ι.
682 4218 739 4283 2,
768 4217 852 4273 Ad
882 4221 920 4274 l.
945 4215 1145 4275 Juliam
1157 4221 1219 4275 de
1244 4222 1292 4276 vi
1315 4219 1436 4289 pub.
1465 4229 1510 4273 et
1539 4215 1919 4288 priuataJdein
1935 4215 2131 4273 deinde

529 4289 705 4345 idibus
747 4290 1086 4360 Septembris
1137 4292 1380 4361 ejusdem
1440 4292 1565 4361 anui
1619 4289 1924 4361 censendus
1985 4296 2132 4344 esset

530 4363 695 4416 fuisse
743 4361 948 4428 Romae,
999 4372 1054 4417 et
1098 4372 1252 4418 sexto
1300 4370 1423 4432 post
1477 4360 1563 4416 die
1593 4361 1734 4431 apud
1783 4360 2030 4432 Naissum
2077 4360 2127 4413 in

527 4433 710 4488 Dacia.
745 4433 971 4503 Quippe
1008 4432 1096 4503 lex
1144 4430 1315 4503 prima
1350 4432 1426 4487 De
1442 4434 1560 4499 iure
1610 4430 1724 4501 ﬁsci
1763 4432 1884 4503 data
1933 4430 2130 4503 dicitur

525 4502 705 4558 idibus
734 4500 1073 4572 Septembris
1117 4500 1324 4568 Horum,
1369 4514 1423 4557 et
1484 4503 1569 4559 lex
1612 4500 1789 4572 prima
1829 4500 1904 4556 De
1947 4500 2127 4572 Cento-

526 4573 687 4643 nariis
716 4571 781 4625 14
829 4571 954 4643 kal.
988 4571 1239 4629 Octobris
1274 4573 1483 4627 Naisso.
1532 4570 1771 4643 Denique
1799 4572 1940 4627 idem
1980 4570 2120 4626 Con-

529 4641 1060 4712 stantinus,siihaee
1109 4646 1291 4712 regula
1340 4653 1487 4697 certa
1536 4641 1702 4709 esset,
1753 4643 1940 4697 fuisset
1976 4658 2121 4697 anno

416 4738 427 4743 -
525 4712 773 4782 sequenti
806 4711 871 4782 l2
918 4711 1028 4767 kal.
1080 4711 1246 4767 Maias
1285 4712 1544 4778 Sardicre,
1577 4713 1764 4766 Romae
1815 4730 1943 4767 vero
1992 4714 2120 4782 ipsis

523 4781 770 4839 kalendis
799 4781 968 4849 Maiis,
999 4782 1136 4836 intra
1169 4784 1399 4852 spatium
1422 4782 1628 4838 dierum
1664 4784 1970 4848 duodecim,
1995 4799 2118 4839 cum

526 4854 582 4909 id
603 4852 780 4922 colligi
831 4855 1000 4921 possit
1037 4868 1106 4908 ex
1155 4853 1635 4921 Subscriptionibus
1682 4854 1723 4908 l.
1776 4855 1811 4908 2
1864 4863 1919 4908 et
1961 4856 1995 4908 5
2044 4852 2122 4910 De

525 4924 911 4996 donationibus.
942 4923 1173 4996 Possem
1208 4934 1263 4980 et
1296 4922 1404 4996 alia
1452 4925 1702 4996 exempla
1751 4924 1951 4980 allerri.
2008 4924 2117 4981 Sed

522 4993 949 5066 ista‘sufliciunt.
999 4992 1154 5051 Unde
1206 4994 1387 5065 colligi
1436 4992 1630 5063 debet;
1668 4996 1718 5050 id
1768 4995 1909 5066 quod
1940 5010 2113 5066 antea

525 5064 859 5137 dicebamus,
890 5080 960 5137 ex
989 5064 1473 5136 subscription’ibus
1504 5067 1679 5137 legum
1711 5064 1911 5122 codicis
1934 5065 2114 5137 Theo-

526 5135 739 5208 dosiani
769 5136 905 5208 nihil
936 5137 1116 5207 colligi
1149 5135 1309 5208 posse
1338 5139 1468 5192 certi
1502 5135 1575 5192 ad
1596 5139 1855 5208 signanda
1889 5138 2028 5203 loca,
2064 5136 2115 5191 in

523 5205 729 5278 quibus
774 5205 1159 5275 Constantinus
1214 5207 1476 5262 habitavit
1534 5205 1829 5278 per'varia
1875 5217 2116 5277 tempora

522 5277 736 5349 imperii
775 5279 887 5349 sui;
914 5279 1157 5349 adeoque
1207 5279 1418 5333 inlirma
1468 5277 1587 5333 esse
1615 5286 1960 5349 argumenta,
2000 5292 2119 5346 qua:

521 5348 622 5415 viri
653 5348 950 5419 doctissimi
974 5348 1099 5403 hinc
1119 5357 1488 5419 sumpserunt,
1519 5349 1584 5403 ad
1630 5347 2028 5404 confirmandas
2066 5357 2121 5403 et

522 5418 980 5489 constabiliendas
1005 5418 1342 5489 conjecturas
1364 5437 1488 5476 suas
1507 5419 1808 5476 historicas.

595 5487 677 5542 Ad
700 5488 996 5559 Itujusmodi
1021 5487 1188 5545 casus.
1238 5488 1296 5544 In
1348 5492 1515 5546 veteri
1564 5490 1750 5546 codice
1804 5489 2011 5559 legitur,
2047 5489 2116 5542 ad

520 5559 818 5631 hujusmodi
860 5576 1016 5613 causa
1042 5559 1241 5614 Licinio
1271 5561 1526 5615 collocati.
1567 5559 1760 5617 Nostra
1811 5561 2115 5615 emendatio

520 5630 663 5689 bona
695 5641 796 5684 est.
853 5631 923 5685 Et
956 5646 1101 5699 smpe
1131 5632 1182 5685 in
1235 5633 1469 5702 antiquis
1517 5631 1793 5702 codicibus
1846 5631 2113 5702 reperitur

522 5709 783 5768 scrtptum
824 5718 978 5756 causa
1032 5717 1129 5769 pro
1178 5700 1459 5768 casum—ut
1487 5702 1627 5771 apud
1675 5700 1732 5759 S.
1769 5700 2111 5757 Ambrosium

520 5772 678 5839 epist.
712 5772 783 5829 45
808 5791 819 5828 :
854 5773 920 5829 In
949 5784 1133 5830 natura
1155 5788 1303 5829 casus
1334 5782 1427 5839 est,
1460 5774 1513 5827 in
1541 5772 1782 5830 electione
1800 5773 2108 5846 judicium;

2225 3232 2557 3288 Caesaranno
2572 3228 2768 3283 Christi
2793 3227 2896 3285 505
2915 3237 2971 3281 ιιι
2991 3243 3149 3295 supra
3163 3227 3414 3281 Vidimus.
3441 3222 3514 3281 Ex
3532 3243 3638 3296 quo
3666 3228 3834 3280 etiam

2225 3302 2614 3358 confirmantur
2642 3315 2763 3367 quae
2802 3314 2833 3353 a
2884 3297 3036 3353 nobis
3082 3297 3218 3352 dicta
3265 3307 3389 3352 sunt
3415 3298 3482 3352 de
3510 3313 3654 3351 anno
3681 3339 3697 3361 ,
3729 3315 3836 3367 quo

2230 3372 2592 3427 Diocletianus
2614 3371 2859 3441 deposuit
2881 3368 3187 3438 imperium.
3206 3367 3338 3424 Nam
3359 3369 3402 3422 si
3422 3367 3668 3423 kalendis
3682 3367 3837 3422 Maiis

2226 3445 2353 3499 anni
2382 3441 2488 3496 515
2516 3440 2891 3510 complebatur
2921 3454 3095 3494 annus
3142 3451 3366 3494 octavus
3410 3440 3837 3507 nuncupationis

2226 3513 2542 3578 Maximini,
2571 3522 2627 3568 ut
2649 3512 2723 3565 ait
2752 3511 3060 3566 Lactantius
3087 3553 3101 3576 ,
3129 3510 3490 3565 necessarium
3532 3520 3643 3573 est,
3682 3511 3835 3564 illum

2227 3594 2597 3653 nuncupatum
2622 3583 2787 3638 fuisse
2807 3582 3076 3637 Caesarem
3096 3597 3236 3636 anno
3259 3581 3366 3638 505
3385 3580 3631 3636 kalendis
3652 3580 3832 3635 Maiis.

2226 3654 2426 3713 Errant
2453 3670 2584 3725 ergo
2610 3655 2698 3723 qui
2739 3663 2961 3722 putant,
2991 3668 3111 3705 eum
3140 3670 3233 3725 per
3260 3668 3437 3725 annos
3466 3662 3674 3725 tantum
3710 3668 3836 3725 scp-

2230 3739 2335 3783 tem
2364 3720 2657 3797 imperium,
2684 3720 2918 3779 tenuisse
2943 3765 2958 3790 ,
2998 3735 3051 3777 et
3082 3723 3438 3797 quadriennio
3464 3723 3680 3797 quidem
3713 3720 3835 3797 ea.

2230 3812 2404 3855 sarem
2424 3790 2699 3863 [triennio
2728 3797 3026 3862 Augustum
3060 3790 3155 3864 per
3194 3790 3696 3849 Orientem‘fuisse.
3730 3793 3835 3847 Im»

2229 3869 2434 3941 perarit
2472 3868 2615 3949 enim
2657 3882 2751 3937 per
2802 3879 2974 3919 amtos
3018 3875 3143 3919 octo
3192 3866 3430 3936 integros
3477 3874 3536 3920 et
3582 3865 3829 3934 aliquam

2230 3950 2445 4010 partem
2475 3954 2624 4010 nunt.

2303 4009 2451 4065 Sicut
2470 4008 2575 4062 ille.
2605 4007 2660 4062 id
2691 4016 2774 4062 est
2798 4047 2813 4074 ,
2842 4006 3140 4061 Maxentius
3161 4048 3177 4074 ,
3229 4006 3320 4076 qui
3365 4006 3538 4061 victus
3574 4015 3660 4060 est
3714 4010 3834 4078 ipso

2228 4081 2315 4138 die
2346 4080 2506 4134 natali
2531 4093 2651 4134 suo.
3262 4127 3269 4132 ,

2313 4151 2503 4205 Vocant
2544 4165 2795 4204 serenant.
2827 4149 2980 4203 Circa
3010 4146 3291 4214 Resiston,
3324 4159 3381 4203 ut
3434 4147 3669 4203 diximus
3695 4190 3712 4214 ,
3750 4147 3834 4202 lo—

2228 4238 2351 4277 cum
2406 4221 2651 4277 Thracia:
2705 4220 2843 4274 inter
2891 4217 3331 4285 Hadrianopolim
3376 4230 3431 4273 et
3481 4214 3831 4273 Heracleam.

2230 4294 2464 4360 Campus
2490 4307 2619 4347 sane
2646 4290 2747 4345 hac
2775 4305 2950 4360 pugna
2979 4289 3228 4355 illustris,
3259 4304 3379 4359 qua:
3406 4305 3588 4359 pacem
3612 4288 3837 4343 afflictae

2230 4362 2489 4418 Ecclesiae
2517 4361 2747 4432 peperit.
2771 4360 3140 4431 Falliturergo
3159 4360 3408 4432 Zozitnus
3426 4402 3439 4422 ,
3472 4364 3561 4430 qui
3593 4377 3833 4430 pugnam

2232 4434 2375 4493 illam
2407 4435 2461 4486 in
2493 4431 2689 4503 Illyriis
2712 4442 3015 4503 pugnatam
3039 4440 3206 4500 putat.
3240 4431 3387 4503 Huic
3407 4434 3678 4503 suntejus
3702 4448 3834 4486 ver-

2150 4535 2203 4596 D
2233 4504 2296 4560 ba
2332 4502 2536 4589 :_Bellis
2558 4499 3241 4596 civilibusittteiliiciniunt
3261 4500 3711 4596 etuaxiniia'num
3737 4520 3834 4584 ae-

2229 4577 2391 4631 censis
2416 4617 2431 4640 ,
2460 4576 2665 4643 acrique
2690 4575 2825 4643 [acto
2850 4573 3029 4645 prielio
3052 4575 3105 4626 in
3148 4571 3347 4645 Illyriis
3372 4616 3386 4639 ,
3421 4571 3483 4645 ab
3516 4574 3692 4645 initio,
3716 4575 3835 4642 qui—

2228 4648 2342 4700 dem
2362 4641 2597 4716 superari
2618 4641 2753 4716 uisus
2776 4653 2850 4698 est
2893 4641 3168 4716 Licinius;
3200 4641 3288 4698 sed
3311 4643 3575 4711 confestim
3601 4641 3833 4698 redinte-

2226 4727 2375 4790 gra_ta
2399 4713 2610 4790 pugna,
2643 4713 2699 4768 Μ
2703 4716 3021 4790 rationarium
3034 4716 3099 4790 in
3128 4714 3303 4790 [agam
3334 4715 3496 4790 vertit:

2298 4783 2495 4842 Tenaaf.
2538 4786 2774 4841 A'varum
2820 4785 2985 4841 fuisse
3030 4783 3292 4840 Licinium
3344 4784 3526 4839 multis
3555 4783 3832 4852 exemplis

2227 4860 2418 4926 probat
2448 4858 2711 4912 Eusebius
2743 4856 2832 4926 lib.
2864 4872 2882 4910 ι
2919 4856 2986 4911 de
3032 4857 3147 4911 Vita
3177 4854 3549 4926 Constantini
3573 4870 3706 4926 (κιρ.
3727 4853 3826 4908 55.

2223 4923 2605 4999 Fragmentum
2642 4927 2711 4982 de
2759 4925 3075 4999 Constantio
3120 4925 3472 4999 Chloropag.
3499 4923 3650 4999 474;
3681 4923 3830 4978 Lici-

2224 4995 2347 5054 nius
2351 4995 2355 4996 ί
2374 5001 2581 5063 scelere,
2607 4999 2841 5062 avaritia,
2873 4997 3188 5063 crudelitate,
3213 4996 3424 5051 libidine
3450 4995 3710 5051 swuiebat.

2778 5088 3019 5163 eaeor
3036 5087 3246 5142 XLVII.

2292 5206 2431 5260 Deus
2469 5221 2717 5276 summus.
2753 5204 3062 5276 Martyrium
3113 5203 3286 5259 sancti
3331 5200 3826 5276 Bas_ilei_episc0pi

2220 5278 2510 5334 Amaseae:
2565 5275 2792 5330 Licinius
2838 5272 2995 5345 igitur
3021 5277 3363 5345 omnipotente
3407 5272 3621 5345 Dotitini
3657 5276 3835 5328 nostri

2222 5348 2349 5403 Jesu
2372 5347 2559 5402 Christi
2584 5364 2736 5401 manu
2759 5342 2993 5417 adjutus,
3019 5342 3283 5400 victoriam
3330 5344 3393 5397 de
3418 5342 3706 5399 Maximino
3735 5362 3829 5396 re-

2261 5438 2306 5474 οι
2322 5420 2461 5472 lavit.

2261 5438 2461 5474 Olluvll.

2224 5438 2256 5491 Ρ
2292 5490 2513 5558 Sumpta
2552 5497 2682 5542 veste
2719 5485 2908 5541 servili.
2941 5484 3237 5541 Confirmat
3267 5483 3425 5558 bane
3450 5484 3829 5558 narrationem

2219 5555 2490 5625 Eusebius
2534 5559 2627 5615 lib.
2673 5575 2728 5614 ιιι
2776 5557 2912 5612 llist.
2952 5559 3170 5624 eccles.,
3205 5566 3325 5626 cap.
3371 5555 3437 5611 10
3481 5566 3534 5612 et
3567 5557 3707 5612 lib.t
3753 5555 3829 5613 de

2221 5632 2338 5687 Vita
2370 5630 2708 5685 Constantini
2736 5644 2855 5697 cap.
2885 5628 2972 5685 58.

2290 5700 2505 5756 Fretum
2531 5701 2749 5774 trajecit.
2781 5695 3089 5774 Pugnatum
3112 5708 3198 5754 est
3234 5695 3395 5774 igitur
3446 5697 3499 5774 in
3548 5712 3609 5753 ea
3644 5700 3827 5774 parte

2218 5772 2460 5843 imperii,
2493 5767 2653 5842 quain
2682 5767 2919 5828 Licinius
2952 5769 3208 5841 tenebat,
3238 5767 3290 5825 id
3328 5775 3413 5827 est
3435 5811 3451 5841 ,
3481 5768 3621 5826 inter
3643 5767 3824 5825 flera-
