4058 6188
487 286 598 345 375

1829 279 2173 339 STEPHANI
2210 278 2479 337 BALU'LH

3679 270 3786 332 576

496 405 555 460 vi
600 403 774 459 morbi
803 400 1142 458 deturbatum
1167 407 1414 455 extremo
1455 414 1596 454 anno
1639 397 1850 468 imperii
1881 399 1984 453 sui.
2019 398 2089 452 Et
2113 403 2168 462 Α
2190 413 2333 452 anno
2356 396 2558 452 Christi
2588 398 2693 454 514
2714 438 2728 461 ,
2760 397 2919 452 unius
2943 396 3071 451 anni
3123 407 3332 452 errore.
3381 393 3517 449 Nam
3565 409 3688 468 quae
3718 393 3792 468 de

501 490 634 531 sane
684 471 1027 538 Lactantius,
1071 470 1163 541 qui
1209 471 1457 541 morbum
1489 470 1605 537 ejus
1635 469 1925 541 describit,
1959 469 2090 522 nihil

497 546 725 600 adnotat
749 544 814 598 de
838 538 1107 598 dementia
1139 555 1204 595 ac
1247 540 1452 596 furore.
1500 541 1652 608 Quod
1694 541 1740 594 si
1767 538 2091 611 Chrysosto—

500 631 624 670 mus
649 630 705 668 se
733 630 838 668 non
866 613 1216 682 explicasset,
1247 610 1402 666 facile
1427 611 1704 665 crederem
1721 651 1735 675 ,
1770 625 1830 664 ea
1849 610 2006 682 ,qugc
2023 611 2092 682 de

499 687 826 756 imperatore
859 681 1040 756 furore
1072 684 1276 752 percito
1311 683 1377 736 ab
1407 698 1472 736 eo
1500 682 1774 756 dicuntur,
1818 681 1883 734 ad
1927 681 2094 756 Maxi-

496 751 706 810 minum
753 753 1032 810 referenda
1074 751 1230 818 esse,
1282 761 1502 824 propter
1546 751 1688 806 hunc
1735 752 1910 805 locmn
1955 751 2092 806 Lac-

496 837 676 881 tantu.

574 897 740 965 Caput
766 895 1040 966 parietibus
1067 896 1338 964 inﬂigeret.
1374 894 1486 966 Hoc
1510 903 1768 948 estunum
1781 908 1848 946 ex
1860 895 2096 946 detesta-

498 968 730 1030 bilibus,
765 976 821 1020 ut
847 967 898 1019 in
933 967 1087 1020 tertia
1119 967 1419 1019 Tusculana
1448 965 1638 1020 Cicero
1668 973 1854 1028 vocat,
1884 965 2098 1032 generi-

498 1039 604 1092 bus
633 1035 868 1107 lugendi.
907 1035 1038 1091 Vide
1065 1036 1366 1092 Casauboni
1404 1035 1570 1091 Notas
1602 1036 1654 1089 in
1691 1034 1890 1089 Julium
1935 1034 2095 1102 Capi-

502 1109 752 1164 tolinum.

579 1179 871 1232 Exilierunt
895 1178 1052 1231 oculi.
1084 1177 1230 1233 Idem
1257 1176 1442 1232 scribit
1464 1176 1731 1232 Eusebius
1752 1176 1848 1232 lib.
1874 1192 1926 1230 tx
1960 1175 2100 1230 Hist.

505 1253 701 1306 eccles.
732 1265 852 1316 cap.
885 1251 979 1314 1ος
1014 1250 1106 1303 lib.
1140 1265 1158 1302 ι
1203 1249 1270 1303 de
1298 1248 1414 1302 Vita
1441 1247 1809 1312 Constantini,
1851 1262 1971 1316 cap.
2007 1247 2099 1310 59,

501 1323 635 1375 item
667 1319 979 1390 Eutychius,
1010 1319 1390 1389 The0phanes,
1419 1331 1473 1372 et
1499 1319 1835 1373 Anastasius.
1861 1317 2104 1390 Meminit

503 1391 668 1445 etiam
714 1388 782 1445 DQ
805 1388 1223 1462 Clirysostomus
1249 1391 1520 1462 oratione
1541 1391 1606 1462 in
1642 1398 1886 1462 sanctum
1930 1389 2106 1462 Baby—

503 1462 644 1526 lam,
673 1472 727 1516 et
754 1458 971 1515 sanctus
1003 1461 1358 1532 Hieronymus
1403 1462 1454 1514 in
1487 1460 1833 1525 Zachariam;
1864 1469 1923 1514 ut.
1951 1458 2102 1514 vide-

507 1532 690 1587 bimus
717 1532 878 1600 paulo
901 1541 1039 1600 post.

587 1602 866 1672 Tamquam
886 1612 1215 1668 cremaretur.
1235 1601 1293 1656 In
1319 1602 1617 1656 Annalibus
1643 1601 1899 1672 Eutychii
1932 1602 2106 1672 scrip-

509 1681 622 1727 tum
647 1685 729 1727 est
749 1715 764 1739 ,
791 1672 1136 1726 Maximinum
1166 1674 1216 1727 in
1249 1673 1492 1727 morbum
1518 1673 1792 1736 incidisse,
1820 1688 1927 1744 quo
1949 1673 2109 1728 adus-

507 1753 623 1798 tum
651 1752 734 1799 est
765 1759 964 1811 corpus
991 1746 1158 1811 ipsius
1179 1745 1314 1798 adeo
1334 1785 1349 1807 ,
1379 1753 1435 1797 ut
1465 1745 1716 1797 carbonis
1745 1745 1912 1798 instar
1937 1754 2104 1804 esset.

506 1824 567 1870 et
597 1815 668 1868 ita
713 1824 908 1868 tostum
952 1813 1146 1878 fuisse,
1194 1825 1252 1868 ut
1303 1825 1683 1878 rumperentur
1729 1817 1938 1869 viscera
1991 1815 2108 1883 ejus

503 1899 620 1956 prae
647 1885 829 1938 calore
849 1900 1054 1956 ,quem
1090 1886 1230 1956 intus
1274 1885 1573 1956 sentiebat,
1603 1894 1658 1938 et
1684 1886 1994 1939 excidentes
2023 1886 2106 1952 ip-

507 1955 624 2010 Sius
649 1956 838 2008 oculos
869 1955 920 2008 in
949 1965 1146 2009 terram
1173 1955 1439 2010 decidisse
1460 1997 1474 2017 ,
1507 1955 1860 2024 adustainque
1889 1971 2108 2010 carnem

509 2025 582 2080 ab
607 2027 821 2079 ossibus
845 2036 1145 2091 separatam
1177 2041 1318 2080 esse.
1361 2025 1466 2079 Sed
1500 2025 1596 2078 ista
1644 2026 1837 2080 melius
1881 2026 2114 2094 explicat

507 2096 830 2150 Anastasius
854 2095 1295 2164 bihliotliecarius
1339 2097 1391 2150 in
1440 2095 1672 2150 Historia
1710 2097 2108 2164 ecclesiastica,

509 2165 597 2220 bis
628 2167 804 2220 verbis
847 2183 860 2220 :
905 2163 1091 2220 Divina
1119 2167 1427 2233 preueniens
1456 2168 1535 2220 ira
1561 2168 1939 2235 comprehendit
1971 2163 2108 2226 eum,

510 2236 753 2291 Flamma
784 2238 918 2290 enim
948 2238 1012 2290 de
1054 2237 1222 2291 medio
1252 2238 1501 2294 viscerum
1528 2248 1574 2289 et
1613 2238 1958 2290 medullarum
1986 2255 2108 2291 suc-

511 2323 663 2360 censa
691 2323 810 2360 cum
834 2307 1010 2361 dolore
1039 2307 1349 2361 intolerabili
1377 2325 1597 2376 pronum
1624 2325 1777 2371 super
1805 2319 1991 2361 terram
2019 2326 2112 2362 an-

512 2378 764 2430 helantem
789 2378 1062 2447 prostravit
1092 2379 1195 2451 ita,
1225 2387 1280 2430 ut
1308 2388 1516 2451 uterque
1547 2381 1725 2432 oculus
1752 2382 1866 2451 ejus
1891 2380 2111 2443 exiliret,

511 2457 560 2500 et
586 2465 750 2500 Circus
767 2489 782 2510 ,
812 2458 868 2501 ut
893 2464 1066 2502 revera
1089 2449 1329 2502 scelestus
1345 2489 1360 2512 ,
1391 2449 1783 2518 relinqueretur.
1810 2449 1975 2502 Porro
1997 2468 2114 2503 rum

514 2535 692 2590 carnes
716 2521 833 2590 ejus
861 2519 1162 2588 putrefacta:
1189 2535 1294 2584 pra:
1318 2520 1674 2590 innumerabili
1705 2522 1897 2573 ossium
1939 2521 2115 2574 incen«

513 2589 602 2663 dio
627 2589 882 2663 caderent,
917 2591 1025 2659 ipse
1047 2591 1428 2663 impugnantem
1451 2589 1850 2663 Deumyrojccit
1868 2592 2110 2645 animam.

514 2660 825 2731 sumpsisse
844 2668 1022 2714 autem
1046 2661 1146 2714 ista
1171 2662 1510 2715 Anastasium
1534 2677 1599 2715 ex
1621 2660 1974 2731 Theophane,
2001 2678 2115 2716 ma-

512 2728 769 2784 nifestum
795 2740 896 2784 est.

597 2797 880 2856 Nocentem
928 2801 1166 2872 spiritum
1213 2802 1412 2872 emovit.
1469 2800 1525 2855 In
1572 2802 1815 2870 Epitome
1876 2802 2114 2858 Victoris

519 2872 780 2939 scriptum
809 2880 926 2938 est,
975 2871 1128 2925 illum
1173 2871 1405 2938 simplici
1456 2883 1631 2927 morte
1663 2874 1885 2938 periisse
1907 2914 1923 2939 ,
1953 2874 2004 2928 id
2032 2884 2116 2928 est

517 2941 784 3006 naturali,
811 2957 905 2995 seu
934 2939 1044 2995 fato
1062 2957 1186 3012 suo.
1237 2941 1306 2998 Et
1332 2941 1621 3012 Eutropius
1659 2944 1850 3009 tradit,
1881 2960 2002 2998 eum
2034 2945 2117 2997 vi-

517 3013 702 3065 cinum
766 3011 988 3066 exitium
1048 3011 1270 3084 fortuita
1333 3011 1513 3068 morte
1552 3017 1899 3084 przevenisse.
1957 3015 2114 3082 Quod

515 3092 810 3151 utrumque
837 3097 1022 3138 verum
1060 3091 1164 3137 est.
1196 3082 1509 3138 Communis
1553 3082 1832 3139 doctorum
1875 3086 2112 3141 virorum

2195 477 2349 524 sexto
2395 483 2537 523 anno
2578 468 2848 522 Maximini
2902 467 3124 538 Augusti
3171 467 3321 523 addit
3346 481 3414 520 ex
3446 467 3683 538 nummis
3707 466 3794 520 vir

2193 540 2537 594 doctissimus
2579 540 2838 595 Henricus
2882 535 3072 599 Noris,
3120 554 3182 594 ea
3223 553 3350 591 sane
3399 552 3503 591 non
3546 535 3795 592 alliciunt

2194 610 2433 678 Opinioni
2488 626 2704 672 eorum,
2753 610 2841 680 qui
2872 625 3014 664 anno
3061 607 3261 664 Christi
3317 608 3458 671 515,
3510 609 3790 680 assignant

2197 692 2423 735 mortem
2454 680 2722 734 Maximini
2743 721 2756 742 ,
2776 679 2905 736 cum
2936 681 2980 734 is
2999 722 3013 747 ,
3036 681 3126 750 qui
3154 679 3365 734 titulum
3395 679 3617 746 Augusti
3638 679 3794 731 Sum-

2196 763 2379 821 pserat
2409 763 2640 806 exeunte
2671 768 2812 806 anno
2837 751 2973 812 307,
3002 763 3093 806 aut
3119 753 3219 806 sub
3251 751 3457 804 initium
3490 752 3789 817 sequentis,

2199 833 2411 876 sextum
2440 822 2649 889 imperii
2695 823 2777 876 sui
2829 837 3026 875 annum
3056 836 3344 876 numerare
3392 821 3629 887 potuerit
3655 836 3800 874 anno

2199 894 2325 948 3|3.
2357 893 2474 960 Quo
2518 908 2660 946 anno
2711 902 2979 947 mortuum
3013 908 3132 950 esse
3159 893 3344 955 illum,
3376 892 3590 962 probari
3618 901 3799 962 potest

2199 965 2360 1018 etiam
2391 968 2708 1017 auctoritate
2747 963 2950 1018 Aurelii
2986 962 3249 1022 Victoris.
3281 963 3373 1031 qui
3422 961 3643 1023 scribit,
3673 977 3798 1015 eum

2157 1078 2162 1080 .
2202 1045 2321 1104 post
2343 1034 2544 1086 biennii
2572 1047 2855 1104 augustum
2887 1035 3192 1100 imperium,
3220 1033 3272 1088 id
3294 1042 3402 1104 est,
3429 1033 3646 1104 biennio
3676 1042 3796 1104 post

2203 1102 2431 1158 inortem
2454 1102 2687 1168 Galerii,
2715 1105 2890 1159 fusum
2920 1105 3262 1174 lugatumque
3307 1121 3334 1156 a
3386 1102 3622 1166 Licinio,
3653 1103 3797 1172 apud

2204 1175 2426 1229 Tarsum
2481 1177 2722 1240 periisse.
2769 1176 2900 1230 Nam
2949 1192 3071 1229 cum
3109 1175 3355 1230 Galerius
3409 1175 3679 1227 extinctus
3734 1175 3806 1228 sit

2204 1261 2346 1301 anno
2376 1247 2515 1308 511,
2565 1263 2747 1300 mense
2794 1247 2964 1309 Maio,
3011 1246 3332 1300 Maximinus
3381 1247 3617 1298 moriens
3663 1261 3807 1298 anno

2206 1318 2333 1382 515,
2365 1326 2512 1371 recte
2545 1319 2798 1372 scribitur
2828 1319 3100 1372 biennium
3137 1318 3192 1371 in
3235 1315 3454 1371 Oriente
3505 1330 3761 1384 regnasse
3789 1332 3803 1378 ;

2207 1387 2297 1457 qui
2327 1387 2369 1441 si
2399 1403 2542 1442 anno
2572 1398 2777 1442 tantum
2805 1389 2912 1443 3M
2937 1400 3182 1444 mortuus
3224 1387 3812 1457 l‘iiisset,excessisset

2208 1456 2480 1512 biennium
2505 1501 2518 1522 ,
2550 1459 2691 1527 quod
2721 1459 2794 1512 illi
2823 1459 3074 1514 tribuitur
3102 1459 3170 1512 ab
3198 1457 3416 1512 Aurelio
3451 1456 3692 1511 Victore.

2281 1527 2385 1581 Ista
2415 1545 2514 1596 ego
2548 1539 2855 1598 putaveram
2886 1545 3012 1584 vera
3051 1545 3201 1592 esse,
3251 1538 3343 1582 aut
3387 1542 3515 1580 vero
3564 1527 3762 1580 similia
3791 1568 3807 1592 ,

2209 1599 2352 1671 quod
2385 1601 2580 1653 nullam
2609 1601 2768 1654 aliam
2799 1601 3109 1671 emergendi
3141 1615 3207 1654 ex
3237 1615 3297 1652 ea
3321 1598 3804 1671 diﬂicultateviam

2211 1670 2508 1724 invenirem
2541 1685 2735 1740 prmter
2759 1668 3019 1726 rationem
3072 1669 3386 1724 numerandi
3431 1682 3601 1722 annos
3644 1668 3816 1723 Maxi-

2215 1740 2346 1794 mini
2376 1759 2406 1795 a
2439 1741 2682 1795 kalendis
2711 1743 2879 1796 Maiis.
2914 1743 3102 1798 Postea
3148 1740 3228 1795 vir
3263 1741 3509 1810 plurimae
3559 1740 3814 1795 lectionis

2214 1811 2492 1878 limatique
2514 1813 2700 1878 judicii
2733 1812 2996 1867 Henricus
3023 1813 3328 1866 Dodwellus
3350 1811 3490 1864 hanc
3518 1824 3694 1864 meam
3720 1826 3832 1874 ex:

2214 1883 2559 1952 plicatiouem
2587 1885 2797 1938 censuit
2824 1900 2928 1937 nou
2955 1900 3077 1938 esse
3109 1885 3324 1945 bonam,
3359 1897 3424 1936 eo
3451 1881 3592 1950 quod
3623 1881 3815 1936 sa~euli

2214 1951 2356 2006 illius
2385 1969 2483 2007 usu
2513 1965 2788 2022 receptum
2820 1970 2926 2008 non
2969 1964 3146 2019 esset,
3180 1963 3237 2008 ut
3264 1953 3388 2006 anni
3421 1951 3814 2020 imperatorum

2211 2034 2617 2078 arcesserentur
2641 2025 2709 2079 ab
2734 2041 2922 2080 eorum
2954 2027 3042 2081 die
3071 2025 3231 2078 natali
3255 2069 3266 2090 ,
3310 2032 3538 2077 testatus
3588 2031 3771 2076 tamen
3797 2064 3817 2086 ,

2214 2109 2274 2147 se
2307 2109 2533 2162 pronum
2563 2109 2684 2150 esse
2733 2097 2785 2149 in
2837 2113 2954 2150 eam
3001 2097 3323 2152 sententiam
3372 2092 3712 2156 concedere,
3765 2096 3816 2148 si

2216 2164 2412 2218 idoneo
2461 2167 2642 2231 aliquo
2694 2167 3040 2236 probataeque
3091 2168 3210 2221 lidei
3262 2165 3510 2233 exemplo
3553 2179 3680 2217 usus
3713 2164 3820 2236 ille

2217 2245 2400 2304 posset
2429 2234 2759 2292 conﬁrmari.
2792 2234 2965 2292 Aliam
3011 2254 3142 2306 ergo
3181 2238 3320 2290 viam
3350 2235 3611 2304 sequitur,
3659 2234 3816 2289 edic-

2217 2315 2435 2373 tumque
2463 2309 2764 2374 superioris
2793 2310 2917 2362 anni
2947 2305 3430 2363 commemoratum
3454 2322 3482 2357 a
3525 2305 3820 2358 Maximino

2215 2388 2433 2430 revocat
2457 2379 2521 2431 ad
2552 2393 2748 2431 annum
2777 2379 2975 2433 Christi
3004 2381 3109 2434 3l2
3134 2387 3428 2433 exeuntem
3448 2417 3463 2441 ,
3489 2387 3819 2446 argumento

2216 2457 2433 2515 sumpto
2463 2465 2526 2502 ex
2559 2449 2676 2515 lege
2705 2449 3041 2504 Constantini
3066 2451 3208 2504 edita
3241 2450 3293 2504 in
3336 2446 3536 2502 Codice
3562 2447 3820 2501 Theodo-

2216 2518 2408 2588 siano,
2431 2535 2585 2588 quam
2616 2518 2793 2573 Romae
2821 2521 2977 2574 edidit
3004 2523 3095 2574 sub
3124 2521 3328 2574 initium
3363 2517 3656 2571 Decembris
3683 2559 3697 2579 ,
3729 2518 3818 2570 in-

2217 2587 2364 2657 quit,
2395 2587 2486 2643 sed
2520 2591 2682 2644 Roma
2711 2597 2880 2645 statim
2908 2594 3240 2646 discessurus.
3279 2592 3462 2656 Itaque
3491 2589 3773 2642 existimat
3798 2629 3815 2653 ,

2217 2659 2451 2714 edictum
2480 2658 2818 2717 Coostantini
2845 2672 2899 2717 et
2928 2662 3115 2716 Licinii
3144 2662 3212 2716 de
3244 2676 3374 2729 pace
3415 2658 3676 2716 Ecclesia:
3706 2659 3809 2712 da.

2220 2738 2332 2784 tum
2373 2729 2656 2785 Mediolani
2687 2733 2922 2787 tnedium
2962 2733 3179 2788 circiter
3225 2731 3572 2786 Decembrem
3625 2745 3819 2796 perve-

2219 2799 2365 2871 nisse
2407 2803 2598 2856 eodem
2646 2818 2831 2858 mense
2875 2803 2942 2858 ad
2993 2804 3368 2863 Maximinum,
3397 2815 3626 2871 eumque
3658 2800 3811 2867 prius

2218 2870 2348 2925 illud
2376 2871 2610 2927 edictum
2654 2875 2706 2928 in
2753 2875 2991 2929 secundo
3037 2880 3518 2928 commemoratum
3566 2871 3820 2925 emittere

2220 2944 2458 3011 potuisse
2484 2944 2674 2998 eodem
2718 2959 2881 3000 anno.
2912 2945 3073 2998 Addit
3098 2944 3294 2999 deinde
3314 2983 3326 3003 .
3353 2957 3458 2996 non
3506 2956 3627 2995 esse
3667 2941 3816 3010 quod

2217 3014 2339 3080 quis
2368 3016 2592 3069 miretur
2622 3016 2719 3069 ista
2749 3017 2828 3071 sic
2849 3015 3138 3078 constitui,
3170 3017 3213 3069 si
3245 3013 3646 3068 veredarioruin
3675 3013 3821 3066 cele-

2218 3083 2469 3156 ritatem.
2510 3086 2820 3156 ipsiusque
2883 3087 3159 3142 Maximini
3227 3099 3468 3156 praeceps
3538 3083 3817 3152 ingenium

517 3153 783 3208 sententia
809 3162 913 3217 est,
939 3167 1056 3208 eam
1084 3163 1312 3207 mortem
1335 3157 1583 3208 evenisse
1603 3170 1744 3208 anno
1763 3155 1960 3212 Christi
1986 3157 2112 3211 3l3.
2142 3155 2188 3219 C
2221 3153 2859 3222 exploratumliabuerit.

517 3223 770 3295 Petavius
802 3233 977 3279 tamen
1008 3224 1047 3276 l.
1079 3238 1133 3276 xi
1161 3224 1229 3278 de
1260 3225 1506 3278 Doctrina
1540 3234 1842 3295 temporum
1874 3242 1992 3295 cap.
2021 3229 2114 3294 54,

521 3293 742 3364 scribit,
777 3305 998 3348 auctore
1021 3335 1037 3364 ,
1069 3303 1126 3346 ut
1153 3295 1267 3361 ipse
1311 3295 1415 3364 ait,
1448 3296 1679 3350 Eusebio
1726 3298 1776 3350 in
1805 3293 2114 3364 Chronico,

518 3363 974 3434 adstipulantibns
996 3363 1216 3418 Victore
1242 3373 1298 3419 et
1324 3363 1616 3434 Eutropio,
1647 3365 1992 3421 Maximinum
2023 3363 2118 3422 ex~9

519 3434 748 3486 tinctum
778 3433 941 3488 fuisse
968 3449 1110 3488 anno
1139 3435 1314 3489 altero
1333 3476 1348 3499 ,
1377 3433 1534 3504 quam
1566 3437 1812 3492 Galerius
1842 3438 2117 3492 Maximia-

522 3519 626 3557 nus
652 3505 836 3573 periit,
868 3505 919 3557 id
941 3515 1023 3559 est
1042 3546 1055 3569 ,
1087 3522 1227 3558 anno
1252 3505 1451 3560 Christi
1479 3507 1603 3561 512.
1633 3507 1832 3560 Verum
1861 3523 1980 3562 cum
2007 3525 2118 3562 cer-

518 3587 632 3648 tum
680 3576 786 3648 sit,
841 3575 996 3648 illum
1036 3576 1420 3648 obiisseAanno
1450 3579 1694 3648 sequenti
1744 3588 1864 3646 post
1911 3580 2115 3634 caulem

519 3643 772 3718 Maxentii
793 3645 954 3718 ,jure
983 3645 1086 3718 hoc
1115 3648 1232 3700 loco
1259 3643 1544 3718 Petaviuui
1574 3643 1924 3718 reprehendit
1969 3651 2117 3704 Hen-

521 3717 670 3770 ricus
698 3714 872 3770 Noris.
923 3717 1028 3770 Sed
1070 3717 1188 3784 ipse
1216 3728 1393 3771 tamen
1423 3717 1474 3772 iu
1505 3718 1608 3773 hoc
1634 3714 1817 3774 errare
1839 3722 2116 3774 convinci-

519 3795 631 3848 tur,
655 3787 796 3854 quod
819 3796 1034 3841 secutus
1057 3788 1347 3841 Baronium
1385 3790 1666 3844 contendit
1699 3800 1929 3845 mortem
1955 3791 2117 3845 Maxi-

523 3856 657 3910 mini
687 3859 980 3924 contigisse
1022 3873 1163 3910 anno
1195 3859 1300 3911 3H
1323 3897 1340 3920 ,
1383 3859 1603 3914 ineunte
1649 3875 1797 3914 vere.
1831 3861 1961 3914 Nam
1993 3878 2114 3915 cum

524 3939 593 4000 ex
625 3929 914 3993 postremis
955 3927 1220 3981 Lactantii
1248 3929 1512 4000 capitibus
1536 3941 1777 3995 constet,
1812 3931 1963 3984 illum
1995 3948 2116 4000 per-

527 3994 657 4068 iisse
693 4010 761 4068 eo
791 4012 957 4068 anno,
985 4011 1099 4068 quo?
1123 4013 1224 4065 pax
1254 3994 1376 4051 data
1404 4009 1487 4052 est
1515 3994 1790 4064 Ecclesiai,
1822 4018 1927 4068 quo
1955 3994 2115 4056 etiam

522 4065 834 4121 Lactantius
884 4065 1045 4139 linem
1089 4067 1345 4134 imposuit
1393 4068 1516 4123 huic
1565 4072 1746 4137 Operi,
1777 4065 2113 4139 et'persecuo

523 4139 728 4191 tionem
755 4138 1152 4192 ostenderimus
1177 4140 1406 4206 ciepisse
1436 4155 1577 4194 anno
1601 4141 1706 4195 303
1723 4182 1736 4205 ,
1765 4138 1995 4195 exeunte
2019 4144 2119 4196 Fe-

527 4208 786 4273 bruario,
838 4209 959 4262 luce
1007 4208 1204 4262 clarius
1257 4221 1374 4274 est,
1426 4210 1773 4266 Maximinum
1820 4215 2115 4268 extinctum

525 4278 692 4353 fuisse
719 4295 860 4353 anno
887 4279 1020 4342 515,
1054 4280 1145 4353 qui
1175 4279 1416 4353 decimus
1446 4291 1564 4336 erat
1595 4298 1626 4336 a
1655 4293 1832 4351 empta
1863 4299 2117 4353 persecu-

523 4351 691 4403 tione.
723 4350 920 4404 Nititur
943 4365 1073 4403 sane
1097 4352 1177 4403 vir
1201 4352 1391 4421 doctus
1413 4353 1672 4419 probabili
1696 4350 2004 4421 inspeciem
2032 4372 2119 4409 ar-

526 4433 815 4489 gumento,
859 4421 924 4474 iis
964 4421 1212 4474 nimirum
1257 4420 1525 4476 Maximini
1570 4424 1748 4478 verbis
1794 4420 1858 4478 ex
1901 4426 2115 4491 edicto,

524 4494 668 4558 quod
699 4492 858 4559 paulo
888 4500 1013 4543 ante
1043 4501 1268 4560 mortem
1297 4492 1446 4546 dedit
1486 4494 1538 4547 in
1588 4496 1810 4560 gratiam
1857 4495 2117 4550 Christia-

527 4575 719 4634 norum
750 4560 891 4629 apud
923 4559 1248 4634 Eus_eb_ium_,
1281 4562 1371 4634 lib.
1407 4579 1493 4627 ix,
1527 4559 1645 4634 cap.
1682 4565 1778 4628 10,
1810 4567 1900 4619 ubi
1925 4569 2026 4626 ait.
2057 4582 2116 4621 se

524 4633 806 4704 superiore
835 4645 977 4704 anno
1004 4629 1144 4704 datis
1171 4630 1239 4682 ad
1268 4632 1505 4704 singulos
1551 4629 1946 4702 provinciarum
1980 4652 2116 4704 prae-

526 4699 1178 4772 sideslitterisstatuisse
1217 4701 1438 4772 eadem,
1470 4699 1589 4772 qua:
1614 4704 1666 4757 in
1697 4699 2030 4760 Constantini
2063 4718 2114 4762 et

528 4769 718 4842 Licinii
764 4769 957 4842 litteris
999 4770 1434 4842 continebantur.
1461 4769 1593 4826 Cum
1627 4775 1809 4842 itaque
1853 4790 1915 4830 ea
1946 4775 2116 4830 Cons-

528 4841 720 4894 tantini
749 4855 812 4895 ac
851 4840 1040 4912 Licinii
1084 4841 1397 4912 constitutio
1426 4844 1528 4896 lata
1576 4840 1733 4899 fuerit
1783 4860 1925 4898 anno
1973 4848 2112 4912 515,

524 4912 775 4986 ineunte,
817 4911 1220 4986 evidentissima
1264 4913 1446 4986 lucere
1474 4916 1662 4980 istam,
1707 4931 1826 4984 quae
1869 4911 2112 4986 sequenti

525 4999 670 5036 anuo
695 4983 814 5035 data
843 4993 956 5043 est,
987 4983 1039 5036 iu
1067 4999 1264 5036 almum
1286 4983 1390 5036 514
1414 4983 1756 5054 rejiciendam
1780 4983 2118 5051 (βεδε,ὸὰεο-

528 5067 633 5136 que
661 5068 725 5132 eo
751 5068 894 5106 anno
925 5063 1206 5123 tyrannum
1243 5054 1530 5136 imperium
1560 5071 1682 5110 cum
1709 5059 1814 5136 vita
1845 5057 2111 5136 amisisse.

528 5125 719 5176 Gravis
745 5137 876 5177 sane
899 5126 1321 5192 argumentatio,
1350 5127 1396 5180 si
1435 5135 1739 5192 constaret,
1767 5127 2112 5184 Maximinum

526 5208 840 5247 numerasse
867 5209 1038 5248 annos
1062 5210 1188 5248 suos
1209 5210 1236 5247 a
1260 5193 1503 5250 kalendis
1529 5196 1814 5251 Januariis.
1856 5199 1961 5254 Sed
1991 5217 2113 5254 cum

523 5270 752 5335 octavus
782 5264 994 5335 imperii
1038 5265 1156 5332 ejus
1183 5279 1356 5319 annus
1387 5268 1639 5335 impletus
1666 5269 1824 5322 fuerit
1867 5268 2114 5325 kalendis

523 5331 676 5386 Maiis
704 5336 828 5386 anni
854 5333 988 5398 3l3,
1020 5331 1077 5386 ut
1102 5335 1258 5388 docet
1285 5331 1592 5392 Lactantius
1615 5379 1631 5404 ,
1672 5340 1906 5392 edictum
1951 5342 2020 5394 ab
2047 5359 2113 5395 eo

523 5413 645 5472 post
670 5404 872 5477 aliquot
920 5420 1131 5477 nienses
1176 5405 1358 5460 datum
1404 5408 1470 5461 ad
1514 5419 1860 5477 sequentem,
1895 5410 1944 5462 id
1985 5421 2106 5477 est,

523 5488 727 5527 nonum
759 5475 965 5542 imperii
992 5473 1112 5543 ejus
1137 5489 1334 5529 annum
1365 5473 1629 5543 refertur;
1665 5479 1756 5532 sed
1782 5495 1888 5533 non
1917 5481 1983 5533 ad
2014 5473 2108 5534 an;

520 5560 649 5598 num
681 5541 874 5598 Christi
905 5541 1045 5608 3M,
1080 5549 1373 5612 przesertim
1403 5564 1522 5602 cum
1553 5541 1623 5603 ex
1664 5549 1972 5604 narratione
2002 5553 2108 5607 Eu-

515 5615 651 5690 sebii
679 5626 918 5690 coiistet,
945 5614 1129 5690 datum
1155 5632 1273 5670 esse
1320 5621 1479 5686 paulo
1507 5629 1790 5690 postquam
1835 5636 1864 5673 a
1897 5621 2104 5679 Licinio

511 5685 688 5740 victus
710 5698 845 5757 erat.
876 5684 1057 5757 Itaque
1087 5684 1349 5740 Baronius
1377 5699 1431 5742 et
1469 5684 1748 5744 victoriam
1779 5690 1971 5746 Licinii
2000 5735 2013 5757 ,
2046 5705 2101 5750 et

503 5759 707 5811 exitum
736 5755 1007 5813 Maximini
1036 5756 1373 5828 conjungens
1392 5799 1408 5826 ,
1455 5759 1556 5814 ista
1581 5761 1870 5836 contigisse
1917 5755 2104 5823 scribit

2299 3225 2547 3280 Arbitror
2576 3242 2695 3280 eam
2725 3243 2847 3282 esse
2891 3229 2989 3281 viri
3038 3226 3355 3283 modestiam
3388 3234 3443 3280 et
3472 3223 3818 3295 aequabilita-

2226 3304 2333 3367 tem
2357 3337 2371 3360 ,
2417 3305 2475 3349 ut
2504 3313 2610 3350 non
2651 3313 2793 3367 aigre
2825 3315 3080 3366 passurus
3109 3300 3209 3364 sit,
3241 3300 3285 3353 si
3333 3297 3454 3350 heic
3483 3301 3818 3367 adnotavero

2223 3364 2588 3432 difﬁcultates,
2619 3364 2739 3436 qua:
2767 3364 2894 3423 mihi
2942 3379 3294 3424 occurrerunt
3323 3371 3440 3435 ejus
3471 3367 3632 3422 verba
3663 3366 3815 3420 serio

2222 3437 2549 3491 examinanti
2572 3480 2585 3501 ,
2619 3455 2724 3494 non
2754 3441 2897 3507 quod
2944 3442 2991 3494 ei
3025 3457 3110 3493 me
3139 3441 3454 3508 praeponere
3474 3479 3487 3501 ,
3518 3448 3608 3491 aut
3638 3437 3815 3504 :cqui-

2223 3521 2417 3570 parare
2447 3510 2605 3562 velim
2641 3527 2655 3564 :
2681 3510 2776 3564 sed
2816 3522 2872 3564 ut
2895 3527 2992 3580 per
3020 3513 3223 3566 amicas
3251 3510 3586 3562 velitationes
3614 3509 3812 3561 verita~

2224 3586 2331 3630 tem
2364 3593 2669 3651 quaeramus
2700 3579 2924 3636 invicem
2952 3597 2967 3646 ;
3001 3582 3090 3651 qui
3133 3597 3252 3636 esse
3277 3580 3440 3634 debet
3468 3579 3815 3651 uuicus_sco-

2225 3663 2322 3714 pus
2352 3650 2649 3703 studiorum
2683 3648 3034 3706 nostrorum.’
3062 3653 3242 3706 Pritno
3271 3653 3460 3714 fateor,
3512 3664 3616 3702 non
3647 3648 3820 3704 fuisse

2225 3727 2337 3770 tum
2368 3718 2420 3772 in
2454 3735 2585 3786 usu,
2615 3725 2816 3776 utanni
2850 3733 3262 3776 numerarentur
3291 3738 3320 3775 a
3367 3722 3455 3776 die
3498 3719 3659 3774 natali
3710 3721 3816 3772 im-

2222 3801 2555 3856 peratorum,
2585 3794 2676 3846 sed
2725 3809 2754 3847 a
2797 3793 3040 3848 kalendis
3087 3793 3385 3855 Januariis,
3409 3807 3438 3845 a
3463 3792 3819 3860 processione

2223 3864 2540 3934 consulum,
2572 3866 2661 3930 qui
2694 3863 2860 3917 fastos
2886 3865 3167 3934 signabaut
3188 3905 3203 3927 ,
3229 3876 3281 3918 et
3307 3865 3464 3916 annis
3494 3877 3689 3916 nomen
3718 3863 3820 3934 ilu-

2225 3932 2526 3998 ponebaut,
2561 3943 2617 3987 ut
2647 3935 2823 3988 verbis
2849 3930 3109 3989 Lactantii
3141 3944 3259 3988 utar
3287 3949 3318 3988 e
3348 3933 3484 3987 libro
3515 3944 3672 3986 sexto
3718 3930 3811 3984 lii--

2228 4002 2595 4074 stitutionum,
2625 4020 2746 4073 cap.
2769 4005 2827 4060 4.
2859 4006 3011 4073 Quod
3044 4010 3087 4060 si
3133 4006 3254 4074 quis
3299 4015 3473 4059 tamen
3521 4005 3640 4057 heic
3683 4018 3819 4055 con-

2226 4073 2445 4143 tendere
2474 4075 2636 4128 vellet
2657 4116 2670 4135 ,
2701 4076 2882 4130 alferri
2913 4073 3195 4129 adversum
3224 4077 3321 4128 ista
3351 4085 3531 4143 posset
3556 4075 3818 4128 observa-

2225 4142 2303 4194 tio
2326 4143 2680 4214 illustrissimi
2713 4147 3003 4200 cardinalis
3028 4146 3243 4200 Baronii
3267 4187 3281 4208 ,
3309 4142 3399 4214 qui
3426 4147 3477 4198 iu
3506 4144 3814 4198 Annalibus

2223 4213 2602 4268 ecclesiasticis
2645 4217 2896 4280 adnotat,
2934 4213 3341 4272 Diocletianum,
3372 4217 3705 4277 instituisse,
3756 4225 3817 4267 ut

2223 4285 2348 4356 anui
2377 4285 2633 4354 deinceps
2663 4299 3076 4341 numerarentur
3104 4304 3133 4340 a
3166 4289 3333 4356 prima
3378 4287 3465 4339 die
3513 4287 3591 4338 sui
3647 4286 3818 4350 impe-

2223 4354 2287 4406 rii
2310 4395 2325 4418 ,
2355 4371 2526 4424 eoque
2551 4359 2802 4426 exemplo
2831 4354 3176 4411 Maximinum
3195 4399 3210 4422 ,
3236 4359 3324 4427 qui
3355 4358 3404 4411 ei
3441 4368 3774 4427 successerat
3799 4399 3813 4415 ,

2223 4439 2394 4476 annos
2425 4443 2553 4479 suos
2602 4429 2791 4482 eodem
2844 4430 3004 4482 modo
3056 4426 3442 4482 numeravisse.
3491 4426 3596 4481 Sed
3649 4428 3814 4478 missa

2143 4532 2198 4592 Β
2224 4495 2324 4592 ista
2355 4496 2649 4592 Ιξιᾳιςιιιιιιε,Ι
2670 4501 3139 4592 ιιιιωιεειὶιηῖιιὶἱε
3167 4510 3406 4581 veterum
3442 4513 3547 4592 ngn
3578 4498 3817 4578 t'ulciun-

2224 4576 2329 4618 tur.
2365 4567 2452 4620 Ait
2497 4568 2576 4621 vir
2605 4570 2966 4634 clarissimos,
3014 4569 3422 4624 Constantinum
3474 4568 3697 4621 Romam
3733 4570 3818 4619 in-

2223 4651 2465 4705 gressum
2495 4654 2616 4692 esse
2636 4640 2724 4694 die
2751 4640 2821 4694 “29
2844 4640 3094 4694 Octobris
3113 4681 3129 4705 ,
3161 4640 3374 4708 illicque
3417 4639 3554 4692 ditus
3598 4652 3817 4694 menSes

2225 4723 2329 4780 uno
2358 4708 2687 4780 explevisse;
2721 4711 2862 4778 quod
2911 4712 3117 4780 accepit
3150 4726 3214 4766 ex
3265 4711 3613 4780 panegyrico,
3650 4724 3816 4776 qiiem

2219 4777 2477 4832 Nazarius
2500 4778 2852 4834 Constantino
2879 4777 3131 4835 dixitCAt
3157 4784 3200 4834 si
3231 4782 3332 4835 sub
3361 4777 3571 4834 iit—Itium
3605 4781 3814 4832 mensis

2225 4847 2537 4922 Decembris
2564 4852 2788 4922 llomam
2820 4853 3033 4920 reliquit
3053 4894 3066 4914 ,
3101 4862 3158 4906 ut
3199 4867 3266 4906 ex
3300 4852 3415 4922 lege
3443 4851 3688 4920 superius
3718 4849 3816 4922 ad-

2222 4918 2382 4990 ducta
2400 4919 2576 4987 colligi
2600 4936 2756 4988 posse
2783 4918 2986 4990 putavit
3013 4923 3092 4975 vir
3115 4918 3530 4980 eruditissimus,
3563 4922 3702 4988 perit
3726 4920 3818 4974 illa

2222 4988 2492 5060 bimestris
2522 5007 2688 5056 cura,
2737 4988 2898 5060 quam
2949 4993 3130 5047 laudat
3169 4993 3444 5046 Nazarius.
3491 4993 3702 5059 Quippe
3749 5008 3818 5044 eo

2223 5061 2384 5134 modo
2405 5059 2792 5134 Constantinus
2830 5065 2917 5117 vix
2964 5079 3150 5118 mense
3181 5066 3389 5134 integro
3417 5063 3570 5116 fuerit
3602 5063 3813 5134 llomze.

2221 5131 2329 5202 Sed
2359 5132 2500 5202 quod
2528 5132 2771 5200 jugulum
2803 5137 2968 5202 petit,
3016 5144 3200 5200 extat,
3231 5131 3314 5187 uti
3335 5135 3598 5202 diximus.
3633 5132 3685 5185 in
3718 5148 3816 5185 co-

2219 5201 2340 5272 dice
2367 5201 2651 5257 Justiniani
2682 5201 2815 5272 imp.
2843 5206 2934 5258 lib.
2969 5221 3021 5258 xi
3047 5246 3062 5265 ,
3098 5206 3178 5258 tit.
3210 5205 3310 5270 57,
3345 5203 3430 5258 lex
3473 5219 3502 5256 a
3546 5201 3816 5257 Constan-

2220 5271 2332 5325 tino
2387 5273 2508 5326 data
2540 5271 2770 5344 Romae
2799 5275 3102 5329 declinante
3151 5292 3339 5331 mense
3389 5274 3673 5337 Januario,
3725 5291 3817 5344 qui

2221 5344 2498 5414 proximus
2527 5343 2626 5398 fuit
2659 5355 2778 5412 post
2821 5348 3115 5400 extinctum
3159 5345 3518 5405 Maxentium,
3549 5359 3671 5414 quae
3702 5343 3816 5397 ma-

2219 5413 2440 5479 nil’este,
2475 5423 2529 5468 ut
2576 5430 2717 5476 reor,
2747 5415 2983 5470 ostendit
3006 5457 3022 5481 ,
3063 5414 3474 5470 Constantinum
3505 5413 3677 5468 Ruina
3725 5417 3810 5468 di-

2210 5499 2456 5553 gressum
2481 5501 2586 5539 non
2615 5501 2735 5540 esse
2762 5497 2887 5541 ante
2933 5502 3174 5543 mensem
3219 5487 3533 5541 Januarium
3585 5500 3807 5540 exeun-

2207 5562 2336 5627 tem.
2365 5554 2629 5627 Prteterea
2659 5557 2979 5612 immensum
3006 5570 3092 5613 est
3120 5561 3350 5627 spatium
3379 5559 3446 5611 ab
3473 5557 3604 5627 urbe
3628 5555 3806 5611 Roma

2207 5624 2564 5681 Mediolanum
2584 5669 2598 5690 ,
2621 5627 2764 5697 quod
2789 5630 2985 5699 exiguo
3013 5624 3272 5697 temporis
3300 5626 3582 5699 intervallo
3605 5628 3806 5682 conﬁci

2207 5711 2312 5749 non
2347 5707 2556 5764 potest,
2589 5713 2710 5751 cum
2743 5715 2796 5752 ιι.
2831 5698 3020 5754 p.528
3049 5710 3398 5753 numerentur
3429 5698 3479 5751 in
3514 5698 3804 5752 ltitierario

2205 5765 2488 5831 Antonini,
2523 5783 2555 5824 a
2579 5767 2880 5825 Mediolano
2907 5783 3085 5825 autem
3117 5769 3486 5839 Nicomediam
3533 5781 3801 5836 quAtuor-
