4058 6188
249 253 345 310 385

813 239 1090 299 JOANNIS
1128 242 1423 300 COLUMBI
1462 242 1670 300 NOTAE
1711 244 1777 299 IN
1819 239 1948 300 LIB.
1994 244 2082 300 DE
2121 245 2468 305 MORTIBUS
2507 246 2888 308 PERSECUT.

3391 251 3496 309 386

247 361 532 422 sententiam
557 355 784 416 trahere,
811 358 895 434 cui
923 357 1099 434 omnis
1127 357 1581 434 retroantiquitas
1598 356 1790 434 adver-
1819 361 1871 420 Α
1897 356 2231 412 kalendarum
2259 402 2273 425 ,
2304 376 2468 415 unum
2501 364 2857 432 eamdemque
2902 362 3042 418 diem
3089 364 3446 422 demonstrari
3475 411 3491 434 ,

247 447 390 492 satur.
419 432 469 486 In
498 428 731 482 obscuris
759 426 924 486 enim,
960 437 1016 479 ut
1044 427 1202 480 docet
1234 425 1373 480 idem
1407 425 1602 480 Paulus
1623 469 1637 492 ,
1675 429 1790 482 ins-

245 508 333 578 pici
357 504 482 559 solet
502 499 635 568 quod
665 497 1010 552 verisimilius
1033 507 1146 563 est,
1169 508 1263 551 attt
1301 497 1443 567 quod
1477 498 1794 570 plerumque

304 580 340 630 ri
368 575 513 629 solet.

245 585 513 703 'legcigliiii
534 657 624 695 vos
647 640 822 693 solere
847 637 1080 708 quodam
1113 638 1231 692 loco
1256 639 1549 706 Ciceronis,
1577 655 1671 695 seu
1701 655 1792 708 po-

244 719 330 774 tius
354 717 416 771 Μ.
440 715 583 768 ιῑωιὶι
611 713 677 766 ad
698 711 1015 764 Ciceronem
1044 710 1352 775 scribentis,
1394 725 1458 764 ex
1491 727 1600 773 quo
1636 711 1793 765 colli-

242 791 361 858 gitis,
387 802 499 841 cum
525 795 760 858 tempora
777 781 1033 858 divisisse
1055 781 1109 833 in
1135 790 1261 858 ante
1285 792 1340 834 et
1366 791 1484 850 post
1510 781 1790 858 kalendas,

243 851 342 932 quia
386 859 428 911 is
472 851 645 915 refert,
678 853 882 932 dixisse
930 851 1263 932 Pompeium,
1295 869 1346 904 se
1386 862 1504 932 ante
1548 851 1794 932 kalendas

242 923 430 986 Μαι-ηαδ
465 943 561 980 non
600 939 748 992 posse
790 925 900 975 sine
927 923 1117 992 injuria
1155 924 1218 974 de
1259 924 1529 992 provinciis
1581 925 1794 977 Ctesaris

242 942 430 986 Martias
465 943 561 980 non
600 942 748 992 posse
790 942 900 975 une
927 942 978 974 ιη
1007 942 1117 973 una
1155 942 1218 974 ac
1259 942 1529 992 provmms
1581 942 1794 977 (Aesaris

242 1012 430 1055 statuere
454 1038 470 1060 ,
523 1005 630 1065 post
673 993 916 1065 kalendds
961 942 1178 1065 [lenitis
1218 1011 1271 1046 se
1308 1011 1407 1046 non
1431 994 1794 1065 dubitaturum

242 1072 427 1143 (Cicero,
459 1062 687 1143 lilinvttt
733 1065 801 1117 ad
855 1062 1045 1143 ζ”ηιιιὶιΓ
1091 1062 1262 1143 Epist.
1314 1065 1390 1143 8).
1426 1064 1621 1143 Verum
1642 1082 1792 1143 ncttlll

241 1135 363 1198 locus
403 1141 487 1194 ille
533 1139 602 1193 sit
651 1136 910 1204 temporis
955 1135 1350 1188 iudeterntinati
1404 1147 1458 1189 et
1511 1135 1792 1202 indefiniti,

240 1214 361 1268 nullo
388 1219 534 1279 pacto
555 1210 706 1276 juvat
733 1207 1044 1274 Opinionem
1078 1217 1332 1279 vestram,
1370 1221 1540 1279 neque
1569 1222 1686 1260 eam
1719 1207 1796 1259 la-

241 1275 472 1344 befactat,
525 1275 686 1350 quant
740 1292 840 1346 ego
888 1286 1063 1350 tueor.
1115 1275 1284 1329 Nemo
1323 1276 1464 1330 enim
1511 1278 1791 1340 difiitetur,

240 1356 340 1424 quin
373 1353 468 1405 dici
519 1347 725 1424 optime
756 1347 958 1416 possit,
993 1361 1105 1424 rem
1143 1352 1444 1424 quampiam
1486 1363 1588 1424 non
1612 1363 1796 1424 posse

239 1417 303 1492 agi
323 1435 432 1478 ante
463 1417 743 1492 kaléudas,
775 1431 933 1487 posse
956 1419 1038 1485 agi
1072 1428 1189 1484 post
1211 1417 1484 1492 kalendas.
1519 1419 1622 1492 Sed
1655 1422 1792 1472 istud

244 1487 328 1549 non
357 1494 555 1563 probat,
585 1491 700 1545 dies
745 1491 833 1556 qui
875 1497 1172 1563 sequuntur
1191 1499 1319 1563 post
1345 1487 1636 1563 kalendas,
1668 1505 1798 1544 cou-

237 1555 392 1620 suesse
422 1563 671 1632 conjungi
713 1555 835 1612 cum
885 1555 1127 1632 kalendis
1149 1599 1162 1622 ,
1189 1557 1340 1632 itaut
1377 1560 1608 1628 exempli
1635 1575 1794 1614 causa

237 1652 335 1705 quae
353 1645 458 1690 acta
488 1628 619 1705 sunt
637 1628 705 1705 41
736 1628 1186 1705 itlus_Januarias,
1216 1630 1320 1683 dici
1352 1645 1564 1700 quoque
1590 1633 1798 1700 possint

236 1698 331 1762 acta
356 1715 465 1776 post
488 1707 559 1760 10
584 1698 1164 1776 kalettdas‘lattttarins.

291 1770 687 1832 At'Plntarcltus
715 1775 765 1825 itt
809 1771 916 1823 vita
959 1770 1238 1828 Ciceronis
1286 1771 1380 1830 ait,
1433 1786 1556 1825 eum
1605 1781 1788 1828 natum

237 1852 371 1925 ἡμέρᾳ
388 1850 527 1922 τρίτῃ
559 1854 659 1901 τῶν
675 1845 795 1925 vim:
816 1839 1072 1925 Eulavd‘afiv
1091 1881 1106 1905 ,
1149 1840 1308 1925 idque
1333 1841 1653 1925 ranciscus
1684 1843 1790 1925 Fd-

234 1903 579 1974 li‘ric'tits'vertit
604 1915 888 1986 postdiem
912 1903 1123 1986 tertium
1149 1903 1498 1986 kalendarum
1527 1912 1787 1978 Januarii,

235 1993 334 2058 quia
357 2007 414 2045 ex
442 1982 706 2043 Cicerone
732 1985 850 2058 ipso
869 1991 933 2058 _et
958 1983 1025 2036 A.
1072 1982 1244 2058 Gellio
1273 1993 1518 2058 constat,
1547 1999 1668 2038 eum
1693 2001 1790 2039 na-

235 2054 323 2114 tum
350 2062 495 2114 tertio
526 2075 703 2114 nonas
731 2054 972 2124 ejusdem
1019 2055 1240 2124 mensis.
1277 2054 1416 2123 Ergo
1442 2054 1557 2108 dies
1603 2058 1792 2110 tertius

1822 1743 1871 1804 B

235 2148 457 2186 nonarum
517 2143 608 2185 est
666 2123 826 2182 etiam
891 2124 1077 2179 tertius
1135 2123 1505 2178 kalendarum.
1559 2125 1830 2191 Fateor,.

233 2203 349 2256 diem
375 2204 591 2257 tertium
620 2213 879 2254 nouarum
907 2195 1152 2266 tuttndent
1183 2212 1302 2250 esse
1336 2213 1454 2248 eum
1491 2197 1645 2256 tertio
1674 2211 1794 2266 post

233 2271 475 2328 kalendas.
501 2271 617 2326 Sed
648 2269 896 2338 quamvis
923 2264 1197 2338 Fabricius
1221 2271 1392 2320 locum
1420 2264 1690 2322 Plutarchi
1713 2272 1792 2324 sic

233 2346 588 2412 interpretatus
618 2335 709 2404 sit,
739 2348 797 2412 ut
826 2338 1058 2412 dixerit,
1087 2335 1403 2412 Ciceronem
1428 2349 1624 2412 natum
1672 2356 1791 2395 esse

232 2427 328 2483 post
350 2407 478 2469 diem
508 2415 729 2468 tertium
762 2409 1111 2483 kalendarum
1137 2407 1565 2483 Januariipistud
1613 2426 1790 2466 causa:

231 2479 397 2540 nostra:
421 2502 525 2540 non
560 2483 748 2542 ofﬁcit,
780 2483 904 2550 quia
959 2479 1232 2532 Fabricius
1265 2497 1367 2533 non
1407 2480 1564 2534 liabet
1607 2493 1791 2535 aucto-

233 2559 410 2611 ritatetn
439 2554 802 2626 antiquitatis,
835 2553 1074 2626 adeoque
1102 2552 1299 2604 nullius
1326 2556 1593 2626 momenti
1611 2563 1700 2626 est
1725 2554 1790 2606 ad

231 2621 618 2690 ostendendum,
675 2625 790 2678 dies
841 2624 934 2691 qui
981 2631 1276 2690 sequuntur
1343 2632 1461 2689 post
1513 2621 1790 2687 kalendas,

230 2700 410 2768 adiungi
448 2700 650 2754 solitos
698 2695 941 2768 kalendis
992 2694 1068 2768 in_
1107 2695 1509 2768 computatione
1555 2693 1788 2747 dierum.

232 2763 539 2832 Plutarchus,
579 2770 737 2822 Itomo
758 2766 1000 2827 Graecus,
1031 2763 1220 2817 Graeco
1263 2779 1414 2817 more
1453 2763 1662 2818 locutus
1686 2775 1788 2830 est,

228 2837 389 2895 Cicero
413 2852 463 2895 et
489 2840 703 2896 Cellius
731 2837 951 2899 Latino;
979 2845 1033 2888 et
1072 2834 1389 2889 Ciceronem
1424 2834 1610 2888 Latine
1639 2837 1704 2889 de
1734 2851 1792 2889 se

229 2914 514 2968 scribentem
548 2913 700 2980 sequi
734 2909 898 2980 malo,
931 2923 1088 2973 quam
1128 2905 1474 2980 Plutarcltuut
1507 2904 1695 2980 Grai-cc
1725 2908 1792 2980 de

229 2981 454 3038 Cicerone
481 2977 822 3048 loquentem.
848 2978 1181 3047 Quamquam
1231 2991 1330 3030 nec
1363 2978 1473 3045 ipsa
1521 2977 1791 3032 Plutarchi

227 3055 361 3107 verba
387 3054 677 3109 admodum
712 3050 891 3106 favent
917 3060 1108 3102 vestra:
1135 3048 1395 3116 opinioni,
1421 3063 1539 3102 cum
1573 3064 1637 3103 ex
1663 3050 1793 3118 ipsis

1897 443 2113 504 semper
2157 441 2332 504 tamen
2373 448 2555 504 verum
2586 437 2708 497 erit,
2753 446 2944 490 neutro
2975 451 3158 490 eorum
3205 439 3494 504 significari

1895 499 2037 578 diem
2087 501 2423 578 undecimum
2473 503 2854 578 kalendarum;
2913 507 3140 576 hincque
3195 499 3490 578 colligetis,

1895 571 2164 647 {eriorem
2206 575 2675 647 esse‘lectionem,
2722 593 2879 644 quam
2929 571 3121 632 vocant
3166 571 3488 647 negatiram.

1897 639 2126 718 Fateor,_
2149 643 2285 718 banc
2311 639 2679 718 difficultatem
2705 639 2826 700 esse
2856 663 3124 718 magnam,
3151 639 3310 718 eique
3337 649 3493 706 facile

1895 713 2208 780 responderi
2239 729 2341 768 non
2376 731 2552 782 posse.
2586 717 2781 771 Verum
2813 733 2933 772 cum
2948 713 3055 772 villa
3089 713 3292 774 nullum
3324 721 3492 774 detri-

1896 794 2146 859 mentutn
2166 784 2547 859 alleratcausze
2571 799 2794 859 nostrae,
2817 790 2910 843 sed
2933 790 3076 843 illam
3104 792 3276 859 potius
3297 793 3495 846 contir-

1896 868 2045 908 mare
2065 853 2328 929 videatur,
2352 858 2403 910 in
2428 874 2544 911 eam
2571 858 2703 912 ultra
2728 859 2996 928 inquirere
3019 853 3122 914 non
3146 871 3228 915 est
3250 862 3490 929 animus;

1897 939 2040 998 cum,
2069 927 2111 998 si
2158 927 2453 998 negativam
2498 930 2779 982 lectionem
2829 941 2885 983 ttt
2927 947 3106 985 veram
3140 927 3489 998 assumimus,

1897 995 1974 1048 sic
1999 995 2254 1064 capienda
2305 1011 2480 1066 putent
2514 1001 2673 1052 verba
2720 999 2891 1063 Pauli,
2923 1012 2978 1055 ut
3026 1003 3208 1057 dicere
3251 995 3490 1058 voluisse

1897 1066 2161 1145 videatur,
2208 1069 2348 1145 bino
2377 1070 2555 1145 colligi
2609 1086 2802 1145 posse,
2853 1072 2936 1145 his
2984 1071 3195 1145 duobus
3240 1073 3493 1145 loquendi

1897 1137 2072 1214 {nodis
2113 1139 2348 1214 intelligi
2404 1137 2544 1193 diem
2590 1140 2857 1195 decimum
2911 1137 3495 1214 kalendarumfprout

1898 1206 2133 1282 Romani
2155 1225 2438 1282 uttttterare
2478 1224 2905 1282 consueverant,
2942 1215 3066 1282 quia
3099 1206 3292 1269 neutro
3320 1206 3490 1271 tinde-

1897 1279 2440 1356 cimussignificatur.
2474 1281 2540 1335 Et
2569 1287 2646 1336 sic
2671 1279 2971 1352 prOpOSitio
2993 1288 3235 1356 negativa
3261 1302 3494 1342 conver-

1900 1357 2040 1401 tctur
2067 1349 2118 1402 in
2152 1349 2544 1405 aflirmativatu.

1972 1419 2219 1494 Abunde,
2274 1423 2324 1474 ni
2385 1422 2559 1483 fallor,
2613 1424 2858 1488 ostendi,
2908 1441 3152 1494 quamam
3199 1427 3269 1480 sit
3315 1428 3494 1481 verior

1898 1490 2185 1555 explicatio
2229 1493 2515 1564 verborum
2572 1494 2738 1559 Pauli,
2797 1490 3100 1564 quaz'viros
3150 1499 3494 1552 doctissimos

1898 1572 2274 1636 exercuerunt.
2325 1560 2391 1617 Ut
2442 1581 2570 1617 vero
2627 1560 2969 1634 probationes
3018 1584 3164 1622 meas
3194 1573 3492 1636 Ctttttulcttt,

1897 1632 2118 1710 alleram
2144 1632 2703 1710 etiam-auctoritatem
2728 1636 2986 1710 Lactantii
3016 1654 3030 1700 ;
3058 1648 3114 1692 et
3147 1632 3498 1710 quemaduto;

1899 1701 2026 1772 dum
2057 1705 2364 1756 testimonio
2401 1706 2547 1758 Pauli
2577 1723 2703 1760 usus
2733 1708 2858 1760 olim
2894 1725 3034 1772 sunt,
3065 1723 3118 1762 ιιι
3150 1701 3493 1765 ostenderem

1897 1771 2314 1850 discrepantiam
2354 1779 2638 1850 verborum
2678 1777 2938 1832 Laetantii
2981 1771 3177 1834 nullam
3207 1783 3498 1850 importare

1897 1846 2332 1916 repugnantiam,
2358 1847 2428 1898 ita
2457 1862 2592 1900 nunc
2619 1847 2748 1900 Lact
2767 1851 2880 1902 uitii
2901 1851 3078 1908 verbis,
3100 1860 3238 1916 utar,
3271 1846 3320 1904 ut
3348 1853 3498 1906 evin-

1896 1929 2012 1965 eatu
2046 1915 2245 1968 nullam
2270 1931 2391 1969 eSse
2413 1921 2890 1973 contradictionem
2916 1921 2966 1973 in
2989 1921 3164 1975 verbis
3181 1923 3346 1976 Pauli.
3367 1923 3496 1978 Nam

1899 1997 2020 2060 cum
2051 1985 2329 2054 utriusque
2357 2002 2450 2060 par
2465 1989 2688 2042 omnino
2707 1991 3003 2060 similisque
3024 1993 3309 2059 sitsermo,
3328 1996 3500 2048 mani-

1892 2053 2088 2134 festum
2123 2053 2554 2134 est,’eos’lucetn
2583 2077 2610 2111 a
2640 2074 2698 2114 se
2738 2053 2961 2134 invicem
3002 2065 3252 2127 mutuari,
3283 2053 3336 2118 et
3376 2079 3496 2134 quae

1893 2127 2118 2203 obscura
2143 2129 2192 2203 in
2215 2143 2320 2180 uno
2341 2143 2525 2203 eorum
2550 2141 2693 2203 sunt,
2710 2131 2933 2185 alterius
2953 2147 3055 2200 Ope
3075 2150 3232 2203 posse
3253 2136 3366 2190 fieri
3389 2127 3496 2191 cla-

1898 2199 2057 2272 riora.
2092 2200 2178 2272 Ait
2210 2214 2336 2266 ergo
2364 2198 2672 2254 Lactantius
2704 2204 2753 2254 iii
2798 2203 2935 2256 libro
2969 2198 3161 2272 quarto
3196 2206 3494 2261 divinarum

1894 2265 2316 2332 ln~titutionutu,
2361 2286 2409 2324 c.
2453 2271 2538 2335 10,
2572 2272 2838 2326 (λιιι-ἰδιιιιιι
2863 2265 3007 2328 (τιιοί
3037 2277 3254 2330 afﬁxam
3280 2279 3443 2332 fuisse
3467 2293 3498 2331 a

1893 2337 2088 2416 dudais
2109 2350 2225 2416 ante
2254 2342 2384 2416 diem
2407 2342 2656 2416 decimum
2681 2342 3016 2398 kalendarum
3043 2345 3332 2416 Aprilium;
3357 2349 3407 2402 in
3435 2349 3500 2402 li-

1892 2407 1992 2460 bro
2013 2425 2141 2462 vero
2167 2410 2235 2464 de
2264 2411 2524 2466 Mortibus
2567 2424 2972 2480 persecutoruut
2998 2457 3012 2480 ,
3043 2407 3163 2471 eum
3200 2407 3498 2473 cruciatum

1892 2480 2372 2554 fuisseAabiisdem
2413 2483 2615 2536 Judteis
2654 2495 2766 2554 post
2803 2487 2935 2538 diem
2971 2489 3220 2540 decimum
3252 2489 3500 2544 kalenda-

1892 2566 2009 2620 rum
2050 2550 2258 2618 Aprilis.
2293 2551 2371 2605 Tu
2405 2569 2564 2616 vero,
2588 2550 2669 2607 vir
2703 2555 3037 2620 clarissime,
3075 2573 3267 2613 censes
3301 2563 3494 2615 borum

1894 2619 2145 2699 loquendi
2165 2621 2472 2699 modorum
2487 2640 2704 2699 sensum
2727 2640 2860 2699 esse
2884 2628 3192 2699 diversum,
3220 2642 3276 2684 et
3311 2633 3492 2699 priore

1893 2693 2104 2767 quidem
2165 2693 2387 2761 intelligi
2443 2695 2641 2748 debere
2708 2697 2848 2749 diem
2917 2697 3224 2767 vigesimum
3277 2693 3488 2755 tertiam

1895 2760 2105 2826 Martii,
2142 2760 2440 2830 posteriore
2479 2767 2740 2818 decimam
2787 2760 2999 2836 Aprilis'.
3044 2770 3157 2836 Ego
3201 2785 3332 2824 vero
3380 2786 3409 2824 a
3443 2783 3497 2826 te

1896 2844 2040 2899 peto,
2071 2845 2246 2905 uti-um
2283 2836 2553 2902 probabile
2582 2838 2648 2889 sit
2678 2836 3037 2905 Lactantiutu,
3067 2842 3237 2893 virum
3271 2843 3490 2896 doctum

1895 2912 1949 2956 et
1985 2904 2284 2970 eruditum,
2317 2906 2638 2974 sibimetipsi
2675 2910 2944 2962 contraria
2973 2921 3026 2963 et
3065 2913 3492 2967 contradicentia

1895 2975 2210 3051 scripsisse;
2259 2979 2556 3051 priesertim
2603 2993 2724 3033 cum
2781 2979 2899 3048 ejus
2959 2989 3119 3035 astate
3169 2997 3488 3051 persuasum

1895 3049 2054 3114 vulgo
2086 3045 2550 3108 esset,’Cltristum
2594 3045 2823 3116 passum’
2856 3066 2976 3107 esse
3017 3053 3106 3106 die
3149 3045 3363 3108 decimo
3398 3052 3500 3108 ka-

228 3124 337 3177 nihil
355 3125 487 3179 aliud
515 3124 700 3192 colligi
731 3124 916 3195 possit,
941 3135 1098 3195 quam
1121 3119 1436 3175 Ciceronem
1463 3129 1642 3172 natum
1671 3116 1792 3175 esse
1818 3118 1863 3180 C
1897 3116 2174 3170 Ieudarum
2203 3118 2405 3195 Aprilis
2429 3160 2442 3195 ,
2476 3120 2654 3174 ttullus
2692 3123 2958 3195 ltaetenus
2995 3123 3338 3192 scripsisset,
3367 3140 3498 3195 pas-

227 3194 298 3247 die
322 3198 464 3248 tertio
499 3191 765 3249 novarum
814 3191 1182 3252 kalendarum,
1213 3205 1333 3260 quae
1361 3201 1661 3259 cmperant,
1695 3206 1791 3246 seu

226 3267 376 3342 potius
395 3267 673 3321 desierant
703 3265 874 3342 prima
902 3265 988 3316 die
1020 3261 1220 3342 mensis
1245 3261 1502 3342 aquarii.

281 3334 524 3404 Objicitur
561 3332 722 3391 etiam
757 3335 909 3388 nobis
935 3334 1228 3386 auctoritas
1254 3332 1364 3386 Caii
1392 3333 1788 3400 jurisconsulti,

226 3408 354 3473 cujus
378 3410 487 3463 lttec
533 3420 664 3460 sunt
705 3409 868 3460 verba
904 3423 918 3458 :
961 3404 1087 3457 Post
1125 3404 1368 3456 kalendas
1405 3405 1685 3457 Januarias
1710 3406 1791 3458 die

227 3479 348 3530 tertio
387 3495 478 3547 pro
509 3478 681 3532 salute
720 3475 1528 3547 principis_votasuscipiuntur.
1567 3473 1684 3540 Quo
1713 3475 1792 3530 lo-

225 3545 395 3614 quendi
424 3549 593 3604 modo
620 3547 844 3616 intelligi
876 3545 1264 3616 tertiumdiem
1297 3560 1570 3616 nonarum
1597 3547 1789 3614 janua—

225 3619 294 3680 rii,
323 3629 370 3672 tu
395 3633 546 3675 recte
572 3615 847 3674 observas.
878 3615 1074 3670 Verum
1103 3615 1226 3670 ltuic
1254 3615 1544 3686 objectioui
1569 3624 1679 3684 jam
1703 3633 1786 3672 sa-

226 3689 461 3745 tisfactum
490 3707 523 3745 a
555 3704 642 3744 me
666 3698 749 3744 est
777 3689 850 3742 in.
871 3686 1236 3757 disputatione
1271 3688 1338 3742 de
1380 3689 1466 3741 die
1508 3689 1667 3741 natali
1699 3691 1786 3741 Ci-

227 3763 430 3825 ceronis,
459 3774 513 3816 et
537 3770 746 3816 certum
777 3771 1033 3829 praeterea
1061 3768 1166 3822 est,
1195 3759 1310 3812 ltmc
1338 3759 1448 3811 Caii
1487 3759 1647 3829 verba
1679 3768 1784 3814 non

225 3832 463 3896 pertinere
484 3833 557 3886 ad
593 3833 730 3885 hanc
758 3827 995 3884 nostram
1031 3827 1624 3895 controversiam._Non
1657 3829 1788 3884 dicit

224 3902 364 3968 enim,
392 3902 520 3958 Post
573 3904 777 3956 tertium
819 3901 1062 3954 kalendas
1108 3899 1415 3964 Ianuarias,
1466 3909 1522 3953 ut
1567 3915 1788 3955 necesse

225 3984 345 4027 esset
365 3991 480 4027 eum
512 3974 701 4028 dicere
728 3971 795 4026 ad
823 3971 1140 4027 l'ulciendatn
1171 3972 1478 4039 Opinionem
1508 3980 1740 4024 vestram
1770 3989 1782 4023 :

223 4044 300 4095 sed
324 4043 440 4098 Post
464 4045 716 4098 kalendas
741 4041 1018 4096 Januarias
1040 4043 1122 4095 die
1149 4043 1314 4094 tertio.
1345 4042 1496 4108 Quod
1529 4055 1627 4096 nos
1648 4043 1788 4096 ultro

223 4117 542 4169 concedimus
576 4130 759 4168 verum
785 4129 926 4168 esse.

281 4191 573 4256 Antequam
597 4187 718 4239 Ituic
736 4184 1080 4256 disputationi
1098 4198 1228 4236 mea:
1249 4181 1409 4237 finem
1431 4183 1700 4254 imponam
1718 4199 1794 4256 re.

223 4253 465 4310 detrudunt
497 4273 624 4311 esse
657 4256 785 4310 milii
813 4257 980 4310 video-
1004 4253 1070 4307 ad
1103 4266 1425 4322 pOSIremant
1461 4253 1664 4323 partem
1692 4255 1793 4310 loci

223 4323 424 4389 Paulini,
451 4344 615 4397 quam
637 4327 766 4382 satis
787 4329 898 4380 scio
930 4325 1059 4397 mihi
1089 4339 1247 4393 posse
1269 4326 1466 4394 apponi
1489 4327 1649 4397 etiam
1675 4335 1794 4394 post

219 4399 374 4452 omnia
401 4395 512 4461 illa,
547 4415 667 4467 qua:
694 4418 721 4451 a
752 4412 838 4451 nte
863 4398 1000 4451 dicta
1049 4395 1152 4448 huc
1183 4410 1348 4466 usque
1374 4408 1516 4450 sunt.
1541 4396 1672 4450 Nam
1717 4407 1791 4449 ta-

221 4472 420 4522 menetsi
454 4472 584 4524 milii
617 4470 946 4531 concedatis,
981 4468 1059 4520 bis
1081 4467 1289 4520 duobus
1319 4467 1568 4536 loquendi
1594 4468 1787 4530 modis,

222 4543 332 4588 Ante
355 4543 485 4593 diem
511 4542 765 4594 decimum
796 4538 1162 4600 kalendarum,
1195 4538 1318 4591 Post
1359 4541 1488 4591 diem
1541 4539 1789 4592 decimum

1897 3202 2015 3241 sum
2046 3204 2166 3242 esse
2195 3190 2283 3244 die
2327 3191 2533 3244 decima
2577 3191 2814 3263 Aprilis?
2855 3193 2986 3248 lluic
3025 3190 3342 3263 argumento
3367 3190 3495 3250 'non

1899 3269 2026 3327 pttto
2059 3275 2380 3329 quemquam
2408 3277 2563 3329 posse
2591 3262 2780 3323 obniti,
2810 3279 2930 3318 cum
2961 3266 3030 3318 sit
3061 3262 3495 3322 robustissimuttt

1895 3330 2376 3408 etvalidissimuttt,
2396 3334 2638 3408 adeoque
2661 3334 2914 3408 allirmari
2941 3351 3098 3404 posse
3115 3337 3276 3391 credo
3296 3337 3500 3408 absque

1896 3402 2004 3453 ullo
2036 3402 2294 3475 periculo,
2319 3401 2672 3475 Lactatttium
2706 3405 2788 3458 bis
2812 3401 3023 3461 duobus
3047 3408 3299 3475 loquendi
3326 3401 3500 3464 modis

1895 3473 2140 3544 eamdem
2183 3474 2404 3526 omnino
2445 3489 2557 3527 rem
2600 3478 2907 3544 exprimere
2955 3473 3210 3543 voluisse,
3245 3480 3497 3534 nimirum

1893 3541 2164 3616 Christum
2207 3544 2606 3616 crucial‘llxum
2647 3541 2736 3600 die
2783 3547 3041 3616 vigesima
3092 3541 3246 3602 tertia
3294 3552 3499 3604 mensis

1889 3611 2084 3686 Martii.
2109 3612 2263 3679 Quod
2291 3613 2439 3686 sidita
2461 3623 2569 3686 est,
2602 3626 2657 3668 ut
2681 3626 2827 3669 certe
2841 3611 2954 3681 est,
2981 3617 3350 3686 jam-constat,
3379 3636 3500 3674 ver-

1888 3683 2317 3753 borttmquoque
2346 3684 2494 3738 Pauli
2522 3701 2688 3740 unum
2737 3683 3093 3757 eumdem'qne
3125 3683 3343 3743 debere
3373 3705 3500 3745 sen-

1889 3767 2007 3832 sum
2035 3769 2177 3832 esse,
2205 3764 2260 3832 et
2287 3757 2466 3832 priore
2507 3758 3114 3832 posteriorequehtuodo
3147 3761 3369 3832 intelligi
3397 3761 3495 3816 de-

1890 3825 2019 3879 bere
2047 3825 2185 3878 diem
2227 3825 2520 3890 decimum,
2562 3829 2651 3897 qui
2702 3825 2973 3882 antecedit
3012 3825 3494 3897 kalendasfnullo

1890 3901 2051 3950 modo
2075 3897 2366 3960 decimum,
2398 3900 2484 3967 qui
2514 3900 2859 3967 subsequitur
2886 3898 3170 3956 kalendas.

1962 3968 2089 4042 “(eo
2119 3967 2256 4035 apud
2289 3979 2361 4028 te,
2387 3969 2699 4023 doctissime
2726 3975 2828 4033 vir,
2862 3972 2927 4025 ad
2963 3972 3336 4027 defensionem
3367 3975 3491 4042 opi-

1895 4038 2072 4111 nionis
2125 4053 2260 4092 meae
2310 4042 2554 4110 perorari
2609 4050 2807 4110 quanta
2860 4043 3006 4111 potui
3049 4044 3336 4099 brevitate.
3395 4038 3501 4100 Tui

1897 4109 2172 4176 deinceps,
2205 4121 2260 4162 ut
2304 4112 2456 4164 initio
2483 4109 2745 4172 dicebam,
2767 4109 2952 4180 judicii
2997 4116 3097 4167 erit
3141 4117 3495 4179 constituere,

1897 4180 2023 4250 quid
2053 4181 2382 4254 censendum
2410 4181 2478 4234 sit
2507 4183 2574 4236 de
2605 4193 2719 4236 toto
2747 4184 2852 4236 isto
2886 4185 3135 4250 negmio;
3169 4201 3364 4252 meque
3402 4200 3502 4254 pro

1899 4261 1984 4305 tua
2029 4253 2358 4304 Ituntauitate
2409 4254 2459 4304 in
2514 4255 2652 4306 viam
2701 4254 3004 4317 revocabis,
3055 4256 3262 4308 veriora
3311 4253 3493 4309 mons-

1899 4323 2114 4384 trando,
2166 4324 2210 4375 si
2262 4323 2396 4376 forte
2427 4337 2513 4377 me
2561 4324 2781 4377 limitem
2816 4325 3058 4377 veritatis
3085 4326 3384 4379 excessisse
3409 4341 3504 4380 eoo

1896 4393 2164 4462 gnoveris.
2191 4392 2408 4446 lnterint
2439 4393 2579 4457 vile,
2613 4403 2667 4446 et
2695 4410 2780 4446 me
2801 4409 3015 4463 semper
3040 4410 3158 4448 atua
3203 4397 3277 4449 ιιιὶ
3325 4397 3499 4452 nomi-

1897 4467 1978 4518 nis
2011 4465 2490 4518 studiosissimum.

1966 4535 2540 4606 Lutetite-Parisiorum
2571 4535 2605 4589 4
2632 4535 2750 4590 idus
2779 4538 2906 4606 Apr.
2939 4535 3092 4591 1684.

234 4671 3444 4698 mm

1109 4785 1596 4871 JOANNIS
1656 4783 2192 4907 COLUMBI
2247 4781 2592 4865 NOTAE

1052 4987 1262 5138 IN
1356 4982 2644 5096 LACTANTIUM.

223 5312 506 5370 Perillustri
549 5327 596 5372 et
627 5313 945 5386 amplissimo
974 5313 1082 5386 viro
1217 5311 1450 5386 Gisberto
1488 5308 1712 5380 Cupero,
1736 5308 1797 5361 ab

282 5389 536 5442 ordinibus
565 5384 966 5462 Transisalaniae
1009 5384 1565 5462 ddillnslrissiniorum
1597 5390 1642 5435 et
1667 5395 1798 5462 pra:-

283 5462 546 5522 potcutinnt
589 5459 951 5533 {redemtorem
995 5455 1170 5533 _Belgii
1199 5455 1443 5533 ordinum
1471 5455 1799 5533 generalium

281 5523 599 5583 Conventum'
622 5530 878 5597 delegato,
901 5523 1428 5597 inelytw‘reipnblicie
1463 5523 1799 5577 Daventrien—

281 5600 406 5652 sitim
432 5601 652 5666 consuli,
673 5594 903 5724 Jo'amtess
933 5594 1228 5724 CldluiSbus.

983 5673 1001 5700 )

283 5737 424 5807 Licet
451 5741 506 5799 in
531 5743 702 5819 patria
726 5754 938 5816 quoque
977 5753 1093 5798 utea
1119 5738 1380 5828 gaudeam
1424 5736 1541 5796 dari
1571 5748 1796 5806 magnas

1904 5317 1958 5362 et
1990 5308 2225 5364 illustres
2255 5310 2462 5364 animas
2483 5354 2498 5377 ,
2529 5327 2647 5379 qua!
2674 5310 2842 5367 bonas
2871 5313 3076 5372 litteras
3113 5329 3295 5375 ament
3325 5332 3380 5378 et
3409 5338 3499 5379 re-

1902 5381 2128 5454 cipiant_
2149 5382 2497 5451 perlienigne,
2548 5384 2828 5454 modisque
2881 5389 3063 5444 multis
3089 5403 3312 5448 conatus
3338 5396 3497 5448 etiam

1903 5465 2052 5505 meos
2107 5451 2321 5527 foveant
2368 5465 2527 5522 atque
2579 5451 2807 5519 ornent;
2868 5474 3106 5527 praesens
3169 5473 3342 5519 tamen
3399 5464 3500 5519 hoc

1901 5525 2219 5596 opusculum
2267 5540 2359 5578 sua
2392 5535 2583 5590 SpOllle
2611 5531 2678 5580 ali
2727 5529 2826 5582 ltoc
2857 5525 2993 5596 solo,
3029 5542 3176 5587 trans
3234 5550 3380 5589 tnare
3417 5537 3498 5589 ni-

1901 5594 2121 5672 mirum,
2151 5606 2204 5649 et
2250 5597 2300 5649 in
2335 5598 2503 5672 _sinus
2553 5608 2710 5672 tuos,
2746 5603 2826 5654 vir
2884 5594 3236 5672 amplissime,
3284 5606 3499 5660 eriilare

1900 5661 2209 5743 dicam,__an
2257 5667 2433 5743 redire
2480 5661 2788 5743 festinabat.
2852 5661 3163 5742 Ego'certe
3223 5661 3322 5728 nisi
3370 5675 3494 5743 ltoc,

1899 5734 2152 5810 quicquid
2205 5747 2308 5807 est,
2340 5740 2434 5798 tibi
2467 5739 2736 5800 misissem
2783 5734 2980 5824 primo,
3015 5759 3317 5818 nomenque
3347 5734 3496 5809 tuitui
