4066 6188
314 340 399 401 401

1086 348 1295 407 NOTAE
1335 349 1401 408 IN
1442 350 1569 407 LIB.
1613 350 1703 407 DE
1741 348 2092 411 MORTIBUS
2128 353 2508 414 PERSECU'I'.
2549 357 2701 416 CAP.
2743 362 2811 418 Χ.

3487 363 3599 425 403

311 458 533 545 Templa,
562 465 901 545 palatiuteque
924 482 1087 545 arces,
1116 468 1430 545 opmlensgue
1465 467 1691 522 .lloucta.
1718 466 1885 536 Cujus
1912 477 1961 530 Α
1992 484 2107 524 rum
2139 485 2245 545 non
2277 472 2367 538 sit,
2399 483 2453 529 et
2482 476 2653 545 ipsum
2686 476 2789 533 dici
2819 492 3065 542 avarum,
3107 478 3235 535 licet
3270 480 3444 537 altero
3482 481 3589 537 nti-

310 536 572 606 carminis
602 553 789 591 versus
817 536 1036 606 aliquot
1077 541 1127 592 iu
1177 536 1353 593 veteri
1374 554 1640 593 marmore
1665 548 1880 594 exstare

308 603 457 680 ducet
505 608 779 662 l-‘erretius
824 610 873 662 iu
921 603 1081 663 Musis
1132 610 1444 680 Impidariis‘,
1486 611 1579 663 lib.
1614 626 1685 672 tv,
1715 625 1875 664 metu.

309 674 386 751 2i.
418 676 860 751 Emendationem
905 697 1033 735 vero
1078 682 1176 735 viri
1208 674 1387 748 docti,
1433 674 1523 751 qui
1556 681 1608 736 in
1641 681 1783 736 notis
1810 681 1877 735 ad

308 748 589 821 Ausonium
619 754 849 820 reponit.
883 761 929 806 et
957 752 1062 807 lteti
1088 768 1253 807 mores
1273 794 1289 817 ,
1330 752 1418 806 tibi
1453 748 1743 821 legebatur
1778 767 1878 806 au-

311 818 485 893 ueltac,
522 818 730 891 Antiqui
757 838 942 883 mores,
974 838 1211 878 marmor
1227 822 1356 877 illud
1388 838 1493 877 non
1524 818 1873 893 comprobat.

308 888 368 964 Et
392 905 523 946 sane
542 888 727 947 notum
752 893 881 948 illud
911 893 1093 962 Ennii,
1122 893 1349 948 Moribus
1370 894 1611 964 antiquis,
1637 888 1879 949 a'Plauto

308 960 380 1013 bis
426 964 733 1036 repetitum,
767 964 1035 1019 laudatum
1076 960 1240 1019 etiam
1270 982 1297 1017 a
1332 960 1659 1032 Vesluisiano
1705 967 1876 1036 impe-

306 1040 471 1107 [aiore
490 1035 628 1107 apud
657 1034 902 1092 Tacitum
934 1036 1023 1093 uib.
1058 1052 1136 1103 ιιι,
1160 1050 1210 1090 c.
1250 1038 1340 1097 b7,
1372 1049 1426 1090 et
1453 1053 1481 1090 a
1504 1036 1573 1090 M.
1606 1034 1879 1092 Antonino

309 1101 688 1190 Pliilus.f:iiiip.
735 1101 1225 1190 apud‘Vulcatium
1275 1107 1605 1190 Gallicanum
1657 1109 1709 1162 in
1756 1112 1877 1190 .vita

306 1174 467 1249 Avidii
495 1174 665 1232 Cassii
689 1220 704 1239 ,
727 1174 783 1233 c.‘
807 1178 864 1245 5,
892 1178 1070 1233 locum
1116 1179 1246 1234 satis
1274 1189 1459 1249 aptum
1486 1179 1537 1233 iu
1567 1178 1879 1234 Ausoniauo

306 1245 387 1299 illo
418 1249 659 1303 carmine
706 1249 902 1305 habere
930 1249 1164 1305 videtur.

369 1315 448 1370 Ita
472 1336 671 1388 semper
698 1319 1039 1377 dementabat.
1062 1321 1118 1376 Id
1148 1330 1252 1384 est,
1282 1321 1581 1375 iusauiehat
1602 1361 1616 1381 .
1645 1321 1879 1376 furiosus

302 1400 351 1441 et
387 1390 608 1445 demens
643 1402 797 1454 erat,
845 1390 1162 1447 Hincmarus
1201 1392 1269 1446 dc
1314 1392 1543 1447 divortio
1591 1392 1830 1447 Lotharii
1863 1411 1876 1446 :

302 1459 400 1513 Alii
421 1472 591 1515 autem
619 1472 763 1534 potu,
793 1464 885 1517 alii
913 1472 1081 1517 autem
1118 1463 1230 1517 cibo
1269 1482 1301 1517 a
1326 1464 1578 1534 sortiariis
1606 1465 1880 1518 demeutati

300 1542 424 1584 sunt.
438 1533 643 1588 Glossm
657 1533 770 1588 Lat.
788 1533 883 1589 Gr.
905 1534 1168 1589 Demeutat
1186 1537 1436 1599 ἐξίστησιν
1466 1533 1774 1595 Dementire,
1793 1535 1877 1590 di-

301 1602 369 1656 xit
392 1602 753 1660 Tertulliauus
774 1605 867 1660 lib.
892 1605 960 1660 de
988 1605 1201 1670 Anima,
1232 1606 1668 1673 Lactantinsipse
1691 1607 1741 1660 in
1765 1605 1879 1661 lus-

304 1674 377 1745 tit.
405 1676 622 1745 aliique.
652 1675 901 1743 Capetus.
938 1676 1109 1732 Verba
1145 1676 1425 1741 Lactantii,
1452 1678 1540 1731 lib.
1577 1692 1649 1739 Iv,
1687 1694 1737 1731 c.
1774 1676 1878 1741 27,

302 1744 406 1799 hzec
424 1744 580 1801 sunt:
606 1745 738 1801 Ecce
762 1748 950 1818 aliquis
976 1749 1218 1801 instinctu
1244 1749 1489 1801 daemonis
1516 1748 1759 1814 percitus,
1790 1748 1880 1801 de-

1990 556 2111 595 nus.
2157 543 2287 613 Ejus
2335 543 2541 623 nempe
2572 548 3084 623 generisltmuincs
3127 561 3277 622 rupta
3327 570 3589 623 spargere,

1980 627 2164 690 sparsa
2196 616 2386 690 rapaci
2397 619 2616 671 (avaritia
2644 620 2944 690 recolligere
2964 616 3273 689 certant,'ut
3298 616 3374 678 ait
3404 616 3591 680 Scite?-

1979 697 2066 750 ca,
2095 684 2189 740 lib.
2220 686 2325 740 ide
2357 687 2569 756 Beucl.,
2603 691 2718 744 sive
2774 684 2846 745 ut'
2861 691 3120 748 Ovidius:

2136 799 2376 874 Quaerere
2399 811 2452 874 ut
2477 804 2750 874 absumant,
2779 807 3032 874 absumpta
3058 811 3320 874 requirere
3342 818 3555 874 certant,

2227 864 2395 927 Atque
2420 868 2539 928 ipsa
2566 868 2700 918 vitiis
2720 864 2836 920 sunt
2859 864 3094 921 alimenta
3120 864 3273 923 vices.

1978 964 2107 1022 Item
2140 967 2386 1024 Manilius
2407 971 2441 1026 Ι.
2475 987 2549 1039 tv,
2583 972 2761 1032 v.25:

2103 1078 2467 1154 Luxuriamque
2492 1082 2643 1135 lucris
2665 1088 2893 1154 emimus,
2916 1087 3138 1154 luxuque
3158 1091 3386 1154 rapinas;

2099 1141 2164 1192 Et
2185 1141 2425 1195 summum
2446 1160 2627 1197 census
2651 1152 2861 1212 pretium
2878 1141 2979 1216 est,
3000 1141 3258 1204 eli'uudere
3282 1141 3504 1205 censum.

2050 1246 2224 1326 Adde,
2256 1251 2299 1326 si
2320 1251 2551 1326 videtur,
2576 1257 2938 1323 Aristotelem,
2971 1257 3178 1315 Nicom.
3209 1260 3306 1317 lib.
3340 1276 3417 1326 tv,
3441 1276 3494 1319 c.
3524 1262 3584 1318 5.

1979 1316 2085 1394 Sed
2115 1328 2171 1373 ut
2196 1321 2411 1378 redeam
2441 1324 2509 1379 ad
2539 1316 2656 1381 haec
2682 1316 3054 1394 Lactantiana,
3103 1316 3417 1386 simillimus
3454 1316 3587 1388 ver;

1982 1390 2171 1444 borum
2204 1394 2381 1462 positu
2423 1404 2478 1449 et
2501 1395 2668 1467 ﬁgura
2702 1399 2877 1467 locus,
2907 1400 3001 1456 lib.
3035 1390 3118 1467 iv,
3146 1417 3196 1456 c.
3221 1403 3256 1457 5
3281 1404 3585 1467 invenitur;

1978 1477 2043 1543 es
2073 1476 2181 1531 quo
2203 1474 2456 1522 constare
2487 1468 2678 1536 possit,
2709 1479 2801 1543 aut
2829 1472 3174 1543 lgnecquoque
3197 1489 3327 1529 vere
3358 1473 3587 1530 Lactan-

1981 1541 2037 1614 tii
2068 1546 2213 1616 esse,
2246 1544 2339 1616 aut
2366 1547 2641 1616 auctorem
2667 1541 2855 1616 scripti
2886 1541 3044 1612 hujus
3072 1541 3197 1598 eum
3229 1559 3351 1599 esse
3378 1545 3584 1600 studio—

1978 1605 2093 1684 sius
2121 1605 2630 1684 imitatum._ln_illa
2662 1605 2825 1680 priori
2850 1605 3018 1682 parie,
3051 1623 3105 1667 ut
3138 1615 3354 1684 periculi
3380 1617 3585 1682 minus,

1979 1675 2053 1755 sic
2080 1675 2197 1755 plus
2228 1675 2707 1755 difﬁcultatisest':
2734 1675 2871 1748 quod
2896 1675 3113 1738 obscura
3134 1675 3305 1739 rerum
3327 1688 3462 1741 ratio
3492 1675 3584 1741 co;

1979 1746 2519 1823 qirdiversa'sentire.
2554 1749 2654 1806 llic
2686 1746 2755 1806 uti
2783 1755 2999 1823 periculi
3043 1756 3184 1821 plus,
3214 1757 3288 1809 ita
3311 1758 3480 1812 minus
3507 1766 3586 1811 est

298 1819 495 1913 mentiti
515 1820 749 1913 effertur,
780 1815 986 1872 insuuit.
1015 1821 1222 1913 'Quibus
1251 1818 1456 1888 gemina
1476 1834 1595 1872 sunt
1629 1821 1749 1884 ista,
1780 1819 1872 1913 Ilii).
1910 1853 1956 1913 Β
1981 1815 2305 1899 difﬁcultatis
2334 1835 2353 1874 :
2376 1822 2514 1913 quod
2542 1823 2651 1889 ipse
2680 1815 2998 1913 usus'rernm
3026 1815 3071 1909 et
3098 1815 3401 1895 quotidiana
3424 1844 3581 1899 expe—

298 1902 330 1949 t,
357 1904 403 1940 c.
434 1888 496 1942 2|
535 1888 553 1940 τ’
578 1891 745 1944 Sectis
771 1907 986 1960 namth
1009 1891 1252 1953 humeris,
1286 1900 1333 1943 et
1362 1900 1577 1960 utraque
1598 1906 1751 1943 manu
1770 1890 1876 1943 dis-

299 1962 461 2030 trictos
482 1960 681 2030 gladios
698 1973 982 2015 exsercutcs
1009 1971 1242 2026 currunt,
1274 1962 1578 2028 efferuntur,
1593 1961 1875 2015 insaniunt.

298 2028 413 2084 llaec
438 2028 657 2085 omnino
689 2033 930 2087 retinend
952 2053 963 2083 ι
988 2044 1070 2087 εςι
1096 2033 1276 2095 lectio,
1304 2048 1408 2085 non
1432 2033 1519 2087 illa
1550 2047 1710 2098 quant
1744 2032 1879 2086 invi-

298 2102 358 2154 tis
387 2102 533 2155 libris
561 2103 856 2174 obtrudunt
891 2104 1044 2159 nobis
1083 2105 1431 2174 Dempslerus
1461 2114 1515 2157 ct
1544 2103 1801 2164 Callzeus,
1830 2113 1878 2158 et

293 2176 585 2243 efferantur.
626 2172 945 2230 Ciceronem
986 2172 1231 2229 imitatur
1289 2174 1636 2236 Lactantius,
1672 2184 1728 2229 ut
1760 2175 1877 2243 ple-

295 2259 511 2314 rumque
548 2245 704 2300 alias.
743 2244 894 2309 Orat,
938 2262 1035 2315 pro
1079 2247 1271 2311 Caelio,
1305 2260 1356 2299 ο.
1390 2245 1424 2302 9
1456 2264 1468 2299 :
1504 2243 1638 2302 Lassi
1665 2244 1875 2313 dolent,

290 2316 401 2368 irati
423 2317 731 2382 efferuntur;
756 2317 951 2372 Contra
976 2317 1212 2381 Rullum,
1233 2332 1281 2372 c.
1307 2317 1378 2372 55
1406 2333 1420 2370 :
1451 2316 1557 2372 Sed
1584 2325 1725 2370 certo
1751 2332 1877 2371 con-

291 2387 596 2452 tinebuntur,
630 2389 1017 2459 progredientur
1034 2389 1257 2457 longius,
1283 2388 1573 2455 elferentur.
1604 2387 1801 2442 Verum
1823 2396 1881 2443 ut

290 2458 352 2511 ad
385 2461 667 2528 praesentia
719 2458 1026 2523 redeamus,
1075 2462 1361 2513 (lamentare
1384 2461 1463 2513 sic
1495 2458 1725 2528 positum
1753 2467 1838 2513 est
1862 2499 1878 2525 ,

290 2539 344 2602 ut
377 2530 517 2602 apud
546 2530 903 2602 Ilegcsippum
933 2530 1164 2602 e/Ierare.
1209 2530 1293 2584 Ita
1327 2528 1654 2597 efferaverat,
1685 2529 1878 2602 inquit,

294 2598 519 2655 Herodes
547 2602 601 2655 in
626 2598 907 2656 universos.
943 2601 1074 2657 Vide
1097 2601 1335 2657 Gronov.
1360 2602 1491 2656 Obs.
1524 2602 1576 2655 in
1613 2598 1881 2656 HistIEc-

288 2672 357 2725 cl.
385 2689 436 2741 p.
464 2674 525 2727 7|
548 2672 668 2729 :Sic
684 2690 892 2743 ponere,
915 2684 1131 2738 ututare,
1146 2688 1363 2739 movere,
1379 2673 1721 2742 praecipitare,
1750 2672 1882 2726 alia-

285 2758 390 2811 que
414 2744 603 2807 ntulta,
640 2746 974 2799 iutransitive
1028 2744 1330 2811 interdum,
1382 2754 1475 2798 aut
1513 2743 1751 2813 elliptice
1788 2757 1882 2812 po-

289 2816 413 2878 tius,
444 2815 514 2869 its
539 2818 664 2872 ιιιτό
690 2832 744 2871 se
760 2815 1188 2872 subaudiendum
1218 2816 1308 2872 sit.
1343 2815 1548 2870 Adeant
1570 2815 1882 2872 adolescen-

290 2894 367 2940 tes
397 2886 609 2957 ingenui
634 2887 898 2955 Vossium,
927 2888 1016 2943 lib.
1050 2904 1108 2943 Ill
1129 2887 1197 2943 de
1226 2888 1510 2957 Analogia,
1542 2901 1661 2956 cap.
1682 2885 1736 2940 5.

819 3002 885 3059 IN
915 3002 1146 3060 CAPUT
1192 3001 1321 3057 VIII.

364 3094 545 3152 Frater
568 3097 682 3166 ejus
708 3094 1080 3152 Maximianus.
1111 3096 1250 3151 Max.
1281 3095 1565 3151 Herculius
1593 3095 1755 3149 frater
1784 3093 1883 3150 fuit

298 3167 599 3223 Diocletiani
619 3209 634 3231 ,
672 3183 779 3223 non
812 3177 1037 3232 naturae,
1069 3169 1163 3222 sed
1196 3168 1406 3237 imperii
1435 3167 1711 3221 consortio
1743 3183 1757 3220 :
1791 3167 1880 3236 qui

301 3238 519 3294 nontiuis
546 3239 665 3309 ejus
694 3253 822 3294 usus
849 3238 1225 3310 frequentatus
1237 3250 1319 3293 est
1345 3239 1616 3310 historicis
1644 3247 1699 3292 et
1722 3253 1878 3310 panc-
1903 3240 1950 3304 C

302 3310 500 3380 gyristis
524 3311 667 3365 illius
695 3311 816 3365 aevi.
846 3308 1120 3365 Etlitziutit
1145 3308 1287 3373 vide,
1316 3320 1406 3365 aut
1444 3309 1617 3378 ipsum
1657 3309 1837 3379 potius
1856 3350 1874 3378 ,

305 3395 448 3452 quem
475 3382 687 3452 allegat,
718 3380 1092 3437 Mamertinum
1114 3390 1469 3452 czetcrosque.

375 3450 651 3524 Herculius.
683 3452 889 3524 Nempe
915 3464 974 3507 ut
1001 3450 1595 3524 DiocletianusJovem,
1621 3450 1691 3524 ita
1713 3450 1878 3505 Maxi-

311 3523 495 3578 mianus
516 3522 797 3579 Herculem
824 3522 972 3594 patri
995 3540 1153 3594 opem
1181 3533 1368 3579 contra
1402 3523 1587 3578 hostes
1618 3522 1877 3594 ferentem

310 3594 606 3658 simulabat;
637 3595 779 3650 unde
799 3592 853 3651 et
881 3592 1158 3651 Ioviorum
1188 3607 1242 3649 et
1264 3594 1635 3649 Herculiorum
1666 3592 1879 3662 longius

311 3666 543 3737 [trgqucta
571 3667 640 3721 ad
672 3675 916 3737 posteros
945 3667 1156 3721 nomina
1174 3707 1191 3729 ,
1225 3666 1293 3719 de
1317 3665 1511 3735 quibus
1534 3664 1620 3718 hic
1647 3665 1880 3737 scriptor

310 3734 431 3790 inira
446 3734 688 3793 extremo
714 3738 817 3793 hoc
838 3738 994 3792 libro.
1030 3737 1127 3791 Adi
1146 3734 1445 3791 Mamertini
1476 3735 1875 3805 panegyricum,

309 3808 586 3873 prmsertim
620 3808 876 3875 priorem,
906 3808 1226 3862 Maximiano
1256 3808 1480 3862 dictum.
1524 3804 1659 3860 Mira
1695 3814 1875 3861 autem

308 3877 572 3934 insolentia
601 3880 830 3935 deorum
870 3880 1085 3935 nomina
1128 3888 1183 3935 et
1221 3878 1458 3933 honores
1487 3876 1640 3931 multi
1669 3876 1876 3947 princi-

308 3963 419 4019 pum
457 3950 762 4006 invaserunt
795 3951 945 4005 olim.
977 3951 1065 4007 Sic
1092 3951 1416 4019 Antigonus,
1447 3949 1527 4003 sic
1548 3946 1687 4003 unus
1709 3946 1877 4019 Grypi

306 4018 516 4076 ﬁliorum
539 4021 855 4087 Antiochus,
876 4023 1004 4077 item
1036 4017 1390 4083 Mithridates,
1420 4029 1476 4075 et
1513 4028 1634 4087 post
1666 4034 1761 4073 eos
1792 4017 1872 4073 Μ.

303 4090 568 4157 Antonius,
599 4107 700 4149 nec
727 4108 834 4148 non
870 4092 1014 4149 etC.
1058 4088 1320 4161 Caligula,
1364 4090 1627 4146 Bacchum
1668 4087 1877 4161 referre

301 4162 601 4228 studebant;
624 4163 954 4220 Menecrates
973 4160 1325 4229 Mercurium;
1349 4162 1625 4226 Tltemiso,
1645 4160 1876 4216 Alexan-

299 4231 420 4306 der,
449 4233 710 4306 Pyrrhus,
738 4234 1098 4298 Commodius,
1127 4243 1182 4288 et
1212 4235 1297 4288 hic
1337 4232 1690 4306 Maximianus
1741 4231 1872 4287 Iler-

298 4304 466 4360 culem
489 4304 502 4359 Ξ
528 4308 633 4361 imo
662 4318 718 4361 et
742 4307 1059 4361 Maximinus
1080 4308 1330 4372 superior
1357 4304 1629 4358 eumdem.
1657 4306 1873 4372 Augus-

297 4381 383 4448 tus
418 4377 706 4446 Apollinem
749 4379 887 4448 egit,
912 4390 1018 4431 non
1047 4376 1318 4448 refugiens
1348 4385 1526 4448 tamen
1548 4374 1873 4445 quandoque

294 4444 440 4502 Juvis
463 4444 649 4503 nomen
669 4466 685 4513 ;
713 4444 960 4504 sic'certe
982 4448 1051 4500 ab
1070 4444 1260 4502 Ovidio
1281 4447 1509 4516 aliisque
1525 4454 1746 4516 vocatus
1763 4444 1872 4502 non

293 4521 492 4590 semel:
519 4519 660 4590 quod
694 4531 750 4575 et
792 4520 863 4574 de
886 4518 1107 4590 caeteris
1151 4518 1299 4588 legas
1346 4515 1871 4590 aliquoties._Fus_ius

293 4587 399 4642 hoc
427 4587 1041 4646 ostenderuutAndrzeas
1061 4588 1337 4653 Scltottus,
1351 4587 1447 4643 lib.
1472 4603 1552 4654 Ill,
1582 4602 1633 4641 c.
1664 4588 1718 4642 '5.
1747 4587 1868 4642 obs.

292 4657 432 4784 II|i_st.
459 4662 758 4784 etlillustris
785 4660 1144 4733 Spanhemius
1170 4660 1237 4716 de
1262 4659 1454 4715 Ρηυει.
1493 4668 1548 4714 et
1591 4672 1691 4713 usu
1720 4672 1870 4713 num.

292 4744 318 4784 Ἃ
345 4743 492 4784 Inuot
535 4750 670 4784 oms.

286 4731 492 4801 aliquot
517 4735 670 4789 locis.

367 4800 510 4870 Quod
528 4806 744 4860 avaritia
764 4804 951 4859 minori
973 4803 1136 4859 altero
1155 4803 1254 4873 fuit
1276 4802 1410 4872 plus,
1439 4800 1625 4870 maiori
1645 4800 1879 4873 ceremi-

287 4891 414 4948 νινε,
435 4877 517 4930 sed
546 4879 661 4948 plus
690 4876 1009 4948 timiditatis,
1037 4871 1163 4948 plus
1179 4890 1296 4929 vero
1324 4873 1511 4948 animi,
1537 4888 1639 4948 non
1665 4871 1735 4925 ad
1756 4872 1880 4927 bene

287 4892 414 4937 nus,
435 4892 517 4930 sea
546 4892 661 4948 plus
690 4892 1009 4943 tinuattatrs,
1076 4892 1155 4928 tus
1179 4892 1296 4929 vero
1324 4892 1511 4938 anum,
1537 4892 1639 4927 non
1665 4892 1734 4925 aa
1756 4892 1877 4927 uene

287 4945 600 5025 faciendum,
626 4950 718 5025 sed
746 4948 815 5025 ad
842 4947 995 5025 male:
1027 4892 1292 5025 Eorrupta
1335 4944 1464 5025 haec.
1486 4953 1543 4999 et
1564 4943 1877 5025 depravata

284 5031 417 5072 esse
442 5020 627 5075 fatetur
649 5019 865 5074 clariss.
900 5017 1179 5083 Baluzius;
1207 5013 1311 5072 nec
1336 5014 1637 5071 dissimulat
1658 5013 1880 5083 amplis-

284 5089 459 5145 simus
481 5103 531 5145 et
553 5090 900 5146 doctissimus
926 5089 1174 5158 Cuperus
1215 5088 1391 5142 locmn
1421 5101 1543 5142 esse
1572 5084 1872 5158 difllcilem.

283 5158 528 5216 Teutabo
548 5172 751 5227 tamen,
783 5176 888 5231 qua
917 5156 1132 5231 potero:
1160 5158 1411 5214 existimo
1438 5168 1615 5231 autem
1642 5156 1719 5231 sic
1752 5171 1877 5227 pos-

283 5245 351 5286 se
396 5235 612 5291 restitui.
653 5232 766 5287 Hoc
793 5227 962 5286 iclum
1003 5228 1335 5297 differebant,
1363 5228 1498 5298 quod
1521 5227 1749 5283 avaritia:
1762 5244 1876 5282 uta-

283 5303 399 5364 iori
416 5306 568 5359 altero
590 5305 693 5375 fuit
720 5304 861 5373 plus,
886 5302 976 5356 sed
999 5311 1046 5375 et
1074 5302 1191 5375 plus
1212 5300 1499 5375 timiditatis
1530 5317 1544 5353 :
1571 5298 1765 5375 minori
1790 5315 1875 5354 ue-

284 5389 355 5425 ro
384 5376 539 5431 minus
559 5369 735 5445 {plus
788 5390 906 5429 vero
942 5369 1103 5445 animi
1124 5412 1159 5445 ,ί
1184 5388 1285 5445 non
1308 5370 1535 5445 adubene
1553 5369 1873 5445 faciendum,

286 5445 391 5498 sed
398 5448 459 5500 ad
479 5439 626 5501 male;
648 5445 1036 5500 Diocletianum
1051 5443 1292 5499 timidum
1309 5439 1668 5511 callidumque
1679 5439 1871 5511 fuisse,

282 5519 645 5589 cm-tidetttque
672 5532 895 5589 avarum
923 5514 1021 5589 _(ct
1066 5524 1150 5589 est
1193 5528 1323 5569 sane
1363 5512 1599 5568 timidior
1647 5516 1735 5582 qui
1765 5527 1873 5570 non

287 5588 521 5656 viribus,
558 5586 654 5644 sed
675 5588 882 5642 artibus
906 5586 1131 5652 dolosis,
1156 5593 1382 5655 pugnat;
1406 5597 1723 5656 rursumque
1751 5600 1881 5640 ava-

287 5659 430 5736 ritia:
454 5654 578 5736 cum
596 5669 825 5736 utroque
842 5658 969 5713 vitio
981 5656 1127 5736 solet
1143 5654 1264 5711 esse
1277 5654 1671 5736 convenientia)
1694 5656 1878 5736 talem,

294 5730 529 5800 inquam,
556 5725 945 5786 Diocletianum
977 5730 1141 5800 fuisse
1157 5736 1375 5800 narrant
1394 5725 1630 5781 historici
1660 5726 1880 5800 passim.

296 5794 672 5859 maximianum
704 5802 886 5866 luxus,
903 5798 1362 5871 profundendique
1381 5807 1436 5871 et
1457 5794 1884 5871 temere’donan-

299 5873 363 5931 di
394 5873 548 5932 libido
573 5874 642 5932 ad
670 5872 890 5944 rapinas
904 5866 965 5929 et
983 5870 1209 5942 injurias
1228 5869 1361 5926 alias
1381 5866 1686 5939 instigavit;
1708 5876 1766 5923 ut
1788 5868 1887 5926 mi—

1900 4622 1954 4684 D

1982 1887 2200 1963 rim_enta
2231 1887 2444 1957 possunt
2473 1887 2673 1955 docere,
2703 1896 2828 1963 quid
2850 1897 2914 1950 sit
2944 1887 3121 1951 verius
3141 1909 3187 1952 et
3234 1899 3437 1953 melius.

2052 1958 2240 2036 S_t_atim
2267 1972 2472 2036 priests.
2495 1963 2615 2036 Cic.
2649 1958 2725 2020 de'
2743 1965 2862 2021 Nat.
2898 1967 3156 2036 deorum,
3181 1970 3274 2025 lib.
3304 1987 3344 2036 ι,
3376 1985 3428 2025 c.
3462 1970 3532 2026 38
3570 1987 3581 2021 :

1981 2028 2306 2165 3:;lglaztt0u
2348 2034 2503 2088 simul
2541 2052 2603 2089 ac
2652 2038 2778 2091 mihi
2822 2038 3105 2093 collibitum
3141 2028 3237 2105 est,
3280 2028 3466 2112 prmio
3511 2049 3589 2096 est

2053 2171 2403 2251 Constantium
2437 2187 2704 2251 prwtereo.
2741 2179 2867 2236 Ilaec
2893 2181 2964 2237 ita
2993 2196 3151 2239 nona.
3180 2182 3406 2240 sectioni
3423 2224 3440 2251 ,
3468 2183 3585 2240 sive

1979 2244 2164 2314 capiti,
2198 2248 2396 2302 rectius
2420 2248 2671 2305 videntur
2691 2265 3004 2308 accessura.

2553 2361 2622 2417 IN
2660 2362 2891 2420 CAPUT
2915 2363 3011 2420 IX.

2058 2470 2299 2551 Eﬂeritas
2318 2490 2350 2527 a
2369 2473 2614 2551 Romano
2625 2479 2874 2551 sanguine
2893 2478 3081 2532 aliena.
3104 2477 3297 2551 Scribe
3309 2487 3362 2551 et
3378 2480 3579 2551 feritas:

1981 2543 2064 2619 sic
2088 2544 2245 2619 infra,
2276 2560 2326 2599 c.
2355 2544 2427 2600 40
2448 2543 2757 2618 essagitarii,
2798 2566 2895 2618 pro
2923 2551 3177 2618 sagitarii.
3208 2543 3476 2619 Amplecti
3521 2568 3585 2606 se

1986 2616 2142 2678 hanc,
2173 2615 2416 2687 duasque
2438 2615 2729 2687 sequentes
2758 2615 3169 2675 emendationes
3194 2615 3365 2686 meas,
3396 2620 3586 2678 scribit

1985 2686 2316 2759 perbenigne
2340 2686 2702 2757 amplissimus
2724 2688 2988 2759 Cuperus.

2056 2756 2420 2832 Statu'celsus.
2438 2756 2728 2832 ’ltaeditio
2757 2756 3080 2816 Parisiensis
3108 2778 3122 2814 :
3152 2760 3246 2832 sed
3287 2760 3578 2832 legendum

1984 2843 2107 2904 esse
2133 2839 2295 2904 status
2323 2829 2511 2904 celsus,
2530 2829 3014 2904 doqentbactantii
3043 2831 3237 2887 similia
3294 2829 3578 2904 complura

1988 2898 2107 2955 Div.
2153 2898 2327 2954 lnstit.
2358 2898 2396 2952 l.
2427 2916 2503 2967 ιι,
2535 2915 2584 2955 c.
2613 2901 2649 2955 2
2679 2918 2695 2957 :
2727 2900 2893 2957 Nobis
2945 2913 3113 2957 autem
3166 2913 3330 2957 status
3382 2898 3578 2970 rectus,

1984 2970 2218 3045 sublimis
2243 2972 2410 3045 uultus
2447 2972 2512 3045 ab
2539 2973 2741 3039 artiﬁce
2766 2974 2917 3028 datus
2953 2984 3065 3035 est;
3097 2989 3217 3044 cap.
3248 2973 3286 3027 2
3311 2992 3326 3030 :
3359 2974 3583 3045 Subjec-

1986 3051 2092 3095 tam
2121 3043 2332 3109 pedibus
2362 3043 2540 3097 vestris
2570 3053 2758 3099 terram
2785 3043 3191 3106 contemneretis,
3219 3046 3451 3114 corporis
3467 3043 3582 3101 sta-

1988 3121 2041 3185 ιιι
2066 3114 2241 3185 salvo;
2267 3129 2316 3167 c.
2353 3114 2417 3168 l7
2444 3132 2458 3168 :
2489 3115 2692 3169 Statum
2715 3116 2977 3171 sublimem
2995 3118 3303 3185 accepimus.
3330 3115 3389 3170 L.
3425 3133 3501 3181 Ill,
3525 3132 3575 3171 c.

1988 3183 2014 3238 l
2050 3201 2062 3237 :
2095 3184 2327 3260 Quorum
2346 3195 2506 3239 status
2530 3196 2698 3260 rectus
2735 3198 2831 3254 est,
2856 3187 2948 3244 lib.
2979 3183 3209 3260 vit,c._9
3238 3184 3435 3260 :Cujus
3462 3203 3578 3242 cor-

1982 3271 2079 3323 pus
2106 3256 2170 3310 ab
2196 3255 2407 3310 Itumrro
2426 3258 2721 3321 excitatum,
2750 3260 2920 3314 vultus
2952 3258 3208 3322 sublimis,
3246 3255 3410 3313 status
3443 3276 3581 3314 erec-

1979 3337 2081 3391 tus,
2109 3327 2359 3395 originem
2383 3342 2531 3381 suam
2551 3329 2753 3398 quierit.
2782 3329 2859 3384 De
2883 3331 2958 3384 ira
2982 3330 3042 3385 D.
3066 3345 3117 3385 c.
3142 3330 3211 3383 7:
3242 3328 3398 3383 Recto
3417 3339 3576 3393 statu,

1977 3413 2065 3452 ore
2090 3398 2316 3470 sublimi.
2351 3399 2424 3452 De
2450 3398 2592 3468 Opil‘.
2624 3414 2676 3454 c.
2709 3400 2744 3455 8
2774 3418 2789 3455 :
2823 3399 3063 3455 Hominis
3087 3402 3260 3470 itaque
3278 3401 3443 3455 solius
3466 3418 3580 3455 ree-

1979 3477 2032 3522 ta
2060 3469 2195 3522 ratio
2230 3478 2323 3533 est,
2369 3479 2415 3523 et
2453 3470 2686 3525 sublimis
2725 3481 2907 3525 status.
2951 3469 3215 3526 Similiter
3243 3470 3369 3525 Min.
3404 3470 3576 3537 Felix,

1982 3555 2034 3610 p_.
2069 3539 2194 3602 158,
2239 3550 2293 3593 et
2329 3555 2392 3593 ex
2444 3542 2830 3596 vetustioribus
2875 3541 3117 3605 Plautus,
3173 3542 3579 3610 Amphitrione,

1983 3608 2228 3663 Formam
2253 3612 2363 3679 cepi
2394 3610 2548 3678 lmjus
2574 3611 2627 3665 in
2658 3628 2737 3666 me
2764 3621 2809 3665 et
2834 3621 3043 3667 statum.

2050 3680 2319 3751 Animiqu
2349 3683 2593 3754 tlcjectus.
2630 3680 2845 3754 Scribe,
2875 3683 3128 3754 dejectus,
3158 3691 3213 3736 ut
3245 3681 3388 3753 apud
3413 3680 3579 3754 Clau-

1977 3750 2196 3806 dianum
2228 3750 2521 3820 opcra'viri
2552 3753 2726 3819 magni
2759 3766 2903 3809 nunc
2931 3750 3363 3810 emendationem
3391 3794 3408 3820 ,
3440 3753 3475 3809 l.
3515 3755 3578 3812 ni

1977 3822 2046 3879 de
2077 3821 2249 3893 Raptu
2272 3821 2523 3894 Proserp.
2556 3838 2607 3879 v.
2637 3822 2743 3879 297
2773 3841 2787 3878 :

2106 3972 2129 4001 ._
2161 3968 2200 4001 _.
2238 3971 2282 4001 _.
2351 3970 2364 3983 .
2512 3933 2734 4000 Supplex
2754 3935 3050 4001 dejectaque
3074 3936 3255 3989 vestris

2101 3995 2344 4048 Advolvor
2358 3997 2588 4060 genibus.

1976 4099 2117 4173 Alibi
2143 4100 2640 4173 quoquedejectum
2668 4099 2905 4156 clientem
2930 4100 3067 4156 dixit
3097 4100 3273 4173 idem:
3305 4099 3580 4173 quomodo

1974 4181 2029 4241 et
2050 4171 2276 4234 Statius,
2304 4170 2487 4238 Silius,
2514 4171 2857 4235 Prudentius,
2884 4173 3102 4241 aliique.
3133 4172 3306 4225 Etiam
3335 4170 3571 4235 Glossze,

1976 4240 2195 4319 Dejicio,
2221 4244 2504 4319 κατᾳφέρω,
2532 4243 2834 4319 gemmane;
2853 4245 2913 4298 τὸ
2942 4242 3190 4319 φρὸνημα,
3219 4241 3541 4319 favorerat?»

2046 4312 2173 4367 Cum
2203 4312 2437 4367 omnibus
2463 4314 2569 4367 suis
2611 4313 2681 4366 ad
2728 4313 2916 4367 bellum
2949 4312 3189 4382 pergere.
3221 4313 3295 4368 De
3325 4313 3576 4380 gentibus

1973 4382 2232 4449 Orientis,
2263 4383 2456 4454 quibus
2483 4385 2729 4454 pra-lium
2753 4383 3064 4439 ineuntibus
3091 4424 3108 4450 ,

2164 4533 2179 4549 .
2250 4534 2263 4546 .
2331 4531 2345 4545 .
2413 4496 2501 4547 Est
2519 4498 2760 4547 acerrima
2783 4495 2918 4547 nullo

2160 4557 2345 4612 Ordine
2362 4559 2629 4624 mobilitas,
2653 4561 2989 4625 insperatique
3013 4571 3266 4620 recursus,

1983 4674 2042 4720 ut
2060 4664 2137 4721 ait
2160 4663 2508 4737 Claudianus,
2539 4680 2646 4720 non
2666 4674 2750 4721 est
2775 4680 2875 4721 cur
2900 4679 2984 4732 ea,
3028 4679 3150 4737 qua}
3179 4662 3321 4734 apud
3364 4671 3580 4722 veteres

1983 4751 2263 4826 novosque
2278 4736 2583 4826 .obscrvatzlr
2606 4747 2748 4826 sunt
2762 4735 3076 4826 scriptores,
3104 4735 3236 4826 Iliae
3266 4749 3576 4826 cpttgeram.

1982 4805 2292 4878 Videat—qui
2316 4808 2456 4867 volet
2479 4806 2681 4864 Julium
2708 4805 2978 4863 Caesarem
3004 4806 3074 4863 de
3103 4806 3165 4861 Β.
3195 4805 3336 4862 Call.
3364 4805 3456 4862 lib.
3495 4822 3580 4876 tu,

1980 4893 2030 4934 c.
2056 4880 2120 4943 ὃς
2144 4878 2528 4945 llerodianum,
2551 4880 2588 4934 Ι.
2613 4895 2688 4946 iv,
2717 4895 2769 4935 c.
2790 4880 2912 4943 ult.,
2930 4880 3216 4943 Senecam,
3234 4877 3302 4933 de
3322 4877 3406 4932 Ira
3433 4877 3472 4933 Ι.
3494 4894 3580 4944 ιιι,

1980 4965 2032 5031 c.
2063 4952 2127 5015 3;
2153 4949 2520 5031 Florum,_lib.
2550 4966 2706 5031 tu,c.
2739 4951 2803 5031 ἧς
2833 4948 3074 5031 δικιιρ
3093 4958 3201 5004 etc.
3222 4948 3581 5007 Servautma-

1975 5023 2154 5092 jorum
2177 5036 2382 5075 morem
2408 5020 2549 5075 hunc
2574 5026 2736 5076 etiam
2764 5020 3006 5092 hodierni
3029 5018 3241 5092 Turcaz.

1985 5089 1997 5175 ὲ
2055 5090 2124 5145 Ut
2140 5092 2255 5163 jam
2279 5095 2606 5175 detractaret.
2636 5091 2878 5175 Itaa‘pud
2906 5089 3034 5175 Min.
3066 5090 3322 5175 Felicem,
3358 5104 3410 5160 p.
3439 5091 3571 5175 269,

1978 5160 2218 5228 inspursa
2256 5162 2524 5216 mendacia
2548 5178 2568 5228 ;
2588 5164 2732 5232 apud
2749 5161 3158 5233 Symmachum,
3187 5160 3226 5217 l.
3260 5176 3335 5226 v1,
3362 5176 3451 5231 ep.
3472 5163 3571 5218 ult.

1975 5232 2376 5299 commendare;
2418 5234 2559 5304 apud
2610 5234 2776 5301 alios,
2820 5232 3152 5289 contractabil
3276 5232 3571 5305 impertire,

1975 5303 2240 5361 obaudire.
2269 5305 2655 5360 circumsedere.

2039 5319 2240 5370 audire,
2269 5319 2655 5360 arcuumaere.

2567 5396 2633 5454 IN
2654 5395 2880 5456 CAPUT
2905 5396 2976 5454 Χ.

2056 5509 2188 5567 Erat
2225 5526 2318 5582 pro
2344 5511 2524 5569 timore
2548 5521 2811 5585 scrutator
2826 5529 2996 5585 rerum
3022 5512 3487 5585 futurarumaPrc
3507 5514 3577 5567 ti-

1986 5599 2127 5639 more
2145 5591 2240 5656 aut
2267 5597 2376 5654 ρτω
2400 5592 2556 5650 metu,
2580 5593 2666 5640 est
2692 5584 2942 5656 equidem
2964 5583 3230 5642 usitatius.
3259 5583 3462 5656 Opinor
3478 5592 3573 5656 ta-

1991 5669 2113 5711 men
2139 5653 2246 5710 dici
2263 5652 2422 5730 posse
2439 5671 2533 5725 pro
2559 5652 2769 5730 timore,
2788 5652 3351 5730 utapudinterpretem
3378 5652 3577 5730 Biblio-

1990 5740 2141 5799 rum,
2171 5740 2239 5793 ιι,
2264 5722 2399 5796 Reg.
2433 5722 2482 5781 vt
2515 5744 2530 5781 :
2558 5722 3026 5799 Conturbaturitque
3049 5737 3122 5783 est
3137 5722 3231 5799 cor
3243 5725 3382 5799 regis
3390 5722 3579 5799 Syria:

1991 5811 2095 5879 pro
2115 5796 2212 5879 hac
2237 5812 2330 5879 re;
2354 5795 2415 5855 et
2454 5798 2725 5879 quomodo
2757 5798 2912 5879 Sulp.
2941 5795 3173 5856 Severus
3368 5795 3502 5853 Hist.
3535 5808 3635 5879 rr-

1993 5865 2044 5925 c.
2061 5867 2126 5924 9:
2148 5865 2379 5936 Fratres,
2407 5865 2522 5940 post
2549 5870 2710 5940 patris
2733 5865 2924 5924 obitum
2941 5884 3034 5940 pro
3055 5865 3361 5925 conscientia
3391 5881 3547 5939 paver
