4066 6188
501 323 608 380 407

1855 323 2136 381 J0.\NNIS
2172 322 2474 385 COLUMBI

3694 326 3803 386 408

499 442 662 514 ipsius
684 484 699 503 ,
748 454 848 493 non
875 446 1012 518 lecte
1046 436 1341 518 judicastis.
1386 438 1461 493 lia
1511 440 1832 518 vetustiores
1876 454 2092 518 quoque
2118 442 2166 499 A
2195 442 2594 518 anibnrcbantur
2624 460 2643 498 :
2672 445 2962 518 domestici,
2996 446 3224 518 alligatis
3260 445 3330 501 ad
3358 446 3547 502 collum
3588 446 3803 502 molari-

502 507 737 585 passim,
786 520 842 585 ut
869 507 981 585 Cic.
1017 525 1115 585 pro
1140 507 1494 585 Cn._l’laneo,
1540 526 1589 564 c.
1620 510 1695 585 6A:
1721 511 1830 585 iste
1875 507 2046 580 potius
2072 552 2088 576 ,

503 580 661 656 gnam
686 581 818 656 ego?
841 580 918 656 uel
946 580 1117 633 nescio
1136 625 1150 645 ,
1182 581 1259 656 uel
1289 598 1388 634 non
1416 581 1564 656 dico;
1592 583 1667 635 vel
1695 583 1932 651 denique,
1962 582 2098 656 quod

503 650 630 710 mihi
651 650 1004 721 gravissimum
1026 662 1151 704 esset
1179 652 1366 715 dicere,
1396 653 1485 705 sed
1520 653 1728 721 impune
1756 662 1923 706 tamen
1950 654 2099 707 debe-

501 744 608 782 rem
635 723 823 785 dicere,
856 738 955 793 non
982 732 1132 774 recte.
1165 721 1302 790 Quin
1334 723 1494 777 etiam
1530 723 1838 778 Laclantius
1865 724 1979 793 ipse
2009 740 2101 777 su—

504 814 620 867 pra,
651 811 701 851 e.
726 794 780 857 7,
805 793 883 847 sic
901 792 1281 867 loeutustalibi
1300 810 1445 867 vero.
1475 811 1575 848 non
1602 795 1704 865 pie,
1730 811 1830 849 non
1856 792 2096 866 perfecte,

503 863 610 923 non
637 868 835 935 integra
865 863 1193 935 conscientia,
1223 864 1388 919 dixit:

579 934 773 1008 Magno
799 944 965 1008 tamen
996 934 1189 988 animo.
1236 935 1580 1005 Sapientibus
1630 936 1764 991 nihil
1801 951 2051 1007 magnum
2078 978 2094 1001 ,

505 1010 608 1065 nisi
633 1006 777 1079 quod
809 1016 864 1060 et
895 1006 1138 1079 bonurn”:
1173 1008 1269 1061 sed
1302 1008 1353 1079 hi
1382 1018 1683 1077 sequuntur
1714 1006 2098 1077 nonnunquam

504 1076 778 1149 vulgarem
810 1076 1286 1149 consuetudinem,
1316 1076 1575 1132 duntaxat
1618 1080 1669 1131 in
1711 1076 1979 1133 sermone.
2011 1079 2101 1133 Sic

504 1153 716 1208 Tullius
743 1152 796 1203 in
827 1147 1024 1219 Milone
1052 1148 1308 1217 pnedicat
1326 1149 1487 1202 animi
1527 1149 1981 1219 magnitudinem.
2007 1150 2098 1205 Sic

508 1224 689 1278 Livius
733 1217 1142 1288 reprehenditur
1186 1234 1215 1272 a
1249 1221 1452 1275 Seneca
1484 1260 1499 1282 ,
1544 1217 1684 1287 utiod
1715 1222 1886 1274 virmn
1932 1221 2097 1275 animi

507 1295 634 1348 boni
666 1310 693 1343 a
716 1291 832 1344 viro
869 1290 1042 1357 magni
1069 1289 1229 1343 animi
1261 1291 1574 1360 distinguat,
1607 1291 1698 1344 lib.
1733 1307 1789 1345 ιιι
1818 1293 1883 1346 de
1914 1291 2017 1355 Ira,
2048 1308 2096 1347 c.

505 1369 603 1420 ult.
641 1363 707 1417 Et
747 1371 924 1415 tmncn
977 1363 1090 1428 ipse
1134 1362 1195 1414 L.
1228 1362 1434 1416 Seneca
1468 1362 1532 1414 ad
1588 1362 1837 1416 Marciam
1883 1378 1931 1416 e.
1988 1363 2097 1417 16:

504 1435 764 1489 Gracchos
789 1471 804 1496 ,
848 1433 1024 1504 inquit
1046 1472 1082 1504 ,_
1102 1433 1255 1504 etiam
1287 1433 1373 1502 qui
1401 1432 1558 1486 bonos
1585 1438 1860 1500 negaverit,
1891 1450 2101 1504 magnos

501 1507 760 1575 fatebitur.
803 1501 1007 1575 Similia
1038 1501 1225 1575 videor
1249 1501 1445 1575 legisse
1471 1503 1611 1571 apud
1647 1501 2005 1574 llegcsippum
2033 1506 2100 1560 de

505 1573 730 1632 Excidio
763 1573 1237 1643 .lerostdymilano.
1273 1574 1469 1628 Notum
1516 1576 1696 1644 utique
1727 1588 1809 1628 est
1839 1573 1965 1630 illud
1992 1576 2099 1631 Na-

503 1650 652 1703 sonis
676 1689 691 1711 ,
745 1644 952 1716 Magnis
1002 1653 1169 1698 tamen
1199 1645 1385 1699 excidit
1411 1646 1568 1699 ausis.
1595 1645 1748 1712 Quod
1785 1662 2098 1716 expres-smn

448 1716 456 1723 ’
505 1719 719 1773 videtur
747 1734 811 1772 ex
844 1719 946 1770 iSto
974 1716 1139 1770 veteri
1168 1717 1418 1782 senario,
1463 1717 1554 1787 qui
1586 1718 1780 1788 legitur
1806 1719 1947 1788 apud
1978 1718 2101 1774 Dio-

504 1806 623 1862 nys.
655 1789 993 1859 Longinum:

756 1913 930 1964 Μεγάλαις
945 1912 1227 1957 ἀπθλισθαίνιιν,
1247 1911 1431 1963 ἁμάρτημ’
1453 1911 1587 1962 tiqui;
1611 1914 1623 1949 Σ

506 2008 594 2065 ubi
629 2009 862 2065 viderint
889 2007 1086 2063 eruditi
1120 2007 1391 2063 rectiusne
1425 2006 1636 2077 legant,

758 2134 936 2185 Μιγάλων
958 2132 1182 2171 ἀπολισοαὶν
1189 2146 1254 2170 ιιν.

579 2207 825 2277 Legitime
851 2215 1045 2277 coctus.
1072 2204 1183 2277 Ego
1200 2203 1433 2277 arbitror
1451 2202 1535 2277 his
1551 2202 1730 2277 verbis
1758 2202 1936 2259 inesse
1958 2203 2109 2274 quid,

508 2274 671 2350 quale
701 2279 809 2333 illis
838 2278 898 2332 Β.
933 2276 1207 2331 Laurentii
1232 2276 1374 2344 apud
1397 2274 1746 2330 Prudentium
1771 2292 1783 2327 :

750 2390 996 2442 Converte
1010 2397 1197 2452 partem
1215 2388 1437 2450 corporis

753 2454 885 2501 Satis
916 2460 1180 2501 crematam
1200 2452 1419 2512 iugiter:

760 2515 820 2565 Et.
843 2514 917 2564 lac
940 2513 1198 2576 periclum,
1215 2513 1333 2575 quid
1358 2519 1473 2561 tuus

758 2576 1006 2625 Vulcanus
1027 2575 1207 2625 ardens
1225 2578 1403 2636 egerit.

758 2638 1028 2687 Praefectus
1054 2638 1230 2687 inverti
1242 2636 1404 2698 jubet.

755 2700 895 2751 'l‘une
919 2699 1000 2749 ille
1030 2712 1043 2750 :
1067 2698 1266 2749 Coctmn
1290 2707 1386 2756 est,
1405 2698 1586 2748 devora
1609 2711 1624 2759 ;

756 2764 819 2813 Et
838 2763 1238 2825 experimentum
1263 2774 1405 2824 cape,

757 2828 834 2876 Sit
858 2824 1079 2884 crudum,
1100 2836 1161 2871 an
1184 2835 1344 2873 assum
1367 2824 1581 2873 suavius.

503 2932 770 3003 Legitime,
801 2931 896 2994 ait,
928 2938 1125 2992 coctus,
1158 2927 1208 2980 id
1236 2937 1339 2988 est,
1372 2936 1429 2981 nt
1462 2926 1931 3003 interpretamlnm
1960 2920 2111 3003 pulo,

508 2999 784 3074 legitimo,
835 3005 947 3054 sive
979 3010 1243 3074 consueto
1275 3013 1427 3074 sac_r_a
1462 3000 1754 3074 paganica,
1811 3010 1903 3074 aut
1948 2999 2113 3074 etiam

2200 512 2314 576 bus,
2344 515 2478 568 mari
2503 515 2877 589 mergebantur.
2907 520 2997 572 Sic
3029 512 3118 573 lib:
3150 535 3242 585 vn,
3275 534 3324 572 c.
3358 518 3425 572 21
3455 536 3467 572 :
3496 518 3643 574 Tunc
3668 534 3804 589 quo-

2199 600 2314 637 rum
2337 597 2547 661 peccata
2567 588 2810 656 pondere,
2836 591 2911 642 vel
2932 607 3142 644 munero
3156 591 3537 659 praevaluerint,
3556 588 3806 661 perstrin-

2199 664 2383 734 gentur
2421 657 2529 734 igni
2546 699 2560 722 ,
2602 669 2754 734 atque
2776 662 3128 715 amburentur.
3156 657 3325 734 'Cypr.
3355 661 3424 734 de
3448 657 3662 734 Opere,
3691 671 3804 734 etc.

2202 724 2269 778 Et
2293 724 2514 782 ibunt'in
2543 729 2909 785 ambusttonem
2936 724 3347 788 wternant.'Am.
3378 724 3611 789 διετέθη.
3630 724 3668 787 l.
3692 733 3766 787 30
3784 749 3803 788 :

2201 794 2710 873 Internisnimietate
2734 802 2966 856 calorum
2989 804 3256 859 ambustis.
3286 805 3378 859 Sic
3400 804 3684 873 Inscriptio
3709 821 3806 859 ve-

2202 876 2289 922 tus
2310 870 2449 939 apud
2479 871 2771 945 Antonium
2796 876 3175 945 Augustinum,
3214 876 3434 945 Dialogo
3457 892 3484 929 κ
3514 894 3528 931 :
3555 870 3807 932 incusso

2200 953 2473 1016 conpone,
2524 943 2575 997 id
2626 954 2740 1008 est,
2775 943 2992 999 exuSto.
3028 948 3093 1001 Et
3117 948 3195 1001 sic
3225 947 3315 1000 alii
3344 943 3562 1016 passim.
3596 948 3652 1002 Si
3680 949 3807 1015 quis

2202 1018 2379 1066 tamen
2411 1013 2532 1068 ideo
2558 1015 2699 1080 quod
2732 1016 2905 1085 ignem
2932 1020 3083 1072 nmlti
3121 1013 3434 1085 praeferrent
3459 1013 3806 1073 sulfoeationi

2208 1098 2302 1150 per
2324 1099 2490 1152 aquas
2515 1085 2795 1148 faciemlw,
2825 1088 2924 1141 rati
2947 1088 3215 1142 ﬂammam
3242 1090 3449 1143 animas
3471 1091 3571 1143 sibi
3601 1105 3808 1154 Cogna-

2205 1165 2286 1207 tas
2316 1155 2545 1211 lustrare
2577 1173 2932 1227 purgaretque,
2969 1176 3160 1228 aquam
3192 1176 3321 1213 vero
3351 1160 3566 1214 easdem
3599 1162 3810 1215 elidere

2203 1236 2364 1300 atque
2383 1229 2720 1300 extinguere,
2751 1229 2819 1281 ab
2841 1232 3071 1286 ethnicis
3097 1232 3507 1300 imperatoribus
3530 1232 3631 1286 hoc
3657 1233 3810 1287 vellit

2206 1295 2468 1351 indultum
2499 1299 2642 1353 dicat
2681 1300 2992 1355 domesticis
3011 1344 3024 1366 ,
3060 1311 3118 1355 ut
3160 1295 3281 1372 igne
3306 1312 3760 1358 consumerentur
3784 1345 3803 1369 ,

2202 1376 2431 1423 ceteros
2455 1372 2628 1443 aquis,
2666 1381 2721 1424 ut
2767 1373 3000 1443 nefarios
3031 1384 3085 1426 ct
3114 1374 3411 1443 sacrilegos
3439 1373 3603 1428 fuisse
3632 1376 3811 1429 aboli-

2206 1448 2310 1514 tos,
2345 1456 2448 1514 non
2476 1442 2690 1495 obnitar
2715 1441 3095 1510 vehementer,
3127 1445 3253 1514 quin
3286 1441 3386 1514 legi
3418 1459 3575 1513 posse
3600 1461 3806 1500 (sortee-

2203 1508 2324 1585 dam
2361 1512 2666 1585 :Cregatim
2693 1515 3008 1569 circumdato
3047 1508 3158 1585 igni
3180 1508 3573 1570 amburebantur
3601 1519 3814 1572 domes-

2202 1580 2325 1645 tici;
2350 1581 2463 1644 alii,
2494 1584 2664 1652 ligatis
2708 1585 2776 1636 ad
2802 1586 2992 1639 collum
3025 1580 3336 1653 m'olaribus,
3385 1597 3493 1640 etc.
3522 1587 3628 1643 Sed
3656 1589 3812 1658 eligo

2206 1666 2347 1706 nunc
2376 1668 2574 1721 priora,
2599 1671 2718 1710 cum
2743 1671 2803 1711 ea
2833 1672 2939 1712 non
2966 1659 3280 1729 displiceant
3312 1659 3674 1715 illustrissimo
3691 1661 3809 1715 Cu-

2207 1737 2355 1792 pero.

2132 1827 2180 1889 Β
2217 1879 2243 1889 Δ
2265 1795 3238 1889 sua:irascereturiis._Secretarium,
3279 1816 3378 1889 seu
3407 1804 3815 1889 secretumle

2213 1879 2311 1944 cus
2340 1876 2453 1944 est,
2485 1869 2547 1944 in
2594 1884 2704 1944 quo
2748 1870 2940 1926 sedent
2973 1872 3181 1940 judices
3225 1889 3325 1944 pro
3359 1875 3630 1928 tribunali.
3673 1873 3818 1929 Vide

2217 1936 2450 2016 l_lesyc_h.
2485 1940 2537 1992 in
2565 1942 2822 2016 asumma,
2871 1952 2923 1998 et
2974 1936 3192 2016 Suidam
3226 1936 3276 1998 in
3306 1946 3482 2005 Στήλη.
3517 1944 3699 1999 Vales.
3739 1947 3816 2001 ad

2214 2008 2336 2062 Am.
2384 2008 2623 2064 Mareell.’
2805 2029 2871 2067 xv
2905 2032 2918 2067 :
2951 2015 3025 2068 Ab
3069 2017 3163 2069 lioc
3202 2018 3442 2089 judtcum
3480 2017 3819 2071 stccularium

2215 2095 2356 2132 more
2383 2097 2617 2136 manasse
2654 2084 2879 2149 videtur,
2922 2097 2977 2138 ut
3005 2084 3274 2141 secretaria
3301 2089 3357 2141 in
3396 2088 3621 2141 ecclesiis
3652 2089 3820 2141 Imbe-

2212 2162 2325 2229 rent
2353 2153 2578 2221 episcopi
2601 2162 2654 2229 et
2670 2156 2965 2229 presbyteri,
2989 2157 3077 2229 ubi
3101 2159 3370 2212 audiendis
3412 2158 3628 2226 fratrum
3654 2177 3823 2229 nego-

2215 2221 2299 2274 m‘
2326 2234 2584 2300 v“c“_"_e"_‘-
2608 2221 2740 2300 μένε
2767 2221 3025 2300 Ϋᾶιρεὶιιε.
3061 2228 3298 2284 Meminit
3328 2242 3377 2285 et
3408 2221 3676 2300 Sulpicius

2216 2307 2396 2370 verus,
2426 2293 2569 2370 pini.
2600 2295 2736 2370 2,_c.
2772 2298 2825 2352 1.
2860 2296 2989 2354 Item
3023 2300 3191 2370 Epist.
3227 2302 3252 2354 1
3289 2310 3343 2355 et
3370 2302 3405 2357 5
3429 2293 3645 2355 (ιε’νιιει
3670 2302 3822 2357 Mar-

2217 2363 2312 2417 tini
2342 2381 2357 2427 ;
2385 2365 2475 2418 ubi
2501 2367 2723 2422 consule
2748 2371 2909 2424 etiam
2960 2363 3123 2425 Notas
3155 2371 3373 2427 Vorstii.
3403 2373 3528 2426 Ara:
3568 2384 3749 2428 autem
3786 2391 3821 2427 a

2217 2433 2457 2509 Paganis
2474 2436 2730 2509 insidiose
2747 2441 2935 2509 positze
2949 2453 3318 2497 memorantur
3346 2457 3449 2497 non
3476 2459 3583 2497 uno
3612 2444 3664 2497 in
3691 2445 3823 2500 loco

2218 2505 2269 2560 in
2304 2506 2493 2575 priscis
2516 2505 2833 2564 Annalibus.
2880 2513 2970 2567 Sic
3001 2514 3068 2568 de
3095 2530 3185 2568 ara
3219 2513 3467 2570 Victoria:
3510 2515 3562 2568 in
3607 2514 3821 2571 Senatu

2218 2577 2464 2650 ponenda
2496 2577 2851 2650 Symmachus
2874 2582 3227 2640 vehementer
3255 2585 3551 2640 laborabat.
3593 2586 3686 2641 Sic
3712 2589 3823 2640 du-

2218 2647 2459 2728 n_ativn_m
2508 2647 2776 2708 divisurus
2826 2656 3082 2728 militibus
3122 2656 3367 2711 Julianus
3415 2659 3700 2728 praecepit,
3758 2669 3826 2713 ut

2218 2718 2412 2797 singuli
2446 2736 2634 2797 aurmn
2665 2726 2938 2797 accepturi
2963 2741 3127 2796 grana
3157 2728 3359 2797 aliquot
3403 2718 3658 2783 ι’1ιιιι·ἰε’1ιι
3687 2718 3824 2785 aras

2214 2788 2476 2861 jacerent,
2505 2793 2642 2848 adeo
2672 2788 2895 2861 minuta,
2929 2788 2993 2852 ιιῖ
3014 2798 3213 2855 multos
3241 2788 3672 2855 Chrisdanorum
3712 2800 3820 2857 lal-

2218 2859 2374 2937 lerel,
2402 2861 2615 2933 ignaros
2643 2867 2768 2935 quid
2793 2859 3038 2937 agerent.

2290 2932 2589 3012 (Σοηιιιιειιιιι⁸
2611 2932 2807 2991 litterae
2828 2932 3188 3011 Symmachus
3212 2941 3310 3004 1.1,
3339 2941 3592 3012 Epist.9l
3628 2961 3642 2996 :
3678 2941 3823 2999 Meae

2219 3002 2401 3081 littera:
2434 3007 2675 3072 quoniam
2702 3002 2926 3081 acceptis
2962 3023 3081 3067 sunt
3123 3013 3242 3079 tibi,
3279 3002 3507 3069 crebrius
3550 3030 3818 3070 commea-

507 3068 772 3129 etilinaria
797 3071 1150 3125 tractantibus
1170 3085 1339 3123 more.
1362 3069 1537 3123 Nostri
1562 3070 1829 3132 dicerent,
1860 3068 1968 3123 Van
1995 3070 2123 3137 ble/f
2219 3073 2364 3128 bunt.

508 3145 664 3200 steekt
702 3162 801 3198 vuu
833 3142 1105 3196 ordinarie
1151 3141 1292 3203 vviis,
1328 3140 1453 3193 eller
1477 3157 1586 3193 som
1636 3158 1695 3193 en
1732 3158 1904 3193 anntm
1937 3141 2110 3195 Sterk.

2303 3143 2486 3201 Verum
2515 3150 2809 3227 autemltei
2834 3154 3096 3223 templum.
3127 3155 3277 3210 Lact.
3307 3156 3574 3227 Epitome,
3597 3173 3719 3227 cap.
3745 3160 3815 3215 8:

504 3218 595 3271 Sic
627 3215 932 3299 Legitimum
963 3228 1199 3299 sacrum,
1246 3212 1297 3299 in
1328 3211 1525 3299 divinis
1566 3212 1919 3281 humanisque
1961 3213 2112 3269 libris
2138 3212 2184 3274 C
2219 3212 2660 3299 Evacuetitroruni
2685 3223 2798 3277 labe
2823 3211 3016 3299 pectus,
3044 3238 3100 3280 ut
3118 3211 3365 3299 templum
3381 3226 3478 3282 Dei
3499 3211 3607 3284 esis
3625 3211 3819 3299 possit,

510 3302 677 3358 Step6.
701 3281 955 3354 Legitima
981 3282 1131 3336 verba
1158 3281 1299 3351 apud
1330 3281 1628 3337 Nasonem:

697 3398 844 3449 Curio
864 3396 1101 3459 legitimis
1110 3403 1224 3459 tunc
1241 3394 1523 3444 Fornacalia
1547 3394 1711 3445 verbis

762 3456 1001 3510 Maximus
1026 3456 1214 3507 indicit.

510 3567 760 3639 Legitima
789 3564 1105 3643 fossa,apud
1126 3561 1566 3643 Vegetinmplib.
1597 3577 1636 3629 ι,
1660 3577 1709 3617 c.
1730 3561 1822 3643 gi.
1843 3562 1976 3618 llinc
1997 3564 2112 3633 ipse

508 3634 819 3696 Lactantius
852 3636 1076 3708 legitima
1097 3651 1244 3689 sacra
1265 3634 1417 3700 dixit,
1445 3634 1538 3688 lib.
1573 3649 1626 3699 v,
1656 3648 1705 3688 c.
1734 3634 1785 3688 2.

1045 3753 1111 3809 IN
1159 3752 1388 3808 CAPUT
1427 3750 1568 3806 XIV.

587 3871 963 3938 Excarni/icari
978 3887 1151 3924 omnes
1170 3886 1288 3923 suos
1307 3872 1538 3933 protinus
1560 3868 1821 3938 prtccepit.
1839 3868 1954 3924 Non
1977 3886 2109 3938 prte-

512 3944 667 4012 cepit,
696 3944 789 3996 sed
817 3944 987 4008 t‘thll,
1023 3943 1075 3995 in
1100 3941 1286 3994 codice
1314 3940 1410 4012 illo
1447 3949 1658 4012 vetusto
1687 3951 1872 3993 extare
1913 3940 2109 3996 fatetur

513 4011 781 4068 Baluzius.
804 4012 1071 4067 Existimo
1099 4013 1198 4063 hoc
1230 4011 1474 4064 relictum
1494 4011 1558 4062 ab
1577 4012 1866 4063 auctoreiu
1895 4014 2107 4082 tyranni

511 4086 797 4149 invidiam,
852 4082 1240 4148 Enaruiﬁmre
1284 4098 1419 4135 suos
1455 4097 1626 4135 omnes
1666 4081 1894 4147 protinus
1922 4081 2105 4150 coepit.

510 4156 672 4211 Addit
704 4158 871 4215 enim,
900 4155 1124 4208 Sedcbat
1151 4153 1278 4221 ipse,
1315 4162 1370 4206 et
1401 4152 1626 4218 reliqua.
1662 4152 1851 4204 Uum’es
1883 4170 2003 4207 suos
2028 4157 2106 4209 in-

512 4237 811 4295 terpretare
838 4228 1062 4287 aulicos,
1089 4226 1178 4292 ιιιιί
1212 4224 1312 4292 ipsi
1341 4224 1669 4286 serviebant;
1703 4237 1751 4275 e.
1788 4225 1875 4283 15,
1899 4224 2103 4278 domes-

507 4300 634 4353 ticos
658 4307 812 4353 vocat
836 4341 851 4366 ,
894 4300 969 4350 uti
1003 4298 1140 4351 bene
1173 4304 1357 4356 intonet
1384 4295 1747 4366 amplissimus
1776 4306 1829 4347 et
1855 4295 2106 4349 doctissi-

510 4385 629 4423 mus
655 4365 914 4436 Cuperns.
952 4368 1082 4422 Nam
1123 4368 1361 4434 proxima
1396 4376 1636 4435 tempora
1679 4365 1980 4420 domesticos
2009 4382 2098 4435 pe-

509 4441 786 4495 culiariter
831 4440 1097 4494 vocabant
1135 4438 1379 4506 corporis
1426 4436 1755 4503 imperatorii
1805 4437 2059 4492 custodes
2085 4478 2102 4501 ,

510 4513 723 4581 equites
746 4510 1076 4579 peditesque,
1105 4508 1193 4575 qui
1225 4507 1440 4576 quidem
1457 4507 1602 4562 domi
1625 4507 1983 4575 excubabant;
2011 4511 2100 4579 qui

515 4597 644 4635 vero
675 4581 903 4643 militisc,
933 4588 1261 4649 protectores.

586 4650 748 4704 Erant
799 4647 1069 4721 certantes.
1094 4647 1321 4721 ilf‘igura-
1345 4656 1429 4701 est
1458 4649 1817 4721 μακρολθγὶας,
1841 4663 1937 4703 seu
1966 4665 2094 4718 pro-

511 4721 803 4783 ductionis,
834 4720 903 4773 de
928 4735 1031 4789 qua
1056 4719 1175 4772 vide
1200 4717 1539 4789 Buchnermn
1556 4717 1624 4789 de
1644 4717 2101 4775 cinninntataRa-

512 4794 658 4847 tione
685 4791 919 4859 dicendi,
948 4788 987 4844 l.
1019 4805 1057 4855 ι,
1087 4806 1136 4844 e.
1159 4789 1254 4843 Ἣ.
1288 4788 1344 4842 In
1385 4788 1574 4857 graecis
1604 4788 1891 4859 latiuisque
1915 4791 2099 4847 Bibliis

512 4863 616 4918 hoc
654 4877 826 4932 genus
863 4873 947 4918 est
988 4860 1499 4931 frequentissimum.
1542 4859 1649 4932 S_ed
1688 4868 1743 4912 ct
1789 4858 2100 4918 Lactantius

511 4937 581 4988 ita
607 4975 622 4998 ,
659 4929 768 4987 'lib.
813 4950 874 4999 ll,
921 4948 970 4987 c.
1008 4929 1118 4987 15‘:
1153 4933 1510 4985 Aberrantesa
1562 4929 1658 4984 Dei
1704 4932 1883 4984 notitia
1929 4943 2100 4999 gentes

509 5022 617 5059 esse
640 5016 918 5071 cmperunt.
942 5004 1057 5058 Cic.
1087 5002 1158 5057 de
1187 5001 1301 5056 Nat.
1330 5003 1483 5056 deor.
1515 5001 1553 5055 Ι.
1582 5018 1641 5066 ιι,
1673 5016 1721 5056 c.
1753 5017 1840 5056 vm
1870 5019 1883 5055 :
1913 5003 2101 5059 Omnia

510 5078 643 5130 enim
689 5077 796 5130 Iiwc
845 5076 1055 5129 meliora
1093 5084 1242 5141 sunt,
1286 5089 1438 5143 quam
1476 5089 1536 5127 ea
1559 5112 1575 5140 ,
1620 5090 1736 5144 quae
1762 5083 1877 5128 sunt
1908 5074 1987 5128 liis
2014 5092 2102 5129 ca-

510 5149 697 5201 rentia.

538 5208 543 5215 ’
580 5218 688 5272 Sed
712 5216 924 5271 celerius
937 5216 1367 5287 animaduersum.
1390 5214 1534 5275 Loco
1556 5222 1648 5273 τοῦ
1665 5217 1782 5280 sed,
1797 5216 1942 5287 quod
1965 5232 2104 5286 prte-

508 5288 753 5356 cedebat,
777 5287 832 5342 id
854 5302 959 5343 non
985 5287 1147 5343 dubia
1176 5286 1486 5356 conjectura
1515 5288 1795 5344 videbatur
1822 5286 2098 5357 reponen-

510 5360 660 5416 dum.

1048 5449 1116 5507 IN
1153 5447 1384 5506 CAPUT
1423 5447 1540 5504 XV.

580 5564 818 5635 Alligatis
843 5564 911 5618 ad
932 5562 1457 5635 collamﬂmolaribus.
1498 5560 1676 5635 Quid,
1710 5560 1834 5630 igne
1869 5561 2101 5635 ambusti

505 5632 759 5707 iidemiie,
791 5635 883 5707 qui
910 5632 1300 5707 deiu__§tll_iga_tis
1322 5632 1614 5707 molaribus
1644 5632 2101 5707 imniergebantor

508 5708 681 5781 gnari?
711 5702 825 5781 Iuni
851 5718 981 5781 vero
999 5702 1109 5781 alii.
1135 5702 1241 5758 Sed
1264 5711 1319 5756 et
1347 5702 1825 5781 superiora-minus
1850 5702 1976 5772 apte
1994 5721 2095 5781 co-

504 5775 733 5830 luerent.
763 5774 1153 5843 Corrigendum
1198 5786 1397 5845 censeo
1417 5771 1461 5838 ,'
1482 5771 1568 5827 Ne
1593 5773 1821 5844 singuli,
1849 5771 2090 5845 quoniam

500 5853 643 5901 tanta
688 5856 796 5903 erat
844 5845 1159 5903 multitudo:
1185 5844 1275 5900 sed
1320 5844 1567 5915 gregatim
1613 5844 1926 5904 circumdato
1977 5850 2086 5918 igni

2215 3290 2355 3366 quod
2375 3293 2640 3366 nouauri,
2681 3310 2781 3366 non
2812 3290 2976 3350 eboris
2992 3308 3157 3363 ,mtor,
3192 3290 3280 3351 sed
3315 3299 3436 3366 ﬁdei
3474 3310 3520 3353 et
3561 3290 3823 3356 castitatis

2215 3359 2389 3439 fulgor
2434 3361 2681 3439 illustrat.
2725 3359 3083 3439 Hieronymus
3124 3359 3190 3424 ad
3229 3359 3582 3437 Nepotianum
3613 3389 3626 3423 :
3655 3370 3821 3427 Multi

2213 3432 2471 3499 cedi/iram
2519 3436 2734 3503 parietes
2755 3477 2772 3501 ,
2818 3447 2864 3490 et
2905 3432 3171 3494 columnas
3211 3432 3438 3495 ecclesia:
3463 3444 3775 3497 substruunt
3798 3461 3820 3497 :

2214 3517 2485 3584 marmora
2500 3507 2657 3584 nitent
2678 3548 2691 3568 ,
2720 3525 2849 3562 auro
2875 3509 3140 3584 splendent
3164 3513 3456 3584 laquearia,
3489 3516 3706 3584 gemmis
3732 3516 3823 3568 al-

2210 3582 2323 3696 :are
2363 3576 2742 3699 ldistingttitur;
2781 3590 2829 3633 et
2868 3576 3451 3640 niinistrorunt'CItristi
3485 3576 3630 3640 nulla
3678 3588 3821 3641 elec-

2231 3660 2280 3698 to
2307 3661 2360 3699 es
2387 3686 2401 3699 .

2231 3660 2280 3698 ιο
2307 3660 2401 3700 est.

2752 3741 2817 3800 IN
2856 3744 3085 3803 CAPUT
3124 3705 3271 3802 xvi.

2284 3852 2410 3930 Tres
2429 3854 2765 3930 acerbissimw
2789 3857 2977 3915 bestiw.
3011 3859 3086 3913 Ita
3116 3860 3304 3915 veritas
3332 3858 3534 3924 acerba,
3565 3860 3717 3916 Lact.
3753 3865 3816 3930 4,

2209 3938 2258 3978 c.
2290 3924 2361 3978 ‘26
2389 3942 2402 3977 :
2435 3925 2818 3983 Dominationes
2848 3930 3057 3996 acerbw,
3093 3931 3131 3985 ι.
3161 3946 3235 3996 νι,
3272 3946 3323 3987 c.
3351 3932 3387 3987 (ὃ
3421 3949 3435 3986 :
3465 3931 3647 3988 Acerbi
3683 3924 3817 3990 ceu;

2208 4011 2315 4060 sus,
2343 3996 2380 4049 l.
2414 4013 2511 4063 vn,
2532 4013 2582 4052 c.
2607 3999 2662 4053 9.

2284 4066 2482 4122 Deinde
2505 4072 2560 4147 in
2601 4069 2916 4147 ⁸Πίιρεοειυιιι.
2979 4073 3072 4127 llic
3117 4072 3205 4127 ille
3245 4073 3678 4147 estullierocles.
3716 4081 3819 4147 qui

2208 4142 2639 4215 posteaprmluit
2679 4141 3221 4215 IEgyptoLcmnune
3266 4145 3499 4215 indignis
3539 4141 3816 4205 modis-iu

2207 4208 2549 4265 Christianos
2574 4208 2910 4291 :zteyiret'fab
2924 4208 3153 4291 ﬁdesic
3182 4216 3320 4291 inter
3345 4208 3571 4271 caeteros
3602 4230 3814 4291 marty-

2210 4296 2297 4334 res
2320 4296 2515 4336 nomen
2546 4282 2788 4356 proiesso
2823 4289 3004 4340 verbis
3030 4287 3236 4354 aSperis
3266 4297 3525 4355 exceptus
3547 4298 3602 4342 et
3624 4282 3816 4356 pugno

2206 4366 2380 4430 etesus
2425 4364 2529 4408 est.
2596 4354 2964 4430 VideEuseb.
3014 4358 3149 4413 liist.
3196 4358 3341 4413 Eccl.
3373 4354 3465 4413 lib.
3500 4354 3710 4430 ψειεν
3752 4362 3808 4415 5.

2210 4422 2463 4498 Diversus
2491 4437 2669 4479 autem
2697 4426 2766 4479 ab
2799 4430 2900 4480 hoc
2926 4428 3046 4487 fuit.
3091 4431 3458 4498 vetustior-que
3489 4422 3649 4497 paulo
3668 4422 3778 4486 'llie
3797 4464 3811 4473 -

2208 4493 2387 4568 roeles
2412 4494 2526 4568 ille,
2565 4498 2632 4549 de
2658 4512 2766 4565 ιιιιυ
2796 4499 2891 4551 Dio
2916 4499 3136 4552 Cassius
3165 4499 3215 4553 in
3250 4493 3533 4568 Excérptis
3566 4500 3808 4558 Valesia-

2127 4600 2179 4657 Ι)
2205 4563 2312 4657 nis,
2346 4563 2701 4657 bellissimum
2726 4568 2997 4657 bilinguis...“
3020 4572 3389 4657 mancipium;
3412 4563 3556 4657 etab
3578 4581 3812 4657 introduc

2205 4650 2424 4692 rursum
2450 4638 2695 4709 diversus
2740 4639 3015 4695 Hierocles
3044 4638 3420 4709 philosophus,
3467 4642 3518 4695 in
3549 4638 3810 4699 christia-

2208 4722 2331 4780 nam
2380 4708 2659 4764 veritatem
2706 4710 2873 4765 nihilo
2900 4711 3127 4780 aequior,
3171 4708 3275 4767 sub
3297 4712 3512 4766 Juliann
3543 4714 3813 4771 Parahato

2208 4779 2635 4851 virulentissima
2655 4783 2854 4850 sparsit
2873 4779 3093 4851 scripta.
3157 4782 3393 4838 Consule
3433 4783 3683 4840 Jonsium
3733 4787 3809 4843 de

2206 4849 2571 4920 Scriptoribus
2599 4849 2736 4906 Hist.
2766 4851 2904 4906 Phil.
2935 4849 3029 4908 lib.
3057 4868 3135 4920 ιιι,
3163 4869 3213 4908 c.
3249 4855 3338 4910 18.

2282 4919 2689 4998 l’riscilliauum.
2732 4922 3346 4998 Prwfectumllithynia:
3384 4936 3509 4997 post
3548 4929 3806 4998 superio-

2207 5006 2297 5047 res
2328 4993 2477 5046 istos.
2536 4992 2668 5049 Vide
2697 5005 2852 5049 notas
2884 4994 3104 5050 Baluzii.

2285 5061 2846 5139 Noniesadversarium
2869 5068 3050 5121 vicisti.
3100 5066 3327 5122 Tertull.
3356 5067 3586 5139 Apolog.
3617 5085 3670 5124 c.
3692 5070 3798 5126 27:

2210 5132 2280 5186 Et
2321 5135 2440 5189 illos
2482 5134 2814 5212 (Deutones)
2857 5153 3123 5212 nunquam
3168 5139 3332 5212 magis
3375 5132 3751 5212 triumphamus
3780 5184 3797 5207 ,

2208 5220 2360 5276 quam
2386 5207 2501 5261 cum
2532 5224 2625 5277 pro
2647 5207 2768 5275 ﬁdei
2813 5207 3152 5264 obstinatione
3195 5207 3539 5264 dainnamur.‘
3590 5213 3799 5269 Similia

2209 5284 2500 5351 occurrunt
2517 5279 2656 5347 apud
2670 5278 3016 5349 Cyprianum,
3035 5281 3400 5350 Ambrosium,
3421 5281 3796 5351 Prudentium;

2210 5348 2338 5420 item
2362 5348 2413 5401 in
2437 5348 2847 5420 Martyrologiis.
2945 5404 2953 5411 ,

2281 5419 2532 5494 Zabotum
2569 5419 2685 5474 cum
2716 5422 3040 5494 satellitibus.
3112 5422 3296 5478 Aioles
3335 5436 3373 5477 A
3415 5432 3619 5478 mutam
3650 5426 3704 5481 in
3735 5438 3790 5494 z,

2213 5500 2269 5547 ut
2298 5493 2562 5557 ζανυκτός,
2589 5506 2688 5562 pro
2709 5491 3006 5558 διανυκτόςς
3038 5495 3323 5560 quem“...
3352 5509 3449 5564 pro
3475 5491 3789 5553 διαϐάλλεινξ

2207 5566 2370 5638 unde
2397 5564 2623 5638 ζάϐολρς,
2671 5580 2768 5638 ι)ςο
2814 5566 3075 5638 Διᾲϐολος,
3119 5583 3226 5636 quo
3271 5576 3324 5621 et
3356 5567 3436 5638 usi
3464 5567 3788 5638 Cyprianus,

2208 5633 2483 5711 Ηιιιιιὶιιις,Δ
2521 5636 2631 5711 alii.
2665 5633 3153 5711 _"li_no-Paulinus_
3182 5638 3270 5691 vix
3319 5633 3786 5711 aliteru'tinquam,

2199 5721 2357 5775 quam
2385 5704 2610 5760 Zubolus
2645 5706 2797 5760 dicit.
2828 5706 3123 5778 Simileque
3152 5718 3282 5771 zeta,
3331 5722 3429 5778 pro
3454 5704 3638 5766 diaeta:
3664 5711 3785 5767 llzec

2204 5776 2422 5833 Vossius
2463 5778 2530 5831 de
2560 5778 2691 5832 Arte
2716 5777 2900 5835 Gram.
2934 5780 3027 5833 lib.
3073 5795 3112 5838 ι.
3153 5794 3206 5833 c.
3231 5778 3324 5835 21.
3366 5778 3608 5837 Gronov.
3647 5784 3777 5838 Ubs.

2245 5794 2422 5832 ossrus
2463 5792 2530 5831 tle
2560 5792 2691 5832 Arte
2716 5792 2900 5835 uram.
2934 5792 3027 5833 IIII.
3073 5795 3112 5838 ι.
3153 5794 3206 5833 c.
3231 5792 3324 5835 2|.
3366 5792 3608 5837 Gronov.
3647 5792 3777 5838 Ubs.

2193 5821 2382 5915 lilium,
2414 5849 2575 5917 0.15,
2611 5848 2808 5918 ιι.⁴208.
2866 5821 2879 5835 ’
3097 5821 3112 5846 ’
