4066 6188
363 91 389 103 Ι

309 268 404 332 409

1011 275 1221 334 NOTAE
1259 275 1326 334 IN
1362 275 1492 333 LIB.
1536 273 1623 332 DE
1663 270 2007 333 MORTIBUS
2044 272 2428 335 PERSECUT.
2469 278 2620 336 CAP.
2662 277 2851 335 XVIII.

3473 275 3584 335 410

373 393 534 461 Quam
551 393 841 466 jucundum
861 394 991 451 illud
1011 397 1351 464 spectaculum
1375 394 1558 448 Deo...
1578 393 1876 466 Cyprianus
1907 395 1950 451 Λ
1984 391 2204 466 Erinyas
2234 404 2285 447 et
2321 393 2628 462 Cltalueius,
2666 396 3005 465 ﬁrmantque,
3052 403 3144 451 aut
3170 404 3415 465 repetunt
3443 394 3563 461 alii;

307 466 449 538 epist.
482 466 518 521 9
634 466 925 538 Martyres:
980 467 1025 521 0
1051 468 1199 538 quale
1238 468 1332 534 fuit
1372 467 1502 520 illud
1532 464 1875 538 spectaculum

306 535 566 610 Domino!
603 534 996 603 qttam'sttblime
1022 538 1043 593 .'
1063 534 1231 610 quam
1264 537 1547 606 magnum!
1593 553 1742 606 quam
1786 534 1879 610 Dei

308 608 451 681 oculis
479 608 815 681 Sacramenta
844 627 905 663 ac
943 606 1205 681 devotione
1230 610 1404 664 militis
1435 612 1547 681 ejus
1573 606 1880 681 acecptum.’

307 679 444 750 Adde
469 696 589 748 qua:
614 696 678 740 ex
711 680 937 735 Minntio
965 680 1165 744 Felice,
1208 681 1333 734 item
1379 678 1499 750 quae
1529 695 1595 734 ex
1628 678 1879 750 Epicteto

307 749 446 822 ἔπιθι-ι
476 750 705 822 Lipsius
751 752 817 806 ad
856 760 979 807 nota
1017 753 1103 806 illa
1132 753 1290 806 verba
1326 748 1567 811 Scitccm.
1619 749 1712 803 lib.
1756 764 1773 822 ι
1812 748 1878 803 de

307 820 508 895 Provid.
543 820 592 877 e.
616 824 683 876 ‘2:
730 822 863 877 Ecce
890 824 1229 895 spectaculum
1261 822 1492 892 dignum,
1523 822 1604 895 _ad
1635 820 1771 895 quod
1798 835 1878 873 re-

307 893 472 960 spiciat
494 895 717 949 intentus
736 896 875 962 aperi
902 892 994 948 suo
1020 894 1154 948 Deus
1179 911 1196 948 :
1236 910 1348 949 ecce
1390 910 1483 961 par
1516 892 1618 947 ι)εο
1643 892 1872 963 dignum,

309 965 543 1089 sirJortis
566 983 683 1019 cuin
707 967 840 1021 ntala
861 966 1068 1036 fortuna
1095 966 1424 1036 compositus.

412 1053 495 1089 nm
528 1036 869 1089 dominatores
901 1038 1248 1089 dominantur.
1291 1033 1424 1089 Cvol

412 1053 495 1089 nm
528 1032 871 1091 dominatores
901 1032 1248 1091 dominantur.
1291 1033 1455 1108 Cypr.
1497 1050 1584 1103 cp.
1609 1033 1677 1089 6:
1724 1032 1878 1108 Nunc

306 1117 371 1161 est
400 1118 449 1160 ut
472 1110 633 1177 magis
658 1108 982 1162 insidiantem
1011 1105 1359 1162 adversarium
1377 1105 1637 1177 metuant,
1660 1105 1748 1174 qui
1769 1105 1879 1177 [or-

305 1181 471 1252 tiorcm
498 1175 744 1249 quemque
769 1180 929 1251 magis
955 1179 1269 1252 aggreditur,
1315 1188 1360 1232 et
1405 1179 1573 1232 acrior
1591 1176 1754 1247 factus
1776 1175 1878 1247 hoc

305 1250 427 1332 ipso,
466 1252 604 1332 quod
644 1252 807 1332 pictus
845 1250 939 1332 est,
990 1250 1315 1332 superantem
1356 1264 1596 1332 superare
1639 1256 1876 1302 conatur.

306 1321 368 1375 Et
392 1319 485 1388 ep.
509 1322 600 1385 5i,
626 1322 692 1376 de
718 1319 966 1378 Celerino
988 1321 1144 1376 Mart.
1170 1338 1182 1374 :
1215 1320 1387 1375 Iacuit
1414 1319 1545 1374 inter
1573 1335 1744 1388 pinnas
1774 1334 1880 1387 po:-

303 1393 375 1446 uis
402 1393 505 1445 suis
531 1392 733 1462 fortior,
774 1393 1002 1447 inclusus
1048 1391 1422 1446 includentibus
1468 1394 1653 1464 major,
1684 1393 1876 1464 jacens

304 1464 541 1517 stantibus
567 1465 768 1523 celsior.
800 1464 1130 1519 vincientibus
1151 1465 1349 1533 firmior
1369 1461 1584 1528 vinctus,
1612 1461 1877 1515 sublimior

298 1534 942 1619 jutlica‘ntib‘usjudicatus.

373 1605 609 1677 Nefanda
630 1601 881 1674 fossione.
933 1607 1020 1662 Sic
1062 1606 1157 1661 lib.
1186 1622 1241 1661 tv
1270 1605 1442 1677 Ittstit.
1473 1620 1525 1661 c.
1556 1605 1655 1661 15:
1712 1601 1874 1658 Verbo

298 1693 355 1760 ac
369 1676 599 1749 jussione
621 1680 863 1760 faciebat;
890 1680 1136 1760 lib..v.__c.
1163 1679 1264 1733 1'5:
1301 1676 1420 1731 Non
1444 1677 1734 1760 tq‘rannicaIs
1750 1678 1872 1747 jus-

1985 475 2035 514 ιιι
2066 463 2106 516 (.1
2126 466 2290 518 troius
2319 467 2630 520 llttl'resaitts
2654 463 3031 522 dissertali-ute
3058 469 3124 522 de
3149 463 3565 522 Nttittismatibus

1983 536 2079 587 ιυνί
2106 534 2393 597 inferioris,
2424 553 2540 608 pag.
2572 538 2660 593 “l9.
2715 537 2898 608 Magna
2950 538 3131 593 itidem
3173 554 3292 591 cum
3320 553 3447 592 cura
3474 553 3565 592 ar-

1981 616 2292 675 gumentum
2325 608 2462 663 idem
2493 619 2791 664 tractarunt
2818 610 3073 665 Ilenricus
3101 610 3339 665 Norisius
3363 609 3569 664 Disser-

1985 676 2184 750 talione
2231 678 2298 750 de
2342 679 2492 735 Votis
2537 680 2941 747 decennalibns,
2983 691 3037 736 et
3072 681 3334 736 Antoninus
3375 680 3569 750 Pagitts

1981 745 2357 822 dissertatione
2373 750 2652 822 Hypatica,
2682 767 2775 806 seu
2797 751 2867 807 de
2884 745 3264 808 consulatibus
3284 745 3567 806 Cassareis.

2054 818 2134 871 Ad
2172 836 2265 875 xu.
2302 818 2545 876 kalendas
2577 823 2876 877 decembres.
2936 822 3203 880 Vitlendus
3243 833 3327 877 est
3357 823 3427 877 dc
3464 823 3566 878 boc

1984 890 2398 966 locp_Ant_o_nius
2427 894 2639 966 Pagins,
2666 895 2775 963 jam
2803 894 2929 950 dicti
2961 896 3139 965 operis
3162 895 3349 966 pagina
3372 894 3463 966 90,
3498 894 3569 948 92

1981 960 2145 1025 ct93,
2196 962 2285 1017 ubi
2335 960 2528 1028 tradit:
2565 960 2680 1019 non
2714 966 2833 1021 ideo
2869 960 3134 1021 celebrata
3162 960 3205 1020 ἐι
3232 960 3568 1020 Diocletiano

1983 1031 2084 1107 hoc
2106 1032 2537 1107 dieqvicennalia,
2566 1037 2704 1107 quod
2735 1039 2778 1091 is
2802 1048 2945 1092 esset
2968 1038 3177 1107 imperii
3197 1037 3316 1105 ejus
3340 1037 3565 1092 natalis:

1979 1102 2074 1157 sed
2130 1105 2250 1174 quia
2307 1115 2431 1162 tunc
2470 1102 2821 1163 Maximianus
2870 1102 3148 1163 Herculius
3197 1102 3379 1163 Cmsar
3421 1117 3569 1163 esset

1981 1178 2566 1250 nuncupatusuldquc
2618 1178 2811 1233 factum
2857 1181 3160 1250 aliquoties,
3217 1179 3398 1249 utique
3448 1188 3568 1248 post

1978 1243 2314 1321 Constantini
2344 1243 2514 1321 Magni
2547 1259 2808 1321 tempora,
2842 1263 2897 1306 ut
2922 1243 3080 1306 causa
3126 1243 3373 1321 quapiam
3402 1243 3567 1305 in'tet"

1980 1318 2247 1392 veniente,
2279 1336 2381 1375 non
2412 1318 2579 1390 ipsius
2609 1318 2945 1392 Imperatoris
2971 1318 3163 1392 primi,
3210 1321 3304 1376 sed
3351 1322 3569 1390 partici-

1980 1388 2062 1459 pis
2085 1389 2205 1465 ejus
2231 1388 2547 1465 dienam“,
2580 1388 2807 1459 ltoc'est,
2854 1388 3256 1465 qno'particttps
3284 1388 3563 1465 imperium

1978 1461 2282 1533 auspicatus
2307 1461 2496 1528 fuerat,
2528 1464 2719 1518 festum
2752 1461 2908 1532 bujn's
2936 1461 3149 1533 generis
3174 1461 3560 1519 celebraretur.

2053 1531 2266 1605 Quodcn
2274 1550 2421 1605 mque
2432 1552 2486 1589 se
2509 1538 2686 1605 premi.
2710 1536 2871 1605 Lego,
2900 1531 3016 1604 Quo
3038 1546 3308 1604 utcumque
3319 1551 3373 1589 se
3384 1537 3563 1605 premi.

2048 1602 2381 1659 Animam
2410 1602 2687 1661 nec—tamen
2737 1602 2933 1660 totatnf
2972 1607 3027 1662 Id
3076 1617 3178 1673 est,
3226 1602 3413 1671 vitam,
3476 1615 3570 1661 attt

1977 1672 2165 1749 vitales
2187 1676 2425 1749 Spii'itus.
2453 1678 2546 1733 Sic
2574 1688 2723 1733 vetns
2754 1678 3045 1733 ltibliorum
3068 1672 3338 1749 Interprcs
3360 1693 3394 1730 tt
3416 1678 3560 1732 Sam.

298 1746 494 1829 _siones_,_
515 1746 1143 1829 nonprwsidunt‘qladios
1168 1758 1407 1829 tremunt.
1465 1747 1626 1803 Plura
1662 1746 1873 1802 Eltncu-
1905 1770 1949 1829 Β
1978 1759 2016 1811 t,
2049 1760 2099 1828 γ.
2129 1746 2195 1801 9:
2252 1746 2507 1829 Quoniam
2544 1760 2708 1829 tene_u_t
2752 1767 2832 1803 me
2849 1746 3230 1829 angustitr,_.et'
3251 1749 3419 1829 adhuc
3461 1757 3567 1829 tota

299 1818 564 1875 ltorstbins
593 1818 659 1874 ad
685 1822 885 1877 Arnob.
916 1818 1006 1875 lib.
1038 1836 1096 1883 tt,
1126 1839 1176 1890 p.
1204 1819 1293 1875 67.

364 1892 432 1944 Ac
453 1893 742 1946 terriculas.
801 1893 873 1947 De
901 1892 999 1946 Itae
1033 1889 1161 1948 voce
1187 1892 1271 1946 adi
1298 1889 1551 1946 Nonium.
1609 1889 1872 1944 Prmterca

294 1977 326 2017 e
351 1962 530 2016 Naevio
556 1980 755 2017 cassam
779 1964 1071 2018 terriculam
1097 1961 1348 2027 alierum,
1386 1972 1440 2016 et
1471 1976 1501 2015 c
1528 1961 1747 2015 Senccm
1781 1960 1875 2014 ilc-

297 2033 529 2107 perditis,
564 2031 753 2088 Omnes
786 2038 895 2107 ejus
922 2035 1185 2107 terriculas
1214 2034 1415 2107 delude.
1471 2032 1597 2107 ΙιιιιιΔ
1623 2031 1782 2107 habet
1821 2042 1875 2087 et

291 2102 469 2159 Livius
499 2105 593 2161 lib.
623 2102 883 2174 xxxnfc.
913 2108 970 2162 ll
998 2124 1010 2159 :
1063 2104 1239 2160 Nullis
1265 2106 1434 2170 minis,
1470 2104 1624 2158 nullis
1661 2105 1875 2158 terricu—

294 2177 353 2229 lis
376 2193 434 2229 se
458 2187 639 2231 motos.

362 2247 493 2300 Fide
540 2247 727 2302 stabili.
811 2248 1071 2319 SuSpicor
1125 2248 1315 2304 leviter
1366 2246 1632 2303 excidisse
1681 2259 1873 2319 vocem

291 2334 487 2390 unam;
520 2329 577 2374 ut
614 2319 794 2383 luerit,
824 2317 936 2390 ﬁde
953 2320 1122 2375 stabili
1151 2332 1198 2375 et
1242 2320 1428 2374 invicto
1457 2319 1635 2390 robore
1657 2317 1835 2390 animi.

363 2387 513 2463 Nihil
559 2391 790 2463 ungulaz.
825 2387 1116 2461 'Ungulae,
1161 2407 1332 2463 genus
1368 2389 1664 2463 quoddam_
1689 2387 1878 2443 ferrea:

290 2459 528 2532 forcipis,
576 2459 718 2517 inter
767 2459 1031 2518 tormenta
1081 2459 1333 2518 atlliibittc
1388 2459 1539 2517 olim.
1590 2459 1875 2532 Διῗιιιηιιτιιῐι

290 2531 411 2603 vide
430 2530 575 2600 apud
600 2533 927 2598 Gallonium,
960 2544 1052 2590 aut
1080 2536 1220 2590 inter
1245 2550 1328 2599 ca,
1373 2550 1491 2601 qua:
1522 2530 1879 2603 subjiciuntur

293 2602 430 2658 libro
454 2603 605 2675 Βίοιςὶί
632 2604 701 2660 de
729 2606 991 2678 Eqnuleo,
1023 2621 1140 2678 pag.
1184 2607 1284 2661 I76
1310 2614 1363 2661 ct
1388 2606 1478 2661 8|.

824 2719 895 2777 IN
918 2720 1149 2777 CAPUT
1189 2719 1352 2776 XVII.

375 2808 721 2867 Vicennalium
743 2814 896 2867 diem.
922 2813 1256 2869 Solemnium
1281 2820 1548 2876 votorum,
1576 2813 1877 2883 quinquen-

304 2883 490 2938 nalium
510 2900 723 2953 nempe,
751 2885 1146 2952 deccnnalium,
1180 2895 1233 2938 et
1254 2885 1530 2953 deinceps,
1562 2899 1681 2955 quin
1703 2886 1872 2955 origo,

307 2969 515 3024 qumque
544 2958 680 3010 ratio
714 2955 896 3024 fuerit,
929 2958 1047 3012 licet
1076 2957 1325 3010 traditum
1349 2957 1466 3010 sita
1498 2956 1694 3020 doctis,
1724 2972 1877 3025 repe-

311 3035 408 3079 tam
436 3027 661 3082 breviter
704 3037 909 3087 tamen.
950 3029 1001 3082 in
1028 3028 1249 3096 gratiam
1294 3042 1506 3092 eorum,
1553 3027 1748 3097 quibus
1779 3030 1880 3083 ltoc

312 3111 460 3165 genus
484 3099 735 3153 librorum
765 3114 868 3153 non
895 3099 963 3154 ita
990 3099 1146 3153 facile
1168 3114 1290 3154 esse
1333 3109 1508 3167 potest
1552 3099 1617 3153 ad
1663 3115 1873 3153 manus.

1975 1816 2149 1892 quinta
2172 1834 2292 1892 mea
2319 1820 2475 1892 in‘tne
2498 1831 2591 1875 est.
2648 1816 3081 1892 Martyrologium
3114 1820 3337 1876 Usuardi
3359 1861 3374 1884 ,
3425 1820 3563 1892 prid.

1978 1886 2083 1941 kal.
2117 1887 2251 1943 febr.
2289 1908 2319 1962 ί
2362 1889 2542 1961 Ibique
2569 1886 2829 1962 spiritum,
2872 1886 3031 1962 quiin
3061 1908 3122 1946 eo
3158 1886 3443 1961 supererat,
3485 1891 3565 1945 inc

1967 1962 2221 2031 jecerunt.
2283 1961 2413 2017 Vide
2445 1961 2644 2019 Ilartltii
2685 1961 3013 2032 adversaria,
3044 1979 3165 2035 pag.
3199 1963 3360 2020 1682.

2509 2079 2576 2135 ΙΝ
2617 2078 2844 2136 CAPUT
2873 2079 3058 2136 XVIII.

2049 2167 2224 2223 Aiebat
2253 2170 2297 2224 ei
2323 2171 2558 2226 indecens
2578 2188 2704 2227 esse.
2760 2172 2969 2240 Scribe,
3014 2172 3193 2227 Aiebat
3240 2182 3288 2227 et
3321 2172 3563 2227 indecens

1977 2255 2104 2315 esse,
2137 2253 2192 2295 ut
2223 2242 2324 2297 ltoc
2355 2243 2654 2298 membrum
2685 2245 2953 2315 sequenti,
2995 2255 3043 2300 et
3065 2246 3235 2299 minus
3260 2253 3448 2311 tutum,
3483 2246 3563 2301 lc-

1980 2310 2156 2382 piditts
2183 2315 2525 2380 respomleat.

2054 2382 2337 2456 Multorum
2389 2386 2484 2439 sibi
2542 2386 2660 2440 odia
2701 2386 2979 2456 qnwsisset.
3043 2385 3285 2441 Lactant.
3341 2386 3434 2442 lib.
3490 2403 3562 2456 tt,

1978 2454 2117 2529 θέε
2140 2473 2151 2509 :
2173 2454 2283 2529 APer
2306 2460 2418 2529 ejus
2448 2457 2676 2511 divinum
2701 2454 3076 2529 atqueunicum
3096 2474 3276 2512 nomen
3303 2454 3567 2529 hominum

1979 2525 2075 2578 sibi
2111 2525 2512 2581 misericordiam
2546 2525 2776 2596 quierit.‘
2823 2527 2890 2582 Et
2922 2529 3016 2585 lib.
3048 2544 3120 2591 tv,
3148 2543 3199 2583 c.
3234 2530 3294 2583 ιε
3346 2527 3567 2585 Mortem

1980 2596 2078 2671 sibi
2098 2608 2396 2671 perpetuam
2421 2616 2535 2671 cum
2556 2601 2655 2653 diis
2674 2611 2721 2653 et
2749 2616 2863 2653 cum
2890 2599 3031 2653 bonis
3052 2599 3403 2671 corporalibus
3418 2617 3562 2671 quae-

1978 2667 2191 2722 sicrtmt.
2247 2670 2396 2724 Adde
2422 2669 2659 2725 Gronov.
2692 2671 2756 2724 ad
2782 2671 2910 2725 Sen.
2948 2671 3103 2724 llerc.
3137 2669 3261 2724 Fur.
3295 2686 3346 2725 v.
3377 2667 3505 2726 285.

2053 2738 2229 2793 Nerva
2252 2758 2364 2794 vero
2394 2759 2495 2795 uno
2519 2759 2654 2796 anno
2678 2742 2977 2809 imperante.
3045 2740 3269 2796 Nervam
3307 2758 3423 2795 vero
3460 2760 3567 2798 uno

1980 2828 2116 2865 anno
2147 2813 2491 2886 imperantem
2529 2814 2872 2869 scribendum
2918 2827 3062 2879 esse,
3095 2813 3233 2868 ratio
3276 2822 3567 2886 syittaseos

1981 2883 2205 2938 evincit.

2050 2954 2171 3009 lant
2199 2956 2308 3024 ipse
2326 2955 2606 3009 inhiaverat
2731 2955 2895 3026 Lego,
2949 2954 3073 3009 Jam
3117 2972 3207 3026 spe
3259 2956 3565 3024 iit/tiaberat,

1980 3042 2096 3080 cum
2122 3026 2239 3080 inde
2257 3026 2353 3079 sibi
2380 3037 2467 3081 aut
2496 3028 2625 3082 nihil
2655 3038 2839 3097 praeter
2864 3044 3064 3092 nomen,
3096 3038 3184 3082 aut
3210 3044 3311 3082 non
3343 3028 3558 3083 multum

1981 3097 2176 3168 videbat
2201 3100 2455 3152 accedere.
2514 3099 2679 3162 Niltil,
2717 3108 2808 3153 aut
2846 3100 3094 3168 exiguum
3130 3099 3308 3166 nimis,
3352 3099 3568 3155 videba-

312 3160 471 3222 tiasar
500 3170 789 3240 Augustus,
839 3185 959 3224 cum
990 3170 1246 3225 Romanis
1278 3160 1439 3225 rebus
1474 3180 1592 3239 post
1623 3181 1800 3227 motus
1823 3181 1877 3227 et
1902 3160 1947 3223 C
1982 3177 2069 3223 tttr
2095 3167 2331 3233 Galerio,
2362 3169 2407 3224 si
2436 3171 2541 3224 duo
2564 3160 2794 3240 majores
2838 3160 3134 3225 reti-tierent
3176 3160 3439 3226 summam
3469 3172 3565 3226 int-

313 3241 473 3292 tttrbas
496 3243 756 3296 maximas
794 3256 823 3294 a
870 3257 929 3295 se
971 3242 1287 3310 compositis
1335 3252 1389 3296 ct
1436 3242 1740 3295 constitutis
1780 3240 1873 3297 de-

309 3312 479 3365 cetntio
515 3313 861 3381 prml'ttisset,_
886 3314 999 3368 sive
1042 3311 1201 3367 ta-dio
1226 3312 1549 3366 valetudinis
1583 3314 1871 3377 diuturnae,

306 3383 536 3450 curisque
562 3398 624 3437 ac
647 3384 920 3439 laboribus
955 3384 1162 3455 imperii
1209 3383 1430 3455 fractus,
1483 3384 1552 3438 de
1602 3384 1873 3455 reddenda

305 3454 556 3525 republica
613 3455 760 3510 serio
789 3453 1083 3525 cogitaret,
1128 3455 1293 3524 (quod
1338 3453 1611 3509 allirmare
1660 3454 1874 3509 videtur

306 3522 570 3596 Suetonius
602 3528 653 3580 in
685 3530 819 3596 Aug.
858 3522 915 3580 c.
955 3525 1059 3596 28)
1100 3522 1213 3580 sive
1261 3527 1361 3580 Itoc
1417 3535 1619 3580 tantum
1665 3541 1773 3596 pra:
1811 3540 1873 3583 se

306 3594 452 3650 terret
477 3598 543 3650 ob
567 3612 757 3652 causas
776 3594 815 3651 ἐι
870 3594 1047 3652 Dione
1086 3598 1342 3666 prolixius
1388 3594 1684 3666 expositas,
1735 3612 1869 3652 con-

304 3678 477 3739 vocato
499 3667 721 3733 Senatu,
752 3669 1015 3724 rationem
1040 3668 1394 3723 administrati
1419 3668 1624 3739 imperii
1648 3669 1725 3722 sic
1747 3669 1871 3723 red-

304 3736 444 3802 didit,
486 3748 541 3793 ιιι
570 3750 770 3805 tamen,
818 3741 967 3808 quasi
993 3740 1316 3794 decernente
1340 3736 1554 3805 eodem,
1611 3740 1662 3793 in
1691 3740 1873 3808 proxi-

307 3822 438 3882 mum
472 3811 893 3882 quinquennium
941 3820 1258 3880 potestatem
1307 3810 1703 3865 constituendre
1762 3811 1872 3882 rei-3

308 3880 514 3946 publica:
542 3880 820 3938 retineret.
876 3882 1075 3937 Verum
1107 3882 1206 3935 boc
1237 3882 1453 3951 elapso,
1505 3898 1693 3935 rursus
1730 3881 1870 3936 aliud

306 3952 731 4024 quinquennium,
789 3964 908 4024 post
934 3953 1276 4015 decennium,
1320 3968 1383 4006 ac
1408 3967 1475 4008 eo
1504 3951 1671 4024 linito,
1730 3953 1871 4007 aliud

309 4020 482 4075 iterum
526 4020 804 4079 tlecrcttttti
846 4036 962 4088 est;
1018 4024 1083 4078 ita
1138 4025 1544 4078 utCoittittttatis
1570 4023 1871 4089 decenttiis,

310 4106 396 4157 per
436 4105 588 4149 totam
619 4095 779 4149 vitam
810 4096 1018 4166 imperii
1049 4110 1310 4149 smmnam
1341 4095 1650 4149 obtinuerit.
1707 4092 1874 4165 Cujus

304 4166 585 4236 esetttplttm
616 4166 1012 4236 quodammodo
1037 4166 1204 4221 secuti
1234 4166 1599 4231 succesSores,
1630 4167 1730 4220 etsi
1758 4183 1867 4221 non

307 4234 366 4285 ad
393 4251 584 4308 certum
618 4234 850 4307 tetnptts,
876 4237 968 4291 sed
1004 4253 1098 4305 per
1128 4253 1288 4292 omne
1333 4238 1454 4291 vitae
1500 4236 1727 4308 spatium
1776 4239 1873 4292 im-

308 4307 500 4370 perium
529 4309 762 4363 dolatum
811 4308 910 4363 sibi
960 4308 1239 4371 baberent,
1291 4307 1733 4377 singulistamen
1781 4308 1875 4364 de-

306 4377 496 4449 cenniis
522 4378 713 4433 festum
745 4394 842 4447 pro
898 4380 1245 4433 renovatione
1294 4380 1409 4448 ejus
1451 4381 1698 4449 agebant.
1748 4381 1872 4435 Ilaec

306 4442 410 4516 fere
441 4449 525 4502 Dio
568 4454 635 4505 ita
683 4442 846 4505 refert
892 4450 983 4504 lib.
1033 4465 1148 4516 LIII,
1201 4459 1255 4504 et
1300 4442 1364 4503 ex
1416 4442 1869 4506 co'rocentiores.

1978 3240 2131 3311 perii,
2163 3240 2275 3308 ipse
2301 3250 2584 3296 contentus
2624 3243 2841 3299 notnine
2894 3240 3153 3309 Ctesaris,
3206 3242 3420 3298 tertiunt
3473 3251 3567 3297 aut

1975 3321 2224 3383 quartum
2259 3321 2466 3367 teneret
2496 3314 2694 3368 locum.

2045 3384 2166 3437 Jam
2191 3382 2407 3451 [luxisse
2424 3401 2585 3439 annos
2609 3384 2917 3455 quindecim.
2938 3384 3179 3439 Lactant.
3215 3383 3250 3438 Ι.
3284 3400 3362 3450 ιιι,
3392 3400 3440 3441 c.
3470 3385 3564 3453 17,

1974 3469 2040 3510 ex
2071 3462 2250 3509 mente
2269 3454 2698 3510 adversariorum
2722 3473 2735 3510 :
2773 3454 2991 3509 Nullum
3015 3457 3167 3518 diem,
3195 3457 3397 3511 nullum
3418 3458 3567 3511 deni-

1972 3542 2069 3599 que
2093 3526 2330 3595 temporis
2351 3537 2595 3596 punctum
2623 3527 2833 3597 efﬂuere
2852 3526 2996 3580 nobis
3025 3528 3133 3579 sine
3175 3528 3435 3597 voluptate
3470 3545 3565 3599 pa-

1975 3598 2179 3651 tiantur.

2045 3666 2220 3739 Annos
2243 3666 2551 3739 quindecim,
2576 3668 2627 3721 in
2658 3667 2951 3739 Illyricum.
3008 3665 3230 3722 Videtur
3255 3667 3562 3735 respexisse

1974 3740 2133 3793 verba
2166 3737 2320 3802 Livii,
2356 3738 2448 3792 lib.
2487 3754 2579 3806 vn,
2606 3753 2654 3793 c.
2690 3737 2792 3793 55':
2851 3741 2928 3792 An
2955 3755 3154 3807 a-qunm
3177 3754 3283 3792 esse
3309 3738 3568 3795 dedititins

1973 3826 2093 3864 suos
2114 3809 2206 3863 illa
2225 3809 2462 3877 felicitate
2488 3811 2681 3879 pert'rni
2711 3809 2911 3881 (Editio
2942 3810 3108 3877 Lugd.
3142 3810 3256 3864 Bal.
3292 3810 3355 3865 A.
3389 3809 3563 3865 165$:

1974 3881 2227 3953 dedititios
2254 3897 2375 3934 suos
2397 3883 2486 3935 illa
2506 3882 2771 3950 fertilitate
2797 3893 2947 3951 atque
2967 3884 3252 3935 antmnilute
3302 3883 3568 3953 perfrui);

1974 3970 2029 4007 se
2049 3952 2315 4006 militando
2343 3955 2523 4022 fessos,
2548 3954 2599 4007 in
2621 3954 2872 4024 pestilenti
2894 3964 3044 4024 atque
3061 3953 3208 4007 arido
3231 3954 3367 4006 circa
3389 3952 3559 4007 urbem

1974 4024 2084 4078 solo
2111 4025 2333 4078 luctari?

2050 4094 2213 4150 Filios
2239 4095 2546 4165 nuncupari.
2579 4095 2751 4153 Instit.
2787 4094 2823 4149 l.
2856 4109 2895 4158 ι,
2923 4109 2972 4148 c.
3000 4094 3067 4149 8:
3103 4094 3241 4160 Quos
3267 4095 3488 4165 imperiti
3516 4104 3563 4147 et

1973 4168 2264 4238 insipientes
2294 4177 2528 4238 tanquam
2554 4168 2675 4221 deos
2706 4176 2751 4218 et
2778 4175 3094 4232 nuncupant,
3120 4176 3167 4218 et
3201 4165 3439 4238 adorant.
3473 4166 3562 4219 Sic

1976 4236 2171 4304 lib.'tv,
2196 4254 2246 4293 c.
2278 4240 2340 4292 ιε
2376 4236 2429 4291 Ν
2434 4254 2690 4304 uncupare
2720 4247 2933 4306 patrem,
2963 4252 3258 4302 nuncupare
3277 4236 3561 4299 dominum,

1973 4323 2134 4364 sensu
2181 4308 2423 4363 nonnihil
2473 4307 2707 4362 diverso.
2765 4306 2897 4377 Nam
2954 4306 3037 4359 ltic
3096 4320 3426 4377 nuncupare,
3480 4315 3565 4360 est

1973 4378 2242 4434 Cres-orem
2293 4379 2659 4449 pronuntiare,
2705 4375 3048 4447 atque'adeo
3093 4377 3145 4431 in
3192 4375 3561 4431 litureditatcttt

1974 4462 2028 4506 et
2051 4452 2139 4519 jus
2165 4450 2440 4504 obtinendi
2469 4449 2595 4503 olim
2627 4450 2834 4518 imperii
2866 4463 3078 4502 vocare.

405 4522 560 4586 primo
601 4532 815 4603 gestum
856 4523 1104 4603 LAugusto
1136 4512 1454 4603 septimum,
1508 4521 1734 4603 Agrippa
1766 4533 1866 4603 tee-
1899 4543 1946 4602 υ
2011 4602 2016 4603 γ
2046 4512 2411 4603 Sanctissimae
2451 4512 2761 4603 adolescens:
2818 4518 2873 4603 Id
2906 4528 3025 4603 est,
3046 4522 3166 4603 Vit-:0.
3196 4518 3561 4603 integerrima.-

304 4585 427 4663 tium
452 4585 769 4648 consulibus.
854 4585 1153 4661 Βριῇιθιιιθε
1198 4585 1357 4663 igitur
1386 4585 1609 4662 Augusti
1637 4585 1864 4663 singulis

301 4655 556 4740 decenniis
583 4665 923 4740 celebrarunt
947 4655 1047 4718 bas
1066 4655 1516 4740 _1_~.-uvn';~.ipst;_,__ob
1551 4662 1601 4740 id
1631 4655 1865 4740 δεκᾶετη-

302 4728 440 4805 ξιίᾆας
467 4736 624 4788 dictas
655 4734 969 4805 Xipbilino,
989 4735 1183 4804 quibus
1217 4728 1338 4788 'vo'ta
1368 4734 1468 4789 diis
1496 4735 1863 4801 solvebantur,

304 4801 448 4879 initio
468 4801 994 4879 cujusque-decennii
1011 4801 1343 4879 'soletnniter
1362 4805 1702 4876 postmodum
1747 4821 1867 4860 sus-

301 4874 402 4946 cipi
429 4874 704 4941 consueta;
758 4876 1014 4932 militibus
1039 4874 1375 4936 donativum;
1412 4885 1466 4931 ct
1500 4892 1727 4931 annuum
1771 4893 1868 4946 po-

302 4945 427 5017 pqu
459 4948 719 5003 circenses
767 4946 1175 5003 exhibebantur.
1260 4947 1371 5002 Iino
1423 4948 1650 5017 singulis
1701 4945 1864 5004 etiam

300 5010 494 5090 lustris,
520 5021 627 5074 sive
646 5019 1050 5090 quinquenniis,
1081 5034 1166 5073 res
1193 5017 1307 5073 haec
1328 5018 1450 5073 dein
1474 5010 1642 5089 répeti
1664 5032 1860 5090 empta.

298 5081 513 5162 [fiebant
538 5081 817 5162 ergo-vota
867 5081 1285 5162 quinquennalia
1325 5091 1498 5160 primo
1531 5081 1672 5145 anno
1718 5081 1865 5146 inita:

295 5156 727 5226 dignitatisz'sed
754 5156 1104 5216 solvebantur
1131 5156 1339 5215 exacto'
1362 5163 1570 5226 lustro;
1619 5171 1728 5215 tum
1771 5162 1864 5217 tle-

292 5232 522 5304 cennalia
553 5232 1014 5304 nuncupabantur,
1068 5232 1236 5304 lustro
1269 5234 1440 5287 altero
1474 5232 1689 5287 demunt
1716 5247 1863 5287 com-

296 5298 434 5373 pleto
455 5298 748 5358 solvendaf
780 5302 913 5358 Vota
943 5303 1236 5358 viceunalia
1266 5304 1692 5373 suscipiebantur
1721 5320 1867 5361 anno

291 5371 675 5449 quintadecimo
697 5375 903 5443 imperii
938 5393 952 5430 :
1009 5373 1201 5449 festum
1225 5391 1377 5449 _vcro
1404 5371 1577 5449 ipsum
1605 5377 1863 5449 agebatur

291 5446 555 5516 vicesimo,
597 5462 707 5516 quo
754 5461 973 5500 munera
1014 5446 1172 5499 etiam
1223 5447 1532 5516 imperatori
1559 5447 1692 5501 mitti
1720 5448 1864 5503 sole—

284 5508 446 5589 bant;
472 5508 756 5589 de'qtiabus
787 5517 907 5572 vide
933 5508 1339 5589 Symmachum,
1369 5518 1459 5572 lib.
1487 5533 1542 5581 ιε,
1572 5518 1741 5588 Epist.
1764 5519 1857 5575 26.

282 5580 662 5659 Reipraitviea
709 5580 1016 5643 carceribus
1056 5580 1464 5656 eximebantur,
1521 5580 1631 5642 Deo
1675 5592 1862 5659 gratia:

275 5658 594 5731 agebantur,
649 5660 893 5731 pecunia:
945 5659 1403 5731 distribuebantur
1460 5674 1555 5730 per
1591 5658 1859 5731 civitates,

271 5736 331 5801 ﬁt
402 5730 572 5786 lzctitia
647 5730 855 5801 publica
928 5730 1108 5785 multis
1163 5731 1336 5785 modis
1384 5730 1545 5785 fiebat
1592 5730 1856 5786 testatior.

272 5795 403 5853 llmc
445 5819 504 5858 cx
557 5795 795 5859 nuinmis
847 5802 1060 5873 plenius
1114 5801 1308 5858 docent
1365 5803 1645 5873 Adolpltus
1693 5802 1859 5873 Ucco,

1970 4592 2520 4647 etinnoccntissimze.
2590 4589 2679 4646 Sic
2724 4590 2791 4645 de
2831 4590 3056 4660 Paganis
3111 4590 3353 4646 Lactant.
3412 4590 3447 4645 Ι.
3506 4607 3562 4657 v,

1970 4678 2020 4719 c.
2059 4666 2159 4720 l0:
2189 4663 2289 4731 Qui
2336 4662 2450 4717 licet
2481 4664 2670 4717 sanctis
2702 4661 2926 4716 moribus
2954 4663 3143 4728 vivant,
3166 4664 3219 4716 in
3239 4677 3438 4716 summa
3464 4663 3567 4731 ﬁde

1971 4744 2124 4804 atque
2168 4734 2476 4797 innocentia,
2525 4743 2689 4788 tamen
2730 4735 2850 4803 quia
2873 4735 2993 4805 deos
3017 4735 3211 4798 colunt,
3242 4734 3489 4805 ajustitia
3516 4743 3564 4786 et

1972 4803 2175 4879 nomine
2202 4821 2335 4861 verte
2359 4806 2706 4879 pietatis‘sunt
2732 4805 2903 4879 alieni.
2962 4803 3296 4879 Symmacho
3317 4804 3432 4879 lucc
3459 4820 3562 4859 vox

1974 4879 2128 4933 valde
2149 4874 2401 4944 frequens
2422 4885 2525 4941 est,
2553 4874 2906 4937 Christianos,
2936 4874 3233 4945 nt‘opiuor,
3263 4875 3556 4931 :emulantt.

1974 4948 2068 5004 Vel
2085 4949 2255 5003 unoin
2282 4949 2468 5018 quinto
2498 4948 2635 5001 libro
2653 4963 2718 5002 en
2741 4947 2953 5016 quoties
2975 4961 3094 5018 eam
3118 4955 3326 5018 repetat
3343 4986 3367 5018 ,Α
3384 4946 3557 5017 Epist.

1975 5020 2075 5075 15:
2110 5016 2633 5086 Sancto—Latttpadio,
2668 5034 2908 5088 germano
2939 5026 3049 5080 tuo;
3074 5017 3172 5086 Ep.
3195 5017 3307 5072 20:
3339 5016 3565 5073 Sanctus

1972 5091 2245 5152 Aurelius;
2270 5090 2365 5160 Ep.
2397 5090 2496 5143 29:
2547 5088 2728 5144 Sancti
2753 5088 3071 5160 Asclepiadis
3098 5089 3429 5157 philosophi;
3462 5089 3555 5160 Ep.

1971 5162 2069 5218 59:
2107 5159 2327 5215 Sanctus
2350 5160 2573 5227 Sabius;
2607 5161 2702 5228 Ep.
2734 5159 2836 5214 49:
2895 5159 2977 5213 Ea:
3017 5169 3104 5214 tuo
3144 5160 3466 5215 sanctissimo
3511 5159 3564 5215 ct

1972 5232 2373 5288 luculentissima
2403 5248 2508 5285 ore.
2589 5231 2743 5285 l‘lura
2774 5248 2876 5284 non
2912 5246 3166 5301 congero.

2047 5304 2291 5358 Fideliter
2326 5304 2561 5371 prwbuit.
2624 5303 2856 5356 Omnino
2905 5317 3028 5356 vera
3076 5312 3159 5358 est
3204 5304 3349 5372 prior
3401 5302 3562 5371 hujus

1974 5375 2074 5432 loci
2100 5375 2239 5445 apud
2267 5374 2533 5444 Cuperum
2566 5374 2957 5445 interpretatio.
3032 5374 3123 5429 Sic
3155 5375 3205 5429 iit
3240 5375 3428 5429 Bibliis
3458 5375 3559 5428 La-

1967 5448 2116 5512 tinis,
2140 5462 2175 5500 ll
2205 5445 2463 5517 Paralip..
2495 5460 2647 5506 XXXI,
2684 5461 2736 5498 v.
2770 5444 2866 5498 l8:
2907 5444 3268 5499 Sacerdotibus
3288 5462 3378 5515 per
3402 5445 3559 5512 fanti-

1966 5520 2061 5574 lias
2085 5530 2129 5572 et
2160 5517 2344 5571 Levitis
2375 5517 2592 5585 ﬁdeliter
2616 5517 2716 5570 cibi
2737 5518 2800 5569 de
2826 5516 2927 5581 Itis,
2962 5533 3077 5587 qua:
3104 5517 3430 5587 sanctiﬁcata
3446 5517 3560 5587 fuef

1964 5598 2099 5651 rant,
2124 5588 2490 5659 prtebcbantnr.
2520 5587 2834 5643 Ammianus
2856 5585 3015 5642 Marc.
3053 5588 3141 5642 lib.
3173 5601 3340 5659 xxvttt
3361 5603 3389 5659 :_
3408 5585 3560 5648 Quod

1964 5662 2067 5729 ipsi
2095 5656 2163 5713 ad
2191 5661 2591 5733 expeditionales
2622 5675 2741 5733 usus
2772 5659 2992 5729 pra'bere
3032 5657 3317 5733 necessaria
3355 5656 3558 5733 detrec-

1966 5726 2159 5785 tarunt.
2301 5731 2569 5796 dicebant,
2594 5726 2842 5808 praebere
2854 5747 3101 5808 congrua,
3145 5726 3368 5808 prodiere
3388 5729 3559 5808 justo,

1965 5818 2161 5870 annua,
2210 5804 2417 5871 diurna,
2464 5813 2519 5858 et
2562 5803 2775 5857 similia.
2828 5798 3348 5855 Lactantius’lnstit.
3389 5798 3426 5852 I.
3482 5813 3564 5869 tv,
