4066 6188
491 283 599 342 465

1976 263 2369 322 PREFATIO.

3680 253 3781 310 ιθι

495 427 3790 504 W
3827 413 3834 419 .

1029 594 1842 729 GISBERTI
1946 588 2575 720 CUPERI
2670 583 3251 718 NOTAE.

1801 855 2488 1038 ἧξιιδθεΐᾰιίο.

569 1323 708 1378 Ante
733 1333 902 1392 annos
932 1321 1156 1390 aliquot,
1188 1325 1280 1375 τοῦ
1309 1317 1593 1392 μακαρίτου
1619 1311 1840 1392 Joannis
1867 1309 2059 1392 Colum
2067 1335 2088 1349 -
2115 1312 2170 1372 Α
2192 1307 2318 1372 nim,
2349 1304 2505 1392 quod.
2525 1313 2673 1392 certe
2702 1319 2892 1392 purum
2918 1314 3106 1392 putum
3130 1301 3802 1392 ἰξεῐιιθιιξιιηι-εξξιλ-(ὶψςο

491 1394 569 1459 bi,
601 1393 703 1446 viri
728 1391 922 1446 eruditi
977 1384 1184 1464 rogatu,
1239 1384 1493 1464 nonnulia
1527 1387 1577 1438 in
1620 1384 1862 1464 chartam
1892 1384 2091 1434 tumul-

489 1454 660 1518 tuaria
693 1477 855 1531 opera
877 1454 1104 1530 conjeci,
1131 1454 1254 1530 qua:
1296 1459 1565 1531 inservire
1597 1454 1908 1531 arbitrabar
1932 1464 2094 1531 posse

486 1536 579 1589 uni
622 1543 714 1588 aut
731 1521 896 1586 'alteri
926 1521 1267 1599 aurei'hujus
1323 1528 1570 1598 opusculi
1597 1527 1716 1580 loco
1747 1521 2084 1578 illustrando.

486 1606 646 1661 Edita
675 1605 763 1657 illa
786 1615 909 1657 sunt
929 1604 1119 1662 Abeas,
1151 1619 1269 1670 qu;c
1304 1603 1434 1655 urbs
1461 1599 1751 1670 lt‘innorum
1780 1606 1940 1663 caput
1967 1602 2049 1670 est
2075 1609 2089 1645 :

487 1677 586 1730 sed
609 1674 1064 1746 quemadmodum
1097 1664 1253 1727 facile
1275 1671 1459 1746 credo,
1488 1685 1550 1723 ea
1603 1666 1776 1722 doctis
1805 1681 1912 1746 nou
1939 1664 2093 1734 plane

487 1743 715 1816 probata
756 1744 953 1816 fuisse,
989 1746 1058 1798 ita
1106 1759 1326 1816 menon
1355 1743 1458 1816 alia
1513 1750 1645 1816 tunc
1685 1743 1944 1806 temporis
1993 1751 2091 1803 pii-

486 1809 615 1872 iiliei
661 1815 815 1888 juris
854 1809 1031 1888 facere
1057 1814 1314 1876 voluisse,
1342 1812 1518 1888 _velim
1547 1809 1735 1888 _iidein
1777 1820 2090 1888 persuasum

489 1876 746 1941 habeant.
777 1883 1070 1940 Columbus
1094 1900 1178 1938 me
1222 1884 1510 1937 certiorem
1544 1876 1960 1943 fecerat,inulta
1990 1876 2093 1930 sibi

488 1959 547 2012 in
571 1957 914 2012 Lactantiuin
957 1963 1210 2011 annotata
1256 1968 1412 2017 esse;
1473 1951 1615 2005 nolui
1678 1961 1958 2018 propterea
1998 1946 2095 2000 lal-

487 2044 609 2083 cem
661 2029 711 2081 in
756 2027 924 2096 ipsius
950 2097 954 2098 ί
979 2041 1208 2098 messeni
1237 2026 1554 2098 innantem
1583 2039 1596 2075 :
1627 2020 1720 2075 sed
1775 2029 1863 2098 ut_
1885 2031 2091 2098 morem

486 2101 686 2164 amico,
713 2087 1112 2170 prieclarissiini
1163 2094 1423 2149 Scheil‘eri
1468 2107 1690 2170 genero,
1715 2098 1797 2170 _et
1833 2087 2092 2170 doctrinas

484 2157 854 2242 perelegautis
883 2169 1019 2232 viro,
1051 2181 1316 2242 gererem,
1344 2157 1557 2242 notitias
1601 2161 1746 2242 _nn~i_,
1785 2157 2093 2242 qiizeedita:

487 2230 544 2296 in
577 2230 765 2294 ultimo
818 2230 1195 2308 Septentrione
1241 2244 1384 2290 sunt.
1417 2234 1553 2301 Quid
1601 2232 1836 2308 longiori
1876 2230 1980 2308 vita
2014 2230 2094 2283 vir

486 2312 703 2381 dignior
748 2299 1080 2381 prtesiiterit,
1091 2308 1286 2381 palam
1317 2299 1718 2373 estfcumque‘
1755 2299 2093 2381 animadver:

486 2372 622 2446 tam,
649 2372 786 2434 haud
815 2394 981 2450 pauca
1006 2372 1362 2450 relictaesse,
1395 2372 1812 2450 qincinerentur
1839 2372 2092 2425 illusuari

485 2451 752 2522 pluribus,
788 2446 842 2522 et
864 2447 1278 2522 enmipsi‘inihi
1328 2446 1583 2522 nonnulla
1615 2452 1880 2507 meorum,
1904 2456 2093 2522 neque

489 2513 636 2577 cnim
663 2513 763 2574 hoc
793 2519 1010 2574 diffiteri
1043 2513 1235 2590 pudet,
1271 2519 1446 2590 minus
1477 2517 1744 2586 placeant,
1779 2513 1917 2582 (εαξρὶ
1965 2513 2090 2565 dili-

489 2593 704 2662 gentius
723 2589 1196 2662 elegantissimum
1210 2589 1533 2662 opusculum
1551 2595 1824 2662 excutere.
1853 2594 1908 2638 et
1938 2593 2093 2662 notas

488 2654 660 2729 nicas,
692 2654 970 2731 quascum
996 2661 1106 2714 suis
1136 2654 1303 2714 edidit
1329 2659 1641 2720 Columbus,
1671 2658 1759 2710 ubi
1809 2654 2092 2731 commode

488 2735 547 2789 id
571 2725 690 2788 ﬁeri
711 2725 904 2802 potuit,
937 2732 1084 2786 hisce
1115 2733 1268 2784 novis
1310 2732 1570 2802 inserere,
1605 2738 1662 2782 ut
1699 2741 1887 2780 omnes
1917 2740 1978 2778 ea
2007 2725 2091 2802 via

489 2805 594 2861 sub
629 2795 794 2857 unum
819 2795 973 2872 quasi
1001 2809 1348 2870 conspectum
1373 2801 1565 2872 cadere
1591 2808 1812 2868 queant,
1832 2807 1887 2851 et
1916 2806 1974 2848 ut
2002 2795 2091 2862 qui

2197 1392 2316 1432 rum
2345 1373 2648 1447 praecipuus
2678 1373 2875 1447 prioris
2922 1373 3197 1447 opinionis
3224 1374 3416 1447 roridos
3443 1384 3533 1447 εει
3554 1373 3799 1445 Panegy-

2196 1438 2362 1513 ricus,
2392 1438 2548 1518 quem
2579 1438 2936 1502 Constantino
2963 1438 3272 1518 'lﬂumenins
3292 1443 3466 1518 dix_it_:
3493 1438 3538 1496 0
3565 1438 3810 1518 [parturia-

2195 1528 2268 1582 ta,
2293 1514 2460 1581 διῇξε
2485 1535 2618 1571 nunc
2667 1519 2901 1572 omnibus
2948 1521 3096 1570 terris
3138 1517 3329 1570 beatior
3355 1514 3646 1580 Britannia,
3694 1530 3809 1584 qua

2195 1588 2582 1644 Constantinum
2611 1587 2868 1660 Cursarem
2917 1591 3084 1655 prima
3116 1587 3330 1660 uidisti!
3372 1586 3556 1655 Illique
3601 1588 3809 1660 adden-

2195 1660 2294 1715 dus
2322 1660 2544 1714 omnino
2575 1670 2658 1714 est
2685 1658 3046 1731 Panegyricus
3077 1659 3145 1713 ab
3165 1730 3174 1731 ί
3195 1663 3403 1731 incerto
3439 1667 3658 1731 auctore
3691 1658 3809 1731 dic-

2199 1740 2284 1785 tus
2305 1731 2629 1785 Maximiano
2679 1742 2736 1786 et
2763 1727 3136 1792 Constantino,
3163 1730 3216 1782 in
3241 1745 3348 1798 quo
3379 1727 3493 1783 haec
3546 1728 3711 1782 verba
3744 1729 3814 1782 le-

2195 1811 2431 1870 guntur:
2459 1800 2716 1856 Liberavit
2760 1802 2850 1856 ille
2889 1799 3183 1855 Britannias
3225 1801 3495 1862 servitute,
3529 1807 3585 1852 tu
3614 1799 3814 1853 nobiles

2197 1873 2306 1926 illic
2332 1872 2552 1944 oriundo
2581 1873 2769 1944 fecisti.
2807 1871 3032 1938 Verum,
3087 1886 3217 1942 pace
3269 1880 3537 1944 tantorum
3565 1872 3810 1944 vinnium

2195 1943 2337 2013 quod
2368 1943 2477 2007 fiat,
2501 1937 2606 1997 alia
2657 1959 2756 2013 ego
2803 1945 2982 1997 omnia
3022 1937 3235 2006 Sentio;
3265 1942 3628 2013 arbitrorque.
3659 1937 3810 1994 Con-

2196 2011 2490 2068 stantinum
2519 2011 2768 2085 Magnum
2792 2025 2973 2068 natum
3007 2029 3129 2069 esse
3152 2015 3202 2067 in
3236 2012 3450 2084 Illyrico
3486 2011 3592 2085 late
3617 2027 3814 2085 sump-

2197 2092 2277 2152 to,
2313 2085 2399 2139 vel
2453 2085 2504 2140 in
2557 2083 2718 2139 Dacia
2762 2085 3171 2148 Mediterranea,
3200 2095 3252 2138 et
3298 2083 3514 2154 quidem
3568 2083 3620 2137 in
3676 2083 3815 2138 urbe

2195 2153 2375 2210 N;cso.
2406 2154 2790 2210 Constantinus
2833 2167 2980 2210 certe
3010 2155 3507 2225 Porphyrogeneta
3543 2154 3672 2225 illud
3708 2169 3815 2207 nos

2195 2227 2400 2296 absque
2430 2227 2746 2296 ambagibus
2803 2227 2962 2280 docet
3003 2226 3090 2280 lib.
3122 2223 3154 2296 ιι
3197 2223 3457 2279 ‘Theniat.
3486 2224 3520 2280 9
3542 2223 3817 2296 :_Prccfec-

2197 2294 2327 2350 tura
2343 2297 2516 2351 Dacia:
2545 2294 2936 2352 Mediterraneos
2976 2296 3068 2350 sub
3108 2295 3417 2350 Camiliario
3440 2311 3458 2349 :
3480 2294 3628 2348 urbes
3657 2297 3816 2366 quin-

2195 2384 2308 2437 que,
2342 2367 2602 2432 Pantalia,
2630 2367 2934 2443 (germanus,
2953 2368 3166 2443 Νᾳισρς,
3194 2370 3224 2425 ἡ
3253 2371 3442 2443 fragm:
3469 2368 3815 2443 roﬁpqél‘bu

2196 2443 2563 2494 ἰωνσταντὶνου
2597 2457 2608 2491 :
2640 2437 2846 2502 Nwsus,
2882 2441 3050 2509 patria
3091 2438 3271 2508 Magni
3308 2437 3813 2509 Constantiniib‘tc-

2195 2511 2515 2577 plianus,vel
2535 2510 2867 2578 Epitoinator
2880 2508 2995 2578 ejus
3009 2510 3326 2562 Hermolaus
3342 2508 3628 2569 Barbarus,
3663 2509 3812 2562 idem

2194 2579 2249 2634 in
2294 2596 2348 2633 v.
2403 2581 2588 2640 Ναϊσὸς
2640 2588 2896 2635 testatur:
2939 2581 3343 2653 Nata-cogitem
3372 2581 3816 2653 gpqizngrriapa

2197 2655 2279 2706 καὶ
2300 2655 2890 2725 πατρὶςσιίῳνσταντὶνῳ
2935 2658 3028 2725 τοῦ
3067 2652 3316 2725 βασιλέῳς
3337 2673 3347 2702 ;
3372 2649 3505 2705 Urbs
3532 2649 3813 2725 Thraciae,

2203 2738 2332 2793 Opus
2361 2722 2598 2793 et’potria
2625 2722 2943 2793 Constantini
2995 2722 3348 2793 imperatoris;
3385 2722 3630 2793 puloQue
3663 2722 3815 2776 idem

2203 2791 2416 2846 tradere
2463 2792 2663 2847 Julium
2720 2791 3009 2846 Firmicum
3044 2793 3149 2862 lib.
3210 2809 3224 2846 ι
3273 2792 3818 2862 ΜειιΙιρεεοεηιιῑῳιε

491 2860 816 2930 Sententiam
837 2860 1016 2927 ineam
1043 2860 1370 2942 cognoscere
1398 2860 1725 2933 desiderant;
1751 2860 1857 2942 non
1876 2860 2096 2921 tenean-
2128 2860 2176 2920 B
2205 2864 2344 2942 apud
2377 2878 2498 2918 eum
2529 2863 2633 2934 legi
2663 2863 2862 2942 debere
2891 2878 3012 2918 cum
3039 2861 3251 2918 Valesio
3271 2863 3336 2942 ad
3379 2864 3556 2919 Amm.
3578 2860 3818 2942 μικτοέιτ

490 2955 584 3017 tur
603 2945 826 3017 singulis
845 2940 1132 3017 momentis
1151 2947 1436 3017 consulere
1461 2942 1557 2994 viri
1589 2940 1890 3017 praestantis
1913 2951 2092 3017 curas.

496 3015 648 3072 Nata:
677 3014 801 3068 hinc
823 3014 953 3067 milii
1005 3022 1132 3067 sunt
1157 3013 1534 3065 annotationes
1591 3013 1749 3078 longe
1787 3013 2095 3078 auctiores:

497 3099 700 3154 easque
732 3094 788 3138 ut
814 3085 934 3139 luce
986 3084 1185 3137 donem
1246 3082 1477 3151 publica,
1505 3077 2100 3154 facit__Patrmn_diser-

492 3148 768 3219 tissimus;
799 3155 999 3209 faciunt
1025 3169 1112 3208 res
1167 3148 1460 3221 praeclarae,
1485 3166 1620 3221 quas
1647 3150 1736 3204 ille
1769 3165 1865 3203 nos
1895 3148 2095 3213 docet;

496 3235 554 3281 et
576 3228 702 3280 facit
730 3225 963 3294 denique
1009 3220 1190 3292 Operis
1218 3220 1618 3291 argumentum,
1651 3220 1794 3289 quod
1824 3221 1981 3273 hodie
2010 3235 2100 3274 re-

496 3298 644 3350 nasci
676 3297 954 3360 miramur,
982 3305 1036 3348 et
1061 3300 1362 3362 stupemus,
1393 3294 1641 3363 quodque
1677 3301 1838 3359 caput
1871 3299 1954 3363 est
1979 3306 2098 3344 om-

496 3368 648 3420 nium
678 3360 1194 3428 couiabulationuin,
1248 3360 1437 3418 saltem
1466 3360 1606 3432 apud
1639 3377 1754 3426 eos,
1799 3360 1892 3432 qui
1923 3370 2099 3414 vetera

497 3448 766 3506 tempora,
798 3436 1017 3490 vulnera
1051 3434 1311 3489 Ecclesia:
1340 3433 1538 3506 inﬂicta
1562 3475 1578 3497 ,
1607 3442 1661 3488 et
1689 3432 2099 3487 Persecutorum

501 3505 736 3577 tragicos
756 3509 932 3561 exitus
947 3519 1133 3577 secum
1157 3506 1339 3577 animo
1367 3505 1691 3577 revolvunt,
1722 3517 1963 3577 quosque
1985 3514 2104 3556 tan-

499 3572 665 3648 gitac
691 3577 893 3632 cruciat
915 3576 1282 3648 EcclesiaWDei
1310 3584 1417 3630 tam
1455 3575 1686 3648 miseris,
1713 3583 1821 3628 tam
1875 3572 2105 3648 horren-

505 3646 611 3714 dis,
641 3648 851 3718 etapud
885 3655 1129 3716 posteros
1150 3647 1307 3718 torte
1341 3647 1498 3701 iidem
1531 3661 1635 3718 non
1666 3646 1963 3718 inventuris
1985 3658 2103 3718 _m_o-

505 3720 590 3773 dis
617 3714 827 3773 vexa'ta.
859 3714 1014 3786 Quod
1041 3720 1084 3772 si
1113 3716 1313 3788 aliquid
1364 3718 1584 3788 dignum
1614 3715 1914 3782 Lactantio,
1951 3714 2106 3788 viris:-

506 3805 613 3860 que
663 3789 836 3860 doctis
885 3785 1165 3858 acceptum
1199 3785 1562 3857 prmstuerini,
1618 3787 1726 3860 erit
1769 3796 1916 3860 certe
1956 3785 2103 3856 quod

505 3855 662 3913 linter
688 3859 888 3914 serium
930 3860 981 3912 in
1015 3855 1262 3923 modum;
1292 3874 1448 3913 secus
1491 3860 1535 3911 si
1563 3857 1778 3921 accidit,
1810 3855 1962 3927 sique
1978 3855 2107 3910 mo-

507 3930 618 3984 rosi
652 3929 847 3994 ingenii
895 3929 1160 3993 homines,
1195 3929 1388 3997 quibus
1419 3929 1571 3989 nihil.
1597 3927 1695 3982 nisi
1719 3927 1861 3998 quod
1888 3927 2108 3996 abipsis

509 3999 893 4070 proﬁciscitur,
919 4000 1113 4068 placet,
1147 3999 1312 4054 multa
1342 4001 1584 4070 invenire
1610 4014 1672 4070 se
1714 4013 1881 4070 posse
1899 4006 2107 4070 putant,

511 4068 632 4139 qua:
655 4070 786 4139 ipsis
813 4071 1153 4140 displiceant.
1183 4085 1275 4139 per
1303 4085 1387 4124 me
1416 4069 1466 4123 id
1497 4070 1587 4122 ﬁat
1607 4069 1762 4135 licet;
1797 4068 1992 4140 quippe
2017 4069 2108 4138 qui

512 4155 621 4194 non
649 4141 831 4195 litibus
853 4139 911 4197 et
933 4140 1426 4206 conimissionilnis,
1455 4140 1548 4194 sed
1579 4155 1718 4193 verae
1744 4139 2026 4192 eruditioni
2056 4149 2110 4194 et

515 4211 854 4281 humanitati,
885 4214 1044 4281 idque
1097 4210 1292 4278 animi,
1326 4212 1410 4265 cui
1457 4213 1602 4265 lusus
1652 4209 2103 4281 aliquandodari

515 4280 696 4348 debet,
728 4279 1001 4338 relaxandi
1024 4297 1206 4348 causa,
1239 4298 1463 4337 vacuum
1516 4298 1545 4336 a
1599 4280 1827 4350 negotiis
1879 4279 2104 4350 publicis

514 4361 730 4424 tempus
761 4353 1088 4424 impendam.

587 4420 780 4492 Valere
811 4420 1152 4494 tejuberem,
1203 4423 1390 4494 lector,
1449 4422 1549 4477 nisi
1597 4437 1812 4476 manum
1863 4420 2108 4494 injiceret

514 4491 899 4548 Constantinus
929 4495 1171 4564 Magnus,
1204 4493 1369 4549 decus
1416 4507 1468 4548 et
1507 4503 1883 4547 ornamentum
1914 4492 2104 4564 libelli,

513 4579 676 4632 quem
718 4579 747 4617 a
792 4561 1066 4619 Lactantio
1121 4566 1476 4632 compositum
1534 4565 1674 4618 notis
1715 4564 1942 4618 illustro.
1977 4561 2108 4617 Nam

515 4647 640 4686 cum
670 4635 714 4687 is
755 4649 899 4757 saepe
947 4632 1013 4686 ad
1041 4643 1219 4702 partes
1248 4634 1519 4688 vocandus
1545 4635 1636 4698 sit,
1669 4647 1790 4688 cum
1830 4635 1995 4687 multa
2043 4633 2112 4689 de

519 4703 712 4757 eodem
757 4706 824 4757 ob
849 4713 933 4756 ata
962 4705 1245 4757 occasione
1287 4718 1556 4757 moneam.
1590 4719 1694 4757 non
1725 4705 1820 4757 abs
1845 4720 1903 4757 re
1929 4717 2015 4757 me
2036 4705 2112 4757 ia-

519 4703 712 4757 eodcm
757 4703 933 4757 oblata
962 4705 1245 4759 occasione
1287 4718 1556 4767 moneam,
1590 4719 1694 4758 non
1725 4705 1820 4758 abs
1845 4720 1903 4759 re
1929 4717 2015 4758 me
2036 4705 2113 4758 ia-

519 4783 732 4828 cturum
755 4774 1042 4829 arbitratus
1071 4773 1167 4836 fui.
1198 4773 1242 4828 si
1274 4775 1324 4829 in
1349 4773 1699 4830 lllustrissimi
1730 4773 1993 4844 Principis
2014 4790 2112 4829 na-

513 4846 684 4916 talem,
711 4844 1036 4916 inquirerem
1064 4845 1260 4899 locum.
1293 4844 1462 4899 Video
1491 4845 1812 4900 eruditionis
1855 4853 2108 4914 praestan-

518 4913 586 4968 tis
641 4913 796 4970 viros'
841 4915 982 4970 inter
1037 4931 1158 4972 sese
1218 4917 1450 4970 immane
1502 4926 1758 4984 quantum
1797 4913 2104 4982 dissentire,

518 4986 759 5055 aliosque
789 4987 842 5042 in
891 4985 1138 5052 Thracia,
1183 4987 1316 5042 alios
1345 4988 1396 5041 in
1450 4987 1759 5052 Britanniis,
1818 4986 1952 5041 alios
1981 4986 2108 5043 alibi

499 5053 831 5128 ‘existi'mare
860 5067 1041 5114 natum
1066 5071 1187 5113 esse
1216 5073 1466 5128 magnum
1497 5058 1645 5112 illum
1701 5057 2105 5128 Imperatorem,

517 5128 608 5195 qui
631 5126 684 5180 in
713 5129 946 5182 nummis
976 5143 1081 5183 non
1103 5126 1532 5198 absque—ratione
1573 5126 1797 5183 vocatur
1839 5144 2111 5183 exurens-

517 5209 624 5250 TOR
649 5211 854 5253 OINIUM
881 5214 1134 5264 GENTIUII,
1169 5215 1418 5255 PRINCEPS
1444 5215 1938 5255 PBOVIDENTISSIIUS
1956 5241 1968 5255 .
1996 5214 2109 5252 UBI-

518 5281 622 5340 ous
652 5284 874 5335 VlC'l'OB,
907 5280 962 5324 et
1003 5285 1286 5325 resonos
1333 5286 1514 5326 PACIS:
1567 5273 1762 5340 cuique
1818 5272 1867 5323 in
1919 5270 2104 5324 iisdem

513 5339 770 5394 tribuitur
787 5355 991 5396 siccum
1009 5356 1305 5405 FELICITAS,
1335 5358 1509 5396 aena
1537 5339 1980 5404 τιιΑιιρυιιιΑι-Ας,
2009 5355 2106 5394 nec

513 5421 624 5482 non
651 5424 944 5466 secumns
971 5427 1110 5467 REIP.
1147 5412 1298 5467 Hunc
1320 5413 1480 5482 igitur
1503 5414 1794 5482 principem
1820 5409 2103 5482 Baronius,

509 5477 840 5551 Pomponius
870 5482 1066 5549 Laetus,
1112 5477 1546 5551 :irchiepiscOpus
1601 5477 1993 5543 Armaclianus,
2053 5481 2103 5535 in

509 5547 938 5622 Britannicarum
965 5547 1321 5607 Ecclesiarnn'i
1352 5547 1789 5622 Antiquitatibus,
1817 5561 1976 5620 atque
2008 5566 2106 5605 nu-

507 5631 608 5685 per
628 5620 714 5674 ed.
746 5622 1100 5692 Stillenglleet
1162 5623 1212 5676 in
1251 5620 1556 5692 Originibus
1606 5623 1923 5676 Britannicis
1972 5636 2102 5676 cen-

505 5701 735 5745 suerunt
756 5701 936 5745 natum
965 5706 1085 5745 esse
1132 5693 1182 5745 in
1235 5692 1540 5758 Britannia;
1586 5692 1780 5762 aliique
1823 5693 2100 5761 “Blt‘lldln,

501 5767 730 5816 matrem
755 5763 941 5835 ipsius,
971 5761 1132 5816 tiliam
1163 5762 1361 5818 faciunt
1395 5763 1536 5833 regis
1582 5761 1860 5835 cujusdam
1886 5763 2101 5824 Britan-

2204 2933 2370 2987 linum
2400 2951 2462 2988 ex
2489 2933 2620 2988 mss.
2659 2933 2900 2998 Naisum,
2951 2948 3056 2986 non
3083 2945 3264 2988 autem
3291 2933 3548 2997 Tarsum;
3578 2933 3626 2986 id
3661 2934 3814 3002 quod

2201 3004 2328 3059 editi
2363 3005 2483 3059 libri
2530 3004 2955 3074 servantzApud
3001 3003 3222 3058 Naisum
3271 3005 3471 3074 genitus
3515 3003 3817 3058 Constanti-

2201 3091 2318 3142 nus,
2349 3093 2380 3128 a
2408 3077 2593 3146 primo
2622 3077 2788 3130 relatis
2829 3073 2992 3146 gradu
3034 3075 3381 3146 gubernacula
3426 3073 3641 3137 Imperii
3689 3078 3819 3128 reti-

2201 3163 2345 3200 nens.
2398 3145 2503 3201 Sed
2557 3145 2923 3200 ﬁrmissimum
2969 3145 3342 3216 argumentum
3394 3146 3572 3199 nobis
3605 3150 3819 3215 praslict

2205 3227 2394 3272 auctor
2424 3218 2815 3287 Exrcrpturum
2870 3217 2938 3273 de
2963 3216 3279 3271 Constantio
3329 3217 3636 3287 Cliloi-o,_et
3668 3220 3822 3270 Con-

2203 3290 2443 3358 stantino
2483 3285 2701 3358 Magno;
2753 3287 2904 3358 cujus
2962 3287 3076 3341 lucc
3121 3300 3247 3342 sunt
3296 3285 3622 3342 verbazﬂic
3652 3287 3821 3357 igitur

2201 3356 2588 3412 Constantinus
2614 3368 2766 3412 natus
2798 3357 2992 3412 Helena
3033 3369 3192 3412 matre
3236 3358 3483 3412 vilissima
3511 3358 3564 3411 in
3613 3356 3820 3426 oppido

2205 3427 2392 3485 Naiso.
2428 3430 2567 3484 Nihil
2593 3442 2740 3484 certe
2762 3428 2958 3484 clarius
3011 3430 3112 3484 dici
3167 3438 3367 3498 potest;
3413 3428 3821 3498 transiremqne

2204 3500 2270 3553 ad
2318 3502 2444 3569 alia,
2507 3503 2607 3556 nisi
2635 3500 3036 3569 conjecmram,
3081 3517 3198 3568 qua:
3251 3499 3378 3553 inihi
3423 3499 3712 3554 commode
3766 3505 3818 3552 in

2203 3580 2439 3625 mentem
2489 3572 2659 3638 venit,
2701 3571 2964 3641 cujusque
3010 3571 3169 3625 etiam
3226 3572 3554 3626 mentionem
3610 3569 3715 3624 feci
3745 3575 3817 3624 ail

2203 3655 2324 3710 cap.
2352 3641 2421 3696 26
2447 3657 2752 3713 supponere
2778 3658 2808 3695 e
2852 3642 3040 3711 repnl).
3067 3642 3321 3696 litteraria
3345 3641 3645 3713 judicarem
3667 3656 3683 3705 ;
3707 3659 3820 3713 non

2205 3714 2350 3781 quod
2405 3712 2560 3768 illam
2603 3714 2726 3767 aliis
2765 3713 3288 3778 obtrudere-veliin,
3345 3712 3427 3766 vel
3477 3713 3595 3780 ipse
3643 3712 3819 3768 etiam

2206 3797 2326 3838 eam
2358 3784 2516 3853 plane
2545 3784 2985 3854 amplectarzsed
3019 3793 3076 3836 ut
3110 3782 3519 3854 diligentiores
3549 3782 3819 3850 habeant,

2208 3854 2261 3908 in
2283 3871 2391 3922 quo
2421 3871 2539 3910 sese
2563 3853 2819 3910 exercere
2848 3856 3072 3923 possint.
3104 3853 3361 3909 Helenam
3384 3855 3450 3909 ab
3473 3853 3594 3908 aliis
3620 3869 3822 3909 concu-

2209 3925 2379 3980 binam
2425 3925 2724 3981 Constantii
2770 3926 2948 3979 vocari
2995 3934 3180 3979 notum
3237 3936 3319 3980 est
3349 3939 3572 3980 :verum
3621 3941 3816 3992 nemo,

2209 3999 2350 4063 quod
2380 3996 2629 4066 equidem
2657 3997 2845 4061 sciam,
2878 3997 3124 4050 inventus
3161 4004 3265 4060 est,
3295 3995 3386 4066 qui
3439 4010 3560 4050 eam
3611 3996 3824 4066 dixerit

2211 4066 2376 4120 fui~se
2403 4065 2700 4122 vilissimum
2731 4067 3026 4128 heminam,
3062 4076 3258 4135 praeter
3297 4065 3571 4120 auctorem
3605 4065 3822 4121 Excer-

2212 4149 2447 4207 ptoruni,
2480 4141 2566 4207 qni
2617 4149 2794 4192 tamen
2824 4137 2961 4192 forte
2991 4153 3096 4192 non
3147 4139 3214 4190 ita
3273 4137 3508 4206 scripsit,
3543 4150 3670 4190 cum
3705 4154 3821 4194 non

2211 4208 2280 4262 sit
2300 4207 2628 4270 verosimile,
2652 4208 3016 4263 Christianum
3045 4208 3112 4261 ita
3141 4209 3442 4262 locuturum
3473 4208 3540 4262 de
3567 4210 3821 4277 piissima

2210 4287 2267 4333 et
2321 4281 2635 4345 venerabili,
2682 4277 3134 4348 quemadmodum
3184 4279 3235 4332 in
3290 4279 3524 4332 nummis
3564 4289 3818 4345 vocatur,

2137 4347 2183 4408 C
2215 4349 2474 4420 Augusta.
2528 4349 2666 4416 Quid
2716 4349 2915 4420 igitur?
2966 4350 3255 4404 titubanter
3303 4359 3359 4403 et
3404 4349 3598 4420 dubius
3653 4349 3822 4420 plane

2215 4418 2358 4487 dico,
2387 4423 2645 4489 scriptum
2669 4418 2807 4475 forte
2829 4420 3012 4486 fuisse,
3038 4420 3282 4473 vilissimo
3320 4421 3372 4474 in
3426 4418 3638 4488 oppido.
3672 4419 3819 4476 Nam

2218 4491 2427 4562 videtur
2455 4491 2556 4546 hoc
2583 4490 2834 4562 oppidum
2863 4508 2967 4545 non
2998 4491 3150 4562 valde
3178 4492 3401 4562 illustre,
3441 4491 3523 4544 Vel
3552 4504 3818 4560 magnum

2215 4559 2414 4626 fuisse;
2469 4573 2522 4617 et
2548 4559 2694 4617 certe
2726 4577 2844 4615 mox
2874 4563 2925 4615 in
2972 4561 3159 4616 iisdem
3211 4561 3493 4630 Excer‘ptis
3541 4559 3819 4631 sequitur,

2213 4631 2620 4688 Constantinum
2653 4632 2783 4688 illud
2816 4632 3027 4701 miriﬁce
3074 4648 3281 4686 ornasse
3298 4631 3634 4698 :Stephanus
3659 4633 3817 4701 ejus-

2212 4701 2337 4758 dem
2373 4704 2510 4758 istnd
2559 4707 2748 4775 κτίσμα
2777 4701 2930 4768 facit;
2965 4711 3019 4758 et
3045 4703 3168 4756 inde
3201 4701 3508 4775 rmagniﬁce
3550 4713 3813 4775 ornatum

2212 4788 2334 4828 cum
2359 4775 2537 4836 fuerit,
2557 4772 2750 4828 mirum
2779 4789 2884 4827 non
2906 4785 3006 4840 est,
3034 4774 3210 4828 vocari
3242 4772 3418 4828 Anim.
3444 4772 3664 4828 Marcel.
3697 4790 3814 4840 ut,

2214 4843 2303 4908 ‘10,
2323 4847 2585 4917 c0piosum
2610 4845 2878 4915 Oppidum.
2901 4844 3063 4917 Miror
3083 4855 3285 4910 autem,
3312 4843 3645 4917 eruditorum
3677 4861 3820 4898 non-

2213 4914 2394 4970 nullos
2441 4917 2578 4970 hanc
2622 4914 2808 4970 urbem
2853 4915 3096 4968 eamdem
3155 4929 3275 4968 esse
3329 4914 3640 4970 existimare
3680 4930 3812 4970 cum

2213 4983 2383 5058 {Vasta
2409 4998 2460 5040 et
2489 4985 2651 5041 Nesto
2681 4984 2928 5058 (quarum
2959 4985 3103 5058 illam
3134 4985 3439 5058 Stephanus
3470 4986 3596 5058 facit
3616 4985 3813 5040 urbem

2211 5056 2478 5123 Thr-acim,
2509 5054 2900 5124 alioquieiiiodo
2921 5057 3079 5110 scribi
3103 5054 3288 5112 Νεστὸν
3311 5056 3490 5120 addit;
3515 5054 3657 5109 hanc
3682 5072 3816 5110 vero

2211 5128 2397 5198 urbem
2425 5138 2479 5182 et
2507 5126 2720 5182 ﬂuviain
2743 5125 2962 5198 Illyriaz)
2993 5127 3320 5196 eosdemque
3347 5128 3603 5198 memoria
3651 5142 3810 5180 man-

2209 5196 2360 5261 dare,
2392 5198 2542 5254 NeSii
2567 5200 2714 5253 urbis
2741 5196 2932 5267 Illyria:
2961 5208 3013 5251 et
3045 5198 3188 5250 ﬂuvii
3246 5197 3510 5267 neminem
3541 5214 3572 5249 e
3602 5201 3774 5252 veteri
3798 5229 3811 5236 -

2208 5269 2310 5326 bus
2341 5271 2650 5323 meminisse
2673 5286 2688 5336 ;
2713 5278 2768 5322 at
2794 5266 3043 5332 Nestuin,
3073 5268 3317 5323 Thraciae
3365 5266 3584 5322 ﬂuvium
3648 5270 3814 5337 longe

2208 5339 2638 5405 celeberrimum,
2672 5354 2974 5393 memorare
3021 5337 3231 5403 Melam,
3258 5338 3507 5401 Plinium’,
3530 5339 3807 5392 Solinuni.

2205 5407 2339 5463 Nam
2371 5424 2469 5477 ego
2497 5410 2713 5478 quidem
2727 5411 2982 5474 arbitror,
3001 5409 3354 5474 Pliniunivm,
3374 5408 3462 5473 16,
3480 5423 3586 5461 non
3615 5411 3810 5472 alium,

2207 5494 2365 5602 luam
2402 5481 2591 5552 Illyria:
2645 5480 2868 5534 Nessum
2914 5495 3238 5544 memorare,
3289 5481 3502 5549 quando
3549 5483 3809 5544 notai,i'n

2244 5549 2419 5602 'urona
2442 5556 2569 5602 inter
2595 5551 2875 5602 Acheloum
2899 5561 3096 5602 tantum
3122 5550 3433 5602 Nestumaue
3450 5567 3625 5602 (mines
3640 5552 3809 5602 leones

2244 5549 2419 5618 IurOpa
2442 5549 2569 5604 inter
2595 5551 2875 5604 Acheloum
2899 5561 3096 5604 tantum
3122 5550 3433 5616 Natumque
3450 5567 3625 5603 (mines
3640 5552 3814 5603 leones

2207 5636 2313 5693 esse
2337 5639 2354 5686 ;
2379 5633 2438 5693 et
2459 5622 2652 5693 Scylax
2697 5620 3120 5693 Caryainlensis,
3152 5623 3234 5693 vel
3292 5621 3382 5690 qui
3411 5621 3527 5689 ejus
3555 5623 3658 5674 sub
3709 5635 3810 5673 no-

2205 5691 2350 5747 mine
2379 5691 2555 5748 editus
2577 5703 2660 5747 est
2680 5692 3051 5761 Geographus,
3068 5693 3126 5746 in
3151 5692 3326 5762 Illyria
3341 5703 3608 5762 memorat
3627 5693 3812 5747 κόλπον

2203 5771 2458 5830 Ninnios,
2485 5772 2540 5819 et
2567 5763 2777 5830 urbem,
2815 5763 2900 5820 vel
2924 5764 3166 5843 ﬂuvium,
3193 5761 3366 5836 neque
3385 5761 3527 5820 enim
3552 5762 3814 5843 adjiciat:
