4048 6494
1462 532 1511 534 ἡ
2334 532 2345 533 κ
2442 532 2453 533 κ
2651 532 2683 535 _
2794 532 2831 534 ,_
2916 532 2939 534 _
3168 532 3541 535 ηκρηκηή-

1428 780 2365 921 ΡΒίἘΒᾺΤΙΟ.

230 1239 325 1298 ει
394 1236 729 1298 omnibus
792 1243 1158 1301 sanctorum
1227 1240 1473 1301 Patrum
1527 1235 1845 1317 operibus,
1903 1237 2005 1299 vix
2053 1238 2182 1302 ulla
2236 1255 2376 1305 esse
2424 1242 2644 1306 Irenaei
2689 1245 2940 1325 scriptis
2971 1246 3280 1314 bonorum
3311 1254 3590 1319 omnium

142 1331 627 1408 veneratione,
693 1331 965 1410 studiis,
1023 1331 1295 1395 lectione
1338 1348 1410 1394 ac
1470 1331 1637 1394 curis
1685 1329 1994 1408 digniora,
2046 1347 2296 1394 mecum
2345 1332 2510 1396 ultro
2562 1331 2859 1400 fatebitur
2886 1338 3176 1418 quisquis
3204 1342 3590 1409 Christiana-

142 1441 295 1486 rum
367 1441 606 1486 rerum
672 1441 806 1487 non
862 1425 1125 1489 omnino
1186 1425 1363 1489 rudis
1419 1424 1749 1489 exstiterit.
1807 1425 2209 1516 Quaecunque
2264 1425 2432 1487 enim
2509 1427 2587 1490 ad
2660 1429 3098 1494 auctoritatem
3178 1433 3593 1516 scriptoribus

149 1516 659 1579 ecclesiasticis
722 1519 1216 1597 comparandam
1277 1519 1588 1598 praecipua
1625 1520 1904 1610 sunt,_e_a
1938 1515 2148 1579 omnia
2196 1516 2661 1610 sanctissimum
2691 1520 2859 1585 hunc
2896 1515 3416 1603 Lugdunensium
3452 1530 3591 1610 epi-

148 1625 472 1688 scopum,
548 1588 1296 1690 splendidissimumque
1350 1588 1663 1690 quondam
1717 1588 1935 1672 Galliae
1994 1612 2222 1671 nostrae
2276 1588 3028 1680 lumen'commendant.”
3035 1616 3103 1680 Si
3149 1588 3590 1701 antiquitatem

146 1712 582 1783 Spectemus,
648 1706 769 1764 vir
816 1705 1256 1785 apostolicus!
1299 1705 1435 1784 fuit,
1492 1704 1746 1765 vicinus
1792 1702 2233 1782 apostolorum
2289 1705 2682 1784 temporibus
2720 1707 2752 1757 2
2793 1712 2858 1773 et
2910 1711 3334 1791 apostolorum
3397 1716 3591 1781 disci-

154 1797 339 1877 pulis
374 1797 791 1877 institutus;
849 1797 905 1859 si
962 1797 1330 1876 doctrinam,
1381 1798 1679 1859 omnium
1706 1797 2150 1889 doctrinarum
2182 1796 2668 1889 cW‘iosissimus
2695 1801 3068 1883 explorator
3091 1805 3386 1889 5exstitit,
3410 1818 3597 1873 rect-ae

150 1907 437 1970 semper
467 1890 965 1969 catholica:th
994 1890 1307 1952 doctrina:
1327 1894 1779 1981 propugnator
1805 1886 1838 1936 4
1867 1887 2364 1981 strenuissimus,
2417 1894 2482 1955 et
2531 1891 2596 1955 in
2643 1894 2983 1977 Scriptura:
3038 1913 3232 1963 sacrae
3273 1886 3592 1981 priorum-

154 1999 289 2061 que
326 1984 619 2045 Patrum
654 1981 947 2045 lectione
1002 1981 1305 2063 apprime,
1338 1988 1405 2044 ut
1434 1980 1670 2061 ubique
1701 1979 1971 2043 clamant
2027 1978 2166 2058 ejus
2206 1981 2460 2062 scripta,
2522 1992 2845 2069 versatus;
2912 1988 2968 2051 si
3031 1978 3426 2058 sanctitatem
3482 1997 3596 2061 de-

152 2077 394 2155 nique,
434 2077 559 2135 vir
605 2077 907 2168 omnino
950 2073 1238 2168 Spiritus
1291 2076 1499 2168 sancti
1540 2074 1728 2135 donis
1768 2090 1845 2168 ac
1894 2072 2245 2168 mlestibus
2293 2080 2694 2141 ornamentis
2733 2080 3088 2146 instructus
3134 2086 3270 2162 fuit
3316 2088 3371 2166 ὅ,
3415 2087 3600 2168 cujus

148 2172 429 2249 scripta,
470 2175 554 2231 ut
625 2167 887 2231 Erasmi
943 2167 1157 2231 verbis
1208 2173 1369 2249 utar,
1411 2167 1645 2247 spirant
1696 2164 1975 2260 priscum
2029 2163 2210 2228 ﬂium
2259 2169 2580 2248 Evangelii
2633 2171 2935 2256 vigorem,
2961 2192 3035 2240 ac
3093 2163 3597 2260 phrasisrarg'uit

154 2270 398 2343 pertus
467 2262 815 2343 martyrio
877 2268 1202 2341 paratum;
1249 2278 1433 2342 quem
1491 2258 2228 2352 sanctissimi‘martyres
2278 2262 2733 2352 Lugdunenses
2777 2267 3061 2347 epistolis
3106 2271 3239 2336 suis
3267 2258 3600 2352 magniﬁce

158 2356 707 2419 eummendant:
789 2369 983 2432 quem
1040 2353 1314 2446 denique
1373 2368 1614 2416 morum
1676 2348 2022 2446 integritas
2058 2349 2122 2412 in
2172 2351 2429 2446 Pothini
2493 2353 2684 2433 primi
2741 2357 3262 2436 Lugdunensium
3320 2348 3599 2446 episcopi

158 2450 386 2511 locum
420 2446 740 2511 suﬂ'ecit.
780 2450 829 2509 E
864 2445 1157 2526 pluribus
1203 2463 1350 2510 vero
1404 2462 1546 2526 quae
1599 2445 1937 2524 reliquerat
1989 2441 2290 2537 doctrinae
2350 2444 2723 2527 pietatisque
2778 2453 3204 2517 monumentis
3260 2441 3602 2537 supersunt

157 2544 305 2605 libri
378 2543 717 2623 quinque
777 2557 947 2620 quos
1003 2540 1254 2620 scripsit
1297 2541 1596 2629 adversus
1655 2539 1932 2602 haereses
1983 2535 2445 2618 Gnosticorum,
2503 2554 2647 2619 quae
2701 2538 2840 2621 ejus
2899 2547 3186 2625 tempore
3227 2546 3294 2611 in
3342 2535 3605 2629 regione

166 2633 653 2711 Lugdunensi,
708 2630 825 2694 cui
888 2638 1174 2709 praeerat,
1242 2628 1510 2708 grassari
1551 2626 1680 2708 jam
1736 2632 2100 2708 cceperant;
2165 2644 2240 2692 eo
2297 2630 2499 2709 pluris
2550 2632 2929 2710 aestimandi,
2977 2642 3112 2700 tum
3170 2642 3338 2720 quod
3387 2626 3467 2705 ex
3512 2648 3605 2708 tot

154 2735 215 2787 at
270 2728 482 2789 ruitis
549 2724 823 2805 quibus
875 2721 1285 2786 Christianam
1338 2723 1525 2815 ﬁdem,
1577 2720 2003 2815 illustraverat
2053 2721 2375 2815 operibus,
2424 2723 2559 2786 nihi
2613 2723 2780 2788 aliud
2835 2726 2966 2792 fere
3020 2729 3103 2792 sit
3140 2731 3409 2815 reliqui;
3467 2738 3603 2799 tum

156 2822 323 2897 quod
384 2820 727 2899 pretiosae
788 2816 922 2879 sint
967 2815 1323 2895 apostolicae
1367 2814 1567 2877 aetatis
1620 2812 1928 2893 reliquim,
1961 2812 2198 2893 quibus
2257 2830 2352 2895 ea,
2407 2831 2597 2896 quam
2659 2817 2988 2900 discipulis
3036 2822 3168 2885 Suis
3225 2812 3605 2891 tradiderant

164 2913 487 2993 apostoli,
552 2920 629 2974 et
701 2910 790 2973 ab
847 2909 949 2972 his
1003 2915 1327 2987 acceperat
1382 2910 1678 2987 tremens,
1727 2907 2010 2970 doctrina
2057 2911 2120 2969 et
2158 2904 2338 2968 facile
2387 2908 2902 2987 deprehenditur,
2955 2916 3019 2975 et
3068 2912 3145 2975 ad
3204 2930 3318 2979 nos
3368 2915 3608 2982 illibata

180 3006 695 3068 transmittitur.
736 3006 818 3064 In
880 3002 962 3063 iis
1018 3000 1328 3079 siquidem
1386 3001 1705 3091 praecipua
1750 3014 2020 3091 quaeque
2072 2998 2420 3079 catholicae,
2451 3015 2638 3078 quam
2669 3001 3011 3067 hodienum
3040 3007 3426 3091 proﬁtemur,
3462 3010 3607 3075 ﬁdei

166 3098 482 3176 d-ngata
546 3096 643 3159 de
702 3092 1037 3174 mysteriis
1080 3092 1487 3155 sanctissima
1539 3090 1860 3156 Trinitatis
1913 3094 1980 3155 et
2034 3091 2500 3170 Incarnationis,
2576 3093 2656 3157 de
2723 3099 3151 3181 sacramentis,
3219 3090 3608 3167 eclesiastica

179 3191 590 3268 bierarchia,
661 3187 901 3249 divina
958 3186 1395 3265 episcoporum
1454 3184 1870 3263 institutione,
1920 3183 2275 3247 traditionis
2335 3185 2726 3268 auctoritate,
2785 3189 2952 3253 Petri
3009 3188 3275 3274 ejusque
3348 3211 3604 3260 succes-

177 3300 407 3346 sorum
468 3297 810 3362 suprema
866 3278 1180 3357 dignitate
1235 3294 1308 3341 ac
1364 3277 1658 3358 primatu,
1689 3284 1837 3350 etc.,
1894 3274 2128 3339 diserte
2183 3277 2339 3341 adeo
2368 3279 2760 3359 explicantur
2785 3288 2849 3345 et
2878 3284 3340 3353 conﬁrmantur.
3383 3293 3605 3353 utnon

166 3382 438 3439 veteres
482 3382 790 3452 tantum,
842 3371 952 3434 sed
1001 3376 1309 3451 quotquot
1350 3371 1428 3435 ab
1473 3368 1832 3450 apostolicis
1881 3368 2272 3447 temporibus
2327 3369 2406 3432 ad
2458 3373 2671 3433 nostra
2724 3388 2927 3453 usque
2977 3383 3370 3443 emerserunt
3397 3377 3605 3443 haere-

344 3466 514 3528 hinc
567 3463 899 3526 radicitus
956 3460 1286 3540 exstirpari
1340 3476 1414 3523 ac
1456 3460 1737 3523 funditus
1783 3460 1981 3524 everti
2014 3460 2284 3524 valeant.
2318 3466 2660 3544 Eapropter
2713 3481 2751 3527 a
2805 3466 3105 3545 Gregorio
3147 3472 3371 3550 Magno
3399 3472 3509 3535 diu
3534 3487 3606 3536 ac

168 3559 473 3622 sollicite
506 3556 820 3637 quaesiti,
857 3559 922 3617 ct
950 3570 989 3615 a
1016 3556 1116 3617 SS.
1144 3552 1431 3617 Patribus
1482 3569 1553 3615 ac
1609 3552 1735 3615 Piis
1789 3553 2152 3633 quibusque
2197 3554 2521 3619 catholicis
2578 3559 2704 3619 tam
2755 3557 2975 3621 sedula
3024 3576 3215 3624 manu
3260 3565 3516 3644 versati,
3548 3569 3613 3628 et

168 3668 249 3712 eo
283 3650 687 3712 studiosius
750 3644 1022 3727 perfecti
1070 3649 1240 3725 sunt,
1297 3661 1424 3725 quo
1480 3659 1668 3724 puros
1721 3644 2080 3724 apostolicae
2130 3644 2431 3709 doctrinm
2487 3646 2703 3712 latices
2752 3665 2789 3712 a
2819 3649 3098 3714 fontibus
3145 3659 3432 3717 recentes
3460 3655 3613 3719 hau-

158 3746 301 3807 rire
368 3743 630 3821 volupe
695 3740 843 3802 fuit.
886 3738 1045 3801 Hinc
1099 3754 1177 3801 ex
1205 3754 1362 3826 _quo
1418 3742 1634 3801 renata
1686 3736 1751 3798 in
1810 3736 2145 3800 Occidente
2192 3752 2496 3802 nonarum
2555 3740 2902 3805 litterarum
2953 3743 3183 3825 studia,
3241 3754 3613 3826 resurgente

164 3836 395 3899 simul
450 3836 525 3897 in
590 3832 832 3896 Irenaei
891 3821 1360 3894 lucubrationes
1417 3846 1668 3907 amore,
1728 3830 1887 3893 nihil
1960 3830 2137 3911 prius
2194 3832 2554 3897 habuerunt
2608 3833 2702 3915 ii,
2757 3834 2993 3915 quibus
3043 3821 3218 3900 sacra
3270 3821 3613 3919 antiquitas

157 3928 377 3994 cordi
441 3927 603 4007 fuit,
669 3941 868 4005 quam
922 3928 994 3987 ut
1048 3941 1158 3989 eos
1210 3940 1248 3987 e
1302 3922 1825 3988 bibliothecarum
1880 3920 2161 3988 tenebris
2211 3931 2424 3989 erutas
2468 3925 2635 4007 typis
2699 3927 3187 4010 committerent,
3246 3929 3614 4013 publicique

150 4022 351 4103 juris
424 4021 758 4083 facerent.

249 4114 503 4177 Prima
562 4110 867 4173 omnium
925 4108 1118 4172 editio
1175 4113 1270 4172 est
1315 4123 1505 4188 quam
1562 4107 1821 4171 Basileae
1870 4108 2231 4189 procuravit
2290 4107 2653 4172 Desiderins
2706 4111 3000 4173 Erasmus
3059 4125 3224 4176 anno
3292 4112 3466 4195 1526,
3529 4130 3611 4177 ex

152 4208 409 4270 tribus
469 4202 1016 4282 exemplaribus;
1080 4217 1208 4264 uno
1263 4201 1428 4281 quod
1479 4204 1691 4264 Romae
1745 4201 2129 4282 descriptum
2187 4200 2266 4265 ad
2312 4216 2459 4265 eum
2516 4199 2689 4264 misit
2743 4202 3013 4266 Joannes
3072 4204 3294 4287 Faber,
3365 4206 3615 4271 duobus

158 4302 331 4363 aliis
400 4317 442 4362 e
500 4295 927 4360 monasteriis
983 4294 1372 4359 commodato
1414 4293 1721 4375 praebitis;
1764 4293 1920 4367 Quid
1972 4292 2232 4373 insuper
2285 4293 2351 4356 in
2409 4293 2523 4357 hac
2552 4293 2826 4358 editione
2854 4294 3238 4378 praestiterit,
3269 4303 3483 4363 monet
3545 4300 3612 4363 in

168 4410 307 4457 sua
377 4389 683 4472 epistola
730 4387 1192 4467 nuncupatoria
1227 4388 1303 4450 ad
1364 4386 1748 4449 Bernardum
1804 4387 1884 4449 de
1939 4387 2119 4449 Gloss
2174 4388 2539 4467 episcopum
2594 4386 3057 4468 Tridentinum,
3090 4395 3306 4468 postea
3335 4396 3613 4455 creatum

176 4484 627 4550 cardinalem
688 4497 727 4543 a
778 4481 1101 4543 Clemente
1139 4495 1335 4560 paapa
1372 4482 1505 4559 VII,
1555 4494 1720 4541 anno
1783 4477 1956 4557 1529,
2010 4493 2197 4557 quam
2228 4477 2303 4539 ad
2335 4476 2630 4540 editionis
2658 4482 2887 4541 nostrae
2915 4479 3151 4543 calcem
3179 4483 3398 4563 reponi
3429 4500 3615 4547 cura-

178 4580 457 4642 vimus.
522 4580 609 4639 At
661 4578 734 4636 ut
790 4572 1033 4636 homini
1090 4573 1170 4636 de
1216 4572 1443 4635 litteris
1472 4570 1857 4650 cm'teroquin
1901 4576 2024 4633 tam
2074 4569 2236 4632 bene
2293 4569 2515 4633 merito
2561 4568 2906 4649 plurimum
2949 4570 3241 4654 debetur,
3283 4576 3449 4655 quod
3481 4577 3617 4640 Ire-

184 4672 325 4735 naﬁ
368 4671 594 4734 libros
650 4666 900 4746 primus
952 4664 1096 4727 luce
1150 4664 1497 4745 donaverit,
1558 4663 1644 4726 ita
1696 4662 2037 4726 dolendum
2089 4661 2259 4741 quod
2314 4660 2684 4724 melioribus
2712 4661 3039 4726 codicibus
3069 4663 3409 4730 destitutus
3439 4667 3620 4746 plura

186 4772 537 4847 praestare
592 4775 728 4823 non
788 4758 1088 4838 potuerit.
1148 4760 1266 4821 Tot
1319 4757 1486 4820 enim
1544 4754 1810 4835 mendis,
1870 4753 2136 4834 lacunis,
2171 4753 2533 4834 mutilisque
2586 4770 2660 4817 ac
2716 4755 3072 4836 depravatis
3108 4759 3382 4839 periodis
3421 4765 3621 4823 scatet

192 4858 350 4938 ejus
403 4853 652 4934 editio,
716 4859 789 4915 ut
847 4850 1127 4913 lrenaeus
1174 4866 1321 4930 sape
1365 4850 1429 4911 in
1488 4849 1625 4929 ipso
1669 4851 1902 4912 Irenaeo
1949 4852 2291 4928 quaeratur,
2324 4847 2622 4927 illiusque
2673 4849 3051 4912 sententiam
3082 4847 3335 4932 assequi
3365 4852 3623 4915 difﬁcile

198 4955 313 5018 sit.
381 4948 767 5015 Secundam
852 4944 1105 5008 curavit
1158 4944 1452 5008 Nicolaus
1535 4942 1866 5015 Gallasius,
1945 4941 2446 5004 Calvinianorum
2505 4940 2893 5004 Genevensis
2948 4942 3256 5023 minister,
3306 4944 3419 5024 qui
3483 4959 3624 5007 eam

206 5048 501 5110 Genevaa
589 5037 940 5119 evulgavit
1009 5051 1173 5100 anno
1254 5036 1407 5099 I570
1507 5036 1650 5108 Sed,
1703 5032 1989 5114 quamvis
2035 5038 2257 5114 errata,
2315 5032 2557 5096 collatis
2613 5034 3102 5113 exemplaribus,
3134 5052 3171 5098 a
3198 5052 3267 5100 se
3297 5037 3628 5100 emendata

214 5138 418 5203 fuisse
478 5135 709 5215 dicat;
776 5145 931 5195 cum
992 5128 1210 5192 eadem
1274 5133 1506 5201 tamen,
1566 5143 1708 5208 quae
1764 5126 1930 5206 apud
1986 5129 2333 5207 Erasmum,
2366 5132 2716 5197 occurrant,
2747 5125 2948 5205 palam
2981 5132 3045 5191 et
3075 5127 3282 5191 nullos
3310 5129 3631 5193 consultos

216 5233 409 5298 fuisse
450 5248 612 5297 mss.
672 5225 991 5294 codices.
1046 5225 1237 5286 Novae
1294 5223 1600 5285 duntaxat
1653 5219 1977 5285 veteribus
2025 5219 2256 5284 additae
2326 5218 2602 5298 capitum
2670 5219 3027 5294 summulas,
3072 5225 3137 5284 et
3192 5220 3428 5286 inserta
3485 5237 3631 5302 quae

267 5406 739 5538 ’t’"£°:;:.i‘t
749 5407 1104 5538 iam
1117 5393 1265 5536 is.
1280 5392 1586 5538 13%.
1605 5391 1865 5538 ’ἑδένξίῗι

2032 5391 2108 5467 fit.
2165 5394 2254 5467 S.,
2289 5410 2342 5453 c.
2375 5388 2474 5451 29.
2548 5387 2880 5471 3Tertull.,
2955 5390 3058 5456 lib.
3131 5400 3290 5460 cont.
3363 5393 3630 5469 Valent.,

2032 5472 2173 5535 hair.
2210 5473 2274 5535 31
2294 5520 2310 5538 .
2341 5471 2371 5538 δ
2397 5472 2493 5531 33.

173 5524 283 5596 ap.
309 5469 806 5568 Evyiusebq
850 5469 989 5538 lib.
1030 5487 1089 5532 ιιι
1117 5469 1297 5547 Hist.,
1319 5491 1449 5553 cap.
1485 5473 1586 5534 23.
1617 5474 1650 5523 5
1672 5469 1995 5552 Ερίριηιηῖ,
2029 5472 2173 5535 hair.
2210 5473 2310 5552 31,
2341 5471 2371 5550 §
2397 5472 2493 5531 33.

730 5661 1079 5726 Ριτηοι.
1116 5647 1224 5712 Gn.
1264 5649 1400 5715 VII.

3088 5649 3115 5709 1
