  <div class='ocr_page' id='page_1' title='image "/cluster/home/n/w/nwhite01/storage/ocr_20150623/7/mdp.39015078384511/013.png"; bbox 0 0 4048 6402; ppageno 0'>
   <div class='ocr_carea' id='block_1_1' title="bbox 435 306 3812 395">
    <p class='ocr_par' dir='ltr' id='par_1_1' title="bbox 435 306 3812 395">
     <span class='ocr_line' id='line_1_1' title="bbox 435 306 3812 395; baseline -0.001 0"><span class='ocrx_word' id='word_1_1' title='bbox 435 330 503 395; x_wconf 80' lang='lat' dir='ltr'><strong>u</strong></span> <span class='ocrx_word' id='word_1_2' title='bbox 1544 306 1587 390; x_wconf 79' lang='lat' dir='ltr'>s</span> <span class='ocrx_word' id='word_1_3' title='bbox 1659 324 2017 395; x_wconf 60' lang='lat' dir='ltr'><strong>mannos</strong></span> <span class='ocrx_word' id='word_1_4' title='bbox 2059 324 2394 393; x_wconf 83' lang='lat' dir='ltr'><strong>LUGDUN.</strong></span> <span class='ocrx_word' id='word_1_5' title='bbox 2444 326 2677 392; x_wconf 87' lang='lat' dir='ltr'><strong>EPISC.</strong></span> <span class='ocrx_word' id='word_1_6' title='bbox 3730 327 3812 391; x_wconf 59' lang='grc' dir='ltr'><strong>σε)</strong></span> 
     </span>
    </p>
   </div>
   <div class='ocr_carea' id='block_1_2' title="bbox 431 452 3809 541">
    <p class='ocr_par' dir='ltr' id='par_1_2' title="bbox 431 452 3809 541">
     <span class='ocr_line' id='line_1_2' title="bbox 431 452 3809 541; baseline -0.002 -14"><span class='ocrx_word' id='word_1_7' title='bbox 431 465 650 528; x_wconf 81' lang='lat' dir='ltr'><strong>Graece</strong></span> <span class='ocrx_word' id='word_1_8' title='bbox 701 478 782 527; x_wconf 91' lang='lat' dir='ltr'><strong>ex</strong></span> <span class='ocrx_word' id='word_1_9' title='bbox 834 465 1072 526; x_wconf 64' lang='lat' dir='ltr'><strong>Irenaeo</strong></span> <span class='ocrx_word' id='word_1_10' title='bbox 1125 452 1524 537; x_wconf 87' lang='lat' dir='ltr'><strong>transcripsit</strong></span> <span class='ocrx_word' id='word_1_11' title='bbox 1579 458 1989 541; x_wconf 86' lang='lat' dir='ltr'><strong>Epiphanius,</strong></span> <span class='ocrx_word' id='word_1_12' title='bbox 2024 474 2170 523; x_wconf 90' lang='lat' dir='ltr'><strong>cum</strong></span> <span class='ocrx_word' id='word_1_13' title='bbox 2231 473 2396 521; x_wconf 85' lang='lat' dir='ltr'><strong>nova</strong></span> <span class='ocrx_word' id='word_1_14' title='bbox 2450 456 2970 538; x_wconf 75' lang='lat' dir='ltr'><strong>interpretatione</strong></span> <span class='ocrx_word' id='word_1_15' title='bbox 3018 458 3258 535; x_wconf 89' lang='lat' dir='ltr'><strong>Latina,</strong></span> <span class='ocrx_word' id='word_1_16' title='bbox 3318 475 3516 540; x_wconf 90' lang='lat' dir='ltr'><strong>eaque</strong></span> <span class='ocrx_word' id='word_1_17' title='bbox 3582 475 3809 538; x_wconf 92' lang='lat' dir='ltr'><strong>parum</strong></span> 
     </span>
    </p>
   </div>
   <div class='ocr_carea' id='block_1_3' title="bbox 432 548 3810 632">
    <p class='ocr_par' dir='ltr' id='par_1_3' title="bbox 432 548 3810 632">
     <span class='ocr_line' id='line_1_3' title="bbox 432 548 3810 632; baseline -0.001 -13"><span class='ocrx_word' id='word_1_18' title='bbox 432 558 744 619; x_wconf 88' lang='lat' dir='ltr'><strong>accurata.</strong></span> <span class='ocrx_word' id='word_1_19' title='bbox 786 553 964 618; x_wconf 89' lang='lat' dir='ltr'><strong>Unde</strong></span> <span class='ocrx_word' id='word_1_20' title='bbox 1010 549 1288 625; x_wconf 88' lang='lat' dir='ltr'><strong>Gallasii,</strong></span> <span class='ocrx_word' id='word_1_21' title='bbox 1346 552 1414 612; x_wconf 94' lang='lat' dir='ltr'><strong>ut</strong></span> <span class='ocrx_word' id='word_1_22' title='bbox 1464 548 1742 632; x_wconf 91' lang='lat' dir='ltr'><strong>videtur,</strong></span> <span class='ocrx_word' id='word_1_23' title='bbox 1801 550 2136 615; x_wconf 85' lang='lat' dir='ltr'><strong>consilium</strong></span> <span class='ocrx_word' id='word_1_24' title='bbox 2179 548 2317 624; x_wconf 88' lang='lat' dir='ltr'><strong>fuit,</strong></span> <span class='ocrx_word' id='word_1_25' title='bbox 2352 564 2475 613; x_wconf 92' lang='lat' dir='ltr'><strong>non</strong></span> <span class='ocrx_word' id='word_1_26' title='bbox 2536 552 2663 614; x_wconf 89' lang='lat' dir='ltr'><strong>tam</strong></span> <span class='ocrx_word' id='word_1_27' title='bbox 2720 555 2792 613; x_wconf 91' lang='lat' dir='ltr'><strong>ut</strong></span> <span class='ocrx_word' id='word_1_28' title='bbox 2835 549 3061 627; x_wconf 75' lang='lat' dir='ltr'><strong>cultior</strong></span> <span class='ocrx_word' id='word_1_29' title='bbox 3110 554 3175 614; x_wconf 88' lang='lat' dir='ltr'><strong>et</strong></span> <span class='ocrx_word' id='word_1_30' title='bbox 3229 550 3619 616; x_wconf 89' lang='lat' dir='ltr'><strong>emendatior</strong></span> <span class='ocrx_word' id='word_1_31' title='bbox 3655 567 3810 631; x_wconf 85' lang='lat' dir='ltr'><strong>pro-</strong></span> 
     </span>
    </p>
   </div>
   <div class='ocr_carea' id='block_1_4' title="bbox 428 640 3807 727">
    <p class='ocr_par' dir='ltr' id='par_1_4' title="bbox 428 640 3807 727">
     <span class='ocr_line' id='line_1_4' title="bbox 428 640 3807 727; baseline -0.002 -15"><span class='ocrx_word' id='word_1_32' title='bbox 428 647 592 712; x_wconf 90' lang='lat' dir='ltr'><strong>diret</strong></span> <span class='ocrx_word' id='word_1_33' title='bbox 650 649 951 727; x_wconf 67' lang='lat' dir='ltr'><strong>Irenaeus,</strong></span> <span class='ocrx_word' id='word_1_34' title='bbox 983 661 1172 726; x_wconf 90' lang='lat' dir='ltr'><strong>quam</strong></span> <span class='ocrx_word' id='word_1_35' title='bbox 1226 649 1299 708; x_wconf 93' lang='lat' dir='ltr'><strong>ut</strong></span> <span class='ocrx_word' id='word_1_36' title='bbox 1353 642 1616 725; x_wconf 86' lang='lat' dir='ltr'><strong>prolixis</strong></span> <span class='ocrx_word' id='word_1_37' title='bbox 1645 662 1723 708; x_wconf 89' lang='lat' dir='ltr'><strong>ex</strong></span> <span class='ocrx_word' id='word_1_38' title='bbox 1753 643 2115 709; x_wconf 83' lang='lat' dir='ltr'><strong>Calviniana</strong></span> <span class='ocrx_word' id='word_1_39' title='bbox 2149 640 2433 706; x_wconf 86' lang='lat' dir='ltr'>doctrina</span> <span class='ocrx_word' id='word_1_40' title='bbox 2483 640 2651 705; x_wconf 92' lang='lat' dir='ltr'><strong>notis</strong></span> <span class='ocrx_word' id='word_1_41' title='bbox 2699 640 2819 705; x_wconf 92' lang='lat' dir='ltr'><strong>viri</strong></span> <span class='ocrx_word' id='word_1_42' title='bbox 2869 642 3249 708; x_wconf 87' lang='lat' dir='ltr'>sanctissimi</span> <span class='ocrx_word' id='word_1_43' title='bbox 3305 643 3618 707; x_wconf 89' lang='lat' dir='ltr'><strong>sententia</strong></span> <span class='ocrx_word' id='word_1_44' title='bbox 3675 643 3807 707; x_wconf 88' lang='lat' dir='ltr'><strong>cir-</strong></span> 
     </span>
    </p>
   </div>
   <div class='ocr_carea' id='block_1_5' title="bbox 427 734 3810 819">
    <p class='ocr_par' dir='ltr' id='par_1_5' title="bbox 427 734 3810 819">
     <span class='ocr_line' id='line_1_5' title="bbox 427 734 3810 819; baseline -0.002 -14"><span class='ocrx_word' id='word_1_45' title='bbox 427 739 923 819; x_wconf 83' lang='lat' dir='ltr'><strong>cumveniretur,</strong></span> <span class='ocrx_word' id='word_1_46' title='bbox 954 743 1018 803; x_wconf 90' lang='lat' dir='ltr'><strong>et</strong></span> <span class='ocrx_word' id='word_1_47' title='bbox 1072 743 1360 802; x_wconf 86' lang='lat' dir='ltr'><strong>veterum</strong></span> <span class='ocrx_word' id='word_1_48' title='bbox 1422 736 1744 802; x_wconf 70' lang='lat' dir='ltr'><strong>haereseon</strong></span> <span class='ocrx_word' id='word_1_49' title='bbox 1809 735 2227 817; x_wconf 83' lang='lat' dir='ltr'><strong>triumphator</strong></span> <span class='ocrx_word' id='word_1_50' title='bbox 2270 734 2591 799; x_wconf 86' lang='lat' dir='ltr'><strong>reluctans</strong></span> <span class='ocrx_word' id='word_1_51' title='bbox 2621 734 2699 799; x_wconf 91' lang='lat' dir='ltr'><strong>ad</strong></span> <span class='ocrx_word' id='word_1_52' title='bbox 2732 752 2957 799; x_wconf 90' lang='lat' dir='ltr'><strong>novam</strong></span> <span class='ocrx_word' id='word_1_53' title='bbox 3013 735 3389 817; x_wconf 86' lang='lat' dir='ltr'><strong>traheretur,</strong></span> <span class='ocrx_word' id='word_1_54' title='bbox 3445 741 3555 799; x_wconf 91' lang='lat' dir='ltr'><strong>aut</strong></span> <span class='ocrx_word' id='word_1_55' title='bbox 3610 735 3810 799; x_wconf 91' lang='lat' dir='ltr'><strong>male-</strong></span> 
     </span>
    </p>
   </div>
   <div class='ocr_carea' id='block_1_6' title="bbox 427 827 3806 910">
    <p class='ocr_par' dir='ltr' id='par_1_6' title="bbox 427 827 3806 910">
     <span class='ocr_line' id='line_1_6' title="bbox 427 827 3806 910; baseline -0.001 -14"><span class='ocrx_word' id='word_1_56' title='bbox 427 833 615 897; x_wconf 90' lang='lat' dir='ltr'><strong>dictis</strong></span> <span class='ocrx_word' id='word_1_57' title='bbox 661 831 1063 896; x_wconf 85' lang='lat' dir='ltr'><strong>laceraretur.</strong></span> <span class='ocrx_word' id='word_1_58' title='bbox 1094 829 1436 895; x_wconf 88' lang='lat' dir='ltr'><strong>Gallasium</strong></span> <span class='ocrx_word' id='word_1_59' title='bbox 1493 830 1742 910; x_wconf 85' lang='lat' dir='ltr'><strong>excepit</strong></span> <span class='ocrx_word' id='word_1_60' title='bbox 1784 832 2057 894; x_wconf 88' lang='lat' dir='ltr'>Joannes</span> <span class='ocrx_word' id='word_1_61' title='bbox 2102 827 2374 893; x_wconf 76' lang='lat' dir='ltr'><strong>Iacobus</strong></span> <span class='ocrx_word' id='word_1_62' title='bbox 2422 830 2728 907; x_wconf 78' lang='lat' dir='ltr'><strong>Grynaeus</strong></span> <span class='ocrx_word' id='word_1_63' title='bbox 2784 845 2862 892; x_wconf 87' lang='lat' dir='ltr'><strong>ex</strong></span> <span class='ocrx_word' id='word_1_64' title='bbox 2917 829 3138 892; x_wconf 88' lang='lat' dir='ltr'><strong>eadem</strong></span> <span class='ocrx_word' id='word_1_65' title='bbox 3186 833 3380 910; x_wconf 80' lang='lat' dir='ltr'><strong>secta,</strong></span> <span class='ocrx_word' id='word_1_66' title='bbox 3413 829 3525 910; x_wconf 89' lang='lat' dir='ltr'><strong>qui</strong></span> <span class='ocrx_word' id='word_1_67' title='bbox 3571 845 3806 892; x_wconf 90' lang='lat' dir='ltr'><strong>novam</strong></span> 
     </span>
    </p>
   </div>
   <div class='ocr_carea' id='block_1_7' title="bbox 425 918 3801 1001">
    <p class='ocr_par' dir='ltr' id='par_1_7' title="bbox 425 918 3801 1001">
     <span class='ocr_line' id='line_1_7' title="bbox 425 918 3801 1001; baseline -0.001 -14"><span class='ocrx_word' id='word_1_68' title='bbox 425 923 651 989; x_wconf 78' lang='lat' dir='ltr'><strong>Irenaei</strong></span> <span class='ocrx_word' id='word_1_69' title='bbox 704 923 1010 987; x_wconf 89' lang='lat' dir='ltr'><strong>librorum</strong></span> <span class='ocrx_word' id='word_1_70' title='bbox 1060 921 1403 986; x_wconf 89' lang='lat' dir='ltr'><strong>editionem</strong></span> <span class='ocrx_word' id='word_1_71' title='bbox 1486 920 1747 985; x_wconf 78' lang='lat' dir='ltr'><strong>Basileae</strong></span> <span class='ocrx_word' id='word_1_72' title='bbox 1792 937 1957 985; x_wconf 91' lang='lat' dir='ltr'><strong>anno</strong></span> <span class='ocrx_word' id='word_1_73' title='bbox 2020 922 2164 985; x_wconf 83' lang='grc'>15⁵71</span> <span class='ocrx_word' id='word_1_74' title='bbox 2217 918 2485 1000; x_wconf 88' lang='lat' dir='ltr'><strong>curavit,</strong></span> <span class='ocrx_word' id='word_1_75' title='bbox 2515 937 2552 982; x_wconf 90' lang='lat' dir='ltr'><strong>a</strong></span> <span class='ocrx_word' id='word_1_76' title='bbox 2579 921 3087 1001; x_wconf 75' lang='lat' dir='ltr'><strong>praecedentibus</strong></span> <span class='ocrx_word' id='word_1_77' title='bbox 3118 921 3274 985; x_wconf 88' lang='lat' dir='ltr'>nihil</span> <span class='ocrx_word' id='word_1_78' title='bbox 3306 921 3642 1001; x_wconf 88' lang='lat' dir='ltr'><strong>diversam;</strong></span> <span class='ocrx_word' id='word_1_79' title='bbox 3678 921 3801 984; x_wconf 84' lang='lat' dir='ltr'>nisi</span> 
     </span>
    </p>
   </div>
   <div class='ocr_carea' id='block_1_8' title="bbox 424 1011 3801 1097">
    <p class='ocr_par' dir='ltr' id='par_1_8' title="bbox 424 1011 3801 1097">
     <span class='ocr_line' id='line_1_8' title="bbox 424 1011 3801 1097; baseline -0.001 -17"><span class='ocrx_word' id='word_1_80' title='bbox 424 1016 597 1096; x_wconf 87' lang='lat' dir='ltr'><strong>quod</strong></span> <span class='ocrx_word' id='word_1_81' title='bbox 654 1015 975 1097; x_wconf 89' lang='lat' dir='ltr'><strong>antiquam</strong></span> <span class='ocrx_word' id='word_1_82' title='bbox 1007 1015 1291 1095; x_wconf 89' lang='lat' dir='ltr'><strong>priorum</strong></span> <span class='ocrx_word' id='word_1_83' title='bbox 1319 1012 1468 1077; x_wconf 89' lang='lat' dir='ltr'><strong>libri</strong></span> <span class='ocrx_word' id='word_1_84' title='bbox 1497 1012 1686 1093; x_wconf 86' lang='lat' dir='ltr'><strong>primi</strong></span> <span class='ocrx_word' id='word_1_85' title='bbox 1727 1011 2028 1094; x_wconf 91' lang='lat' dir='ltr'><strong>capitum,</strong></span> <span class='ocrx_word' id='word_1_86' title='bbox 2058 1028 2202 1094; x_wconf 66' lang='lat' dir='ltr'><strong>quae</strong></span> <span class='ocrx_word' id='word_1_87' title='bbox 2256 1014 2471 1076; x_wconf 69' lang='lat' dir='ltr'><strong>Graece</strong></span> <span class='ocrx_word' id='word_1_88' title='bbox 2529 1011 2720 1076; x_wconf 83' lang='lat' dir='ltr'><strong>refert</strong></span> <span class='ocrx_word' id='word_1_89' title='bbox 2775 1012 3801 1094; x_wconf 87' lang='lat' dir='ltr'><strong>Epiphanius,interpretationem</strong></span> 
     </span>
    </p>
   </div>
   <div class='ocr_carea' id='block_1_9' title="bbox 423 1103 3798 1187">
    <p class='ocr_par' dir='ltr' id='par_1_9' title="bbox 423 1103 3798 1187">
     <span class='ocr_line' id='line_1_9' title="bbox 423 1103 3798 1187; baseline -0.002 -14"><span class='ocrx_word' id='word_1_90' title='bbox 423 1110 705 1174; x_wconf 87' lang='lat' dir='ltr'><strong>Latinam</strong></span> <span class='ocrx_word' id='word_1_91' title='bbox 760 1113 1000 1172; x_wconf 87' lang='lat' dir='ltr'><strong>temere</strong></span> <span class='ocrx_word' id='word_1_92' title='bbox 1056 1106 1407 1187; x_wconf 88' lang='lat' dir='ltr'><strong>sustulerit,</strong></span> <span class='ocrx_word' id='word_1_93' title='bbox 1468 1111 1540 1168; x_wconf 93' lang='lat' dir='ltr'><strong>ut</strong></span> <span class='ocrx_word' id='word_1_94' title='bbox 1586 1104 1726 1170; x_wconf 89' lang='lat' dir='ltr'><strong>Jani</strong></span> <span class='ocrx_word' id='word_1_95' title='bbox 1780 1104 2059 1170; x_wconf 91' lang='lat' dir='ltr'><strong>Cornarii</strong></span> <span class='ocrx_word' id='word_1_96' title='bbox 2113 1103 2471 1170; x_wconf 88' lang='lat' dir='ltr'><strong>versionem</strong></span> <span class='ocrx_word' id='word_1_97' title='bbox 2529 1103 2964 1184; x_wconf 87' lang='lat' dir='ltr'><strong>substitueret,</strong></span> <span class='ocrx_word' id='word_1_98' title='bbox 3025 1105 3258 1169; x_wconf 92' lang='lat' dir='ltr'><strong>omisso</strong></span> <span class='ocrx_word' id='word_1_99' title='bbox 3312 1110 3486 1169; x_wconf 86' lang='lat' dir='ltr'><strong>textu</strong></span> <span class='ocrx_word' id='word_1_100' title='bbox 3557 1108 3798 1185; x_wconf 76' lang='lat' dir='ltr'><strong>Graeco;</strong></span> 
     </span>
    </p>
   </div>
   <div class='ocr_carea' id='block_1_10' title="bbox 422 1196 3799 1283">
    <p class='ocr_par' dir='ltr' id='par_1_10' title="bbox 422 1196 3799 1283">
     <span class='ocr_line' id='line_1_10' title="bbox 422 1196 3799 1283; baseline -0.002 -18"><span class='ocrx_word' id='word_1_101' title='bbox 422 1218 713 1283; x_wconf 90' lang='lat' dir='ltr'><strong>novaque</strong></span> <span class='ocrx_word' id='word_1_102' title='bbox 765 1200 1034 1279; x_wconf 86' lang='lat' dir='ltr'><strong>singulis</strong></span> <span class='ocrx_word' id='word_1_103' title='bbox 1089 1199 1402 1280; x_wconf 88' lang='lat' dir='ltr'><strong>capitibus</strong></span> <span class='ocrx_word' id='word_1_104' title='bbox 1455 1205 1851 1278; x_wconf 89' lang='lat' dir='ltr'><strong>argumenta,</strong></span> <span class='ocrx_word' id='word_1_105' title='bbox 1910 1196 2113 1262; x_wconf 89' lang='lat' dir='ltr'><strong>veteri</strong></span> <span class='ocrx_word' id='word_1_106' title='bbox 2163 1201 2411 1262; x_wconf 90' lang='lat' dir='ltr'><strong>servata</strong></span> <span class='ocrx_word' id='word_1_107' title='bbox 2459 1196 2792 1278; x_wconf 89' lang='lat' dir='ltr'><strong>divisione,</strong></span> <span class='ocrx_word' id='word_1_108' title='bbox 2856 1197 3290 1278; x_wconf 77' lang='lat' dir='ltr'><strong>praemitteret.</strong></span> <span class='ocrx_word' id='word_1_109' title='bbox 3363 1198 3440 1262; x_wconf 90' lang='lat' dir='ltr'><strong>lis</strong></span> <span class='ocrx_word' id='word_1_110' title='bbox 3496 1198 3799 1280; x_wconf 88' lang='lat' dir='ltr'><strong>omnibus</strong></span> 
     </span>
    </p>
   </div>
   <div class='ocr_carea' id='block_1_11' title="bbox 422 1288 3803 1372">
    <p class='ocr_par' dir='ltr' id='par_1_11' title="bbox 422 1288 3803 1372">
     <span class='ocr_line' id='line_1_11' title="bbox 422 1288 3803 1372; baseline -0.002 -13"><span class='ocrx_word' id='word_1_111' title='bbox 422 1293 813 1359; x_wconf 91' lang='lat' dir='ltr'><strong>emendatior</strong></span> <span class='ocrx_word' id='word_1_112' title='bbox 856 1308 999 1372; x_wconf 78' lang='lat' dir='ltr'><strong>quae</strong></span> <span class='ocrx_word' id='word_1_113' title='bbox 1048 1290 1361 1354; x_wconf 89' lang='lat' dir='ltr'><strong>Francisci</strong></span> <span class='ocrx_word' id='word_1_114' title='bbox 1419 1289 1844 1365; x_wconf 87' lang='lat' dir='ltr'><strong>Feuardentii,</strong></span> <span class='ocrx_word' id='word_1_115' title='bbox 1903 1288 2144 1353; x_wconf 90' lang='lat' dir='ltr'><strong>ordinis</strong></span> <span class='ocrx_word' id='word_1_116' title='bbox 2202 1288 2550 1370; x_wconf 89' lang='lat' dir='ltr'><strong>Minorum,</strong></span> <span class='ocrx_word' id='word_1_117' title='bbox 2606 1289 2672 1353; x_wconf 92' lang='lat' dir='ltr'><strong>in</strong></span> <span class='ocrx_word' id='word_1_118' title='bbox 2729 1306 2905 1354; x_wconf 89' lang='lat' dir='ltr'><strong>sacra</strong></span> <span class='ocrx_word' id='word_1_119' title='bbox 2958 1291 3277 1354; x_wconf 90' lang='lat' dir='ltr'><strong>Facultate</strong></span> <span class='ocrx_word' id='word_1_120' title='bbox 3330 1291 3665 1354; x_wconf 91' lang='lat' dir='ltr'><strong>Parisiensi</strong></span> <span class='ocrx_word' id='word_1_121' title='bbox 3695 1291 3803 1354; x_wconf 89' lang='lat' dir='ltr'><strong>do-</strong></span> 
     </span>
    </p>
   </div>
   <div class='ocr_carea' id='block_1_12' title="bbox 424 1380 3798 1467">
    <p class='ocr_par' dir='ltr' id='par_1_12' title="bbox 424 1380 3798 1467">
     <span class='ocr_line' id='line_1_12' title="bbox 424 1380 3798 1467; baseline -0.001 -16"><span class='ocrx_word' id='word_1_122' title='bbox 424 1386 642 1467; x_wconf 89' lang='lat' dir='ltr'><strong>ctoris,</strong></span> <span class='ocrx_word' id='word_1_123' title='bbox 674 1400 865 1465; x_wconf 90' lang='lat' dir='ltr'><strong>opera</strong></span> <span class='ocrx_word' id='word_1_124' title='bbox 893 1387 959 1447; x_wconf 94' lang='lat' dir='ltr'><strong>et</strong></span> <span class='ocrx_word' id='word_1_125' title='bbox 1001 1382 1235 1463; x_wconf 88' lang='lat' dir='ltr'><strong>studio,</strong></span> <span class='ocrx_word' id='word_1_126' title='bbox 1267 1382 1575 1464; x_wconf 85' lang='lat' dir='ltr'><strong>Coloniae,</strong></span> <span class='ocrx_word' id='word_1_127' title='bbox 1607 1398 1770 1447; x_wconf 91' lang='lat' dir='ltr'><strong>anno</strong></span> <span class='ocrx_word' id='word_1_128' title='bbox 1806 1381 1983 1462; x_wconf 85' lang='grc'><strong>1596,</strong></span> <span class='ocrx_word' id='word_1_129' title='bbox 2018 1380 2275 1462; x_wconf 93' lang='lat' dir='ltr'><strong>prodiit,</strong></span> <span class='ocrx_word' id='word_1_130' title='bbox 2305 1382 2543 1447; x_wconf 88' lang='lat' dir='ltr'><strong>ibidem</strong></span> <span class='ocrx_word' id='word_1_131' title='bbox 2574 1399 2647 1447; x_wconf 92' lang='lat' dir='ltr'><strong>ac</strong></span> <span class='ocrx_word' id='word_1_132' title='bbox 2676 1382 2933 1447; x_wconf 89' lang='lat' dir='ltr'><strong>Parisiis</strong></span> <span class='ocrx_word' id='word_1_133' title='bbox 2963 1384 3262 1464; x_wconf 86' lang='lat' dir='ltr'><strong>deinceps</strong></span> <span class='ocrx_word' id='word_1_134' title='bbox 3292 1384 3525 1465; x_wconf 86' lang='lat' dir='ltr'><strong>saepius</strong></span> <span class='ocrx_word' id='word_1_135' title='bbox 3553 1400 3798 1448; x_wconf 92' lang='lat' dir='ltr'><strong>recusa.</strong></span> 
     </span>
    </p>
   </div>
   <div class='ocr_carea' id='block_1_13' title="bbox 423 1473 3796 1557">
    <p class='ocr_par' dir='ltr' id='par_1_13' title="bbox 423 1473 3796 1557">
     <span class='ocr_line' id='line_1_13' title="bbox 423 1473 3796 1557; baseline -0 -15"><span class='ocrx_word' id='word_1_136' title='bbox 423 1482 507 1542; x_wconf 85' lang='lat' dir='ltr'><strong>Ea</strong></span> <span class='ocrx_word' id='word_1_137' title='bbox 537 1476 703 1541; x_wconf 90' lang='lat' dir='ltr'><strong>enim</strong></span> <span class='ocrx_word' id='word_1_138' title='bbox 735 1491 881 1555; x_wconf 71' lang='lat' dir='ltr'><strong>quae</strong></span> <span class='ocrx_word' id='word_1_139' title='bbox 910 1473 1076 1555; x_wconf 77' lang='lat' dir='ltr'><strong>typis</strong></span> <span class='ocrx_word' id='word_1_140' title='bbox 1110 1473 1367 1538; x_wconf 91' lang='lat' dir='ltr'><strong>Nivellii</strong></span> <span class='ocrx_word' id='word_1_141' title='bbox 1396 1490 1561 1537; x_wconf 89' lang='lat' dir='ltr'><strong>anno</strong></span> <span class='ocrx_word' id='word_1_142' title='bbox 1598 1474 1751 1537; x_wconf 79' lang='lat'><strong>1575</strong></span> <span class='ocrx_word' id='word_1_143' title='bbox 1779 1479 1844 1538; x_wconf 88' lang='lat' dir='ltr'><strong>et</strong></span> <span class='ocrx_word' id='word_1_144' title='bbox 1901 1476 2054 1538; x_wconf 80' lang='lat'><strong>1576</strong></span> <span class='ocrx_word' id='word_1_145' title='bbox 2085 1474 2424 1556; x_wconf 88' lang='lat' dir='ltr'><strong>prodierat,</strong></span> <span class='ocrx_word' id='word_1_146' title='bbox 2477 1494 2514 1538; x_wconf 91' lang='lat' dir='ltr'><strong>a</strong></span> <span class='ocrx_word' id='word_1_147' title='bbox 2543 1477 2825 1557; x_wconf 90' lang='lat' dir='ltr'><strong>priorum</strong></span> <span class='ocrx_word' id='word_1_148' title='bbox 2881 1477 3232 1541; x_wconf 89' lang='lat' dir='ltr'><strong>editionum</strong></span> <span class='ocrx_word' id='word_1_149' title='bbox 3291 1478 3462 1541; x_wconf 91' lang='lat' dir='ltr'><strong>vitiis</strong></span> <span class='ocrx_word' id='word_1_150' title='bbox 3519 1478 3796 1542; x_wconf 88' lang='lat' dir='ltr'><strong>nondum</strong></span> 
     </span>
    </p>
   </div>
   <div class='ocr_carea' id='block_1_14' title="bbox 419 1566 3869 1650">
    <p class='ocr_par' dir='ltr' id='par_1_14' title="bbox 419 1566 3869 1650">
     <span class='ocr_line' id='line_1_14' title="bbox 419 1566 3869 1650; baseline -0.002 -15"><span class='ocrx_word' id='word_1_151' title='bbox 419 1570 571 1635; x_wconf 87' lang='lat' dir='ltr'><strong>satis</strong></span> <span class='ocrx_word' id='word_1_152' title='bbox 621 1572 968 1650; x_wconf 86' lang='lat' dir='ltr'><strong>expurgata</strong></span> <span class='ocrx_word' id='word_1_153' title='bbox 1021 1571 1176 1631; x_wconf 90' lang='lat' dir='ltr'><strong>erat.</strong></span> <span class='ocrx_word' id='word_1_154' title='bbox 1225 1569 1385 1632; x_wconf 91' lang='lat' dir='ltr'><strong>Nam</strong></span> <span class='ocrx_word' id='word_1_155' title='bbox 1441 1571 1861 1648; x_wconf 75' lang='lat' dir='ltr'><strong>praeterquam</strong></span> <span class='ocrx_word' id='word_1_156' title='bbox 1904 1566 2074 1646; x_wconf 89' lang='lat' dir='ltr'><strong>quod</strong></span> <span class='ocrx_word' id='word_1_157' title='bbox 2105 1572 2349 1630; x_wconf 90' lang='lat' dir='ltr'><strong>textum</strong></span> <span class='ocrx_word' id='word_1_158' title='bbox 2379 1568 2669 1632; x_wconf 90' lang='lat' dir='ltr'><strong>Latinum</strong></span> <span class='ocrx_word' id='word_1_159' title='bbox 2716 1568 2795 1632; x_wconf 89' lang='lat' dir='ltr'><strong>ad</strong></span> <span class='ocrx_word' id='word_1_160' title='bbox 2848 1568 3147 1650; x_wconf 84' lang='lat' dir='ltr'><strong>Vaticani,</strong></span> <span class='ocrx_word' id='word_1_161' title='bbox 3179 1574 3243 1632; x_wconf 92' lang='lat' dir='ltr'><strong>et</strong></span> <span class='ocrx_word' id='word_1_162' title='bbox 3274 1570 3506 1634; x_wconf 87' lang='lat' dir='ltr'><strong>veteris</strong></span> <span class='ocrx_word' id='word_1_163' title='bbox 3533 1570 3798 1634; x_wconf 88' lang='lat' dir='ltr'><strong>alterius</strong></span> <span class='ocrx_word' id='word_1_164' title='bbox 3864 1624 3869 1627; x_wconf 28' lang='lat'><strong>.</strong></span> 
     </span>
    </p>
   </div>
   <div class='ocr_carea' id='block_1_15' title="bbox 417 1658 3793 1743">
    <p class='ocr_par' dir='ltr' id='par_1_15' title="bbox 417 1658 3793 1743">
     <span class='ocr_line' id='line_1_15' title="bbox 417 1658 3793 1743; baseline -0.001 -16"><span class='ocrx_word' id='word_1_165' title='bbox 417 1662 675 1743; x_wconf 69' lang='lat' dir='ltr'><strong>optimae</strong></span> <span class='ocrx_word' id='word_1_166' title='bbox 704 1663 870 1725; x_wconf 73' lang='lat' dir='ltr'><strong>notae</strong></span> <span class='ocrx_word' id='word_1_167' title='bbox 911 1658 1147 1724; x_wconf 89' lang='lat' dir='ltr'><strong>codicis</strong></span> <span class='ocrx_word' id='word_1_168' title='bbox 1190 1676 1309 1723; x_wconf 89' lang='lat' dir='ltr'><strong>ms.</strong></span> <span class='ocrx_word' id='word_1_169' title='bbox 1368 1659 1557 1723; x_wconf 84' lang='lat' dir='ltr'><strong>fidem</strong></span> <span class='ocrx_word' id='word_1_170' title='bbox 1613 1663 2040 1740; x_wconf 90' lang='lat' dir='ltr'><strong>comparatum</strong></span> <span class='ocrx_word' id='word_1_171' title='bbox 2098 1658 2392 1740; x_wconf 89' lang='lat' dir='ltr'><strong>pluribus</strong></span> <span class='ocrx_word' id='word_1_172' title='bbox 2449 1658 2517 1723; x_wconf 91' lang='lat' dir='ltr'><strong>in</strong></span> <span class='ocrx_word' id='word_1_173' title='bbox 2573 1660 2730 1724; x_wconf 91' lang='lat' dir='ltr'><strong>locis</strong></span> <span class='ocrx_word' id='word_1_174' title='bbox 2782 1660 3080 1740; x_wconf 86' lang='lat' dir='ltr'><strong>restituit,</strong></span> <span class='ocrx_word' id='word_1_175' title='bbox 3139 1660 3395 1724; x_wconf 81' lang='lat' dir='ltr'><strong>lacunas</strong></span> <span class='ocrx_word' id='word_1_176' title='bbox 3449 1661 3793 1743; x_wconf 90' lang='lat' dir='ltr'><strong>supplevit,</strong></span> 
     </span>
    </p>
   </div>
   <div class='ocr_carea' id='block_1_16' title="bbox 415 1750 3792 1836">
    <p class='ocr_par' dir='ltr' id='par_1_16' title="bbox 415 1750 3792 1836">
     <span class='ocr_line' id='line_1_16' title="bbox 415 1750 3792 1836; baseline -0.001 -16"><span class='ocrx_word' id='word_1_177' title='bbox 415 1770 491 1820; x_wconf 93' lang='lat' dir='ltr'><strong>ac</strong></span> <span class='ocrx_word' id='word_1_178' title='bbox 530 1755 815 1836; x_wconf 90' lang='lat' dir='ltr'><strong>quinque</strong></span> <span class='ocrx_word' id='word_1_179' title='bbox 872 1751 1205 1834; x_wconf 85' lang='lat' dir='ltr'><strong>postremis</strong></span> <span class='ocrx_word' id='word_1_180' title='bbox 1262 1751 1410 1817; x_wconf 91' lang='lat' dir='ltr'><strong>libri</strong></span> <span class='ocrx_word' id='word_1_181' title='bbox 1466 1753 1674 1833; x_wconf 90' lang='lat' dir='ltr'><strong>quinti</strong></span> <span class='ocrx_word' id='word_1_182' title='bbox 1731 1751 2047 1834; x_wconf 87' lang='lat' dir='ltr'><strong>capitibus</strong></span> <span class='ocrx_word' id='word_1_183' title='bbox 2104 1752 2412 1815; x_wconf 88' lang='lat' dir='ltr'><strong>hactenus</strong></span> <span class='ocrx_word' id='word_1_184' title='bbox 2441 1751 2817 1815; x_wconf 88' lang='lat' dir='ltr'><strong>desideratis</strong></span> <span class='ocrx_word' id='word_1_185' title='bbox 2872 1751 3069 1833; x_wconf 86' lang='lat' dir='ltr'><strong>auxit;</strong></span> <span class='ocrx_word' id='word_1_186' title='bbox 3129 1750 3275 1816; x_wconf 90' lang='lat' dir='ltr'><strong>libri</strong></span> <span class='ocrx_word' id='word_1_187' title='bbox 3336 1753 3524 1834; x_wconf 92' lang='lat' dir='ltr'><strong>priml</strong></span> <span class='ocrx_word' id='word_1_188' title='bbox 3584 1753 3792 1834; x_wconf 89' lang='lat' dir='ltr'><strong>priora</strong></span> 
     </span>
    </p>
   </div>
   <div class='ocr_carea' id='block_1_17' title="bbox 417 1844 3784 1928">
    <p class='ocr_par' dir='ltr' id='par_1_17' title="bbox 417 1844 3784 1928">
     <span class='ocr_line' id='line_1_17' title="bbox 417 1844 3784 1928; baseline -0.001 -17"><span class='ocrx_word' id='word_1_189' title='bbox 417 1849 639 1913; x_wconf 89' lang='lat' dir='ltr'><strong>decem</strong></span> <span class='ocrx_word' id='word_1_190' title='bbox 693 1851 758 1911; x_wconf 90' lang='lat' dir='ltr'><strong>et</strong></span> <span class='ocrx_word' id='word_1_191' title='bbox 813 1851 954 1911; x_wconf 92' lang='lat' dir='ltr'><strong>octo</strong></span> <span class='ocrx_word' id='word_1_192' title='bbox 985 1845 1213 1927; x_wconf 85' lang='lat' dir='ltr'><strong>capita,</strong></span> <span class='ocrx_word' id='word_1_193' title='bbox 1261 1847 1342 1912; x_wconf 93' lang='lat' dir='ltr'><strong>ab</strong></span> <span class='ocrx_word' id='word_1_194' title='bbox 1395 1846 1743 1928; x_wconf 88' lang='lat' dir='ltr'><strong>Epiphanio</strong></span> <span class='ocrx_word' id='word_1_195' title='bbox 1789 1844 2106 1928; x_wconf 87' lang='lat' dir='ltr'><strong>quondam</strong></span> <span class='ocrx_word' id='word_1_196' title='bbox 2154 1861 2235 1908; x_wconf 88' lang='lat' dir='ltr'><strong>ex</strong></span> <span class='ocrx_word' id='word_1_197' title='bbox 2290 1848 2529 1909; x_wconf 77' lang='lat' dir='ltr'><strong>Irenaeo</strong></span> <span class='ocrx_word' id='word_1_198' title='bbox 2582 1847 2799 1910; x_wconf 73' lang='lat' dir='ltr'><strong>Graece</strong></span> <span class='ocrx_word' id='word_1_199' title='bbox 2828 1845 3163 1926; x_wconf 88' lang='lat' dir='ltr'><strong>descripta,</strong></span> <span class='ocrx_word' id='word_1_200' title='bbox 3198 1846 3594 1927; x_wconf 91' lang='lat' dir='ltr'><strong>aliorumque</strong></span> <span class='ocrx_word' id='word_1_201' title='bbox 3634 1849 3784 1910; x_wconf 88' lang='lat' dir='ltr'><strong>Fra-</strong></span> 
     </span>
    </p>
   </div>
   <div class='ocr_carea' id='block_1_18' title="bbox 412 1938 3797 2021">
    <p class='ocr_par' dir='ltr' id='par_1_18' title="bbox 412 1938 3797 2021">
     <span class='ocr_line' id='line_1_18' title="bbox 412 1938 3797 2021; baseline -0 -17"><span class='ocrx_word' id='word_1_202' title='bbox 412 1945 817 2021; x_wconf 88' lang='lat' dir='ltr'><strong>gmentorum</strong></span> <span class='ocrx_word' id='word_1_203' title='bbox 845 1942 1203 2005; x_wconf 75' lang='lat' dir='ltr'><strong>Graecorum</strong></span> <span class='ocrx_word' id='word_1_204' title='bbox 1227 1956 1306 2004; x_wconf 88' lang='lat' dir='ltr'><strong>ex</strong></span> <span class='ocrx_word' id='word_1_205' title='bbox 1335 1939 1526 2003; x_wconf 91' lang='lat' dir='ltr'><strong>variis</strong></span> <span class='ocrx_word' id='word_1_206' title='bbox 1573 1940 1939 2005; x_wconf 89' lang='lat' dir='ltr'><strong>auctoribus</strong></span> <span class='ocrx_word' id='word_1_207' title='bbox 1992 1942 2319 2004; x_wconf 91' lang='lat' dir='ltr'><strong>erutorum</strong></span> <span class='ocrx_word' id='word_1_208' title='bbox 2358 1938 2613 2019; x_wconf 90' lang='lat' dir='ltr'><strong>.copiam</strong></span> <span class='ocrx_word' id='word_1_209' title='bbox 2642 1954 2769 2004; x_wconf 93' lang='lat' dir='ltr'><strong>non</strong></span> <span class='ocrx_word' id='word_1_210' title='bbox 2822 1939 3249 2021; x_wconf 71' lang='lat' dir='ltr'><strong>pmnitendam</strong></span> <span class='ocrx_word' id='word_1_211' title='bbox 3298 1940 3511 2004; x_wconf 90' lang='lat' dir='ltr'><strong>verbis</strong></span> <span class='ocrx_word' id='word_1_212' title='bbox 3558 1939 3797 2003; x_wconf 90' lang='lat' dir='ltr'><strong>Latinis</strong></span> 
     </span>
    </p>
   </div>
   <div class='ocr_carea' id='block_1_19' title="bbox 414 2029 3793 2113">
    <p class='ocr_par' dir='ltr' id='par_1_19' title="bbox 414 2029 3793 2113">
     <span class='ocr_line' id='line_1_19' title="bbox 414 2029 3793 2113; baseline 0 -18"><span class='ocrx_word' id='word_1_213' title='bbox 414 2031 702 2113; x_wconf 87' lang='lat' dir='ltr'><strong>adjunxit</strong></span> <span class='ocrx_word' id='word_1_214' title='bbox 732 2077 751 2107; x_wconf 91' lang='lat'><strong>,</strong></span> <span class='ocrx_word' id='word_1_215' title='bbox 802 2030 1107 2111; x_wconf 83' lang='lat' dir='ltr'><strong>subjectis</strong></span> <span class='ocrx_word' id='word_1_216' title='bbox 1162 2031 1353 2096; x_wconf 88' lang='lat' dir='ltr'><strong>etiam</strong></span> <span class='ocrx_word' id='word_1_217' title='bbox 1421 2030 1806 2095; x_wconf 91' lang='lat' dir='ltr'><strong>doctissimis</strong></span> <span class='ocrx_word' id='word_1_218' title='bbox 1858 2029 2075 2094; x_wconf 89' lang='lat' dir='ltr'><strong>Jacobi</strong></span> <span class='ocrx_word' id='word_1_219' title='bbox 2132 2029 2297 2093; x_wconf 90' lang='lat' dir='ltr'><strong>Billii</strong></span> <span class='ocrx_word' id='word_1_220' title='bbox 2354 2036 2419 2094; x_wconf 93' lang='lat' dir='ltr'><strong>et</strong></span> <span class='ocrx_word' id='word_1_221' title='bbox 2473 2031 2802 2095; x_wconf 90' lang='lat' dir='ltr'><strong>Frontonis</strong></span> <span class='ocrx_word' id='word_1_222' title='bbox 2862 2031 3073 2095; x_wconf 67' lang='lat' dir='ltr'><strong>Ducaai</strong></span> <span class='ocrx_word' id='word_1_223' title='bbox 3121 2030 3683 2096; x_wconf 90' lang='lat' dir='ltr'><strong>observationibus.</strong></span> <span class='ocrx_word' id='word_1_224' title='bbox 3715 2036 3793 2095; x_wconf 80' lang='lat' dir='ltr'><strong>At</strong></span> 
     </span>
    </p>
   </div>
   <div class='ocr_carea' id='block_1_20' title="bbox 413 2117 3793 2205">
    <p class='ocr_par' dir='ltr' id='par_1_20' title="bbox 413 2117 3793 2205">
     <span class='ocr_line' id='line_1_20' title="bbox 413 2117 3793 2205; baseline -0.001 -16"><span class='ocrx_word' id='word_1_225' title='bbox 413 2130 485 2189; x_wconf 85' lang='lat' dir='ltr'><strong>ut</strong></span> <span class='ocrx_word' id='word_1_226' title='bbox 540 2122 853 2205; x_wconf 91' lang='lat' dir='ltr'><strong>prioribus</strong></span> <span class='ocrx_word' id='word_1_227' title='bbox 905 2122 1264 2204; x_wconf 89' lang='lat' dir='ltr'><strong>perfectior,</strong></span> <span class='ocrx_word' id='word_1_228' title='bbox 1295 2138 1414 2187; x_wconf 93' lang='lat' dir='ltr'><strong>nec</strong></span> <span class='ocrx_word' id='word_1_229' title='bbox 1469 2122 1606 2204; x_wconf 92' lang='lat' dir='ltr'><strong>ipsa</strong></span> <span class='ocrx_word' id='word_1_230' title='bbox 1661 2127 1872 2185; x_wconf 90' lang='lat' dir='ltr'><strong>tamen</strong></span> <span class='ocrx_word' id='word_1_231' title='bbox 1911 2117 2194 2186; x_wconf 86' lang='lat' dir='ltr'><strong>numeris</strong></span> <span class='ocrx_word' id='word_1_232' title='bbox 2244 2123 2538 2187; x_wconf 86' lang='lat' dir='ltr'><strong>omnibus</strong></span> <span class='ocrx_word' id='word_1_233' title='bbox 2594 2124 2900 2205; x_wconf 90' lang='lat' dir='ltr'><strong>absoluta,</strong></span> <span class='ocrx_word' id='word_1_234' title='bbox 2935 2125 3062 2187; x_wconf 90' lang='lat' dir='ltr'><strong>imo</strong></span> <span class='ocrx_word' id='word_1_235' title='bbox 3092 2140 3209 2188; x_wconf 91' lang='lat' dir='ltr'><strong>nec</strong></span> <span class='ocrx_word' id='word_1_236' title='bbox 3238 2124 3454 2205; x_wconf 91' lang='lat' dir='ltr'><strong>paucis</strong></span> <span class='ocrx_word' id='word_1_237' title='bbox 3483 2142 3600 2189; x_wconf 92' lang='lat' dir='ltr'><strong>nec</strong></span> <span class='ocrx_word' id='word_1_238' title='bbox 3629 2123 3793 2188; x_wconf 90' lang='lat' dir='ltr'><strong>levi-</strong></span> 
     </span>
    </p>
   </div>
   <div class='ocr_carea' id='block_1_21' title="bbox 411 2211 3793 2297">
    <p class='ocr_par' dir='ltr' id='par_1_21' title="bbox 411 2211 3793 2297">
     <span class='ocr_line' id='line_1_21' title="bbox 411 2211 3793 2297; baseline -0.001 -16"><span class='ocrx_word' id='word_1_239' title='bbox 411 2215 535 2281; x_wconf 88' lang='lat' dir='ltr'><strong>bus</strong></span> <span class='ocrx_word' id='word_1_240' title='bbox 588 2214 756 2279; x_wconf 91' lang='lat' dir='ltr'><strong>vitiis</strong></span> <span class='ocrx_word' id='word_1_241' title='bbox 801 2213 1044 2278; x_wconf 85' lang='lat' dir='ltr'><strong>laborat</strong></span> <span class='ocrx_word' id='word_1_242' title='bbox 1093 2213 1590 2278; x_wconf 89' lang='lat' dir='ltr'><strong>Feuardentiana</strong></span> <span class='ocrx_word' id='word_1_243' title='bbox 1646 2213 1783 2278; x_wconf 59' lang='lat' dir='ltr'><strong>hac</strong></span> <span class='ocrx_word' id='word_1_244' title='bbox 1823 2211 2039 2277; x_wconf 90' lang='lat' dir='ltr'><strong>editio.</strong></span> <span class='ocrx_word' id='word_1_245' title='bbox 2081 2215 2158 2276; x_wconf 89' lang='lat' dir='ltr'><strong>Ut</strong></span> <span class='ocrx_word' id='word_1_246' title='bbox 2215 2215 2385 2277; x_wconf 90' lang='lat' dir='ltr'><strong>enim</strong></span> <span class='ocrx_word' id='word_1_247' title='bbox 2417 2214 2573 2279; x_wconf 80' lang='lat' dir='ltr'><strong>nihil</strong></span> <span class='ocrx_word' id='word_1_248' title='bbox 2604 2216 2684 2280; x_wconf 90' lang='lat' dir='ltr'><strong>de</strong></span> <span class='ocrx_word' id='word_1_249' title='bbox 2715 2216 2880 2280; x_wconf 92' lang='lat' dir='ltr'><strong>notis</strong></span> <span class='ocrx_word' id='word_1_250' title='bbox 2908 2215 3173 2292; x_wconf 88' lang='lat' dir='ltr'><strong>dicatur,</strong></span> <span class='ocrx_word' id='word_1_251' title='bbox 3209 2215 3473 2279; x_wconf 89' lang='lat' dir='ltr'><strong>eruditis</strong></span> <span class='ocrx_word' id='word_1_252' title='bbox 3503 2215 3793 2297; x_wconf 90' lang='lat' dir='ltr'><strong>quidem,</strong></span> 
     </span>
    </p>
   </div>
   <div class='ocr_carea' id='block_1_22' title="bbox 406 2305 3792 2389">
    <p class='ocr_par' dir='ltr' id='par_1_22' title="bbox 406 2305 3792 2389">
     <span class='ocr_line' id='line_1_22' title="bbox 406 2305 3792 2389; baseline -0.001 -14"><span class='ocrx_word' id='word_1_253' title='bbox 406 2314 482 2375; x_wconf 88' lang='lat' dir='ltr'><strong>ut</strong></span> <span class='ocrx_word' id='word_1_254' title='bbox 534 2325 610 2372; x_wconf 89' lang='lat' dir='ltr'><strong>ea</strong></span> <span class='ocrx_word' id='word_1_255' title='bbox 658 2312 811 2371; x_wconf 76' lang='lat' dir='ltr'><strong>aetas</strong></span> <span class='ocrx_word' id='word_1_256' title='bbox 864 2306 1125 2387; x_wconf 87' lang='lat' dir='ltr'><strong>ferebat,</strong></span> <span class='ocrx_word' id='word_1_257' title='bbox 1170 2306 1281 2370; x_wconf 88' lang='lat' dir='ltr'><strong>sed</strong></span> <span class='ocrx_word' id='word_1_258' title='bbox 1314 2305 1759 2387; x_wconf 85' lang='lat' dir='ltr'><strong>prolixioribus</strong></span> <span class='ocrx_word' id='word_1_259' title='bbox 1807 2310 1872 2368; x_wconf 89' lang='lat' dir='ltr'><strong>et</strong></span> <span class='ocrx_word' id='word_1_260' title='bbox 1913 2320 1952 2367; x_wconf 90' lang='lat' dir='ltr'><strong>a</strong></span> <span class='ocrx_word' id='word_1_261' title='bbox 2024 2305 2343 2385; x_wconf 89' lang='lat' dir='ltr'><strong>proposito</strong></span> <span class='ocrx_word' id='word_1_262' title='bbox 2397 2306 2653 2386; x_wconf 85' lang='lat' dir='ltr'><strong>longius</strong></span> <span class='ocrx_word' id='word_1_263' title='bbox 2733 2307 3219 2372; x_wconf 82' lang='lat' dir='ltr'><strong>excurrentibus</strong></span> <span class='ocrx_word' id='word_1_264' title='bbox 3251 2357 3268 2389; x_wconf 93' lang='lat'><strong>,</strong></span> <span class='ocrx_word' id='word_1_265' title='bbox 3333 2308 3618 2388; x_wconf 91' lang='lat' dir='ltr'><strong>nihilque</strong></span> <span class='ocrx_word' id='word_1_266' title='bbox 3677 2314 3792 2371; x_wconf 91' lang='lat' dir='ltr'><strong>aut</strong></span> 
     </span>
    </p>
   </div>
   <div class='ocr_carea' id='block_1_23' title="bbox 417 2395 3789 2483">
    <p class='ocr_par' dir='ltr' id='par_1_23' title="bbox 417 2395 3789 2483">
     <span class='ocr_line' id='line_1_23' title="bbox 417 2395 3789 2483; baseline -0.001 -19"><span class='ocrx_word' id='word_1_267' title='bbox 417 2417 643 2483; x_wconf 88' lang='lat' dir='ltr'><strong>parum</strong></span> <span class='ocrx_word' id='word_1_268' title='bbox 686 2398 943 2464; x_wconf 91' lang='lat' dir='ltr'><strong>omnino</strong></span> <span class='ocrx_word' id='word_1_269' title='bbox 997 2398 1076 2462; x_wconf 87' lang='lat' dir='ltr'><strong>ad</strong></span> <span class='ocrx_word' id='word_1_270' title='bbox 1130 2402 1341 2462; x_wconf 88' lang='lat' dir='ltr'><strong>textus</strong></span> <span class='ocrx_word' id='word_1_271' title='bbox 1390 2397 1879 2462; x_wconf 85' lang='lat' dir='ltr'><strong>elucidationem</strong></span> <span class='ocrx_word' id='word_1_272' title='bbox 1950 2395 2496 2479; x_wconf 90' lang='lat' dir='ltr'><strong>conducentibus;</strong></span> <span class='ocrx_word' id='word_1_273' title='bbox 2546 2417 2692 2463; x_wconf 91' lang='lat' dir='ltr'><strong>eum</strong></span> <span class='ocrx_word' id='word_1_274' title='bbox 2750 2400 2817 2462; x_wconf 92' lang='lat' dir='ltr'><strong>in</strong></span> <span class='ocrx_word' id='word_1_275' title='bbox 2861 2399 3015 2463; x_wconf 89' lang='lat' dir='ltr'><strong>locis</strong></span> <span class='ocrx_word' id='word_1_276' title='bbox 3061 2398 3225 2463; x_wconf 92' lang='lat' dir='ltr'><strong>bene</strong></span> <span class='ocrx_word' id='word_1_277' title='bbox 3255 2399 3469 2463; x_wconf 90' lang='lat' dir='ltr'><strong>multis</strong></span> <span class='ocrx_word' id='word_1_278' title='bbox 3499 2416 3615 2463; x_wconf 88' lang='lat' dir='ltr'><strong>nec</strong></span> <span class='ocrx_word' id='word_1_279' title='bbox 3643 2399 3789 2463; x_wconf 90' lang='lat' dir='ltr'><strong>feli-</strong></span> 
     </span>
    </p>
   </div>
   <div class='ocr_carea' id='block_1_24' title="bbox 410 2485 3792 2575">
    <p class='ocr_par' dir='ltr' id='par_1_24' title="bbox 410 2485 3792 2575">
     <span class='ocr_line' id='line_1_24' title="bbox 410 2485 3792 2575; baseline 0 -19"><span class='ocrx_word' id='word_1_280' title='bbox 410 2493 567 2556; x_wconf 92' lang='lat' dir='ltr'><strong>citer</strong></span> <span class='ocrx_word' id='word_1_281' title='bbox 598 2487 894 2569; x_wconf 87' lang='lat' dir='ltr'><strong>restituit,</strong></span> <span class='ocrx_word' id='word_1_282' title='bbox 926 2486 1241 2552; x_wconf 90' lang='lat' dir='ltr'><strong>infelicius</strong></span> <span class='ocrx_word' id='word_1_283' title='bbox 1287 2486 1645 2569; x_wconf 85' lang='lat' dir='ltr'><strong>explicavit,</strong></span> <span class='ocrx_word' id='word_1_284' title='bbox 1707 2487 1775 2550; x_wconf 93' lang='lat' dir='ltr'><strong>in</strong></span> <span class='ocrx_word' id='word_1_285' title='bbox 1836 2485 2127 2566; x_wconf 88' lang='lat' dir='ltr'><strong>pluribus</strong></span> <span class='ocrx_word' id='word_1_286' title='bbox 2176 2506 2255 2554; x_wconf 93' lang='lat' dir='ltr'><strong>ne</strong></span> <span class='ocrx_word' id='word_1_287' title='bbox 2313 2492 2570 2572; x_wconf 84' lang='lat' dir='ltr'><strong>quidem</strong></span> <span class='ocrx_word' id='word_1_288' title='bbox 2626 2492 2780 2573; x_wconf 81' lang='lat' dir='ltr'><strong>quid</strong></span> <span class='ocrx_word' id='word_1_289' title='bbox 2839 2497 3051 2573; x_wconf 89' lang='lat' dir='ltr'><strong>posset</strong></span> <span class='ocrx_word' id='word_1_290' title='bbox 3097 2498 3399 2575; x_wconf 87' lang='lat' dir='ltr'><strong>expertus</strong></span> <span class='ocrx_word' id='word_1_291' title='bbox 3428 2499 3524 2556; x_wconf 91' lang='lat' dir='ltr'><strong>est</strong></span> <span class='ocrx_word' id='word_1_292' title='bbox 3560 2514 3573 2556; x_wconf 94' lang='lat'><strong>:</strong></span> <span class='ocrx_word' id='word_1_293' title='bbox 3607 2492 3695 2555; x_wconf 91' lang='lat' dir='ltr'><strong>ita</strong></span> <span class='ocrx_word' id='word_1_294' title='bbox 3723 2498 3792 2556; x_wconf 91' lang='lat' dir='ltr'><strong>ut</strong></span> 
     </span>
    </p>
   </div>
   <div class='ocr_carea' id='block_1_25' title="bbox 408 2580 3787 2666">
    <p class='ocr_par' dir='ltr' id='par_1_25' title="bbox 408 2580 3787 2666">
     <span class='ocr_line' id='line_1_25' title="bbox 408 2580 3787 2666; baseline 0 -18"><span class='ocrx_word' id='word_1_295' title='bbox 408 2589 551 2666; x_wconf 91' lang='lat' dir='ltr'><strong>post</strong></span> <span class='ocrx_word' id='word_1_296' title='bbox 608 2580 1008 2647; x_wconf 89' lang='lat' dir='ltr'><strong>Feuardentli</strong></span> <span class='ocrx_word' id='word_1_297' title='bbox 1059 2597 1241 2645; x_wconf 84' lang='lat' dir='ltr'><strong>curas</strong></span> <span class='ocrx_word' id='word_1_298' title='bbox 1300 2585 1597 2644; x_wconf 84' lang='lat' dir='ltr'><strong>sexcenta</strong></span> <span class='ocrx_word' id='word_1_299' title='bbox 1653 2585 2084 2661; x_wconf 87' lang='lat' dir='ltr'><strong>superessent,</strong></span> <span class='ocrx_word' id='word_1_300' title='bbox 2145 2581 2382 2661; x_wconf 91' lang='lat' dir='ltr'><strong>quibus</strong></span> <span class='ocrx_word' id='word_1_301' title='bbox 2438 2584 2751 2648; x_wconf 88' lang='lat' dir='ltr'><strong>medicum</strong></span> <span class='ocrx_word' id='word_1_302' title='bbox 2830 2600 3088 2647; x_wconf 91' lang='lat' dir='ltr'><strong>manum</strong></span> <span class='ocrx_word' id='word_1_303' title='bbox 3142 2585 3466 2649; x_wconf 90' lang='lat' dir='ltr'><strong>admoveri</strong></span> <span class='ocrx_word' id='word_1_304' title='bbox 3525 2600 3787 2649; x_wconf 89' lang='lat' dir='ltr'><strong>necesse</strong></span> 
     </span>
    </p>
   </div>
   <div class='ocr_carea' id='block_1_26' title="bbox 409 2673 3778 2759">
    <p class='ocr_par' dir='ltr' id='par_1_26' title="bbox 409 2673 3778 2759">
     <span class='ocr_line' id='line_1_26' title="bbox 409 2673 3778 2759; baseline -0.001 -16"><span class='ocrx_word' id='word_1_305' title='bbox 409 2683 567 2758; x_wconf 88' lang='lat' dir='ltr'><strong>erat;</strong></span> <span class='ocrx_word' id='word_1_306' title='bbox 610 2692 881 2759; x_wconf 90' lang='lat' dir='ltr'><strong>quorum</strong></span> <span class='ocrx_word' id='word_1_307' title='bbox 912 2679 1123 2749; x_wconf 86' lang='lat' dir='ltr'><strong>tamen</strong></span> <span class='ocrx_word' id='word_1_308' title='bbox 1162 2692 1287 2739; x_wconf 92' lang='lat' dir='ltr'><strong>non</strong></span> <span class='ocrx_word' id='word_1_309' title='bbox 1319 2690 1516 2755; x_wconf 89' lang='lat' dir='ltr'><strong>pauca</strong></span> <span class='ocrx_word' id='word_1_310' title='bbox 1544 2673 2007 2738; x_wconf 84' lang='lat' dir='ltr'><strong>emendavisset</strong></span> <span class='ocrx_word' id='word_1_311' title='bbox 2040 2675 2201 2738; x_wconf 88' lang='lat' dir='ltr'><strong>facili</strong></span> <span class='ocrx_word' id='word_1_312' title='bbox 2250 2677 2527 2758; x_wconf 90' lang='lat' dir='ltr'><strong>negotio,</strong></span> <span class='ocrx_word' id='word_1_313' title='bbox 2560 2677 2611 2741; x_wconf 91' lang='lat' dir='ltr'><strong>si</strong></span> <span class='ocrx_word' id='word_1_314' title='bbox 2645 2679 2894 2741; x_wconf 91' lang='lat' dir='ltr'><strong>codices</strong></span> <span class='ocrx_word' id='word_1_315' title='bbox 2941 2694 3068 2741; x_wconf 90' lang='lat' dir='ltr'><strong>mss</strong></span> <span class='ocrx_word' id='word_1_316' title='bbox 3151 2678 3385 2759; x_wconf 91' lang='lat' dir='ltr'><strong>quibus</strong></span> <span class='ocrx_word' id='word_1_317' title='bbox 3441 2694 3596 2743; x_wconf 91' lang='lat' dir='ltr'><strong>usus</strong></span> <span class='ocrx_word' id='word_1_318' title='bbox 3650 2682 3778 2758; x_wconf 90' lang='lat' dir='ltr'><strong>est,</strong></span> 
     </span>
    </p>
   </div>
   <div class='ocr_carea' id='block_1_27' title="bbox 403 2766 3780 2853">
    <p class='ocr_par' dir='ltr' id='par_1_27' title="bbox 403 2766 3780 2853">
     <span class='ocr_line' id='line_1_27' title="bbox 403 2766 3780 2853; baseline -0.001 -18"><span class='ocrx_word' id='word_1_319' title='bbox 403 2772 592 2853; x_wconf 89' lang='lat' dir='ltr'><strong>paulo</strong></span> <span class='ocrx_word' id='word_1_320' title='bbox 647 2768 948 2834; x_wconf 87' lang='lat' dir='ltr'><strong>attentius</strong></span> <span class='ocrx_word' id='word_1_321' title='bbox 1000 2767 1473 2833; x_wconf 89' lang='lat' dir='ltr'><strong>consuluisset.</strong></span> <span class='ocrx_word' id='word_1_322' title='bbox 1551 2767 1779 2830; x_wconf 79' lang='lat' dir='ltr'><strong>Omitto</strong></span> <span class='ocrx_word' id='word_1_323' title='bbox 1851 2766 1962 2846; x_wconf 93' lang='lat' dir='ltr'><strong>qui</strong></span> <span class='ocrx_word' id='word_1_324' title='bbox 2017 2766 2079 2829; x_wconf 94' lang='lat' dir='ltr'><strong>in</strong></span> <span class='ocrx_word' id='word_1_325' title='bbox 2138 2784 2214 2831; x_wconf 92' lang='lat' dir='ltr'><strong>ea</strong></span> <span class='ocrx_word' id='word_1_326' title='bbox 2259 2770 2540 2842; x_wconf 88' lang='lat' dir='ltr'><strong>editione</strong></span> <span class='ocrx_word' id='word_1_327' title='bbox 2589 2770 3029 2834; x_wconf 84' lang='lat' dir='ltr'><strong>desiderantur</strong></span> <span class='ocrx_word' id='word_1_328' title='bbox 3086 2771 3493 2853; x_wconf 88' lang='lat' dir='ltr'><strong>adminicula,</strong></span> <span class='ocrx_word' id='word_1_329' title='bbox 3544 2770 3780 2851; x_wconf 90' lang='lat' dir='ltr'><strong>quibus</strong></span> 
     </span>
    </p>
   </div>
   <div class='ocr_carea' id='block_1_28' title="bbox 405 2856 3782 2944">
    <p class='ocr_par' dir='ltr' id='par_1_28' title="bbox 405 2856 3782 2944">
     <span class='ocr_line' id='line_1_28' title="bbox 405 2856 3782 2944; baseline -0.001 -16"><span class='ocrx_word' id='word_1_330' title='bbox 405 2863 662 2928; x_wconf 86' lang='lat' dir='ltr'><strong>lectoris</strong></span> <span class='ocrx_word' id='word_1_331' title='bbox 714 2861 891 2927; x_wconf 88' lang='lat' dir='ltr'><strong>labor</strong></span> <span class='ocrx_word' id='word_1_332' title='bbox 946 2860 1288 2941; x_wconf 88' lang='lat' dir='ltr'><strong>minuatur,</strong></span> <span class='ocrx_word' id='word_1_333' title='bbox 1332 2858 1522 2940; x_wconf 92' lang='lat' dir='ltr'><strong>eique</strong></span> <span class='ocrx_word' id='word_1_334' title='bbox 1580 2858 1682 2921; x_wconf 88' lang='lat' dir='ltr'><strong>via</strong></span> <span class='ocrx_word' id='word_1_335' title='bbox 1736 2857 1814 2920; x_wconf 89' lang='lat' dir='ltr'><strong>ad</strong></span> <span class='ocrx_word' id='word_1_336' title='bbox 1858 2856 2105 2923; x_wconf 89' lang='lat' dir='ltr'><strong>facilius</strong></span> <span class='ocrx_word' id='word_1_337' title='bbox 2161 2860 2668 2942; x_wconf 80' lang='lat' dir='ltr'><strong>investigandum</strong></span> <span class='ocrx_word' id='word_1_338' title='bbox 2726 2867 2791 2926; x_wconf 91' lang='lat' dir='ltr'><strong>et</strong></span> <span class='ocrx_word' id='word_1_339' title='bbox 2840 2864 3304 2944; x_wconf 90' lang='lat' dir='ltr'><strong>assequendum</strong></span> <span class='ocrx_word' id='word_1_340' title='bbox 3336 2865 3611 2929; x_wconf 86' lang='lat' dir='ltr'><strong>auctoris</strong></span> <span class='ocrx_word' id='word_1_341' title='bbox 3641 2880 3782 2928; x_wconf 78' lang='lat' dir='ltr'><strong>sen-</strong></span> 
     </span>
    </p>
   </div>
   <div class='ocr_carea' id='block_1_29' title="bbox 405 2954 936 3022">
    <p class='ocr_par' dir='ltr' id='par_1_29' title="bbox 405 2954 936 3022">
     <span class='ocr_line' id='line_1_29' title="bbox 405 2954 936 3022; baseline -0.008 -2"><span class='ocrx_word' id='word_1_342' title='bbox 405 2973 548 3021; x_wconf 89' lang='lat' dir='ltr'><strong>sum</strong></span> <span class='ocrx_word' id='word_1_343' title='bbox 593 2954 936 3022; x_wconf 89' lang='lat' dir='ltr'><strong>muniatur.</strong></span> 
     </span>
    </p>
   </div>
   <div class='ocr_carea' id='block_1_30' title="bbox 483 3178 3771 3267">
    <p class='ocr_par' dir='ltr' id='par_1_30' title="bbox 483 3178 3771 3267">
     <span class='ocr_line' id='line_1_30' title="bbox 483 3178 3771 3267; baseline -0.001 -19"><span class='ocrx_word' id='word_1_344' title='bbox 483 3183 722 3248; x_wconf 90' lang='lat' dir='ltr'><strong>Prodiit</strong></span> <span class='ocrx_word' id='word_1_345' title='bbox 750 3182 1003 3247; x_wconf 88' lang='lat' dir='ltr'><strong>tandem</strong></span> <span class='ocrx_word' id='word_1_346' title='bbox 1031 3199 1199 3248; x_wconf 86' lang='lat' dir='ltr'><strong>anno</strong></span> <span class='ocrx_word' id='word_1_347' title='bbox 1236 3178 1409 3263; x_wconf 82' lang='lat' dir='ltr'><strong>i702,</strong></span> <span class='ocrx_word' id='word_1_348' title='bbox 1443 3179 1664 3244; x_wconf 91' lang='lat' dir='ltr'><strong>Oxonii</strong></span> <span class='ocrx_word' id='word_1_349' title='bbox 1714 3179 1776 3242; x_wconf 94' lang='lat' dir='ltr'>in</span> <span class='ocrx_word' id='word_1_350' title='bbox 1831 3181 2081 3264; x_wconf 83' lang='lat' dir='ltr'><strong>Anglia,</strong></span> <span class='ocrx_word' id='word_1_351' title='bbox 2140 3199 2326 3264; x_wconf 89' lang='lat' dir='ltr'><strong>nova,</strong></span> <span class='ocrx_word' id='word_1_352' title='bbox 2376 3185 2727 3250; x_wconf 89' lang='lat' dir='ltr'><strong>accuratior</strong></span> <span class='ocrx_word' id='word_1_353' title='bbox 2754 3192 2818 3250; x_wconf 88' lang='lat' dir='ltr'><strong>et</strong></span> <span class='ocrx_word' id='word_1_354' title='bbox 2845 3186 3195 3266; x_wconf 88' lang='lat' dir='ltr'><strong>elegantior</strong></span> <span class='ocrx_word' id='word_1_355' title='bbox 3238 3203 3500 3267; x_wconf 85' lang='lat' dir='ltr'><strong>Operum</strong></span> <span class='ocrx_word' id='word_1_356' title='bbox 3550 3184 3771 3251; x_wconf 63' lang='lat' dir='ltr'><strong>Irenmi</strong></span> 
     </span>
    </p>
   </div>
   <div class='ocr_carea' id='block_1_31' title="bbox 402 3272 3776 3360">
    <p class='ocr_par' dir='ltr' id='par_1_31' title="bbox 402 3272 3776 3360">
     <span class='ocr_line' id='line_1_31' title="bbox 402 3272 3776 3360; baseline 0.001 -20"><span class='ocrx_word' id='word_1_357' title='bbox 402 3276 621 3341; x_wconf 87' lang='lat' dir='ltr'><strong>editio.</strong></span> <span class='ocrx_word' id='word_1_358' title='bbox 656 3275 867 3340; x_wconf 90' lang='lat' dir='ltr'><strong>studio</strong></span> <span class='ocrx_word' id='word_1_359' title='bbox 919 3280 984 3339; x_wconf 91' lang='lat' dir='ltr'><strong>et</strong></span> <span class='ocrx_word' id='word_1_360' title='bbox 1032 3290 1225 3356; x_wconf 89' lang='lat' dir='ltr'><strong>opera</strong></span> <span class='ocrx_word' id='word_1_361' title='bbox 1279 3272 1399 3336; x_wconf 89' lang='lat' dir='ltr'><strong>viri</strong></span> <span class='ocrx_word' id='word_1_362' title='bbox 1447 3272 1777 3337; x_wconf 89' lang='lat' dir='ltr'><strong>clarissimi</strong></span> <span class='ocrx_word' id='word_1_363' title='bbox 1834 3274 2094 3336; x_wconf 89' lang='lat' dir='ltr'><strong>Joannis</strong></span> <span class='ocrx_word' id='word_1_364' title='bbox 2151 3276 2398 3339; x_wconf 90' lang='lat' dir='ltr'><strong>Ernesti</strong></span> <span class='ocrx_word' id='word_1_365' title='bbox 2456 3278 2679 3358; x_wconf 85' lang='lat' dir='ltr'><strong>Grabe,</strong></span> <span class='ocrx_word' id='word_1_366' title='bbox 2738 3281 3049 3343; x_wconf 91' lang='lat' dir='ltr'><strong>variorum</strong></span> <span class='ocrx_word' id='word_1_367' title='bbox 3092 3279 3419 3360; x_wconf 90' lang='lat' dir='ltr'><strong>ipsiusque</strong></span> <span class='ocrx_word' id='word_1_368' title='bbox 3476 3280 3641 3342; x_wconf 91' lang='lat' dir='ltr'><strong>notis</strong></span> <span class='ocrx_word' id='word_1_369' title='bbox 3698 3280 3776 3342; x_wconf 88' lang='lat' dir='ltr'><strong>il-</strong></span> 
     </span>
    </p>
   </div>
   <div class='ocr_carea' id='block_1_32' title="bbox 397 3363 3774 3452">
    <p class='ocr_par' dir='ltr' id='par_1_32' title="bbox 397 3363 3774 3452">
     <span class='ocr_line' id='line_1_32' title="bbox 397 3363 3774 3452; baseline -0 -17"><span class='ocrx_word' id='word_1_370' title='bbox 397 3370 686 3442; x_wconf 88' lang='lat' dir='ltr'><strong>lustrata,</strong></span> <span class='ocrx_word' id='word_1_371' title='bbox 720 3372 784 3430; x_wconf 93' lang='lat' dir='ltr'><strong>et</strong></span> <span class='ocrx_word' id='word_1_372' title='bbox 812 3367 992 3430; x_wconf 91' lang='lat' dir='ltr'><strong>novis</strong></span> <span class='ocrx_word' id='word_1_373' title='bbox 1013 3368 1404 3446; x_wconf 74' lang='lat' dir='ltr'><strong>Fragmentis</strong></span> <span class='ocrx_word' id='word_1_374' title='bbox 1430 3363 1834 3445; x_wconf 87' lang='lat' dir='ltr'><strong>locupletata.</strong></span> <span class='ocrx_word' id='word_1_375' title='bbox 1868 3364 2026 3439; x_wconf 84' lang='lat' dir='ltr'><strong>Quin</strong></span> <span class='ocrx_word' id='word_1_376' title='bbox 2059 3382 2138 3429; x_wconf 83' lang='lat' dir='ltr'><strong>ex</strong></span> <span class='ocrx_word' id='word_1_377' title='bbox 2191 3365 2330 3446; x_wconf 87' lang='lat' dir='ltr'><strong>ejus</strong></span> <span class='ocrx_word' id='word_1_378' title='bbox 2376 3370 2699 3435; x_wconf 72' lang='lat' dir='ltr'><strong>laboribus</strong></span> <span class='ocrx_word' id='word_1_379' title='bbox 2729 3387 2898 3452; x_wconf 69' lang='lat' dir='ltr'><strong>saepe</strong></span> <span class='ocrx_word' id='word_1_380' title='bbox 2947 3371 3420 3452; x_wconf 89' lang='lat' dir='ltr'><strong>profecerimus,</strong></span> <span class='ocrx_word' id='word_1_381' title='bbox 3482 3371 3774 3435; x_wconf 91' lang='lat' dir='ltr'><strong>dissimu-</strong></span> 
     </span>
    </p>
   </div>
   <div class='ocr_carea' id='block_1_33' title="bbox 395 3458 3768 3545">
    <p class='ocr_par' dir='ltr' id='par_1_33' title="bbox 395 3458 3768 3545">
     <span class='ocr_line' id='line_1_33' title="bbox 395 3458 3768 3545; baseline -0 -19"><span class='ocrx_word' id='word_1_382' title='bbox 395 3463 640 3526; x_wconf 88' lang='lat' dir='ltr'><strong>mulare</strong></span> <span class='ocrx_word' id='word_1_383' title='bbox 695 3477 812 3525; x_wconf 91' lang='lat' dir='ltr'><strong>nec</strong></span> <span class='ocrx_word' id='word_1_384' title='bbox 881 3477 1219 3541; x_wconf 91' lang='lat' dir='ltr'><strong>possumus</strong></span> <span class='ocrx_word' id='word_1_385' title='bbox 1273 3476 1391 3524; x_wconf 92' lang='lat' dir='ltr'><strong>nec</strong></span> <span class='ocrx_word' id='word_1_386' title='bbox 1458 3458 1773 3522; x_wconf 91' lang='lat' dir='ltr'><strong>volumus.</strong></span> <span class='ocrx_word' id='word_1_387' title='bbox 1832 3460 2007 3522; x_wconf 90' lang='lat' dir='ltr'><strong>Hauc</strong></span> <span class='ocrx_word' id='word_1_388' title='bbox 2063 3459 2405 3525; x_wconf 91' lang='lat' dir='ltr'><strong>editionem</strong></span> <span class='ocrx_word' id='word_1_389' title='bbox 2477 3463 2875 3527; x_wconf 89' lang='lat' dir='ltr'><strong>commendat</strong></span> <span class='ocrx_word' id='word_1_390' title='bbox 2942 3470 3234 3545; x_wconf 86' lang='lat' dir='ltr'><strong>typorum</strong></span> <span class='ocrx_word' id='word_1_391' title='bbox 3291 3463 3605 3541; x_wconf 88' lang='lat' dir='ltr'><strong>elegantia</strong></span> <span class='ocrx_word' id='word_1_392' title='bbox 3637 3513 3653 3537; x_wconf 91' lang='lat'><strong>,</strong></span> <span class='ocrx_word' id='word_1_393' title='bbox 3706 3464 3768 3526; x_wconf 91' lang='lat' dir='ltr'><strong>in</strong></span> 
     </span>
    </p>
   </div>
   <div class='ocr_carea' id='block_1_34' title="bbox 398 3550 3770 3636">
    <p class='ocr_par' dir='ltr' id='par_1_34' title="bbox 398 3550 3770 3636">
     <span class='ocr_line' id='line_1_34' title="bbox 398 3550 3770 3636; baseline -0.001 -16"><span class='ocrx_word' id='word_1_394' title='bbox 398 3554 809 3636; x_wconf 83' lang='lat' dir='ltr'><strong>exquirendis</strong></span> <span class='ocrx_word' id='word_1_395' title='bbox 860 3571 935 3619; x_wconf 90' lang='lat' dir='ltr'><strong>ac</strong></span> <span class='ocrx_word' id='word_1_396' title='bbox 993 3555 1369 3634; x_wconf 82' lang='lat' dir='ltr'><strong>colligendis</strong></span> <span class='ocrx_word' id='word_1_397' title='bbox 1434 3553 1616 3617; x_wconf 92' lang='lat' dir='ltr'><strong>novis</strong></span> <span class='ocrx_word' id='word_1_398' title='bbox 1677 3550 2066 3630; x_wconf 86' lang='lat' dir='ltr'><strong>Fragmentis</strong></span> <span class='ocrx_word' id='word_1_399' title='bbox 2140 3553 2374 3616; x_wconf 78' lang='lat' dir='ltr'><strong>Graecis</strong></span> <span class='ocrx_word' id='word_1_400' title='bbox 2428 3570 2552 3618; x_wconf 90' lang='lat' dir='ltr'><strong>non</strong></span> <span class='ocrx_word' id='word_1_401' title='bbox 2607 3554 2951 3635; x_wconf 90' lang='lat' dir='ltr'><strong>indiligens</strong></span> <span class='ocrx_word' id='word_1_402' title='bbox 3006 3571 3180 3635; x_wconf 90' lang='lat' dir='ltr'><strong>cura,</strong></span> <span class='ocrx_word' id='word_1_403' title='bbox 3238 3561 3302 3618; x_wconf 90' lang='lat' dir='ltr'><strong>et</strong></span> <span class='ocrx_word' id='word_1_404' title='bbox 3354 3556 3770 3618; x_wconf 88' lang='lat' dir='ltr'><strong>emendandis</strong></span> 
     </span>
    </p>
   </div>
   <div class='ocr_carea' id='block_1_35' title="bbox 396 3643 3770 3730">
    <p class='ocr_par' dir='ltr' id='par_1_35' title="bbox 396 3643 3770 3730">
     <span class='ocr_line' id='line_1_35' title="bbox 396 3643 3770 3730; baseline -0.001 -17"><span class='ocrx_word' id='word_1_405' title='bbox 396 3647 555 3713; x_wconf 92' lang='lat' dir='ltr'><strong>locis</strong></span> <span class='ocrx_word' id='word_1_406' title='bbox 609 3647 851 3729; x_wconf 89' lang='lat' dir='ltr'><strong>aliquot</strong></span> <span class='ocrx_word' id='word_1_407' title='bbox 905 3646 1052 3711; x_wconf 85' lang='lat' dir='ltr'><strong>felix</strong></span> <span class='ocrx_word' id='word_1_408' title='bbox 1109 3643 1493 3727; x_wconf 89' lang='lat' dir='ltr'><strong>conjectura.</strong></span> <span class='ocrx_word' id='word_1_409' title='bbox 1548 3647 1785 3710; x_wconf 91' lang='lat' dir='ltr'><strong>Verum</strong></span> <span class='ocrx_word' id='word_1_410' title='bbox 1841 3645 2010 3725; x_wconf 93' lang='lat' dir='ltr'><strong>quod</strong></span> <span class='ocrx_word' id='word_1_411' title='bbox 2069 3644 2135 3707; x_wconf 91' lang='lat' dir='ltr'><strong>in</strong></span> <span class='ocrx_word' id='word_1_412' title='bbox 2192 3647 2608 3712; x_wconf 92' lang='lat' dir='ltr'><strong>Feuardentio</strong></span> <span class='ocrx_word' id='word_1_413' title='bbox 2672 3655 2736 3712; x_wconf 93' lang='lat' dir='ltr'><strong>et</strong></span> <span class='ocrx_word' id='word_1_414' title='bbox 2798 3648 3065 3712; x_wconf 90' lang='lat' dir='ltr'><strong>Gallasio</strong></span> <span class='ocrx_word' id='word_1_415' title='bbox 3121 3647 3388 3713; x_wconf 89' lang='lat' dir='ltr'><strong>eruditis</strong></span> <span class='ocrx_word' id='word_1_416' title='bbox 3426 3648 3770 3730; x_wconf 89' lang='lat' dir='ltr'><strong>displicuit,</strong></span> 
     </span>
    </p>
   </div>
   <div class='ocr_carea' id='block_1_36' title="bbox 396 3739 3771 3824">
    <p class='ocr_par' dir='ltr' id='par_1_36' title="bbox 396 3739 3771 3824">
     <span class='ocr_line' id='line_1_36' title="bbox 396 3739 3771 3824; baseline -0.001 -17"><span class='ocrx_word' id='word_1_417' title='bbox 396 3743 567 3808; x_wconf 87' lang='lat' dir='ltr'><strong>idem</strong></span> <span class='ocrx_word' id='word_1_418' title='bbox 624 3742 759 3807; x_wconf 90' lang='lat' dir='ltr'><strong>viro</strong></span> <span class='ocrx_word' id='word_1_419' title='bbox 816 3741 1163 3806; x_wconf 90' lang='lat' dir='ltr'><strong>clarissimo</strong></span> <span class='ocrx_word' id='word_1_420' title='bbox 1218 3740 1525 3805; x_wconf 90' lang='lat' dir='ltr'><strong>accidisse</strong></span> <span class='ocrx_word' id='word_1_421' title='bbox 1577 3739 1851 3820; x_wconf 90' lang='lat' dir='ltr'><strong>quisque</strong></span> <span class='ocrx_word' id='word_1_422' title='bbox 1907 3746 2231 3817; x_wconf 90' lang='lat' dir='ltr'><strong>agnoscet.</strong></span> <span class='ocrx_word' id='word_1_423' title='bbox 2290 3744 2446 3807; x_wconf 90' lang='lat' dir='ltr'><strong>Nam</strong></span> <span class='ocrx_word' id='word_1_424' title='bbox 2501 3741 2696 3805; x_wconf 91' lang='lat' dir='ltr'><strong>illlius</strong></span> <span class='ocrx_word' id='word_1_425' title='bbox 2743 3742 3036 3824; x_wconf 86' lang='lat' dir='ltr'><strong>exemplo</strong></span> <span class='ocrx_word' id='word_1_426' title='bbox 3095 3741 3358 3806; x_wconf 90' lang='lat' dir='ltr'><strong>meliora</strong></span> <span class='ocrx_word' id='word_1_427' title='bbox 3409 3758 3579 3822; x_wconf 75' lang='lat' dir='ltr'><strong>saepe</strong></span> <span class='ocrx_word' id='word_1_428' title='bbox 3627 3759 3771 3805; x_wconf 88' lang='lat' dir='ltr'><strong>cum</strong></span> 
     </span>
    </p>
   </div>
   <div class='ocr_carea' id='block_1_37' title="bbox 407 3832 3774 3917">
    <p class='ocr_par' dir='ltr' id='par_1_37' title="bbox 407 3832 3774 3917">
     <span class='ocr_line' id='line_1_37' title="bbox 407 3832 3774 3917; baseline -0.001 -18"><span class='ocrx_word' id='word_1_429' title='bbox 407 3835 672 3899; x_wconf 91' lang='lat' dir='ltr'><strong>vidisset</strong></span> <span class='ocrx_word' id='word_1_430' title='bbox 700 3833 1241 3917; x_wconf 88' lang='lat' dir='ltr'><strong>probavissetque,</strong></span> <span class='ocrx_word' id='word_1_431' title='bbox 1290 3832 1604 3897; x_wconf 87' lang='lat' dir='ltr'><strong>deteriora</strong></span> <span class='ocrx_word' id='word_1_432' title='bbox 1647 3836 1857 3894; x_wconf 89' lang='lat' dir='ltr'><strong>tamen</strong></span> <span class='ocrx_word' id='word_1_433' title='bbox 1883 3834 2161 3906; x_wconf 87' lang='lat' dir='ltr'><strong>secutus,</strong></span> <span class='ocrx_word' id='word_1_434' title='bbox 2198 3832 2475 3909; x_wconf 88' lang='lat' dir='ltr'><strong>vitiosas,</strong></span> <span class='ocrx_word' id='word_1_435' title='bbox 2508 3839 2617 3896; x_wconf 92' lang='lat' dir='ltr'><strong>aut</strong></span> <span class='ocrx_word' id='word_1_436' title='bbox 2645 3833 2857 3896; x_wconf 89' lang='lat' dir='ltr'><strong>minus</strong></span> <span class='ocrx_word' id='word_1_437' title='bbox 2885 3849 3067 3917; x_wconf 91' lang='lat' dir='ltr'><strong>sanas</strong></span> <span class='ocrx_word' id='word_1_438' title='bbox 3093 3833 3399 3897; x_wconf 89' lang='lat' dir='ltr'><strong>lectiones</strong></span> <span class='ocrx_word' id='word_1_439' title='bbox 3444 3833 3774 3913; x_wconf 87' lang='lat' dir='ltr'><strong>amplexus</strong></span> 
     </span>
    </p>
   </div>
   <div class='ocr_carea' id='block_1_38' title="bbox 404 3916 3776 4007">
    <p class='ocr_par' dir='ltr' id='par_1_38' title="bbox 404 3916 3776 4007">
     <span class='ocr_line' id='line_1_38' title="bbox 404 3916 3776 4007; baseline -0.002 -13"><span class='ocrx_word' id='word_1_440' title='bbox 404 3935 523 4002; x_wconf 87' lang='lat' dir='ltr'><strong>est,</strong></span> <span class='ocrx_word' id='word_1_441' title='bbox 591 3916 800 3994; x_wconf 89' lang='lat' dir='ltr'><strong>obviis</strong></span> <span class='ocrx_word' id='word_1_442' title='bbox 872 3932 936 3992; x_wconf 92' lang='lat' dir='ltr'><strong>et</strong></span> <span class='ocrx_word' id='word_1_443' title='bbox 1012 3927 1242 3992; x_wconf 89' lang='lat' dir='ltr'><strong>nativis</strong></span> <span class='ocrx_word' id='word_1_444' title='bbox 1297 3927 1364 3990; x_wconf 94' lang='lat' dir='ltr'>in</span> <span class='ocrx_word' id='word_1_445' title='bbox 1448 3927 1796 4005; x_wconf 89' lang='lat' dir='ltr'><strong>marginem</strong></span> <span class='ocrx_word' id='word_1_446' title='bbox 1864 3922 2158 4003; x_wconf 89' lang='lat' dir='ltr'><strong>rejectis:</strong></span> <span class='ocrx_word' id='word_1_447' title='bbox 2232 3942 2306 3990; x_wconf 88' lang='lat' dir='ltr'><strong>ac</strong></span> <span class='ocrx_word' id='word_1_448' title='bbox 2365 3927 2553 4006; x_wconf 91' lang='lat' dir='ltr'><strong>longe</strong></span> <span class='ocrx_word' id='word_1_449' title='bbox 2630 3927 2831 4007; x_wconf 86' lang='lat' dir='ltr'><strong>plura,</strong></span> <span class='ocrx_word' id='word_1_450' title='bbox 2881 3916 3072 4007; x_wconf 84' lang='lat' dir='ltr'><strong>quam</strong></span> <span class='ocrx_word' id='word_1_451' title='bbox 3128 3926 3580 4007; x_wconf 85' lang='lat' dir='ltr'><strong>emendaverit,</strong></span> <span class='ocrx_word' id='word_1_452' title='bbox 3643 3928 3776 3990; x_wconf 84' lang='lat' dir='ltr'><strong>loca</strong></span> 
     </span>
    </p>
   </div>
   <div class='ocr_carea' id='block_1_39' title="bbox 400 4017 3765 4104">
    <p class='ocr_par' dir='ltr' id='par_1_39' title="bbox 400 4017 3765 4104">
     <span class='ocr_line' id='line_1_39' title="bbox 400 4017 3765 4104; baseline -0.002 -15"><span class='ocrx_word' id='word_1_453' title='bbox 400 4024 556 4089; x_wconf 89' lang='lat' dir='ltr'><strong>feste</strong></span> <span class='ocrx_word' id='word_1_454' title='bbox 615 4027 908 4104; x_wconf 91' lang='lat' dir='ltr'><strong>corrupta</strong></span> <span class='ocrx_word' id='word_1_455' title='bbox 949 4038 1030 4086; x_wconf 93' lang='lat' dir='ltr'><strong>ne</strong></span> <span class='ocrx_word' id='word_1_456' title='bbox 1058 4022 1323 4087; x_wconf 88' lang='lat' dir='ltr'><strong>tentavit</strong></span> <span class='ocrx_word' id='word_1_457' title='bbox 1376 4021 1659 4103; x_wconf 89' lang='lat' dir='ltr'><strong>quidem,</strong></span> <span class='ocrx_word' id='word_1_458' title='bbox 1715 4022 1826 4083; x_wconf 89' lang='lat' dir='ltr'><strong>aut</strong></span> <span class='ocrx_word' id='word_1_459' title='bbox 1880 4017 2065 4099; x_wconf 90' lang='lat' dir='ltr'><strong>plane</strong></span> <span class='ocrx_word' id='word_1_460' title='bbox 2119 4018 2476 4083; x_wconf 86' lang='lat' dir='ltr'><strong>infeliciter.</strong></span> <span class='ocrx_word' id='word_1_461' title='bbox 2540 4021 2878 4085; x_wconf 65' lang='lat' dir='ltr'><strong>Gallasium</strong></span> <span class='ocrx_word' id='word_1_462' title='bbox 2933 4036 3080 4084; x_wconf 91' lang='lat' dir='ltr'><strong>vero</strong></span> <span class='ocrx_word' id='word_1_463' title='bbox 3132 4019 3438 4101; x_wconf 86' lang='lat' dir='ltr'><strong>imitatus,</strong></span> <span class='ocrx_word' id='word_1_464' title='bbox 3472 4021 3765 4084; x_wconf 83' lang='lat' dir='ltr'><strong>Ecclesiae</strong></span> 
     </span>
    </p>
   </div>
   <div class='ocr_carea' id='block_1_40' title="bbox 399 4110 3770 4197">
    <p class='ocr_par' dir='ltr' id='par_1_40' title="bbox 399 4110 3770 4197">
     <span class='ocr_line' id='line_1_40' title="bbox 399 4110 3770 4197; baseline -0.002 -15"><span class='ocrx_word' id='word_1_465' title='bbox 399 4117 784 4197; x_wconf 54' lang='lat' dir='ltr'><strong>Anglicanas,</strong></span> <span class='ocrx_word' id='word_1_466' title='bbox 818 4117 922 4181; x_wconf 91' lang='lat' dir='ltr'><strong>cui</strong></span> <span class='ocrx_word' id='word_1_467' title='bbox 969 4132 1037 4180; x_wconf 93' lang='lat' dir='ltr'><strong>se</strong></span> <span class='ocrx_word' id='word_1_468' title='bbox 1079 4114 1387 4197; x_wconf 87' lang='lat' dir='ltr'><strong>adjunxit,</strong></span> <span class='ocrx_word' id='word_1_469' title='bbox 1423 4116 1571 4179; x_wconf 90' lang='lat' dir='ltr'><strong>dum</strong></span> <span class='ocrx_word' id='word_1_470' title='bbox 1632 4114 1846 4178; x_wconf 92' lang='lat' dir='ltr'><strong>studet</strong></span> <span class='ocrx_word' id='word_1_471' title='bbox 1913 4110 2284 4192; x_wconf 88' lang='lat' dir='ltr'><strong>impensius,</strong></span> <span class='ocrx_word' id='word_1_472' title='bbox 2320 4113 2527 4193; x_wconf 90' lang='lat' dir='ltr'><strong>potior</strong></span> <span class='ocrx_word' id='word_1_473' title='bbox 2576 4112 2670 4175; x_wconf 90' lang='lat' dir='ltr'><strong>illi</strong></span> <span class='ocrx_word' id='word_1_474' title='bbox 2725 4129 2875 4175; x_wconf 89' lang='lat' dir='ltr'><strong>cura</strong></span> <span class='ocrx_word' id='word_1_475' title='bbox 2941 4112 3137 4177; x_wconf 90' lang='lat' dir='ltr'><strong>fuisse</strong></span> <span class='ocrx_word' id='word_1_476' title='bbox 3189 4112 3461 4193; x_wconf 90' lang='lat' dir='ltr'><strong>videtur,</strong></span> <span class='ocrx_word' id='word_1_477' title='bbox 3520 4120 3591 4177; x_wconf 91' lang='lat' dir='ltr'><strong>ut</strong></span> <span class='ocrx_word' id='word_1_478' title='bbox 3642 4116 3770 4176; x_wconf 88' lang='lat' dir='ltr'><strong>tre-</strong></span> 
     </span>
    </p>
   </div>
   <div class='ocr_carea' id='block_1_41' title="bbox 400 4202 3775 4286">
    <p class='ocr_par' dir='ltr' id='par_1_41' title="bbox 400 4202 3775 4286">
     <span class='ocr_line' id='line_1_41' title="bbox 400 4202 3775 4286; baseline -0.002 -12"><span class='ocrx_word' id='word_1_479' title='bbox 400 4227 607 4275; x_wconf 77' lang='lat' dir='ltr'><strong>naeum</strong></span> <span class='ocrx_word' id='word_1_480' title='bbox 658 4210 848 4274; x_wconf 90' lang='lat' dir='ltr'><strong>etiam</strong></span> <span class='ocrx_word' id='word_1_481' title='bbox 895 4208 1164 4273; x_wconf 86' lang='lat' dir='ltr'><strong>invitum</strong></span> <span class='ocrx_word' id='word_1_482' title='bbox 1219 4215 1312 4273; x_wconf 88' lang='lat' dir='ltr'><strong>et-</strong></span> <span class='ocrx_word' id='word_1_483' title='bbox 1341 4209 1755 4273; x_wconf 89' lang='lat' dir='ltr'><strong>reluctantem</strong></span> <span class='ocrx_word' id='word_1_484' title='bbox 1806 4202 2168 4282; x_wconf 63' lang='lat' dir='ltr'><strong>Anglicanas</strong></span> <span class='ocrx_word' id='word_1_485' title='bbox 2222 4211 2413 4269; x_wconf 72' lang='lat' dir='ltr'><strong>sectae</strong></span> <span class='ocrx_word' id='word_1_486' title='bbox 2466 4204 2863 4285; x_wconf 87' lang='lat' dir='ltr'><strong>adjungeret,</strong></span> <span class='ocrx_word' id='word_1_487' title='bbox 2896 4222 3085 4283; x_wconf 87' lang='lat' dir='ltr'><strong>quam</strong></span> <span class='ocrx_word' id='word_1_488' title='bbox 3117 4209 3187 4268; x_wconf 89' lang='lat' dir='ltr'><strong>ut</strong></span> <span class='ocrx_word' id='word_1_489' title='bbox 3220 4221 3380 4286; x_wconf 92' lang='lat' dir='ltr'><strong>opus</strong></span> <span class='ocrx_word' id='word_1_490' title='bbox 3408 4205 3775 4284; x_wconf 87' lang='lat' dir='ltr'><strong>castigatius</strong></span> 
     </span>
    </p>
   </div>
   <div class='ocr_carea' id='block_1_42' title="bbox 402 4295 3772 4380">
    <p class='ocr_par' dir='ltr' id='par_1_42' title="bbox 402 4295 3772 4380">
     <span class='ocr_line' id='line_1_42' title="bbox 402 4295 3772 4380; baseline -0 -17"><span class='ocrx_word' id='word_1_491' title='bbox 402 4299 580 4364; x_wconf 90' lang='lat' dir='ltr'><strong>daret</strong></span> <span class='ocrx_word' id='word_1_492' title='bbox 635 4304 699 4362; x_wconf 91' lang='lat' dir='ltr'><strong>et</strong></span> <span class='ocrx_word' id='word_1_493' title='bbox 748 4297 1165 4363; x_wconf 88' lang='lat' dir='ltr'><strong>emendatius.</strong></span> <span class='ocrx_word' id='word_1_494' title='bbox 1228 4295 1391 4360; x_wconf 90' lang='lat' dir='ltr'><strong>Hinc</strong></span> <span class='ocrx_word' id='word_1_495' title='bbox 1446 4300 1539 4358; x_wconf 90' lang='lat' dir='ltr'><strong>tot</strong></span> <span class='ocrx_word' id='word_1_496' title='bbox 1589 4300 1880 4359; x_wconf 89' lang='lat' dir='ltr'><strong>notarum</strong></span> <span class='ocrx_word' id='word_1_497' title='bbox 1936 4296 2260 4361; x_wconf 86' lang='lat' dir='ltr'><strong>fastidiosa</strong></span> <span class='ocrx_word' id='word_1_498' title='bbox 2314 4299 2664 4379; x_wconf 82' lang='lat' dir='ltr'><strong>prolixitas,</strong></span> <span class='ocrx_word' id='word_1_499' title='bbox 2722 4304 2797 4362; x_wconf 89' lang='lat' dir='ltr'><strong>ut</strong></span> <span class='ocrx_word' id='word_1_500' title='bbox 2854 4299 3171 4363; x_wconf 90' lang='lat' dir='ltr'><strong>levissima</strong></span> <span class='ocrx_word' id='word_1_501' title='bbox 3231 4315 3503 4379; x_wconf 66' lang='lat' dir='ltr'><strong>quaeque</strong></span> <span class='ocrx_word' id='word_1_502' title='bbox 3560 4300 3772 4380; x_wconf 89' lang='lat' dir='ltr'><strong>verba,</strong></span> 
     </span>
    </p>
   </div>
   <div class='ocr_carea' id='block_1_43' title="bbox 401 4388 3780 4474">
    <p class='ocr_par' dir='ltr' id='par_1_43' title="bbox 401 4388 3780 4474">
     <span class='ocr_line' id='line_1_43' title="bbox 401 4388 3780 4474; baseline -0.001 -16"><span class='ocrx_word' id='word_1_503' title='bbox 401 4392 752 4474; x_wconf 69' lang='lat' dir='ltr'><strong>saepissime</strong></span> <span class='ocrx_word' id='word_1_504' title='bbox 806 4390 964 4457; x_wconf 92' lang='lat' dir='ltr'><strong>nihil</strong></span> <span class='ocrx_word' id='word_1_505' title='bbox 1021 4391 1096 4454; x_wconf 88' lang='lat' dir='ltr'><strong>ad</strong></span> <span class='ocrx_word' id='word_1_506' title='bbox 1161 4406 1296 4453; x_wconf 90' lang='lat' dir='ltr'><strong>rem</strong></span> <span class='ocrx_word' id='word_1_507' title='bbox 1354 4389 1645 4453; x_wconf 87' lang='lat' dir='ltr'><strong>facientia</strong></span> <span class='ocrx_word' id='word_1_508' title='bbox 1706 4388 2094 4470; x_wconf 88' lang='lat' dir='ltr'><strong>distorqueat</strong></span> <span class='ocrx_word' id='word_1_509' title='bbox 2127 4410 2141 4452; x_wconf 93' lang='lat'><strong>:</strong></span> <span class='ocrx_word' id='word_1_510' title='bbox 2174 4392 2239 4454; x_wconf 92' lang='lat' dir='ltr'><strong>in</strong></span> <span class='ocrx_word' id='word_1_511' title='bbox 2297 4391 2438 4454; x_wconf 90' lang='lat' dir='ltr'><strong>aliis</strong></span> <span class='ocrx_word' id='word_1_512' title='bbox 2487 4407 2637 4454; x_wconf 91' lang='lat' dir='ltr'><strong>vero</strong></span> <span class='ocrx_word' id='word_1_513' title='bbox 2706 4390 2862 4453; x_wconf 92' lang='lat' dir='ltr'><strong>locis</strong></span> <span class='ocrx_word' id='word_1_514' title='bbox 2918 4392 3180 4470; x_wconf 90' lang='lat' dir='ltr'><strong>parcior,</strong></span> <span class='ocrx_word' id='word_1_515' title='bbox 3242 4391 3661 4468; x_wconf 88' lang='lat' dir='ltr'><strong>Feuardentii,</strong></span> <span class='ocrx_word' id='word_1_516' title='bbox 3715 4398 3780 4454; x_wconf 93' lang='lat' dir='ltr'><strong>et</strong></span> 
     </span>
    </p>
   </div>
   <div class='ocr_carea' id='block_1_44' title="bbox 401 4480 3777 4565">
    <p class='ocr_par' dir='ltr' id='par_1_44' title="bbox 401 4480 3777 4565">
     <span class='ocr_line' id='line_1_44' title="bbox 401 4480 3777 4565; baseline -0.001 -14"><span class='ocrx_word' id='word_1_517' title='bbox 401 4485 671 4551; x_wconf 88' lang='lat' dir='ltr'><strong>aliorum</strong></span> <span class='ocrx_word' id='word_1_518' title='bbox 729 4483 917 4559; x_wconf 89' lang='lat' dir='ltr'><strong>notis,</strong></span> <span class='ocrx_word' id='word_1_519' title='bbox 968 4482 1178 4562; x_wconf 92' lang='lat' dir='ltr'><strong>iisque</strong></span> <span class='ocrx_word' id='word_1_520' title='bbox 1234 4481 1412 4545; x_wconf 91' lang='lat' dir='ltr'><strong>nullo</strong></span> <span class='ocrx_word' id='word_1_521' title='bbox 1484 4480 1735 4545; x_wconf 91' lang='lat' dir='ltr'><strong>delectu</strong></span> <span class='ocrx_word' id='word_1_522' title='bbox 1792 4482 2027 4557; x_wconf 88' lang='lat' dir='ltr'><strong>ascitis,</strong></span> <span class='ocrx_word' id='word_1_523' title='bbox 2084 4484 2373 4565; x_wconf 90' lang='lat' dir='ltr'><strong>nihilque</strong></span> <span class='ocrx_word' id='word_1_524' title='bbox 2428 4485 2508 4548; x_wconf 90' lang='lat' dir='ltr'><strong>ad</strong></span> <span class='ocrx_word' id='word_1_525' title='bbox 2592 4488 2802 4547; x_wconf 87' lang='lat' dir='ltr'><strong>textus</strong></span> <span class='ocrx_word' id='word_1_526' title='bbox 2859 4484 3348 4563; x_wconf 89' lang='lat' dir='ltr'><strong>intelligentiam</strong></span> <span class='ocrx_word' id='word_1_527' title='bbox 3403 4485 3777 4549; x_wconf 86' lang='lat' dir='ltr'><strong>conferenti—</strong></span> 
     </span>
    </p>
   </div>
   <div class='ocr_carea' id='block_1_45' title="bbox 400 4573 3775 4659">
    <p class='ocr_par' dir='ltr' id='par_1_45' title="bbox 400 4573 3775 4659">
     <span class='ocr_line' id='line_1_45' title="bbox 400 4573 3775 4659; baseline -0.001 -16"><span class='ocrx_word' id='word_1_528' title='bbox 400 4579 593 4657; x_wconf 90' lang='lat' dir='ltr'><strong>tibus,</strong></span> <span class='ocrx_word' id='word_1_529' title='bbox 656 4576 997 4657; x_wconf 84' lang='lat' dir='ltr'><strong>margines</strong></span> <span class='ocrx_word' id='word_1_530' title='bbox 1027 4574 1361 4641; x_wconf 88' lang='lat' dir='ltr'><strong>inferiores</strong></span> <span class='ocrx_word' id='word_1_531' title='bbox 1413 4573 1707 4655; x_wconf 88' lang='lat' dir='ltr'><strong>refercit;</strong></span> <span class='ocrx_word' id='word_1_532' title='bbox 1769 4574 2055 4655; x_wconf 89' lang='lat' dir='ltr'><strong>proprias</strong></span> <span class='ocrx_word' id='word_1_533' title='bbox 2110 4593 2278 4650; x_wconf 89' lang='lat' dir='ltr'><strong>suas,</strong></span> <span class='ocrx_word' id='word_1_534' title='bbox 2333 4577 2386 4640; x_wconf 94' lang='lat' dir='ltr'><strong>si</strong></span> <span class='ocrx_word' id='word_1_535' title='bbox 2432 4593 2577 4658; x_wconf 58' lang='lat' dir='ltr'><strong>qua;</strong></span> <span class='ocrx_word' id='word_1_536' title='bbox 2629 4583 2799 4659; x_wconf 88' lang='lat' dir='ltr'><strong>sunt,</strong></span> <span class='ocrx_word' id='word_1_537' title='bbox 2859 4578 3138 4642; x_wconf 89' lang='lat' dir='ltr'><strong>eruditas</strong></span> <span class='ocrx_word' id='word_1_538' title='bbox 3186 4577 3355 4657; x_wconf 90' lang='lat' dir='ltr'><strong>licet,</strong></span> <span class='ocrx_word' id='word_1_539' title='bbox 3390 4593 3534 4639; x_wconf 90' lang='lat' dir='ltr'><strong>cum</strong></span> <span class='ocrx_word' id='word_1_540' title='bbox 3564 4584 3775 4641; x_wconf 91' lang='lat' dir='ltr'><strong>tamen</strong></span> 
     </span>
    </p>
   </div>
   <div class='ocr_carea' id='block_1_46' title="bbox 401 4665 3772 4750">
    <p class='ocr_par' dir='ltr' id='par_1_46' title="bbox 401 4665 3772 4750">
     <span class='ocr_line' id='line_1_46' title="bbox 401 4665 3772 4750; baseline -0 -15"><span class='ocrx_word' id='word_1_541' title='bbox 401 4668 775 4735; x_wconf 90' lang='lat' dir='ltr'><strong>eruditionis</strong></span> <span class='ocrx_word' id='word_1_542' title='bbox 822 4667 930 4730; x_wconf 90' lang='lat' dir='ltr'><strong>illa</strong></span> <span class='ocrx_word' id='word_1_543' title='bbox 982 4666 1266 4746; x_wconf 80' lang='lat' dir='ltr'><strong>supellex</strong></span> <span class='ocrx_word' id='word_1_544' title='bbox 1346 4665 1426 4728; x_wconf 90' lang='lat' dir='ltr'><strong>ad</strong></span> <span class='ocrx_word' id='word_1_545' title='bbox 1483 4665 1760 4728; x_wconf 88' lang='lat' dir='ltr'><strong>auctoris</strong></span> <span class='ocrx_word' id='word_1_546' title='bbox 1833 4669 2210 4732; x_wconf 90' lang='lat' dir='ltr'><strong>sententiam</strong></span> <span class='ocrx_word' id='word_1_547' title='bbox 2283 4671 2714 4734; x_wconf 77' lang='lat' dir='ltr'><strong>illustrandum</strong></span> <span class='ocrx_word' id='word_1_548' title='bbox 2791 4687 3010 4750; x_wconf 88' lang='lat' dir='ltr'><strong>parum</strong></span> <span class='ocrx_word' id='word_1_549' title='bbox 3067 4670 3408 4750; x_wconf 90' lang='lat' dir='ltr'><strong>pertineat,</strong></span> <span class='ocrx_word' id='word_1_550' title='bbox 3468 4671 3772 4734; x_wconf 90' lang='lat' dir='ltr'><strong>lectorum</strong></span> 
     </span>
    </p>
   </div>
   <div class='ocr_carea' id='block_1_47' title="bbox 401 4756 3780 4842">
    <p class='ocr_par' dir='ltr' id='par_1_47' title="bbox 401 4756 3780 4842">
     <span class='ocr_line' id='line_1_47' title="bbox 401 4756 3780 4842; baseline -0.001 -13"><span class='ocrx_word' id='word_1_551' title='bbox 401 4764 634 4842; x_wconf 91' lang='lat' dir='ltr'><strong>exiguo</strong></span> <span class='ocrx_word' id='word_1_552' title='bbox 691 4760 898 4827; x_wconf 86' lang='lat' dir='ltr'><strong>fructu</strong></span> <span class='ocrx_word' id='word_1_553' title='bbox 955 4759 1130 4822; x_wconf 88' lang='lat' dir='ltr'><strong>auxit</strong></span> <span class='ocrx_word' id='word_1_554' title='bbox 1172 4756 1473 4838; x_wconf 88' lang='lat' dir='ltr'><strong>majorem</strong></span> <span class='ocrx_word' id='word_1_555' title='bbox 1502 4758 1566 4820; x_wconf 93' lang='lat' dir='ltr'><strong>in</strong></span> <span class='ocrx_word' id='word_1_556' title='bbox 1602 4759 1880 4822; x_wconf 91' lang='lat' dir='ltr'><strong>modum.</strong></span> <span class='ocrx_word' id='word_1_557' title='bbox 1918 4759 2032 4825; x_wconf 90' lang='lat' dir='ltr'><strong>Hic</strong></span> <span class='ocrx_word' id='word_1_558' title='bbox 2056 4766 2256 4839; x_wconf 87' lang='lat' dir='ltr'><strong>taceo,</strong></span> <span class='ocrx_word' id='word_1_559' title='bbox 2289 4762 2460 4842; x_wconf 88' lang='lat' dir='ltr'><strong>quod</strong></span> <span class='ocrx_word' id='word_1_560' title='bbox 2489 4761 2554 4824; x_wconf 92' lang='lat' dir='ltr'><strong>in</strong></span> <span class='ocrx_word' id='word_1_561' title='bbox 2582 4762 3032 4826; x_wconf 87' lang='lat' dir='ltr'><strong>Dissertatione</strong></span> <span class='ocrx_word' id='word_1_562' title='bbox 3077 4762 3357 4825; x_wconf 89' lang='lat' dir='ltr'><strong>secunda</strong></span> <span class='ocrx_word' id='word_1_563' title='bbox 3387 4763 3780 4826; x_wconf 91' lang='lat' dir='ltr'><strong>commodius</strong></span> 
     </span>
    </p>
   </div>
   <div class='ocr_carea' id='block_1_48' title="bbox 399 4849 3778 4937">
    <p class='ocr_par' dir='ltr' id='par_1_48' title="bbox 399 4849 3778 4937">
     <span class='ocr_line' id='line_1_48' title="bbox 399 4849 3778 4937; baseline 0.001 -17"><span class='ocrx_word' id='word_1_564' title='bbox 399 4853 929 4937; x_wconf 87' lang='lat' dir='ltr'><strong>exponam,quod</strong></span> <span class='ocrx_word' id='word_1_565' title='bbox 980 4850 1316 4916; x_wconf 87' lang='lat' dir='ltr'><strong>Oxoniensi</strong></span> <span class='ocrx_word' id='word_1_566' title='bbox 1375 4849 1656 4915; x_wconf 92' lang='lat' dir='ltr'><strong>editione</strong></span> <span class='ocrx_word' id='word_1_567' title='bbox 1705 4856 1952 4917; x_wconf 90' lang='lat' dir='ltr'><strong>servata</strong></span> <span class='ocrx_word' id='word_1_568' title='bbox 2009 4855 2211 4920; x_wconf 87' lang='lat' dir='ltr'><strong>veteri</strong></span> <span class='ocrx_word' id='word_1_569' title='bbox 2261 4856 2543 4936; x_wconf 91' lang='lat' dir='ltr'><strong>quidem,</strong></span> <span class='ocrx_word' id='word_1_570' title='bbox 2604 4858 2844 4919; x_wconf 62' lang='lat' dir='ltr'><strong>Irenaeo</strong></span> <span class='ocrx_word' id='word_1_571' title='bbox 2904 4861 3110 4919; x_wconf 90' lang='lat' dir='ltr'><strong>tamen</strong></span> <span class='ocrx_word' id='word_1_572' title='bbox 3170 4854 3360 4933; x_wconf 90' lang='lat' dir='ltr'><strong>longe</strong></span> <span class='ocrx_word' id='word_1_573' title='bbox 3414 4855 3778 4925; x_wconf 87' lang='lat' dir='ltr'><strong>recentiori.</strong></span> 
     </span>
    </p>
   </div>
   <div class='ocr_carea' id='block_1_49' title="bbox 399 4942 3776 5029">
    <p class='ocr_par' dir='ltr' id='par_1_49' title="bbox 399 4942 3776 5029">
     <span class='ocr_line' id='line_1_49' title="bbox 399 4942 3776 5029; baseline 0 -17"><span class='ocrx_word' id='word_1_574' title='bbox 399 4955 463 5012; x_wconf 88' lang='lat' dir='ltr'><strong>at</strong></span> <span class='ocrx_word' id='word_1_575' title='bbox 510 4948 723 5028; x_wconf 88' lang='lat' dir='ltr'><strong>inepta</strong></span> <span class='ocrx_word' id='word_1_576' title='bbox 772 4962 1030 5027; x_wconf 90' lang='lat' dir='ltr'><strong>prorsus</strong></span> <span class='ocrx_word' id='word_1_577' title='bbox 1089 4943 1367 5024; x_wconf 89' lang='lat' dir='ltr'><strong>capitum</strong></span> <span class='ocrx_word' id='word_1_578' title='bbox 1426 4942 1726 5024; x_wconf 90' lang='lat' dir='ltr'><strong>sectione,</strong></span> <span class='ocrx_word' id='word_1_579' title='bbox 1775 4944 2070 5009; x_wconf 87' lang='lat' dir='ltr'><strong>lemmata</strong></span> <span class='ocrx_word' id='word_1_580' title='bbox 2140 4946 2460 5010; x_wconf 88' lang='lat' dir='ltr'><strong>interdum</strong></span> <span class='ocrx_word' id='word_1_581' title='bbox 2504 4965 2614 5027; x_wconf 89' lang='lat' dir='ltr'><strong>pro</strong></span> <span class='ocrx_word' id='word_1_582' title='bbox 2671 4949 2933 5013; x_wconf 86' lang='lat' dir='ltr'><strong>arbitrio</strong></span> <span class='ocrx_word' id='word_1_583' title='bbox 2963 4949 3316 5029; x_wconf 88' lang='lat' dir='ltr'><strong>sustulerit,</strong></span> <span class='ocrx_word' id='word_1_584' title='bbox 3357 4948 3776 5029; x_wconf 91' lang='lat' dir='ltr'><strong>transtulerit,</strong></span> 
     </span>
    </p>
   </div>
   <div class='ocr_carea' id='block_1_50' title="bbox 397 5036 3777 5123">
    <p class='ocr_par' dir='ltr' id='par_1_50' title="bbox 397 5036 3777 5123">
     <span class='ocr_line' id='line_1_50' title="bbox 397 5036 3777 5123; baseline -0.001 -17"><span class='ocrx_word' id='word_1_585' title='bbox 397 5040 797 5123; x_wconf 78' lang='lat' dir='ltr'><strong>dissecuerit,</strong></span> <span class='ocrx_word' id='word_1_586' title='bbox 856 5037 1274 5120; x_wconf 89' lang='lat' dir='ltr'><strong>pluribusque</strong></span> <span class='ocrx_word' id='word_1_587' title='bbox 1304 5053 1432 5101; x_wconf 92' lang='lat' dir='ltr'><strong>non</strong></span> <span class='ocrx_word' id='word_1_588' title='bbox 1465 5053 1606 5100; x_wconf 92' lang='lat' dir='ltr'><strong>raro</strong></span> <span class='ocrx_word' id='word_1_589' title='bbox 1636 5036 1849 5113; x_wconf 91' lang='lat' dir='ltr'><strong>simul,</strong></span> <span class='ocrx_word' id='word_1_590' title='bbox 1897 5056 2020 5103; x_wconf 91' lang='lat' dir='ltr'><strong>non</strong></span> <span class='ocrx_word' id='word_1_591' title='bbox 2059 5041 2198 5104; x_wconf 92' lang='lat' dir='ltr'><strong>sine</strong></span> <span class='ocrx_word' id='word_1_592' title='bbox 2239 5042 2570 5122; x_wconf 90' lang='lat' dir='ltr'><strong>dispendio</strong></span> <span class='ocrx_word' id='word_1_593' title='bbox 2628 5042 2904 5122; x_wconf 87' lang='lat' dir='ltr'><strong>plurium</strong></span> <span class='ocrx_word' id='word_1_594' title='bbox 2956 5044 3229 5123; x_wconf 88' lang='lat' dir='ltr'><strong>capitum</strong></span> <span class='ocrx_word' id='word_1_595' title='bbox 3285 5041 3417 5121; x_wconf 85' lang='lat' dir='ltr'><strong>jam</strong></span> <span class='ocrx_word' id='word_1_596' title='bbox 3473 5043 3777 5106; x_wconf 88' lang='lat' dir='ltr'><strong>lemmati-</strong></span> 
     </span>
    </p>
   </div>
   <div class='ocr_carea' id='block_1_51' title="bbox 396 5130 3770 5214">
    <p class='ocr_par' dir='ltr' id='par_1_51' title="bbox 396 5130 3770 5214">
     <span class='ocr_line' id='line_1_51' title="bbox 396 5130 3770 5214; baseline -0.001 -16"><span class='ocrx_word' id='word_1_597' title='bbox 396 5133 517 5199; x_wconf 90' lang='lat' dir='ltr'><strong>bus</strong></span> <span class='ocrx_word' id='word_1_598' title='bbox 586 5139 1041 5207; x_wconf 88' lang='lat' dir='ltr'><strong>truncatorum,</strong></span> <span class='ocrx_word' id='word_1_599' title='bbox 1101 5131 1442 5209; x_wconf 88' lang='lat' dir='ltr'><strong>congestis,</strong></span> <span class='ocrx_word' id='word_1_600' title='bbox 1522 5131 1622 5194; x_wconf 88' lang='lat' dir='ltr'><strong>vel</strong></span> <span class='ocrx_word' id='word_1_601' title='bbox 1703 5130 1929 5195; x_wconf 91' lang='lat' dir='ltr'><strong>iisdem</strong></span> <span class='ocrx_word' id='word_1_602' title='bbox 1988 5139 2098 5197; x_wconf 89' lang='lat' dir='ltr'><strong>aut</strong></span> <span class='ocrx_word' id='word_1_603' title='bbox 2174 5138 2265 5197; x_wconf 87' lang='lat' dir='ltr'><strong>ter</strong></span> <span class='ocrx_word' id='word_1_604' title='bbox 2337 5130 2646 5212; x_wconf 84' lang='lat' dir='ltr'><strong>repetitis,</strong></span> <span class='ocrx_word' id='word_1_605' title='bbox 2718 5132 3150 5197; x_wconf 84' lang='lat' dir='ltr'><strong>confusionem</strong></span> <span class='ocrx_word' id='word_1_606' title='bbox 3229 5134 3431 5211; x_wconf 89' lang='lat' dir='ltr'><strong>magis</strong></span> <span class='ocrx_word' id='word_1_607' title='bbox 3502 5132 3770 5214; x_wconf 80' lang='lat' dir='ltr'><strong>auxerit,</strong></span> 
     </span>
    </p>
   </div>
   <div class='ocr_carea' id='block_1_52' title="bbox 394 5224 3773 5309">
    <p class='ocr_par' dir='ltr' id='par_1_52' title="bbox 394 5224 3773 5309">
     <span class='ocr_line' id='line_1_52' title="bbox 394 5224 3773 5309; baseline -0.001 -17"><span class='ocrx_word' id='word_1_608' title='bbox 394 5243 582 5309; x_wconf 91' lang='lat' dir='ltr'><strong>quam</strong></span> <span class='ocrx_word' id='word_1_609' title='bbox 616 5226 918 5291; x_wconf 91' lang='lat' dir='ltr'><strong>minuerit</strong></span> <span class='ocrx_word' id='word_1_610' title='bbox 944 5224 1331 5290; x_wconf 89' lang='lat' dir='ltr'><strong>clarissimus</strong></span> <span class='ocrx_word' id='word_1_611' title='bbox 1391 5224 1682 5289; x_wconf 89' lang='lat' dir='ltr'><strong>Grabius.</strong></span> <span class='ocrx_word' id='word_1_612' title='bbox 1715 5225 1897 5306; x_wconf 88' lang='lat' dir='ltr'><strong>Quid,</strong></span> <span class='ocrx_word' id='word_1_613' title='bbox 1931 5227 2099 5305; x_wconf 90' lang='lat' dir='ltr'><strong>quod</strong></span> <span class='ocrx_word' id='word_1_614' title='bbox 2157 5228 2533 5304; x_wconf 88' lang='lat' dir='ltr'><strong>Fragmenta</strong></span> <span class='ocrx_word' id='word_1_615' title='bbox 2577 5227 2792 5288; x_wconf 66' lang='lat' dir='ltr'><strong>Graeca</strong></span> <span class='ocrx_word' id='word_1_616' title='bbox 2843 5225 2976 5289; x_wconf 93' lang='lat' dir='ltr'><strong>suis</strong></span> <span class='ocrx_word' id='word_1_617' title='bbox 3031 5226 3291 5307; x_wconf 90' lang='lat' dir='ltr'><strong>quidem</strong></span> <span class='ocrx_word' id='word_1_618' title='bbox 3335 5225 3491 5289; x_wconf 83' lang='lat' dir='ltr'><strong>locis</strong></span> <span class='ocrx_word' id='word_1_619' title='bbox 3541 5243 3773 5307; x_wconf 90' lang='lat' dir='ltr'><strong>oppor-</strong></span> 
     </span>
    </p>
   </div>
   <div class='ocr_carea' id='block_1_53' title="bbox 390 5315 3775 5402">
    <p class='ocr_par' dir='ltr' id='par_1_53' title="bbox 390 5315 3775 5402">
     <span class='ocr_line' id='line_1_53' title="bbox 390 5315 3775 5402; baseline -0.001 -18"><span class='ocrx_word' id='word_1_620' title='bbox 390 5324 547 5385; x_wconf 90' lang='lat' dir='ltr'><strong>tune</strong></span> <span class='ocrx_word' id='word_1_621' title='bbox 612 5321 868 5402; x_wconf 91' lang='lat' dir='ltr'><strong>inserta,</strong></span> <span class='ocrx_word' id='word_1_622' title='bbox 930 5317 1042 5384; x_wconf 91' lang='lat' dir='ltr'><strong>sed</strong></span> <span class='ocrx_word' id='word_1_623' title='bbox 1109 5317 1196 5381; x_wconf 89' lang='lat' dir='ltr'><strong>ita</strong></span> <span class='ocrx_word' id='word_1_624' title='bbox 1243 5317 1640 5381; x_wconf 88' lang='lat' dir='ltr'><strong>incommode</strong></span> <span class='ocrx_word' id='word_1_625' title='bbox 1710 5315 2015 5398; x_wconf 89' lang='lat' dir='ltr'><strong>disposita</strong></span> <span class='ocrx_word' id='word_1_626' title='bbox 2065 5318 2213 5399; x_wconf 92' lang='lat' dir='ltr'><strong>sint,</strong></span> <span class='ocrx_word' id='word_1_627' title='bbox 2266 5325 2336 5382; x_wconf 88' lang='lat' dir='ltr'><strong>ut</strong></span> <span class='ocrx_word' id='word_1_628' title='bbox 2388 5321 2695 5398; x_wconf 88' lang='lat' dir='ltr'><strong>perpetuo</strong></span> <span class='ocrx_word' id='word_1_629' title='bbox 2755 5320 2928 5382; x_wconf 80' lang='lat' dir='ltr'><strong>velut</strong></span> <span class='ocrx_word' id='word_1_630' title='bbox 3003 5320 3268 5383; x_wconf 89' lang='lat' dir='ltr'><strong>circuitu</strong></span> <span class='ocrx_word' id='word_1_631' title='bbox 3342 5335 3454 5400; x_wconf 91' lang='lat' dir='ltr'><strong>per</strong></span> <span class='ocrx_word' id='word_1_632' title='bbox 3513 5319 3775 5401; x_wconf 85' lang='lat' dir='ltr'><strong>paginas</strong></span> 
     </span>
    </p>
   </div>
   <div class='ocr_carea' id='block_1_54' title="bbox 392 5408 3773 5494">
    <p class='ocr_par' dir='ltr' id='par_1_54' title="bbox 392 5408 3773 5494">
     <span class='ocr_line' id='line_1_54' title="bbox 392 5408 3773 5494; baseline -0.001 -18"><span class='ocrx_word' id='word_1_633' title='bbox 392 5413 690 5479; x_wconf 87' lang='lat' dir='ltr'><strong>oberrare</strong></span> <span class='ocrx_word' id='word_1_634' title='bbox 732 5416 1064 5480; x_wconf 89' lang='lat' dir='ltr'><strong>teneantur</strong></span> <span class='ocrx_word' id='word_1_635' title='bbox 1096 5409 1405 5475; x_wconf 90' lang='lat' dir='ltr'><strong>lectorum</strong></span> <span class='ocrx_word' id='word_1_636' title='bbox 1433 5408 1625 5490; x_wconf 92' lang='lat' dir='ltr'><strong>oculi,</strong></span> <span class='ocrx_word' id='word_1_637' title='bbox 1662 5408 1882 5472; x_wconf 89' lang='lat' dir='ltr'><strong>incerti</strong></span> <span class='ocrx_word' id='word_1_638' title='bbox 1916 5426 2084 5493; x_wconf 59' lang='lat' dir='ltr'><strong>sape</strong></span> <span class='ocrx_word' id='word_1_639' title='bbox 2114 5428 2241 5494; x_wconf 91' lang='lat' dir='ltr'><strong>quo</strong></span> <span class='ocrx_word' id='word_1_640' title='bbox 2286 5409 2431 5473; x_wconf 90' lang='lat' dir='ltr'><strong>ferri</strong></span> <span class='ocrx_word' id='word_1_641' title='bbox 2476 5408 2802 5473; x_wconf 85' lang='lat' dir='ltr'><strong>debeant?</strong></span> <span class='ocrx_word' id='word_1_642' title='bbox 2849 5411 2966 5475; x_wconf 88' lang='lat' dir='ltr'><strong>Sed</strong></span> <span class='ocrx_word' id='word_1_643' title='bbox 2997 5410 3134 5476; x_wconf 73' lang='lat' dir='ltr'><strong>haec</strong></span> <span class='ocrx_word' id='word_1_644' title='bbox 3160 5410 3320 5476; x_wconf 87' lang='lat' dir='ltr'><strong>forte</strong></span> <span class='ocrx_word' id='word_1_645' title='bbox 3348 5412 3773 5493; x_wconf 83' lang='lat' dir='ltr'><strong>typograpbo-</strong></span> 
     </span>
    </p>
   </div>
  </div>
