4048 6476
235 400 300 462 :3
1445 401 1515 463 n.
1562 395 1941 462 MASSUETI
1986 390 2404 460 PREFATIO.
3535 351 3614 464 i4

225 551 358 595 rum
418 535 608 612 culpa
664 541 793 612 est,
858 531 1099 614 quibus
1155 533 1342 596 etiam
1403 531 1830 611 id‘imputare
1883 528 2215 608 debemus,
2248 529 2416 608 quod
2468 534 2640 594 tanta
2664 530 2748 595 sit
2774 530 2948 597 illius
2977 505 3276 599 editiOnis
3303 535 3369 598 in
3401 541 3608 600 trans-

220 625 471 687 marinis
522 626 914 703 regionibus
969 626 1256 705 penuria,
1293 629 1382 698 ut,
1417 641 1560 688 cum
1593 641 1714 686 non
1760 621 1897 684 sine
1926 620 2198 684 maxima
2245 621 2637 704 difﬁcultate,
2692 624 3041 708 majorique
3089 628 3292 709 pretio
3350 646 3608 712 compa-

221 719 336 781 rari
397 727 639 798 posset,
702 737 846 782 eam
933 719 1126 799 prelis
1174 719 1308 782 suis
1363 717 1677 797 subjicere
1731 713 2184 779 meditarentur
2237 714 2602 796 Bipliopola
2656 718 3040 786 Parisienses
3094 725 3163 786 et
3193 723 3609 789 Amstelada-

226 827 495 874 IDE’IISES.

309 993 526 1069 Itaque
588 990 752 1054 viris
806 991 1091 1077 doctrina
1147 996 1210 1055 et
1253 992 1484 1070 pietate
1539 989 1898 1069 conSpicuis
1949 989 2153 1052 visum
2217 993 2313 1053 est
2370 1006 2496 1054 non
2547 990 2770 1056 utilem
2810 994 3019 1077 modo,
3051 997 3165 1061 sed
3194 999 3610 1064 necessariam

235 1101 364 1146 esse
413 1100 650 1146 novam
713 1073 952 1147 Irenai'
993 1083 1357 1162 editionem,
1419 1098 1561 1163 qua
1615 1087 1679 1144 et
1732 1086 2080 1145 accuratior
2124 1086 2312 1161 esset,
2359 1086 2422 1144 et
2477 1099 2513 1144 a
2564 1083 2898 1149 Catholicis
2934 1073 3241 1154 inoffenso
3285 1091 3448 1170 pede
3495 1091 3610 1155 de-

233 1177 393 1239 curri
446 1182 695 1256 posset.
734 1177 806 1238 Id
865 1177 1094 1240 laboris
1135 1193 1169 1239 a
1211 1175 1504 1256 qquiam
1559 1191 1594 1238 e
1644 1175 1873 1238 nostris
1913 1173 2146 1253 suscipi
2197 1173 2553 1254 cupierunt;
2604 1175 2723 1239 rati
2770 1177 3090 1260 videlicet,
3123 1196 3243 1244 nec
3271 1181 3610 1263 immerito,

229 1273 564 1341 Irenaeum,
631 1269 1065 1346 Apostolicum
1118 1269 1298 1331 illum
1355 1268 1584 1346 virum,
1640 1266 2162 1330 Occidentalium
2200 1266 2545 1329 Gallorum
2595 1268 2838 1346 lmnen,
2893 1277 2966 1334 ut
3020 1278 3203 1337 voeat
3249 1274 3614 1340 Theodore-

225 1368 324 1422 tus
367 1359 444 1430 ϐ,
508 1366 842 1440 tantaque
896 1361 1291 1423 auctoritatis
1353 1359 1719 1438 scriptorem
1757 1407 1771 1436 ,
1855 1377 1980 1422 non
2042 1359 2267 1423 mereri
2346 1360 2554 1423 minus
2608 1377 2797 1441 quam
2870 1363 3173 1445 reliquos,
3231 1371 3302 1430 ut
3359 1367 3424 1430 in
3475 1367 3614 1447 ejus

219 1470 490 1532 operum
522 1460 825 1515 accurata
854 1452 1134 1515 editione
1192 1458 1403 1515 nostra
1458 1453 1818 1514 versaretur
1872 1449 2199 1530 industria;
2255 1454 2319 1514 et
2374 1451 2543 1530 quod
2589 1451 2653 1514 in
2713 1453 2854 1517 aliis
2909 1471 3036 1519 non
3067 1457 3432 1536 panitendo
3461 1473 3613 1522 suc-

223 1565 435 1626 cessu,
473 1565 629 1628 qna
659 1563 740 1610 ex
772 1547 1259 1624 congregatione
1307 1551 1516 1608 nostra
1567 1543 1946 1624 prodierant,
1980 1540 2366 1605 editionibus
2397 1543 2749 1622 prastitum
2778 1549 2896 1626 est,
2929 1545 2996 1608 in
3025 1547 3146 1610 ista
3173 1563 3452 1629 quoque,
3486 1565 3614 1613 non

223 1641 436 1700 minus
470 1656 750 1719 operosa
778 1653 964 1718 quam
998 1637 1370 1715 necessaria,
1404 1641 1696 1716 prastare
1725 1650 2113 1698 conaremur.
2142 1635 2210 1696 Id
2261 1634 2455 1713 igitur
2484 1635 2695 1700 oneris
2741 1637 3108 1717 impositum
3165 1640 3344 1721 mihi,
3397 1643 3612 1706 detra-

224 1739 470 1794 ctatum
505 1731 773 1809 quidem
808 1731 1070 1809 diutius,
1104 1729 1270 1792 subii
1303 1727 1738 1800 tandem.Quid
1771 1742 1920 1788 vero
1971 1731 2270 1806 prastare
2300 1731 2562 1790 conatus
2593 1726 2844 1808 fuerim,
2893 1731 3112 1809 paucis
3141 1730 3613 1811 erplicandum.

225 1821 373 1882 Tria
433 1819 600 1881 mihi
677 1818 1076 1898 potissimum
1125 1816 1475 1898 prastanda
1533 1831 1674 1879 esse
1729 1813 1918 1894 duxi;
1974 1818 2213 1878 textum
2251 1817 2599 1882 emendare
2647 1834 2720 1882 ac
2767 1819 3032 1899 pristino
3081 1823 3315 1905 decori,
3365 1831 3437 1888 ut
3482 1827 3618 1890 ﬁeri

222 1921 459 1995 potest,
519 1913 919 1988 restituere;
981 1913 1278 1975 eumdem
1329 1911 1680 1990 illustrare;
1740 1924 1812 1970 ac
1879 1906 2140 2000 demum
2215 1923 2288 1970 ea
2342 1909 2552 1972 omnia
2601 1909 2954 1975 lectoribus
3027 1929 3248 1992 parare
3310 1916 3616 2000 subsidia,

220 2009 466 2088 quibus
533 2006 717 2068 labor
774 2020 992 2067 eorum
1052 2004 1388 2067 minuatur.
1456 2004 1544 2066 Ad
1605 2002 1877 2083 primum
1926 1997 2102 2079 quod
2157 2000 2399 2082 attinet,
2460 2017 2604 2065 cum
2653 2005 2909 2068 Graecus
2963 2007 3186 2070 Irenai
3217 2010 3447 2092 textus,
3482 1997 3618 2074 ma;

218 2100 390 2162 xima
452 2115 532 2162 ex
589 2105 794 2177 parte,
855 2104 1211 2177 temporum
1258 2096 1487 2176 injuria
1519 2145 1534 2175 ,
1597 2095 1836 2158 dudum
1893 2091 2207 2171 perierit,
2266 2110 2560 2174 unusque
2616 2095 2747 2159 fere
2822 2099 3095 2177 supersit
3146 2101 3430 2173 Latinus,
3489 2104 3621 2183 jam

219 2193 422 2276 instar
485 2189 862 2268 archetypi;
918 2189 981 2250 in
1022 2190 1189 2251 hunc
1219 2204 1400 2250 curas
1429 2203 1648 2276 omnes
1678 2185 1941 2264 contuli,
1975 2189 2046 2246 ut
2075 2187 2648 2268 emendatissimus,
2700 2203 2892 2268 quam
2944 2190 3081 2254 ﬁeri
3133 2198 3398 2276 poterat,
3431 2201 3496 2260 et
3541 2197 3622 2261 ab

219 2275 544 2360 inspersis
604 2278 1014 2341 .‘ibrariornm
1075 2277 1259 2356 culpa
1311 2276 1509 2338 navis
1578 2275 2256 2370 abstersusprodiret.
2293 2281 2476 2341 Hunc
2503 2280 2580 2342 ad
2613 2296 2810 2344 novos
2857 2286 2986 2345 tres
3048 2298 3196 2346 mss.
3266 2275 3539 2370 codices,
3587 2307 3623 2352 a

217 2374 400 2435 nullo
463 2373 794 2434 hactenus
845 2368 1210 2438 recensitos,
1270 2367 1685 2430 attentissime
1753 2367 1956 2445 exegi.
2018 2369 2295 2432 Primum
2357 2387 2393 2434 e
2463 2371 2852 2436 Bibliotheca
2907 2372 3370 2440 Claromontani
3428 2367 3626 2444 Colle-

224 2465 316 2538 gii
373 2468 523 2526 Sec.
584 2465 747 2524 Jesu
805 2467 1154 2539 acceptum,
1229 2460 1534 2522 utendum
1577 2458 1732 2520 mihi
1783 2459 2052 2536 prabuit
2112 2462 2209 2524 vir
2254 2464 2680 2539 doctissimus,
2739 2465 2922 2544 cujus
2981 2466 3434 2534 humanitatem
3465 2489 3625 2535 nun~

215 2574 412 2636 quam
479 2572 616 2616 non
675 2552 920 2631 experti
969 2569 1209 2630 sumus,
1245 2555 1315 2612 Β.
1349 2549 1412 2613 Ρ.
1457 2553 1726 2643 Joannes
1760 2549 2140 2632 Harduinus,
2175 2553 2386 2616 eidem
2421 2554 2832 2618 Bibliotheca
2889 2556 3245 2636 prafectus.
3282 2563 3344 2624 Is
3373 2563 3628 2643 Optima

217 2657 387 2711 noue
439 2648 683 2723 codex,
737 2660 882 2706 cum
934 2649 1079 2706 ante
1124 2659 1320 2705 annos
1374 2651 1443 2706 ut
1499 2642 1824 2704 minimum
1857 2643 1974 2706 800
2003 2647 2274 2725 scriptus
2333 2647 2443 2717 sit,
2526 2651 2686 2710 teste
2726 2649 3156 2714 eruditissimo
3221 2652 3349 2731 pia
3387 2642 3627 2719 memo-

219 2746 334 2805 ria
369 2746 440 2804 D.
473 2745 734 2804 Joanne
805 2737 1184 2817 Mabillonio,
1234 2737 1456 2817 perito,
1514 2736 1567 2799 si
1624 2737 1766 2816 quis
1822 2753 2125 2818 unquam,
2187 2739 2406 2801 talium
2459 2756 2672 2802 rerum
2731 2739 3133 2823 astimatore,
3193 2746 3502 2826 omnium,
3552 2748 3630 2811 ad

211 2856 375 2918 quas
435 2837 700 2916 priores
765 2833 1076 2895 editiones
1143 2832 1314 2900 iacta
1370 2836 1536 2910 sunt,
1593 2831 1841 2894 videtur
1878 2830 2377 2910 antiquissimus.
2413 2829 2668 2893 Mutilus
2722 2833 2929 2893 tamen
2985 2837 3125 2913 est;
3167 2834 3405 2898 avulsis
3456 2837 3626 2901 enim

223 2929 578 3010 postremis
648 2926 824 2988 foliis
881 2924 1194 3004 pluribus,
1256 2923 1551 2987 extremis
1608 2922 1736 2986 fere
1791 2923 2011 2986 decem
2069 2923 2382 3002 capitibus
2435 2923 2800 2986 decurtatus
2857 2928 3068 2988 manet
3121 2925 3284 2990 liber
3338 2928 3626 3008 quintus,

223 3031 322 3087 An
379 3038 564 3099 casu,
596 3038 685 3082 an
746 3019 1102 3097 improvido
1162 3017 1339 3079 scioli
1396 3017 1746 3097 cujuspiam
1780 3016 1903 3094 (cui
1934 3015 2096 3078 forte
2125 3014 2520 3094 displicuerit
2549 3013 3039 3078 Millenariorum
3079 3034 3255 3082 error
3281 3019 3361 3083 ab
3389 3023 3630 3086 Irenao

219 3113 717 3196 propugnatus)
754 3110 889 3172 zelo
920 3109 980 3170 id
1003 3108 1321 3188 acciderit,
1356 3109 1693 3170 obscurum
1726 3113 1842 3170 est.
1891 3111 2140 3170 Certum
2194 3112 2290 3170 est
2339 3106 2659 3184 integrum
2708 3105 2858 3170 olim
2908 3107 3102 3172 fuisse
3147 3111 3452 3187 codicem,
3483 3129 3630 3176 cum

220 3227 373 3288 pars
425 3205 736 3270 vicesimi
799 3203 961 3266 sexti
1018 3202 1241 3282 capitis
1318 3203 1525 3265 adhuc
1590 3203 1882 3281 supersit.
1946 3204 2180 3264 Catera
2251 3197 2549 3276 deinceps
2618 3198 2697 3261 ad
2752 3199 2900 3262 libri
2959 3199 3153 3264 ﬁnem
3233 3202 3630 3269 interierunt.

225 3301 396 3363 Hinc
454 3300 1030 3362 Claromontanum
1107 3293 1385 3357 codicem
1465 3293 1788 3356 diversum
1844 3309 1985 3357 esse
2034 3310 2072 3355 a
2119 3291 2615 3354 Feuardentiano
2693 3292 3094 3357 manifestum
3155 3296 3406 3360 videtur
3455 3319 3470 3362 :
3529 3299 3633 3363 hic

225 3395 408 3454 enim
469 3393 734 3467 integer
797 3387 934 3460 fuit,
1008 3385 1115 3448 ille
1171 3402 1322 3450 vero
1380 3386 1578 3448 multo
1635 3386 2047 3450 emendatior.
2107 3384 2381 3448 Alterius
2433 3384 2672 3447 codicis
2727 3385 2931 3450 varias
2976 3387 3281 3454 lectiones
3309 3397 3442 3456 toto
3470 3393 3634 3457 libro

223 3485 444 3564 primo
503 3489 571 3544 et
627 3479 952 3559 prioribus
997 3483 1138 3540 octo
1184 3476 1329 3539 libri
1384 3477 1645 3540 secundi
1704 3477 2016 3557 capitibus
2066 3477 2396 3541 Passeratii
2447 3493 2633 3540 manu
2695 3478 3040 3559 descriptas
3084 3482 3163 3544 ad
3217 3499 3392 3548 oram
3443 3486 3635 3549 unius

221 3574 636 3654 exemplaris
688 3570 988 3633 editionis
1036 3566 1295 3649 Erasmi,
1357 3569 1437 3631 ab
1495 3585 1622 3661 uno
1678 3585 1714 3632 e
1752 3570 2095 3661 rreverend.
2171 3571 2464 3640 Patrinus
2517 3569 2942 3635 Dominicanis
2997 3573 3123 3638 vici
3177 3577 3238 3637 S.
3298 3580 3621 3661 Honorati,

219 3667 435 3744 hujus
492 3665 682 3727 urbis
719 3711 735 3742 ,
828 3661 1029 3723 amico
1110 3677 1249 3723 meo
1351 3660 1588 3739 accepi.
1650 3660 1808 3734 Quin
1858 3678 1895 3724 e
1953 3678 2071 3726 ms.
2115 3663 2354 3744 codice,
2417 3680 2620 3743 eoque
2681 3666 3078 3745 perantiquo,
3111 3683 3184 3730 ac
3233 3667 3414 3733 bona
3444 3660 3632 3753 nota,

221 3766 299 3822 et
368 3776 406 3819 a
464 3755 994 3832 Feuardentiano,
1031 3754 1505 3817 Claromontano
1534 3758 1599 3817 et
1639 3753 1938 3818 Vossiano
1969 3754 2218 3818 diverso
2265 3761 2577 3834 excerpta
2623 3755 2771 3836 sint,
2823 3757 3038 3820 nullus
3066 3758 3431 3837 ambigendi
3458 3762 3636 3827 locus

239 3851 418 3912 mihi
478 3855 603 3920 est,
641 3864 759 3910 nec
814 3847 954 3909 aliis
1005 3846 1145 3926 erit,
1179 3845 1288 3926 qui
1316 3861 1423 3908 eas
1455 3862 1599 3907 cum
1625 3845 2023 3908 laudatorum
2052 3846 2338 3909 codicum
2389 3847 2770 3910 lectionibus
2800 3849 3205 3913 contulerint.
3239 3852 3388 3925 Quis
3417 3854 3500 3918 sit
3529 3854 3636 3918 ille

231 3944 490 4021 mdes,
544 3948 610 4004 et
660 3940 780 4002 ubi
837 3956 1004 4002 nunc
1055 3939 1400 4018 delitescat,
1464 3938 1770 4002 hactenus
1823 3939 2302 4018 deprehendere
2358 3954 2483 4000 non
2541 3938 2756 4020 potui;
2789 3940 3088 4003 amissum
3124 3958 3248 4009 non
3276 3944 3434 4016 adeo
3463 3963 3636 4026 agre

231 4034 517 4104 ferrem.
583 4033 636 4094 si
697 4036 956 4094 cateras
1009 4031 1209 4093 varias
1265 4030 1571 4094 lectiones
1615 4031 1693 4093 ad
1751 4030 1896 4092 libri
1957 4030 2054 4093 sui
2111 4030 2461 4108 marginem
2520 4035 2740 4094 notare
2795 4032 3178 4111 perrexisset
3220 4038 3630 4104 Passeratius.

227 4127 517 4189 Tertius
570 4123 770 4186 codex
824 4139 948 4203 quo
1013 4138 1165 4186 usus
1226 4138 1389 4197 sum,
1453 4139 1671 4187 recens
1725 4122 1802 4185 ad
1857 4122 2264 4194 chartaceus,
2327 4138 2527 4185 annos
2596 4124 3092 4203 quadringentos
3147 4143 3273 4192 non
3329 4131 3630 4212 excedit,

233 4233 376 4280 nec
478 4215 829 4296 posteriora
882 4215 1163 4294 quinque
1218 4214 1366 4278 libri
1425 4214 1631 4293 quinti
1683 4215 1886 4294 capita
1946 4216 2249 4279 continet.
2311 4217 2372 4278 Is
2434 4218 2649 4279 Roma
2701 4221 3059 4281 asservatur
3113 4220 3180 4282 in
3245 4221 3635 4289 Bibliotheca

229 4307 750 4373 eminentissimi
809 4307 1137 4370 cardinalis
1190 4307 1518 4385 Ottoboni;
1576 4323 1769 4386 quem
1825 4308 2084 4388 quidem
2132 4309 2230 4371 vir
2285 4308 2584 4388 optimus,
2633 4325 2706 4373 ac
2762 4311 2842 4374 de
2886 4311 3114 4376 litteris
3143 4319 3269 4376 tam
3301 4315 3463 4381 bene
3491 4335 3629 4384 me-
3671 4318 3673 4320 ’

235 4401 423 4462 ritus
483 4403 560 4463 Ι).
616 4400 1016 4475 Bianchinus,
1073 4415 1187 4480 pro
1242 4398 1547 4476 singulari
1576 4415 1689 4461 sua
1717 4398 1784 4461 in
1814 4417 1928 4464 nos
1956 4401 2365 4481 humanitate,
2400 4401 2888 4465 communicavit
2917 4419 3062 4468 cum
3095 4408 3221 4468 RR.
3253 4409 3370 4471 PP.
3403 4410 3633 4479 domno

237 4493 609 4557 Guillelmo
641 4496 727 4554 La
783 4494 987 4572 Parre,
1020 4489 1541 4584 Congaegationis
1587 4506 1818 4584 noVStra
1865 4493 1931 4554 in
1985 4492 2159 4557 curia
2214 4496 2492 4557 Romana
2535 4499 2938 4573 procuratore
3009 4499 3312 4582 generali,
3366 4500 3632 4584 ejusque

245 4587 438 4649 socio
498 4587 569 4648 D.
635 4585 892 4648 Claudio
947 4585 1026 4648 de
1081 4584 1215 4663 Vic,
1296 4583 1407 4662 qui
1465 4581 1604 4661 ejus
1661 4583 1964 4648 lectiones
2019 4601 2132 4665 pro
2196 4601 2313 4648 sua
2388 4585 2779 4664 benignitate
2849 4587 3210 4656 describere
3276 4581 3341 4658 et
3393 4581 3472 4658 ad
3526 4581 3632 4661 me

255 4679 704 4743 transmittere
749 4678 987 4757 dignati
1039 4681 1206 4742 sunt.

347 4865 418 4924 In
478 4860 841 4925 subsidium
891 4863 1291 4923 accesserunt
1340 4859 1387 4922 ii
1432 4858 1702 4938 codices,
1753 4858 1986 4938 quibus
2039 4860 2106 4923 in
2149 4861 2528 4926 adornandis
2555 4863 2939 4928 editionibus
2980 4865 3113 4928 suis
3154 4867 3252 4931 usi
3287 4874 3436 4933 sunt
3503 4875 3636 4936 tum

257 4955 637 5020 Franciscns
705 4952 1189 5022 Feuardentius,
1255 4957 1387 5014 tum
1447 4951 1831 5014 clarissimus
1896 4955 2166 5016 Joannes
2214 4957 2516 5018 Ernestus
2569 4956 2858 5030 Grabius,
2919 4971 3186 5037 quorum
3245 4961 3449 5024 varias
3501 4962 3634 5026 lec-

261 5051 466 5116 tiones
529 5051 606 5114 ad
665 5063 842 5112 oram
905 5044 1202 5109 editionis
1255 5062 1387 5109 sua
1444 5062 1568 5108 non
1625 5045 2034 5122 indiligenter
2061 5045 2358 5122 (Grabius
2412 5048 2782 5128 praesertim)
2817 5052 3346 5128 ascr1pserunt.Et
3375 5052 3634 5130 quidem

259 5151 531 5208 veterem
583 5144 796 5220 illum,
863 5155 1000 5218 quo
1048 5137 1496 5200 Feuardentius
1557 5154 1711 5200 usus
1764 5141 1882 5216 est,
1936 5137 2160 5199 frustra
2207 5137 2640 5220 quasivimus,
2695 5154 2904 5218 neque
2957 5144 3172 5202 utrum
3225 5139 3504 5219 perierit,
3555 5160 3636 5206 an

263 5238 321 5301 in
373 5238 639 5320 alicujus
687 5229 1125 5299 Bibliotheca
1180 5230 1394 5292 forulis
1464 5230 1812 5307 delitescat,
1863 5229 2025 5292 scire
2066 5230 2410 5310 potuimus.
2444 5231 2733 5312 Suntqui
2763 5230 3124 5295 existimant
3154 5247 3310 5320 eum
3354 5232 3419 5296 in
3475 5237 3637 5300 Vos-

252 5332 331 5403 εἰ]
369 5353 601 5405 manus
655 5323 1080 5400 devenisse;
1149 5323 1254 5385 sed
1313 5324 1618 5404 utiusque
1674 5323 1975 5387 lectiones
2025 5323 2393 5405 conferenti,
2469 5324 2754 5388 diversos
2805 5341 2948 5388 esse
2998 5324 3210 5388 statim
3284 5329 3633 5408 apparebit.

217 5437 414 5510 All-um
469 5433 797 5504 codicem
873 5417 950 5480 in
1017 5413 1389 5480 Bibliotheca
1443 5417 1733 5481 Vaticana
1787 5423 2175 5480 asservatum
2228 5417 2379 5481 citat
2435 5417 2690 5482 Latinus
2744 5417 3048 5497 Latinius,
3098 5417 3437 5501 variasque
3466 5422 3641 5505 ejus-

237 5669 272 5725 α
295 5642 752 5731 Theodore!”
823 5615 1023 5694 Dial,
1059 5617 1116 5692 1,
1149 5631 1272 5695 pag,
1305 5616 1403 5681 33.
