4048 6404
479 384 554 450 15
1610 384 1672 447 S.
1720 385 2082 452 IRENIEUS
2130 385 2449 453 LUGDUN
2497 387 2728 453 EPISC.
3791 393 3880 457 16

480 520 623 584 dem
653 520 956 586 lectiones
1021 519 1246 600 refert,
1295 523 1360 584 et
1388 522 1529 600 post
1576 535 1722 584 eum
1767 520 2262 601 Feuardentius;
2325 518 2434 583 sed
2487 517 2616 599 jam
2661 519 2726 583 in
2775 519 2884 584 illa
2913 520 3300 585 Bibliotheca
3329 522 3696 603 desiderari,
3731 531 3871 587 turn

466 619 546 678 ex
573 613 652 679 iis
680 611 790 695 qui
822 617 961 678 eam
991 615 1336 694 diligenter
1393 613 1895 694 perlustrarunt,
1931 619 2067 676 tum
2119 630 2199 678 ex
2246 612 2592 677 amicorum
2650 614 2881 679 litteris
2931 614 3170 696 accepi.
3227 618 3521 691 Quatuor,
3591 621 3658 679 ut
3710 617 3879 699 dixi,

471 717 623 767 mss.
659 701 986 769 codicibus
1035 713 1225 769 usum
1282 719 1352 769 se
1403 721 1542 770 esse
1585 706 1913 785 proﬁtetur
1961 703 2250 787 Grabius,
2293 704 2402 770 illo
2459 706 2756 771 nimirum
2813 707 2926 788 qui
2975 708 3165 771 Isaaci
3201 709 3405 772 Vossii
3455 709 3594 783 fuit,
3629 709 3878 790 Optimo

469 791 685 861 codice
747 811 937 878 supra
985 797 1262 863 laudato“.
1316 811 1508 878 quem
1568 796 2039 861 accuratissime
2096 815 2240 861 cum
2295 800 2638 881 exemplari
2681 802 3083 866 Feuardentii
3147 803 3421 866 contulit
3479 804 3873 884 Dodwellus,

464 889 743 970 indeque
797 891 1091 954 collectas
1148 891 1349 954 varias
1407 889 1709 954 lectiones
1761 905 1905 952 cum
1966 889 2191 954 eodem
2240 891 2470 957 Grabio
2531 893 3063 974 communicavit;
3121 895 3572 970 Arundeliano,
3632 897 3696 958 in
3756 896 3870 958 Bi-

473 981 789 1046 bliotheca
844 983 1061 1064 Regia;
1119 983 1438 1049 societatis
1489 981 1754 1046 Londini
1806 980 1935 1062 jam
1994 989 2314 1050 asservato
2344 1033 2364 1062 ,
2424 1002 2614 1066 quem
2676 987 3292 1067 quadringentorum
3350 1006 3658 1052 annorum
3718 1005 3866 1052 esse

465 1074 846 1156 arbitratur;
894 1077 959 1139 et
1006 1075 1367 1156 apographo
1420 1075 1797 1138 variantium
1854 1073 2221 1154 lectionum,
2259 1093 2418 1157 quas
2469 1095 2506 1143 a
2552 1079 2721 1143 Josia
2778 1084 3056 1144 Mercero
3115 1081 3261 1144 olim
3320 1099 3355 1145 e
3406 1082 3655 1146 duobus
3703 1100 3859 1145 mss.

413 1179 424 1196 ί·
467 1163 819 1248 codicibus,
895 1169 1109 1232 nescio
1153 1168 1413 1249 quibus,
1474 1167 1562 1230 ait
1608 1167 1901 1239 Grabius,
1935 1173 2172 1246 erutas,
2219 1167 2384 1232 idem
2445 1169 2708 1232 Vossius
2764 1169 3134 1233 Dondwello
3177 1171 3625 1235 describendas
3655 1171 3860 1234 dede-

468 1269 584 1324 rat.
646 1257 767 1326 Sed
821 1277 1029 1342 neque
1083 1261 1374 1340 Grabius,
1440 1277 1649 1341 neque
1711 1260 1992 1336 Vossius,
2047 1279 2259 1343 neque
2312 1262 2474 1326 alius
2529 1262 2888 1343 quisquam,
2952 1268 3182 1342 praeter
3210 1266 3442 1328 Josiam
3475 1268 3853 1346 Mercerum,

462 1353 622 1419 duos
678 1354 821 1419 illos
884 1354 1137 1418 codices
1188 1354 1427 1419 vidisse
1479 1372 1550 1419 se
1605 1353 1782 1433 dicit,
1840 1369 1957 1417 nec
2016 1355 2129 1420 ubi
2181 1356 2311 1435 jam
2369 1359 2619 1420 exstent
2675 1356 2931 1420 indicat.
2990 1358 3152 1430 Quas
3182 1374 3329 1422 vero
3359 1375 3437 1420 ex
3489 1358 3860 1439 apographo

460 1446 653 1512 refert
698 1446 1062 1512 eorumdem
1125 1447 1330 1511 varias
1387 1447 1692 1512 lectiones
1740 1447 2030 1526 Grabius,
2087 1463 2303 1510 secum
2359 1446 2487 1510 illae
2530 1447 2692 1512 adeo
2722 1445 2794 1510 'in
2827 1447 3123 1511 omnibus
3155 1448 3284 1513 fere
3314 1451 3742 1524 consentiunt,
3781 1456 3857 1513 ut

459 1554 539 1603 ex
589 1555 718 1602 uno
775 1543 840 1601 et
900 1538 1122 1603 eodem
1167 1539 1385 1603 codice
1440 1545 1753 1620 excerptas
1803 1555 1942 1603 esse
1974 1539 2330 1614 videantur,
2379 1546 2491 1604 aut
2546 1541 2766 1606 saltem
2828 1559 2904 1605 ex
2958 1544 3229 1618 duobus,
3263 1561 3532 1624 quorum
3583 1545 3743 1607 alter
3774 1562 3854 1607 ex

457 1632 654 1696 altero
701 1624 1057 1714 descriptus
1107 1633 1316 1715 fuerit;
1368 1637 1637 1714 uterque
1696 1650 1866 1714 vero,
1929 1631 1983 1696 si
2041 1632 2166 1695 duo
2223 1631 2373 1714 sint,
2403 1650 2482 1699 ex
2529 1634 2770 1698 recenti
2801 1635 3042 1709 codice,
3083 1653 3290 1718 eoque
3321 1653 3444 1700 non
3474 1637 3632 1700 adeo
3666 1637 3855 1700 bonae

456 1730 643 1790 notae.
673 1728 748 1790 Et
799 1725 922 1790 nisi
970 1743 1073 1790 me
1128 1725 1299 1792 fallat
1340 1727 1722 1808 conjectura,
1774 1732 1928 1808 puto
1981 1726 2468 1790 Ottobonianum
2525 1725 2808 1790 codicem
2867 1728 3160 1808 superius
3214 1732 3652 1809 memoratum,
3705 1745 3854 1793 esse

455 1816 665 1898 ipsum
721 1819 1183 1900 autographum
1238 1836 1316 1884 ex
1371 1837 1500 1900 quo
1552 1819 1829 1901 primum
1891 1817 2336 1900 transcriptum
2394 1818 2588 1883 fuerit
2641 1819 3100 1900 apograpbum,
3163 1826 3228 1886 et
3289 1838 3367 1884 ex
3440 1821 3561 1884 hoc
3623 1820 3846 1902 aliud;

455 1915 796 1990 utrumque
847 1927 997 1975 vero
1070 1927 1214 1976 cum
1265 1911 1328 1976 in
1395 1913 1585 1978 Iosim
1639 1911 1902 1976 Merceri
1970 1925 2197 1993 manus
2253 1910 2604 1993 devenerit,
2637 1928 2753 1976 ceu
2811 1913 3074 1978 totidem
3118 1914 3401 1978 diversos
3457 1912 3708 1977 codices
3739 1913 3850 1976 ba-

454 1997 614 2064 bult.
667 2002 1074 2082 Quaecunque
1131 2003 1301 2067 enim
1357 2019 1435 2069 ex
1488 2001 1905 2067 Ottoboniano
1954 1997 2258 2086 lectiones
2307 2002 2462 2065 mihi
2515 2005 2711 2068 Roma
2741 2005 3128 2068 transmissae
3187 2009 3360 2086 sunt,
3413 2004 3654 2068 eadem
3710 2005 3845 2069 fere

451 2096 623 2174 sunt,
655 2097 813 2174 quas
868 2093 1137 2160 Grabius
1165 2113 1243 2160 ex
1276 2091 1527 2162 duobus
1570 2094 1697 2159 illis
1754 2093 2014 2159 Merceri
2065 2083 2392 2158 codicibus
2437 2095 2693 2174 allegat.
2747 2098 2946 2170 Quare
3005 2097 3153 2161 licet
3203 2114 3241 2160 a
3297 2083 3480 2161 nobis
3535 2095 3843 2161 lectiones

450 2185 706 2249 illorum
759 2186 943 2251 codd.
991 2183 1181 2252 variae
1227 2205 1305 2253 ex
1362 2187 1590 2254 Grabio
1648 2187 2081 2268 adducantur;
2153 2192 2363 2250 tamen
2427 2187 2554 2250 illis
2604 2187 2747 2268 plus
2804 2188 2949 2252 ﬁdei
3015 2190 3361 2254 attribuant
3430 2205 3621 2270 quam
3696 2205 3842 2252 me-

447 2283 705 2342 reantur
755 2277 1102 2357 (merentur
1158 2286 1372 2346 autem
1427 2281 1776 2360 exiguam),
1833 2279 2107 2344 monitos
2171 2279 2438 2343 lectores
2492 2281 2702 2344 velim.
2764 2281 3226 2345 Arundelianus
3283 2281 3480 2345 codex
3552 2281 3841 2361 interpo-

448 2371 614 2436 latus
659 2372 854 2436 fuisse
909 2369 1163 2437 videtur
1191 2374 1348 2450 Asive
1399 2391 1436 2438 a
1486 2373 1744 2439 librario
1795 2373 1955 2454 ipso,
2008 2372 2143 2436 sive
2196 2373 2276 2436 ab
2343 2373 2556 2454 aliquo
2615 2375 3000 2456 recentiori;
3063 2377 3231 2456 quod
3304 2375 3839 2441 verisimillimum

449 2469 752 2544 agnoscet
811 2464 1099 2546 quisquis
1153 2465 1438 2546 ejusdem
1499 2467 1805 2530 lectiones
1863 2464 2210 2544 diligenter
2288 2467 2715 2546 pcrpcnderit.
2783 2468 2963 2530 Unde
3030 2473 3319 2548 superest
3404 2484 3570 2528 unus
3628 2467 3834 2531 Vossii

448 2558 670 2636 codex,
722 2559 903 2639 cujus
961 2563 1182 2624 nutare
1239 2575 1362 2624 non
1423 2559 1624 2641 possit
1682 2559 1858 2623 ﬁdes.
1925 2562 1996 2621 Et
2051 2574 2272 2622 revera
2346 2558 2591 2623 collatis
2647 2558 2933 2637 ejusdem
2981 2560 3362 2623 lectionibus
3417 2576 3561 2622 cum
3613 2559 3830 2627 Claro-

447 2649 784 2732 niontanis,
843 2656 908 2715 et
963 2649 1044 2715 iis
1113 2669 1271 2732 quas
1321 2669 1398 2716 ex
1450 2651 1649 2716 veteri
1707 2667 1823 2715 suo
1876 2649 2097 2714 codice
2144 2649 2336 2714 refert
2399 2651 2878 2727 Feuardentius,
2936 2651 3268 2732 antiquum
3333 2667 3474 2715 esse
3517 2657 3582 2714 et
3635 2650 3823 2714 bona}

446 2743 612 2806 notae
658 2742 1088 2824 deprehendi;
1147 2745 1214 2807 in
1261 2761 1464 2826 eoque
1519 2742 1765 2807 cmteris
1819 2741 2154 2821 omnibus,
2201 2743 2311 2823 qui
2355 2743 2482 2823 jam
2540 2748 2900 2824 supersunt,
2959 2743 3342 2823 przecellere,
3391 2743 3560 2822 quod
3618 2742 3819 2823 solus,

445 2835 682 2900 Grabio
732 2840 916 2916 teste,
975 2836 1327 2916 posteriora
1381 2837 1664 2916 quinque
1735 2833 1880 2898 libri
1929 2833 2136 2914 quiuti
2194 2835 2398 2915 capita
2449 2836 2784 2898 contineat.
2846 2838 2975 2899 Nec
3026 2834 3290 2915 proinde
3346 2834 3656 2914 dubitavi,
3716 2835 3824 2898 ubi

443 2932 575 2992 tre’s
633 2929 811 3005 istos,
866 2930 1150 2994 omnium
1189 2929 1580 3010 antiquiores
1630 2933 1695 2993 et
1734 2927 2050 3006 meliores,
2100 2928 2566 2991 consentientes
2610 2927 2826 3001 habui,
2879 2932 3116 2990 textum
3175 2942 3396 2990 eorum
3452 2927 3824 2989 auctoritate

442 3019 800 3100 restituere,
859 3019 1140 3102 ipsisque
1180 3068 1197 3100 ,
1254 3021 1486 3101 spretis
1542 3020 1686 3084 aliis
1719 3069 1736 3100 ,
1791 3021 1870 3085 ad
1923 3017 2224 3084 amussim
2282 3021 2626 3090 adhaerere,
2692 3019 2813 3082 nisi
2870 3024 3118 3100 apertas
3174 3019 3596 3099 corruptionis
3647 3028 3826 3084 notas

448 3121 582 3194 prae
631 3119 699 3174 Se
755 3112 1041 3176 tulerint.

520 3453 755 3518 Praeter
803 3468 953 3518 mss.
994 3453 1269 3529 codices,
1300 3454 1470 3518 edita
1524 3452 1930 3534 exemplaria,
1979 3448 2340 3530 antiquiora
2387 3445 2764 3528 praesertim,
2799 3447 3130 3512 consulere
3183 3463 3304 3511 non
3340 3446 3567 3528 piguit,
3613 3462 3815 3526 eaque

442 3544 786 3626 interdum,
823 3547 934 3610 ubi
967 3563 1117 3611 mss.
1152 3548 1403 3611 codices
1455 3547 1557 3611 vel
1617 3544 1964 3627 depravati,
2025 3543 2126 3608 vel
2185 3540 2396 3603 minus
2453 3540 2586 3602 sani
2646 3557 2787 3605 esse
2848 3541 3246 3622 videbantur,
3303 3557 3672 3622 proponere.
3721 3541 3817 3602 Sic

439 3636 670 3702 factum
726 3647 794 3704 ut
851 3641 1072 3704 lrenaai
1132 3645 1376 3705 textum
1437 3639 1725 3720 plurimis
1780 3639 1989 3702 adhuc
2038 3636 2101 3700 in
2158 3635 2314 3699 locis
2377 3635 2476 3699 vel
2535 3635 2881 3700 scribarum
2943 3653 3053 3700 seu
3127 3635 3443 3715 imperitia
3505 3636 3812 3716 vitiatum,

439 3747 554 3794 seu
602 3733 936 3798 oscitantia
989 3733 1374 3807 mutilatum,
1406 3733 1507 3798 vel
1566 3731 1908 3796 sciolorum
1961 3729 2224 3794 audacia
2281 3729 2762 3817 redundantem,
2795 3735 2905 3792 aut
2935 3729 3405 3809 interpolatum,
3437 3727 3816 3807 castigarim;

437 3824 668 3890 additis
723 3841 867 3908 quae
917 3827 1200 3900 deerant,
1231 3826 1492 3892 resectis
1547 3842 1692 3907 quae
1751 3823 2180 3904 abundabant,
2228 3829 2400 3888 recte
2456 3823 2774 3886 distinctis
2820 3839 2963 3902 quae
2996 3823 3159 3886 male
3181 3821 3591 3906 “cohaerebant
3626 3823 3819 3884 :adco

438 3923 511 3982 ut
571 3935 770 3998 pauca
823 3920 954 4000 jam
988 3921 1144 3984 mihi
1185 3936 1517 4002 superesse
1547 3919 1902 3998 videantur,
1962 3918 2026 3980 in
2086 3915 2320 3997 quibus
2377 3915 2667 3979 lectionis
2725 3915 3061 3978 difﬁcultas
3120 3915 3418 3978 lectorem
3479 3913 3675 3994 possit
3717 3931 3811 3977 re-

439 4013 699 4080 morari.
748 4013 864 4078 Ubi
918 4030 1069 4078 vero
1108 4013 1439 4078 manifesta
1496 4013 1614 4077 fuit
1661 4011 2114 4093 exemplarium
2166 4008 2551 4089 depravatio,
2588 4009 2748 4070 hanc
2781 4007 2879 4071 vel
2909 4025 2985 4071 ex
3037 4008 3272 4072 Graecis
3318 4009 3552 4087 verbis,
3590 4007 3645 4069 si
3676 4007 3818 4069 illo-

441 4123 580 4170 rum
643 4108 824 4189 ropia
883 4109 1096 4190 fuerit,
1129 4110 1229 4173 vel
1288 4125 1364 4173 ex
1415 4107 1564 4173 aliie
1611 4107 1927 4191 parallelis
1975 4105 2153 4180 locis,
2213 4103 2278 4166 in
2335 4099 2571 4181 quibus
2616 4106 2952 4162 occurrunt
2999 4101 3216 4164 eadem
3277 4115 3533 4180 prorsus
3561 4101 3821 4178 repetita

441 4198 658 4270 verba,
724 4200 823 4264 vel
881 4217 957 4264 ex
1013 4201 1396 4282 conjecturis
1455 4201 1711 4264 aliunde
1768 4200 1978 4281 certis,
2012 4191 2546 4262 adbibito'etiam
2611 4192 3115 4257 doctissimorum
3183 4194 3506 4256 hominum
3538 4193 3816 4271 c0nsilio,

441 4292 779 4356 emendare
836 4309 961 4357 non
1020 4292 1333 4357 dubitavi.
1385 4293 1454 4357 Id
1516 4300 1727 4357 tamen
1784 4291 2008 4369 rarius,
2039 4297 2102 4354 et
2147 4294 2322 4352 tanta
2378 4287 2686 4364 religione
2748 4287 2973 4350 factum
3029 4293 3146 4369 est,
3182 4293 3254 4350 ut
3283 4287 3538 4365 vulgata
3608 4286 3812 4367 lectio,

440 4385 848 4463 quantumvis
911 4391 1128 4466 aperte
1184 4391 1500 4466 corrupta,
1535 4387 1610 4450 ad
1645 4401 1816 4448 oram
1876 4384 2022 4447 libri
2077 4387 2407 4462 servetur;
2468 4379 2698 4442 deinde
2727 4385 2896 4442 utea
2942 4380 3199 4444 licentia
3255 4379 3418 4442 intra
3469 4379 3817 4456 singulares

441 4491 651 4555 voces,
686 4480 752 4539 et
806 4493 931 4541 non
984 4483 1108 4540 tam
1156 4479 1358 4542 Latini
1409 4479 1797 4560 interpretis,
1851 4493 2035 4558 quam
2093 4471 2492 4538 librariorum
2553 4471 2738 4550 culpa
2784 4471 3152 4550 depravatas
3208 4470 3532 4544 constitit;
3589 4471 3666 4531 ad
3700 4470 3813 4532 du-

443 4567 579 4630 bias
634 4583 956 4648 nunquam
1008 4571 1375 4650 pervaserit,
1432 4570 1620 4649 longe
1678 4571 1890 4632 minus
1937 4570 2012 4631 ad
2076 4568 2322 4646 integra
2380 4568 2689 4627 commata
2747 4563 2844 4626 vel
2898 4563 3188 4642 periodos
3236 4563 3556 4642 integras;
3593 4563 3816 4641 quibus

441 4671 654 4736 novas,
716 4659 915 4722 Graeci
974 4663 1184 4722 textus
1241 4659 1341 4724 vel
1398 4659 1661 4723 alterius
1709 4657 2146 4738 cujuscunque
2226 4657 2506 4736 paralleli
2574 4656 2694 4718 loci
2758 4658 3131 4719 auctoritate
3198 4655 3582 4718 substituere
3653 4655 3817 4717 nefas

446 4750 796 4813 duxissem.
847 4755 924 4814 At
981 4752 1091 4815 ubi
1146 4753 1357 4815 sanior
1423 4753 1532 4816 ille
1604 4752 1782 4815 visus
1839 4758 1957 4824 est,
2020 4751 2080 4813 id
2134 4750 2495 4831 observare,
2555 4766 2908 4829 novamque
2967 4749 3571 4829 interpretationem,
3626 4748 3816 4811 veteri

440 4843 655 4907 Latina
702 4845 1150 4909 accuratiorem
1189 4894 1204 4915 ,
1265 4847 1414 4910 dare
1469 4862 1677 4926 Operae
1747 4846 2017 4926 pretium
2081 4845 2281 4908 visum
2343 4849 2460 4918 est,
2507 4843 2616 4906 sed
2686 4841 2748 4904 in
2816 4841 3174 4904 inferiorem
3209 4841 3556 4917 marginem
3617 4846 3812 4904 trans-

442 4936 680 5016 latam;
753 4935 840 4998 ita
887 4942 960 4999 ut
1016 4943 1197 5001 vetus
1258 4937 1445 5002 lectio
1503 4941 1719 5003 sedem
1791 4937 2357 5017 auctoritatemque
2412 4952 2587 5000 suam
2671 4936 2996 4998 retineret.
3044 4935 3309 5015 Varias,
3364 4951 3507 5014 quae
3564 4929 3833 5013 alicujus

442 5027 743 5091 momenti
802 5028 1027 5109 forent,
1061 5029 1362 5094 lectiones
1420 5032 1580 5094 infra
1624 5026 2052 5111 ascripsimus,
2110 5029 2402 5093 indicatis
2454 5030 2622 5094 unde
2680 5036 2948 5108 sumptae
3004 5033 3152 5090 sunt
3223 5028 3401 5091 codd
3442 5028 3502 5090 Si
3551 5029 3703 5107 quid
3745 5046 3812 5090 ex

441 5137 662 5185 eorum
726 5122 848 5185 fide
899 5123 1267 5187 mutandum
1327 5126 1880 5206 supplendumque
1938 5123 2144 5186 visum
2200 5127 2320 5203 est,
2373 5124 2644 5186 lectores
2689 5137 2972 5200 monere,
3009 5120 3506 5200 mutationisque
3554 5123 3814 5183 rationes

437 5213 662 5278 afferre
711 5232 832 5278 non
893 5217 1313 5295 negleximus,
1365 5225 1536 5282 tanta
1593 5236 1738 5283 cum
1795 5217 2128 5297 religione,
2185 5221 2259 5278 ut
2319 5214 2663 5276 verendum
2696 5211 2775 5273 sit
2829 5227 2906 5273 ne
2936 5217 3157 5288 arguta
3209 5211 3471 5273 nimium
3506 5210 3812 5290 aliquibus

437 5308 769 5387 diligentia
812 5316 1022 5374 nostra
1076 5311 1385 5394 videatur;
1449 5316 1559 5378 sed
1618 5321 1871 5396 praestat
1929 5312 2032 5376 hic
2093 5308 2484 5390 diligentiam
2525 5303 2787 5384 culpari,
2824 5319 3012 5382 quam
3070 5304 3437 5367 desiderari.
3473 5308 3567 5368 Ne
3615 5311 3807 5368 tamen

436 5405 644 5462 actum
706 5415 1062 5481 ageremus,
1124 5403 1413 5486 priorum
1473 5407 1819 5471 editionum
1879 5409 2086 5470 errata
2134 5403 2367 5476 omnia,
2429 5415 2570 5481 quae
2618 5400 2746 5477 jam
2795 5404 3153 5462 correxerat
3204 5399 3680 5479 Feuardentius,
3725 5416 3805 5462 re-

440 5493 722 5557 vocanda
777 5510 922 5560 esse
977 5513 1100 5560 non
1150 5499 1514 5579 putavimus
1564 5523 1578 5565 :
1635 5517 1821 5565 unam
1890 5496 2454 5566 Feuardentianam
2515 5491 2883 5572 editionem,
2915 5506 3058 5572 qum
3089 5492 3370 5556 omnium
3404 5493 3696 5558 manibus
3721 5498 3805 5557 te-
