4048 6410
245 333 310 398 ίῖ
1457 355 1527 416 n.
1574 353 1843 416 MASSUl

2025 351 2412 442 'IthFATlO.
3551 365 3623 425 is

231 457 491 559 rebatur,
542 463 882 559 emendan
909 466 1065 559 dam
1126 483 1267 532 esse
1324 469 1708 550 censuimus;
1741 469 1819 532 iis
1883 467 2188 532 duntaxat
2241 473 2592 538 observatis
2672 483 2735 540 et
2810 477 2976 540 inter
3043 479 3247 542 varias
3323 480 3624 544 lectiones

229 555 550 630 recensitis,
614 569 775 632 quae
837 555 911 618 in
964 558 1110 620 aliis
1169 559 1552 625 editionibus
1611 561 1925 642 praecipua
1976 563 2043 622 et
2097 561 2346 625 saniora
2403 582 2544 629 esse
2604 567 2998 632 videbantur.

303 643 451 738 Non
489 644 705 738 minor
763 647 833 710 in
900 654 1418 729 recognoscenda
1473 671 1546 717 ea
1601 659 1773 734 parte
1840 651 2041 716 (ΞΓωεὶ
2097 656 2308 717 textus
2393 674 2536 736 quae
2606 664 2832 738 exstat,
2887 676 3036 724 cura
3092 660 3209 725 fuit
3280 661 3567 725 adhibita
3603 711 3617 733 ,

229 734 492 835 quamvis
551 737 1037 805 deﬁcientibus
1105 760 1254 807 mss.
1292 745 1519 808 minori
1549 762 1865 809 successu.
1927 743 2086 817 Quin
2142 747 2368 811 Greece
2410 734 2732 830 scripserit
2777 734 3072 832 Irenzeus,
3107 753 3373 835 ejusque
3420 754 3616 820 libros

231 826 288 923 in
341 826 1064 924 Latinumsermonem
1099 884 1116 915 ,
1177 852 1365 915 quem
1425 838 1608 900 modo
1666 837 2014 915 habemus,
2088 842 2470 904 converterit
2524 826 2855 922 imperitus
2907 826 3615 924 aliquisvae'barbarus

231 915 541 1019 interpres,
601 921 719 1019 vis
785 925 1170 1005 dubitatur;
1227 927 1291 990 id
1359 927 1611 992 abunde
1666 930 1998 1009 probatum
2047 934 2143 991 est
2190 930 2253 991 in
2305 935 2582 998 secunda
2614 915 3132 1019 -Dissertatione,
3185 956 3327 1019 quae
3384 941 3614 1002 Praela-

234 1010 439 1111 tienem
489 1015 814 1111 excipiet,
845 1110 852 1111 γ
881 1019 960 1080 ad
1024 1035 1213 1098 quam
1265 1021 1560 1085 lectorem
1626 1023 1900 1085 remitto.
1935 1025 2088 1092 Cum
2133 1029 2343 1086 autem
2383 1033 2592 1090 textus
2647 1031 2910 1091 Grmeus
2961 1010 3232 1107 integer,
3264 1037 3616 1111 temporum

231 1101 458 1203 injuria,
511 1103 979 1203 jam__dudum
1036 1111 1310 1192 perierit,
1363 1121 1690 1193 supererat
1737 1123 1808 1179 ut
1864 1115 2147 1192 dispersa
2234 1118 2516 1200 undique
2593 1123 2965 1199 Fragmenta
3049 1101 3611 1203 conquirerentur;

223 1196 376 1290 quod
430 1202 498 1258 et
556 1199 855 1265 sollicite
913 1203 1148 1267 factum
1206 1211 1323 1269 est.
1384 1209 1786 1288 Quaecunque
1842 1208 2012 1272 enim
2061 1220 2174 1269 seu
2232 1196 2474 1272 veteres
2524 1196 2999 1290 conservarunt,
3061 1196 3616 1275 seu'recentiores

223 1287 744 1385 edider_unt,seu
804 1295 952 1359 aliae
1001 1297 1309 1362 editiones
1362 1287 1943 1366 exhibentilrenaei
1996 1303 2390 1381 Fragmenta,
2443 1303 2577 1365 sive
2631 1318 2850 1364 eorum
2887 1287 3030 1382 quae
3084 1309 3450 1385 supersunt,
3482 1306 3617 1380 sive

212 1396 346 1459 qua:
415 1381 846 1468 interierunt,
909 1405 1192 1472 operum,
1251 1408 1323 1455 ac
1371 1409 1534 1457 nova
1586 1395 1846 1474 protulit
1911 1397 2294 1462 clarissimus
2355 1393 2642 1472 Grabius,
2698 1409 2768 1455 ex
2820 1381 3007 1456 variis
3060 1381 3446 1459 auctoribus
3479 1402 3613 1458 tum

226 1473 438 1552 editis,
499 1483 648 1540 tum
739 1483 1190 1562 manuscriptis
1241 1489 1441 1565 emta;
1489 1491 1554 1549 et
1588 1473 1819 1552 nostra
1871 1489 2007 1554 haec
2053 1489 2314 1556 exhibet
2363 1487 2606 1561 editio,
2658 1486 2769 1548 sed
2834 1485 3152 1550 interdum
3223 1487 3504 1552 auctiora
3550 1494 3616 1553 et

215 1568 682 1646 emendatiora,
749 1573 831 1636 iis
887 1574 1119 1638 additis
1156 1592 1299 1656 qum
1346 1578 1484 1658 ipse
1540 1578 1793 1660 collegi,
1847 1583 1948 1646 vel
1999 1583 2186 1648 amici
2241 1580 2746 1662 suppeditarunt;
2807 1578 3017 1642 omnia
3045 1596 3120 1643 eo
3151 1580 3372 1644 ordine
3401 1580 3598 1645 collo-

224 1667 357 1722 cata
399 1666 607 1742 atque
669 1665 984 1746 diSposita
1037 1669 1147 1749 qui
1197 1671 1696 1736 Feuardentiano
1755 1678 1820 1737 et
1875 1676 2187 1740 Grabiano
2243 1675 2430 1752 longe
2477 1671 2864 1735 commodior
2906 1671 3009 1735 sit.
3065 1675 3310 1736 Graecas
3365 1673 3602 1737 Biblio-

216 1753 416 1817 thecze
471 1754 702 1835 Regia:
761 1765 827 1822 et
873 1761 1246 1826 Colbertinae
1300 1765 1583 1836 Catenas,
1659 1766 1944 1848 aliosque
2026 1770 2391 1834 earumdem
2469 1765 2719 1828 codices
2793 1761 2945 1827 mss.
3001 1767 3274 1845 Graecos,
3333 1782 3494 1845 quos
3541 1766 3606 1829 in

215 1848 383 1909 notis
438 1865 564 1913 suo
623 1867 954 1934 quemque
1008 1855 1146 1920 loco
1195 1855 1492 1938 indicavi,
1525 1858 1840 1932 consului,
1875 1876 1949 1923 ac
2008 1877 2121 1940 per
2175 1860 2514 1938 diligentes
2563 1857 2800 1919 amicos
2868 1858 3337 1937 Graecequeque
3385 1858 3606 1922 doctos

217 1944 498 2020 expendi
530 1945 790 2026 curavi;
819 1963 1091 2028 quaeque
1117 1966 1194 2013 ex
1224 1950 1304 2014 iis
1332 1951 1724 2032 transcripta,
1760 1952 1895 2016 sive
1923 1969 1960 2015 a
1987 1953 2383 2030 Combeﬁsio,
2414 1951 2549 2012 sive
2575 1965 2611 2010 a
2641 1947 2891 2028 Grabio,
2944 1947 3080 2012 sive
3128 1949 3208 2012 ab
3262 1949 3403 2012 aliis
3437 1951 3607 2015 edita

211 2040 385 2106 sunt,
435 2051 476 2096 a
528 2052 641 2100 me
711 2040 1039 2117 recognita
1098 2047 1245 2105 sunt
1290 2043 1518 2124 omnia,
1579 2060 1696 2108 nec
1745 2044 1939 2108 semel
1996 2050 2276 2109 correcta
2331 2048 2394 2106 et
2436 2040 2723 2104 restituta
2777 2041 2924 2113 Quae
2957 2056 3104 2104 vero
3152 2057 3230 2104 ex
3263 2041 3608 2122 Epiphanio

208 2133 516 2207 excerpta
574 2135 760 2209 sunt,
815 2144 961 2194 cum
1014 2132 1295 2211 ejusdem
1348 2136 1754 2200 Bibliotheca
1802 2136 2018 2215 Regia:
2071 2136 2288 2201 codice
2344 2151 2468 2198 uno
2523 2133 2855 2196 chartaceo
2883 2180 2900 2212 ,
2982 2148 3185 2212 eoque
3252 2133 3491 2196 recenti
3532 2149 3608 2199 ac

210 2221 528 2285 mendoso
556 2222 711 2300 (nec
742 2223 911 2286 enim
968 2225 1191 2290 melior
1221 2229 1628 2309 occurrebat),
1654 2230 1865 2294 denuo
1893 2235 2035 2309 post
2061 2229 2386 2293 Petavium
2417 2223 2678 2305 contuli,
2703 2230 2769 2288 et
2795 2240 2832 2288 a
2861 2223 3263 2304 quibusdam,
3287 2240 3433 2306 quae
3460 2225 3605 2289 doe-

212 2312 442 2376 tissimi
505 2315 636 2377 viri
686 2315 1081 2395 diligentiam
1142 2319 1454 2401 fugerant,
1508 2321 1730 2385 erratis
1769 2321 2140 2402 expurgavi.
2175 2323 2254 2384 Ut
2309 2325 2374 2384 et
2419 2334 2565 2382 eum
2624 2316 2924 2382 Vaticano
2965 2316 3183 2380 codice
3231 2317 3408 2396 (alios
3430 2317 3604 2381 enim

217 2422 370 2467 mss.
405 2407 758 2487 Epiphanii
789 2409 1074 2472 Panari-i
1102 2412 1350 2477 codices
1377 2416 1624 2478 Graecos
1676 2431 1801 2476 non
1849 2416 2025 2494 novi)
2051 2416 2504 2491 conferrentur,
2540 2410 2696 2473 nihil
2737 2410 2908 2490 quod
2957 2413 3023 2472 in
3081 2425 3180 2474 me
3223 2408 3409 2474 fuerit
3439 2417 3603 2490 prae"-

213 2497 514 2577 termisi;
577 2499 697 2562 sed
758 2501 969 2564 nullus
1016 2506 1232 2568 Graece
1281 2505 1501 2568 doctus
1555 2507 1665 2587 qui
1734 2507 2052 2570 tantillum
2107 2507 2366 2585 laboris,
2439 2520 2778 2584 paucorum
2828 2508 3001 2567 certe
3056 2502 3328 2582 dierum,
3390 2503 3600 2567 susci-

215 2607 368 2670 pere
426 2592 832 2673 dignaretur,
888 2597 1124 2677 Rome,
1184 2597 1294 2661 ubi
1375 2603 1583 2663 tamen
1661 2601 1873 2681 plures
1959 2606 2128 2670 sunt,
2190 2599 2454 2679 reperiri
2531 2597 2756 2678 potuit.
2817 2599 3122 2658 Caeterum
3181 2611 3325 2676 quae
3379 2599 3602 2666 Irenaei

213 2684 435 2744 Graeca
491 2682 578 2744 ab
641 2683 990 2762 Epiphanio
1043 2686 1355 2767 descripta
1407 2689 1674 2753 Iacobus
1732 2692 1950 2757 Billius
2007 2695 2071 2757 in
2131 2694 2424 2755 Latinum
2466 2704 2822 2755 sermonem
2872 2689 3205 2769 convertit,
3236 2688 3385 2768 quia
3418 2689 3604 2768 longe

214 2773 586 2851 elegantius
640 2777 1128 2857 accuratiusque
1182 2779 1394 2860 vertit,
1453 2798 1642 2862 quam
1720 2790 1903 2848 vetus
1973 2786 2290 2866 interpres
2367 2785 2673 2863 Latinust;
2765 2781 2936 2843 illius
2997 2780 3599 2861 interpretationem,

202 2874 332 2952 jam
393 2868 817 2932 I-‘euardentii
871 2869 1132 2934 editioni
1190 2871 1542 2938 Coloniensi
1609 2876 1758 2939 anni
1814 2877 1968 2941 1596
2022 2885 2088 2942 et
2144 2876 2607 2941 Parisiensibus
2663 2874 2964 2954 deinceps
3019 2873 3342 2954 insertam,
3409 2879 3474 2938 et
3534 2875 3601 2936 in

213 2964 422 3020 nostra
476 2976 515 3022 e
573 2961 840 3037 regione
898 2961 1130 3025 veteris
1159 2961 1582 3045 adjunximus,
1643 2972 1713 3029 ut
1765 2967 1962 3032 altera
2017 2986 2099 3034 ex
2151 2969 2348 3033 altera
2403 2969 2778 3032 illustretur.
2811 2965 2948 3029 Alia
2980 2982 3128 3030 vero
3159 2984 3356 3047 pauca
3384 2967 3602 3031 lrenaai

208 3051 606 3129 Gragmenta
662 3057 901 3133 Graeca,
963 3071 1106 3134 quae
1160 3055 1380 3120 Billius
1435 3057 1653 3122 itidem
1713 3061 1923 3142 vertit,
1991 3079 2258 3144 quaeque
2316 3065 2407 3127 sic
2455 3078 2758 3127 conversa
2820 3061 3269 3125 Feuardentius
3326 3060 3591 3126 editioni

211 3158 344 3205 suae
399 3144 702 3224 inseruit,
754 3151 818 3209 et
869 3153 1098 3210 nostra;
1158 3147 1391 3228 pariter
1445 3150 1682 3214 inserui
1743 3153 2202 3236 voluissemus;
2265 3155 2377 3219 sed
2436 3171 2582 3218 cum
2633 3153 2770 3217 haec
2824 3153 3030 3216 versio
3082 3169 3230 3218 cum
3284 3153 3482 3217 veteri
3515 3153 3600 3217 ci-

215 3240 314 3296 tra
378 3236 822 3300 confusionem
895 3240 1188 3319 componi
1245 3256 1371 3304 non
1421 3244 1751 3325 potuisset,
1807 3260 1948 3309 eam
2003 3246 2295 3311 omittere
2340 3244 2540 3310 coacti
2598 3259 2838 3308 sumus.

302 3395 527 3457 Irenaei
563 3399 809 3457 textum
839 3411 874 3458 a
907 3396 1150 3460 mendis
1184 3414 1450 3478 purgare
1500 3417 1718 3481 parum
1770 3402 2014 3485 luisset,
2079 3405 2199 3469 nisi
2269 3412 2440 3470 recte
2495 3403 2831 3479 distinctus
2905 3409 3096 3484 atque
3147 3403 3390 3468 divisus
3439 3421 3598 3484 pro-

219 3486 408 3548 diret.
503 3487 899 3588 Distinctioni
997 3491 1337 3588 consulunt
1390 3501 1745 3588 consuetae
1836 3496 2310 3561 distinctionum
2417 3502 2579 3558 netee
2689 3500 2880 3575 apte,
2965 3501 3271 3576 quantum
3359 3496 3597 3588 licuit,

223 3595 508 3660 quaeque
535 3580 673 3643 suis
704 3580 858 3644 locis
882 3581 1172 3662 repositae
1205 3605 1222 3660 ;
1276 3584 1570 3649 divisioni
1615 3605 1762 3654 vero
1792 3605 1954 3651 nova
1983 3589 2255 3670 capitum
2287 3595 2505 3667 sectio,
2541 3604 2826 3667 novaque
2855 3589 3125 3667 singulis
3153 3590 3408 3668 praeﬁxa
3433 3580 3594 3652 lem-5

222 3682 412 3736 mata.
477 3678 741 3737 Factum
792 3674 1066 3755 id,quod
1121 3676 1373 3756 vulgata
1417 3679 1667 3764 divisio,
1699 3687 1764 3746 et
1816 3682 2074 3761 antiqua
2125 3681 2417 3745 lemmata
2467 3698 2590 3744 non
2640 3683 2900 3750 Irenaeo.
2935 3679 3048 3749 sed
3095 3680 3392 3759 imperito
3443 3679 3596 3746 eui-

221 3770 390 3847 piam
447 3767 791 3831 recentiori
843 3769 1177 3834 tribuendo
1231 3771 1579 3836 certissime
1620 3775 1974 3846 videantur,
2026 3781 2099 3837 ut
2151 3772 2218 3836 in
2265 3771 2713 3836 Dissertatione
2755 3771 3034 3836 secunda
3085 3772 3413 3850 prabatum
3446 3770 3598 3835 satis

214 3862 666 3925 existimamus
723 3879 737 3921 :
793 3865 926 3922 tum
984 3863 1151 3940 quod
1209 3863 1520 3928 sectiones
1585 3868 1862 3946 capitum
1917 3883 2086 3948 saepe
2144 3865 2614 3930 absurdissimze
2672 3863 2829 3944 sint,
2903 3881 3027 3934 non
3119 3863 3326 3926 minus
3407 3879 3597 3944 quam

218 3961 646 4032 argumenta,
729 3968 871 4032 quae
962 3956 1236 4018 auctoris
1313 3958 1690 4022 sententiam
1768 3960 2110 4024 obscurant
2173 3959 2384 4040 potius
2454 3973 2639 4038 quam
2728 3961 3208 4036 repraesentant.
3267 3956 3438 4021 Nihil
3497 3961 3596 4026 ta-

221 4063 364 4111 men
421 4054 637 4109 actum
694 4051 811 4123 est,
865 4045 984 4109 nisi
1050 4064 1125 4111 ex
1183 4048 1689 4115 doctissimorum
1758 4051 2082 4116 hominum
2160 4052 2447 4131 consilio,
2539 4052 2730 4130 idque
2805 4051 2867 4111 in
2955 4048 3272 4130 prioribus
3328 4055 3599 4129 quatuor

225 4139 405 4202 libris
498 4139 856 4214 duntaxat;
937 4154 1078 4202 nam
1164 4140 1229 4203 in
1311 4141 1581 4223 quinto,
1671 4146 2163 4211 Feuardentiana
2259 4145 2488 4210 divisio
2593 4151 2657 4206 et
2767 4143 3058 4206 lemmata
3143 4144 3272 4206 fere
3353 4149 3598 4208 servata

229 4237 394 4298 sunt.
483 4230 646 4305 Quin
710 4235 773 4292 et
827 4230 1074 4310 singula
1128 4233 1332 4313 capita
1383 4234 1450 4296 in
1501 4236 1713 4316 plures
1766 4241 2189 4321 paragraphos
2247 4257 2360 4303 seu
2429 4255 2722 4301 numeres
2779 4237 2982 4300 divisa
3009 4227 3209 4316 'sunt,
3262 4235 3462 4300 afﬁxis
3517 4237 3594 4300 ad

231 4327 584 4402 marginem
671 4324 973 4387 brevibus
1051 4327 1406 4406 summulis,
1491 4329 1724 4408 quibus
1803 4331 1956 4411 quid
2027 4333 2297 4413 quisque
2379 4331 2766 4412 praecipuum
2852 4329 3343 4408 complectatur,
3401 4330 3599 4394 lector

233 4433 354 4482 uno
415 4419 595 4480 velut
649 4417 884 4480 intuitu
935 4419 1295 4497 conspiciat.
1349 4424 1444 4484 Ne
1501 4427 1708 4485 tamen
1742 4469 1758 4496 ,
1818 4423 1928 4503 qui
1973 4425 2170 4488 veteri
2228 4423 2525 4487 divisioni
2612 4421 2674 4484 in
2761 4421 3029 4494 eitandis
3110 4421 3424 4501 capitibus
3492 4438 3593 4484 as-

230 4509 386 4571 sueti
473 4515 672 4587 sunt,
734 4526 812 4571 ex
873 4525 1034 4572 nova
1110 4511 1512 4581 tuurbentur.
1585 4515 2128 4593 Feuardenliana,
2187 4532 2332 4595 quae
2405 4513 2532 4593 jam
2607 4513 3016 4587 communio,
3075 4513 3152 4574 ad
3239 4512 3595 4592 marginem

229 4608 466 4664 servata
529 4609 670 4676 est,
721 4619 863 4665 cum
917 4603 1237 4667 asteriscis
1320 4605 1385 4667 in
1442 4611 1642 4681 textu,
1699 4607 1931 4687 quibus
1981 4605 2623 4670 Feuardentianorum
2698 4605 2970 4684 capitum
3042 4604 3286 4666 initium
3343 4610 3408 4668 et
3458 4604 3598 4666 linis

228 4693 636 4774 designetur;
691 4710 968 4774 quorum
1025 4693 1211 4758 etiam
1260 4703 1630 4775 argumenta
1706 4698 1955 4778 integra
1988 4697 2170 4763 initio
2228 4697 2436 4778 operis
2503 4704 2856 4777 comparata
2938 4714 3082 4760 cum
3162 4697 3340 4761 novis
3414 4698 3596 4760 exln-

231 4786 465 4850 bentur.

304 4956 565 5019 Alterum
647 4954 826 5036 quod
925 4970 1040 5034 pro
1121 4953 1307 5017 ofﬁcii
1388 4958 1630 5022 ratione
1709 4961 2027 5038 agendum
2111 4959 2265 5022 mihi
2349 4960 2462 5021 hac
2547 4960 2606 5021 in
2691 4956 2960 5020 editione
2997 4956 3170 5024 duxi.
3235 4963 3442 5020 textus
3503 4953 3592 5018 il-

241 5047 630 5115 Iustrationem
689 5051 982 5131 spectat.
1041 5048 1190 5108 Cum
1247 5047 1416 5110 enim
1475 5051 1574 5114 vel
1635 5068 1711 5114 ex
1767 5052 2008 5116 tractati
2053 5051 2408 5129 argumenti
2468 5050 2882 5115 difﬁcultate.
2940 5049 3039 5111 vel
3109 5065 3187 5111 ex
3245 5046 3447 5109 Latini
3495 5046 3596 5116 in-

240 5144 492 5220 terpretis
535 5141 902 5226 imperitia,
969 5137 1450 5204 obseurissimus
1525 5143 1840 5206 interdum
1900 5144 1983 5206 sit
2068 5145 2380 5222 lrenaaus;
2446 5149 2685 5208 textum
2760 5141 3148 5218 emendare,
3205 5138 3596 5202 emendatio-

238 5249 474 5316 numque
514 5241 848 5305 rationem
908 5229 1184 5294 reddere
1238 5233 1389 5297 satis
1443 5251 1584 5298 esse
1641 5253 1763 5300 non
1843 5236 2191 5310 videbatur,
2253 5236 2373 5298 nisi
2439 5236 2628 5318 etiam
2681 5233 2884 5311 caligo
2944 5231 3152 5294 verbis
3211 5232 3409 5292 otfusa
3461 5231 3595 5295 dis-

233 5329 535 5402 pelleretur.
587 5334 835 5400 Monet
892 5328 1186 5388 Iranaaus
1230 5323 1364 5405 ipse
1385 5326 1438 5396 7,
1468 5330 2069 5408 portentimissima
2112 5337 2169 5391 et
2218 5328 2551 5391 altissima
2607 5345 2736 5394 esse
2782 5325 3220 5400 Gnosticorum
3258 5327 3595 5401 mysteria.

291 5487 492 5577 ’ῖῐηηη
517 5495 698 5562 pref,
742 5491 798 5555 ι,
855 5502 904 5558 ι,
940 5500 1011 5562 p.
1048 5479 1108 5542 3.
