  <div class='ocr_page' id='page_1' title='image "/cluster/home/n/w/nwhite01/storage/ocr_20150623/7/mdp.39015078384511/017.png"; bbox 0 0 4048 6416; ppageno 0'>
   <div class='ocr_carea' id='block_1_1' title="bbox 397 300 3784 379">
    <p class='ocr_par' dir='ltr' id='par_1_1' title="bbox 397 300 3784 379">
     <span class='ocr_line' id='line_1_1' title="bbox 397 300 3784 379; baseline -0 -7"><span class='ocrx_word' id='word_1_1' title='bbox 397 304 477 370; x_wconf 75' lang='grc'><strong>19</strong></span> <span class='ocrx_word' id='word_1_2' title='bbox 1519 311 1578 372; x_wconf 84' lang='lat' dir='ltr'>S.</span> <span class='ocrx_word' id='word_1_3' title='bbox 1627 300 1988 378; x_wconf 73' lang='lat' dir='ltr'>IREN/EUS</span> <span class='ocrx_word' id='word_1_4' title='bbox 2027 310 2370 379; x_wconf 87' lang='lat' dir='ltr'><strong>LUGDUN.</strong></span> <span class='ocrx_word' id='word_1_5' title='bbox 2419 314 2652 378; x_wconf 79' lang='lat' dir='ltr'>EPISC.</span> <span class='ocrx_word' id='word_1_6' title='bbox 3705 304 3784 372; x_wconf 76' lang='lat'>‘20</span> 
     </span>
    </p>
   </div>
   <div class='ocr_carea' id='block_1_2' title="bbox 396 442 3787 527">
    <p class='ocr_par' dir='ltr' id='par_1_2' title="bbox 396 442 3787 527">
     <span class='ocr_line' id='line_1_2' title="bbox 396 442 3787 527; baseline 0 -27"><span class='ocrx_word' id='word_1_7' title='bbox 396 453 542 517; x_wconf 72' lang='lat' dir='ltr'>quae</span> <span class='ocrx_word' id='word_1_8' title='bbox 593 455 732 501; x_wconf 74' lang='lat' dir='ltr'>non</span> <span class='ocrx_word' id='word_1_9' title='bbox 777 457 998 504; x_wconf 75' lang='lat' dir='ltr'>omnes</span> <span class='ocrx_word' id='word_1_10' title='bbox 1052 447 1353 525; x_wconf 68' lang='lat' dir='ltr'>capia/nt.</span> <span class='ocrx_word' id='word_1_11' title='bbox 1413 444 1564 509; x_wconf 77' lang='lat' dir='ltr'>Haec</span> <span class='ocrx_word' id='word_1_12' title='bbox 1622 445 1881 526; x_wconf 88' lang='lat' dir='ltr'>quidem</span> <span class='ocrx_word' id='word_1_13' title='bbox 1917 495 1933 527; x_wconf 90' lang='lat'>,</span> <span class='ocrx_word' id='word_1_14' title='bbox 1993 459 2182 524; x_wconf 91' lang='lat' dir='ltr'>quam</span> <span class='ocrx_word' id='word_1_15' title='bbox 2237 443 2516 508; x_wconf 87' lang='lat' dir='ltr'>dilucide</span> <span class='ocrx_word' id='word_1_16' title='bbox 2574 443 2710 506; x_wconf 89' lang='lat' dir='ltr'>ﬁeri</span> <span class='ocrx_word' id='word_1_17' title='bbox 2766 447 3050 526; x_wconf 84' lang='lat' dir='ltr'>poterat,</span> <span class='ocrx_word' id='word_1_18' title='bbox 3109 444 3313 525; x_wconf 91' lang='lat' dir='ltr'>aperit</span> <span class='ocrx_word' id='word_1_19' title='bbox 3368 448 3432 508; x_wconf 92' lang='lat' dir='ltr'>et</span> <span class='ocrx_word' id='word_1_20' title='bbox 3479 442 3787 507; x_wconf 59' lang='lat' dir='ltr'>confutat,</span> 
     </span>
    </p>
   </div>
   <div class='ocr_carea' id='block_1_3' title="bbox 397 529 3782 619">
    <p class='ocr_par' dir='ltr' id='par_1_3' title="bbox 397 529 3782 619">
     <span class='ocr_line' id='line_1_3' title="bbox 397 529 3782 619; baseline 0.001 -26"><span class='ocrx_word' id='word_1_21' title='bbox 397 529 615 611; x_wconf 89' lang='lat' dir='ltr'>sicque</span> <span class='ocrx_word' id='word_1_22' title='bbox 664 537 797 598; x_wconf 91' lang='lat' dir='ltr'>toto</span> <span class='ocrx_word' id='word_1_23' title='bbox 842 551 1034 616; x_wconf 91' lang='lat' dir='ltr'>opere</span> <span class='ocrx_word' id='word_1_24' title='bbox 1083 535 1467 619; x_wconf 82' lang='lat' dir='ltr'>insectatur,</span> <span class='ocrx_word' id='word_1_25' title='bbox 1525 543 1598 602; x_wconf 92' lang='lat' dir='ltr'>ut</span> <span class='ocrx_word' id='word_1_26' title='bbox 1667 539 1747 603; x_wconf 93' lang='lat' dir='ltr'>ab</span> <span class='ocrx_word' id='word_1_27' title='bbox 1800 539 1879 602; x_wconf 90' lang='lat' dir='ltr'>iis</span> <span class='ocrx_word' id='word_1_28' title='bbox 1935 553 2259 618; x_wconf 87' lang='lat' dir='ltr'>nunquam</span> <span class='ocrx_word' id='word_1_29' title='bbox 2312 536 2529 600; x_wconf 91' lang='lat' dir='ltr'>oculos</span> <span class='ocrx_word' id='word_1_30' title='bbox 2585 541 2872 617; x_wconf 86' lang='lat' dir='ltr'>avertat;</span> <span class='ocrx_word' id='word_1_31' title='bbox 2921 537 3009 601; x_wconf 91' lang='lat' dir='ltr'>ita</span> <span class='ocrx_word' id='word_1_32' title='bbox 3066 541 3277 602; x_wconf 90' lang='lat' dir='ltr'>tamen</span> <span class='ocrx_word' id='word_1_33' title='bbox 3330 541 3402 600; x_wconf 92' lang='lat' dir='ltr'>ut</span> <span class='ocrx_word' id='word_1_34' title='bbox 3433 536 3546 617; x_wconf 89' lang='lat' dir='ltr'>qui</span> <span class='ocrx_word' id='word_1_35' title='bbox 3578 534 3678 597; x_wconf 88' lang='lat' dir='ltr'>his</span> <span class='ocrx_word' id='word_1_36' title='bbox 3699 533 3782 596; x_wconf 81' lang='lat' dir='ltr'>in</span> 
     </span>
    </p>
   </div>
   <div class='ocr_carea' id='block_1_4' title="bbox 398 623 3788 712">
    <p class='ocr_par' dir='ltr' id='par_1_4' title="bbox 398 623 3788 712">
     <span class='ocr_line' id='line_1_4' title="bbox 398 623 3788 712; baseline 0.001 -26"><span class='ocrx_word' id='word_1_37' title='bbox 398 623 592 688; x_wconf 85' lang='lat' dir='ltr'>rebus</span> <span class='ocrx_word' id='word_1_38' title='bbox 639 626 1044 693; x_wconf 88' lang='lat' dir='ltr'>mediocriter</span> <span class='ocrx_word' id='word_1_39' title='bbox 1099 631 1332 695; x_wconf 86' lang='lat' dir='ltr'>versati</span> <span class='ocrx_word' id='word_1_40' title='bbox 1394 635 1562 712; x_wconf 91' lang='lat' dir='ltr'>sunt,</span> <span class='ocrx_word' id='word_1_41' title='bbox 1609 637 1940 710; x_wconf 90' lang='lat' dir='ltr'>totumque</span> <span class='ocrx_word' id='word_1_42' title='bbox 1997 636 2128 693; x_wconf 92' lang='lat' dir='ltr'>tum</span> <span class='ocrx_word' id='word_1_43' title='bbox 2183 629 2456 692; x_wconf 88' lang='lat' dir='ltr'>auctoris</span> <span class='ocrx_word' id='word_1_44' title='bbox 2513 645 2813 710; x_wconf 91' lang='lat' dir='ltr'>scopum,</span> <span class='ocrx_word' id='word_1_45' title='bbox 2874 635 3009 693; x_wconf 90' lang='lat' dir='ltr'>tum</span> <span class='ocrx_word' id='word_1_46' title='bbox 3089 630 3591 694; x_wconf 86' lang='lat' dir='ltr'>adversariorum</span> <span class='ocrx_word' id='word_1_47' title='bbox 3648 628 3788 705; x_wconf 90' lang='lat' dir='ltr'>ejus</span> 
     </span>
    </p>
   </div>
   <div class='ocr_carea' id='block_1_5' title="bbox 397 716 3785 804">
    <p class='ocr_par' dir='ltr' id='par_1_5' title="bbox 397 716 3785 804">
     <span class='ocr_line' id='line_1_5' title="bbox 397 716 3785 804; baseline 0.001 -25"><span class='ocrx_word' id='word_1_48' title='bbox 397 716 800 796; x_wconf 78' lang='lat' dir='ltr'>hypothesim</span> <span class='ocrx_word' id='word_1_49' title='bbox 879 738 1005 786; x_wconf 91' lang='lat' dir='ltr'>non</span> <span class='ocrx_word' id='word_1_50' title='bbox 1085 723 1237 788; x_wconf 90' lang='lat' dir='ltr'>satis</span> <span class='ocrx_word' id='word_1_51' title='bbox 1317 729 1558 788; x_wconf 89' lang='lat' dir='ltr'>attente</span> <span class='ocrx_word' id='word_1_52' title='bbox 1639 725 2077 797; x_wconf 91' lang='lat' dir='ltr'>considerant,</span> <span class='ocrx_word' id='word_1_53' title='bbox 2139 723 2456 786; x_wconf 87' lang='lat' dir='ltr'>interdum</span> <span class='ocrx_word' id='word_1_54' title='bbox 2513 723 2707 786; x_wconf 91' lang='lat' dir='ltr'>animi</span> <span class='ocrx_word' id='word_1_55' title='bbox 2774 725 3110 804; x_wconf 87' lang='lat' dir='ltr'>pendeant,</span> <span class='ocrx_word' id='word_1_56' title='bbox 3181 724 3404 788; x_wconf 85' lang='lat' dir='ltr'>incerti</span> <span class='ocrx_word' id='word_1_57' title='bbox 3464 723 3565 785; x_wconf 90' lang='lat' dir='ltr'>vel</span> <span class='ocrx_word' id='word_1_58' title='bbox 3627 720 3785 800; x_wconf 92' lang='lat' dir='ltr'>quid</span> 
     </span>
    </p>
   </div>
   <div class='ocr_carea' id='block_1_6' title="bbox 399 806 3781 896">
    <p class='ocr_par' dir='ltr' id='par_1_6' title="bbox 399 806 3781 896">
     <span class='ocr_line' id='line_1_6' title="bbox 399 806 3781 896; baseline 0.001 -26"><span class='ocrx_word' id='word_1_59' title='bbox 399 806 760 886; x_wconf 90' lang='lat' dir='ltr'>signiﬁcent</span> <span class='ocrx_word' id='word_1_60' title='bbox 822 812 1158 879; x_wconf 61' lang='lat' dir='ltr'>salebrosa;</span> <span class='ocrx_word' id='word_1_61' title='bbox 1217 820 1282 879; x_wconf 91' lang='lat' dir='ltr'>et</span> <span class='ocrx_word' id='word_1_62' title='bbox 1341 815 1653 896; x_wconf 80' lang='lat' dir='ltr'>obscurae,</span> <span class='ocrx_word' id='word_1_63' title='bbox 1715 817 1827 878; x_wconf 92' lang='lat' dir='ltr'>sed</span> <span class='ocrx_word' id='word_1_64' title='bbox 1884 819 1957 878; x_wconf 91' lang='lat' dir='ltr'>ut</span> <span class='ocrx_word' id='word_1_65' title='bbox 2003 814 2348 895; x_wconf 90' lang='lat' dir='ltr'>plurimum</span> <span class='ocrx_word' id='word_1_66' title='bbox 2402 814 2766 893; x_wconf 85' lang='lat' dir='ltr'>interpretis</span> <span class='ocrx_word' id='word_1_67' title='bbox 2823 815 3030 896; x_wconf 91' lang='lat' dir='ltr'>culpa,</span> <span class='ocrx_word' id='word_1_68' title='bbox 3091 815 3399 879; x_wconf 89' lang='lat' dir='ltr'>sermonis</span> <span class='ocrx_word' id='word_1_69' title='bbox 3455 815 3781 890; x_wconf 82' lang='lat' dir='ltr'>ambages,</span> 
     </span>
    </p>
   </div>
   <div class='ocr_carea' id='block_1_7' title="bbox 399 899 3785 989">
    <p class='ocr_par' dir='ltr' id='par_1_7' title="bbox 399 899 3785 989">
     <span class='ocr_line' id='line_1_7' title="bbox 399 899 3785 989; baseline 0.001 -28"><span class='ocrx_word' id='word_1_70' title='bbox 399 899 501 963; x_wconf 91' lang='lat' dir='ltr'>vel</span> <span class='ocrx_word' id='word_1_71' title='bbox 582 918 884 982; x_wconf 90' lang='lat' dir='ltr'>quorsum</span> <span class='ocrx_word' id='word_1_72' title='bbox 944 912 1183 986; x_wconf 86' lang='lat' dir='ltr'>spectat</span> <span class='ocrx_word' id='word_1_73' title='bbox 1237 908 1462 972; x_wconf 88' lang='lat' dir='ltr'>oratio.</span> <span class='ocrx_word' id='word_1_74' title='bbox 1523 908 1638 971; x_wconf 90' lang='lat' dir='ltr'>His</span> <span class='ocrx_word' id='word_1_75' title='bbox 1694 923 1838 970; x_wconf 92' lang='lat' dir='ltr'>cum</span> <span class='ocrx_word' id='word_1_76' title='bbox 1887 923 2017 987; x_wconf 74' lang='lat' dir='ltr'>prae</span> <span class='ocrx_word' id='word_1_77' title='bbox 2074 907 2320 970; x_wconf 70' lang='lat' dir='ltr'>caeteris</span> <span class='ocrx_word' id='word_1_78' title='bbox 2386 905 2845 970; x_wconf 91' lang='lat' dir='ltr'>consulendum</span> <span class='ocrx_word' id='word_1_79' title='bbox 2920 908 3131 989; x_wconf 90' lang='lat' dir='ltr'>fuerit,</span> <span class='ocrx_word' id='word_1_80' title='bbox 3190 924 3537 987; x_wconf 91' lang='lat' dir='ltr'>eorumque</span> <span class='ocrx_word' id='word_1_81' title='bbox 3593 905 3785 968; x_wconf 66' lang='lat' dir='ltr'>taedio</span> 
     </span>
    </p>
   </div>
   <div class='ocr_carea' id='block_1_8' title="bbox 398 993 3786 1082">
    <p class='ocr_par' dir='ltr' id='par_1_8' title="bbox 398 993 3786 1082">
     <span class='ocr_line' id='line_1_8' title="bbox 398 993 3786 1082; baseline 0.002 -28"><span class='ocrx_word' id='word_1_82' title='bbox 398 1008 473 1055; x_wconf 91' lang='lat' dir='ltr'>ac</span> <span class='ocrx_word' id='word_1_83' title='bbox 558 993 758 1058; x_wconf 89' lang='lat' dir='ltr'>labori</span> <span class='ocrx_word' id='word_1_84' title='bbox 814 999 1196 1078; x_wconf 91' lang='lat' dir='ltr'>parcendum</span> <span class='ocrx_word' id='word_1_85' title='bbox 1227 1048 1243 1080; x_wconf 95' lang='lat'>,</span> <span class='ocrx_word' id='word_1_86' title='bbox 1305 999 1587 1064; x_wconf 87' lang='lat' dir='ltr'>difﬁcilia</span> <span class='ocrx_word' id='word_1_87' title='bbox 1667 1016 1939 1080; x_wconf 77' lang='lat' dir='ltr'>quaeque</span> <span class='ocrx_word' id='word_1_88' title='bbox 2022 999 2158 1062; x_wconf 88' lang='lat' dir='ltr'>loca</span> <span class='ocrx_word' id='word_1_89' title='bbox 2241 997 2544 1078; x_wconf 87' lang='lat' dir='ltr'>subjectis</span> <span class='ocrx_word' id='word_1_90' title='bbox 2632 1001 2833 1063; x_wconf 87' lang='lat' dir='ltr'>textui</span> <span class='ocrx_word' id='word_1_91' title='bbox 2916 1003 3107 1082; x_wconf 91' lang='lat' dir='ltr'>notis,</span> <span class='ocrx_word' id='word_1_92' title='bbox 3164 1018 3353 1080; x_wconf 93' lang='lat' dir='ltr'>quam</span> <span class='ocrx_word' id='word_1_93' title='bbox 3409 998 3786 1063; x_wconf 87' lang='lat' dir='ltr'>brevissime</span> 
     </span>
    </p>
   </div>
   <div class='ocr_carea' id='block_1_9' title="bbox 397 1085 3785 1173">
    <p class='ocr_par' dir='ltr' id='par_1_9' title="bbox 397 1085 3785 1173">
     <span class='ocr_line' id='line_1_9' title="bbox 397 1085 3785 1173; baseline 0.001 -26"><span class='ocrx_word' id='word_1_94' title='bbox 397 1085 602 1167; x_wconf 81' lang='lat' dir='ltr'>potui,</span> <span class='ocrx_word' id='word_1_95' title='bbox 655 1087 968 1168; x_wconf 88' lang='lat' dir='ltr'>explicare</span> <span class='ocrx_word' id='word_1_96' title='bbox 1024 1097 1282 1156; x_wconf 91' lang='lat' dir='ltr'>conatus</span> <span class='ocrx_word' id='word_1_97' title='bbox 1324 1103 1508 1173; x_wconf 81' lang='lat' dir='ltr'>Sum;</span> <span class='ocrx_word' id='word_1_98' title='bbox 1567 1091 1780 1156; x_wconf 88' lang='lat' dir='ltr'>ascitis</span> <span class='ocrx_word' id='word_1_99' title='bbox 1833 1092 2019 1154; x_wconf 88' lang='lat' dir='ltr'>etiam</span> <span class='ocrx_word' id='word_1_100' title='bbox 2083 1092 2410 1155; x_wconf 89' lang='lat' dir='ltr'>doctorum</span> <span class='ocrx_word' id='word_1_101' title='bbox 2441 1091 2718 1154; x_wconf 89' lang='lat' dir='ltr'>virorum</span> <span class='ocrx_word' id='word_1_102' title='bbox 2755 1092 3324 1173; x_wconf 86' lang='lat' dir='ltr'>observationibus,</span> <span class='ocrx_word' id='word_1_103' title='bbox 3387 1105 3785 1172; x_wconf 66' lang='lat' dir='ltr'>quaecunque</span> 
     </span>
    </p>
   </div>
   <div class='ocr_carea' id='block_1_10' title="bbox 399 1176 3777 1266">
    <p class='ocr_par' dir='ltr' id='par_1_10' title="bbox 399 1176 3777 1266">
     <span class='ocr_line' id='line_1_10' title="bbox 399 1176 3777 1266; baseline 0.001 -27"><span class='ocrx_word' id='word_1_104' title='bbox 399 1176 476 1239; x_wconf 92' lang='lat' dir='ltr'>ad</span> <span class='ocrx_word' id='word_1_105' title='bbox 531 1181 806 1244; x_wconf 90' lang='lat' dir='ltr'>auctoris</span> <span class='ocrx_word' id='word_1_106' title='bbox 862 1182 1343 1262; x_wconf 82' lang='lat' dir='ltr'>intelligentiam</span> <span class='ocrx_word' id='word_1_107' title='bbox 1403 1186 1758 1249; x_wconf 90' lang='lat' dir='ltr'>conducere</span> <span class='ocrx_word' id='word_1_108' title='bbox 1813 1183 1966 1247; x_wconf 70' lang='lat' dir='ltr'>visae</span> <span class='ocrx_word' id='word_1_109' title='bbox 2012 1190 2180 1260; x_wconf 91' lang='lat' dir='ltr'>sunt,</span> <span class='ocrx_word' id='word_1_110' title='bbox 2250 1185 2359 1248; x_wconf 92' lang='lat' dir='ltr'>sed</span> <span class='ocrx_word' id='word_1_111' title='bbox 2434 1184 2684 1248; x_wconf 89' lang='lat' dir='ltr'>laudato</span> <span class='ocrx_word' id='word_1_112' title='bbox 2741 1202 2995 1266; x_wconf 88' lang='lat' dir='ltr'>sempor</span> <span class='ocrx_word' id='word_1_113' title='bbox 3071 1191 3399 1249; x_wconf 89' lang='lat' dir='ltr'>auctorum</span> <span class='ocrx_word' id='word_1_114' title='bbox 3496 1183 3777 1246; x_wconf 87' lang='lat' dir='ltr'>nomine.</span> 
     </span>
    </p>
   </div>
   <div class='ocr_carea' id='block_1_11' title="bbox 401 1271 3787 1360">
    <p class='ocr_par' dir='ltr' id='par_1_11' title="bbox 401 1271 3787 1360">
     <span class='ocr_line' id='line_1_11' title="bbox 401 1271 3787 1360; baseline 0.001 -26"><span class='ocrx_word' id='word_1_115' title='bbox 401 1271 464 1336; x_wconf 87' lang='lat' dir='ltr'>Si</span> <span class='ocrx_word' id='word_1_116' title='bbox 520 1275 771 1352; x_wconf 90' lang='lat' dir='ltr'>quando</span> <span class='ocrx_word' id='word_1_117' title='bbox 818 1292 969 1340; x_wconf 92' lang='lat' dir='ltr'>vero</span> <span class='ocrx_word' id='word_1_118' title='bbox 1026 1277 1485 1358; x_wconf 91' lang='lat' dir='ltr'>frequentiores</span> <span class='ocrx_word' id='word_1_119' title='bbox 1538 1284 1602 1343; x_wconf 92' lang='lat' dir='ltr'>et</span> <span class='ocrx_word' id='word_1_120' title='bbox 1657 1278 1925 1341; x_wconf 88' lang='lat' dir='ltr'>fusiores</span> <span class='ocrx_word' id='word_1_121' title='bbox 1978 1279 2312 1342; x_wconf 89' lang='lat' dir='ltr'>videantur</span> <span class='ocrx_word' id='word_1_122' title='bbox 2365 1293 2504 1341; x_wconf 93' lang='lat' dir='ltr'>esse</span> <span class='ocrx_word' id='word_1_123' title='bbox 2562 1283 2748 1360; x_wconf 58' lang='lat' dir='ltr'>nom,</span> <span class='ocrx_word' id='word_1_124' title='bbox 2809 1281 2876 1342; x_wconf 90' lang='lat' dir='ltr'>id</span> <span class='ocrx_word' id='word_1_125' title='bbox 2943 1280 3349 1343; x_wconf 89' lang='lat' dir='ltr'>tribuendum</span> <span class='ocrx_word' id='word_1_126' title='bbox 3426 1274 3787 1357; x_wconf 90' lang='lat' dir='ltr'>argumenti</span> 
     </span>
    </p>
   </div>
   <div class='ocr_carea' id='block_1_12' title="bbox 401 1361 3782 1452">
    <p class='ocr_par' dir='ltr' id='par_1_12' title="bbox 401 1361 3782 1452">
     <span class='ocr_line' id='line_1_12' title="bbox 401 1361 3782 1452; baseline 0.002 -28"><span class='ocrx_word' id='word_1_127' title='bbox 401 1361 775 1437; x_wconf 90' lang='lat' dir='ltr'>difﬁcultati,</span> <span class='ocrx_word' id='word_1_128' title='bbox 837 1382 1026 1445; x_wconf 90' lang='lat' dir='ltr'>quam</span> <span class='ocrx_word' id='word_1_129' title='bbox 1082 1368 1492 1448; x_wconf 89' lang='lat' dir='ltr'>paucioribus</span> <span class='ocrx_word' id='word_1_130' title='bbox 1539 1369 1838 1448; x_wconf 90' lang='lat' dir='ltr'>expedire</span> <span class='ocrx_word' id='word_1_131' title='bbox 1896 1388 2021 1442; x_wconf 81' lang='lat' dir='ltr'>non</span> <span class='ocrx_word' id='word_1_132' title='bbox 2073 1370 2283 1449; x_wconf 92' lang='lat' dir='ltr'>valui;</span> <span class='ocrx_word' id='word_1_133' title='bbox 2349 1369 2588 1433; x_wconf 88' lang='lat' dir='ltr'>veritus</span> <span class='ocrx_word' id='word_1_134' title='bbox 2636 1387 2738 1452; x_wconf 91' lang='lat' dir='ltr'>ne,</span> <span class='ocrx_word' id='word_1_135' title='bbox 2785 1373 2938 1435; x_wconf 91' lang='lat' dir='ltr'>dum</span> <span class='ocrx_word' id='word_1_136' title='bbox 2996 1372 3211 1437; x_wconf 87' lang='lat' dir='ltr'>brevis</span> <span class='ocrx_word' id='word_1_137' title='bbox 3239 1389 3381 1436; x_wconf 92' lang='lat' dir='ltr'>esse</span> <span class='ocrx_word' id='word_1_138' title='bbox 3435 1372 3782 1449; x_wconf 88' lang='lat' dir='ltr'>studerem,</span> 
     </span>
    </p>
   </div>
   <div class='ocr_carea' id='block_1_13' title="bbox 401 1456 3788 1546">
    <p class='ocr_par' dir='ltr' id='par_1_13' title="bbox 401 1456 3788 1546">
     <span class='ocr_line' id='line_1_13' title="bbox 401 1456 3788 1546; baseline 0.002 -28"><span class='ocrx_word' id='word_1_139' title='bbox 401 1456 708 1520; x_wconf 90' lang='lat' dir='ltr'>obscurus</span> <span class='ocrx_word' id='word_1_140' title='bbox 765 1459 1002 1523; x_wconf 85' lang='lat' dir='ltr'>ﬁerem.</span> <span class='ocrx_word' id='word_1_141' title='bbox 1063 1463 1323 1526; x_wconf 84' lang='lat' dir='ltr'>Accedit</span> <span class='ocrx_word' id='word_1_142' title='bbox 1378 1464 1550 1544; x_wconf 89' lang='lat' dir='ltr'>quod</span> <span class='ocrx_word' id='word_1_143' title='bbox 1607 1479 1751 1526; x_wconf 91' lang='lat' dir='ltr'>cum</span> <span class='ocrx_word' id='word_1_144' title='bbox 1804 1462 1978 1526; x_wconf 89' lang='lat' dir='ltr'>varia</span> <span class='ocrx_word' id='word_1_145' title='bbox 2027 1471 2092 1528; x_wconf 90' lang='lat' dir='ltr'>et</span> <span class='ocrx_word' id='word_1_146' title='bbox 2147 1463 2412 1527; x_wconf 89' lang='lat' dir='ltr'>multae</span> <span class='ocrx_word' id='word_1_147' title='bbox 2443 1463 2638 1526; x_wconf 89' lang='lat' dir='ltr'>sacris</span> <span class='ocrx_word' id='word_1_148' title='bbox 2676 1465 3012 1546; x_wconf 85' lang='lat' dir='ltr'>utriusque</span> <span class='ocrx_word' id='word_1_149' title='bbox 3042 1466 3429 1530; x_wconf 88' lang='lat' dir='ltr'>Testamenti</span> <span class='ocrx_word' id='word_1_150' title='bbox 3459 1463 3788 1528; x_wconf 91' lang='lat' dir='ltr'>codicibus</span> 
     </span>
    </p>
   </div>
   <div class='ocr_carea' id='block_1_14' title="bbox 401 1549 3787 1637">
    <p class='ocr_par' dir='ltr' id='par_1_14' title="bbox 401 1549 3787 1637">
     <span class='ocr_line' id='line_1_14' title="bbox 401 1549 3787 1637; baseline 0.002 -25"><span class='ocrx_word' id='word_1_151' title='bbox 401 1549 760 1614; x_wconf 90' lang='lat' dir='ltr'>testimonia</span> <span class='ocrx_word' id='word_1_152' title='bbox 813 1554 1086 1632; x_wconf 90' lang='lat' dir='ltr'>proferat</span> <span class='ocrx_word' id='word_1_153' title='bbox 1137 1559 1440 1636; x_wconf 67' lang='lat' dir='ltr'>Irenmus,</span> <span class='ocrx_word' id='word_1_154' title='bbox 1501 1573 1644 1637; x_wconf 90' lang='lat' dir='ltr'>quae</span> <span class='ocrx_word' id='word_1_155' title='bbox 1695 1572 1837 1620; x_wconf 89' lang='lat' dir='ltr'>cum</span> <span class='ocrx_word' id='word_1_156' title='bbox 1888 1572 1965 1619; x_wconf 83' lang='lat' dir='ltr'>ex</span> <span class='ocrx_word' id='word_1_157' title='bbox 2023 1558 2144 1620; x_wconf 90' lang='lat' dir='ltr'>alia</span> <span class='ocrx_word' id='word_1_158' title='bbox 2204 1556 2492 1620; x_wconf 89' lang='lat' dir='ltr'>versione</span> <span class='ocrx_word' id='word_1_159' title='bbox 2546 1557 2692 1634; x_wconf 88' lang='lat' dir='ltr'>sint,</span> <span class='ocrx_word' id='word_1_160' title='bbox 2754 1558 3137 1622; x_wconf 85' lang='lat' dir='ltr'>discriminis</span> <span class='ocrx_word' id='word_1_161' title='bbox 3197 1558 3488 1621; x_wconf 86' lang='lat' dir='ltr'>nonnihil</span> <span class='ocrx_word' id='word_1_162' title='bbox 3545 1557 3787 1620; x_wconf 90' lang='lat' dir='ltr'>habere</span> 
     </span>
    </p>
   </div>
   <div class='ocr_carea' id='block_1_15' title="bbox 407 1640 3793 1729">
    <p class='ocr_par' dir='ltr' id='par_1_15' title="bbox 407 1640 3793 1729">
     <span class='ocr_line' id='line_1_15' title="bbox 407 1640 3793 1729; baseline 0.001 -26"><span class='ocrx_word' id='word_1_163' title='bbox 407 1640 827 1726; x_wconf 89' lang='lat' dir='ltr'>videbantur;</span> <span class='ocrx_word' id='word_1_164' title='bbox 892 1646 958 1708; x_wconf 93' lang='lat' dir='ltr'>id</span> <span class='ocrx_word' id='word_1_165' title='bbox 1012 1648 1351 1713; x_wconf 90' lang='lat' dir='ltr'>observare</span> <span class='ocrx_word' id='word_1_166' title='bbox 1381 1650 1443 1713; x_wconf 93' lang='lat' dir='ltr'>in</span> <span class='ocrx_word' id='word_1_167' title='bbox 1467 1650 1731 1728; x_wconf 89' lang='lat' dir='ltr'>gratiam</span> <span class='ocrx_word' id='word_1_168' title='bbox 1786 1649 2124 1727; x_wconf 73' lang='lat' dir='ltr'>Scripturze</span> <span class='ocrx_word' id='word_1_169' title='bbox 2156 1663 2350 1709; x_wconf 64' lang='lat' dir='ltr'>sacraa</span> <span class='ocrx_word' id='word_1_170' title='bbox 2388 1646 2816 1710; x_wconf 90' lang='lat' dir='ltr'>studiosorum</span> <span class='ocrx_word' id='word_1_171' title='bbox 2859 1664 3070 1729; x_wconf 74' lang='lat' dir='ltr'>operae</span> <span class='ocrx_word' id='word_1_172' title='bbox 3101 1648 3374 1729; x_wconf 91' lang='lat' dir='ltr'>pretium</span> <span class='ocrx_word' id='word_1_173' title='bbox 3411 1648 3616 1709; x_wconf 88' lang='lat' dir='ltr'>visum</span> <span class='ocrx_word' id='word_1_174' title='bbox 3673 1649 3793 1709; x_wconf 88' lang='lat' dir='ltr'>est.</span> 
     </span>
    </p>
   </div>
   <div class='ocr_carea' id='block_1_16' title="bbox 400 1734 3783 1821">
    <p class='ocr_par' dir='ltr' id='par_1_16' title="bbox 400 1734 3783 1821">
     <span class='ocr_line' id='line_1_16' title="bbox 400 1734 3783 1821; baseline 0.001 -25"><span class='ocrx_word' id='word_1_175' title='bbox 400 1734 516 1808; x_wconf 85' lang='lat' dir='ltr'>Qui</span> <span class='ocrx_word' id='word_1_176' title='bbox 555 1740 766 1800; x_wconf 89' lang='lat' dir='ltr'>autem</span> <span class='ocrx_word' id='word_1_177' title='bbox 825 1739 1138 1815; x_wconf 88' lang='lat' dir='ltr'>ejusmodi</span> <span class='ocrx_word' id='word_1_178' title='bbox 1195 1742 1364 1806; x_wconf 90' lang='lat' dir='ltr'>notis</span> <span class='ocrx_word' id='word_1_179' title='bbox 1419 1747 1483 1806; x_wconf 92' lang='lat' dir='ltr'>et</span> <span class='ocrx_word' id='word_1_180' title='bbox 1541 1741 2091 1806; x_wconf 89' lang='lat' dir='ltr'>observationibus</span> <span class='ocrx_word' id='word_1_181' title='bbox 2144 1757 2272 1804; x_wconf 90' lang='lat' dir='ltr'>non</span> <span class='ocrx_word' id='word_1_182' title='bbox 2329 1739 2618 1818; x_wconf 89' lang='lat' dir='ltr'>indigent</span> <span class='ocrx_word' id='word_1_183' title='bbox 2683 1741 2937 1816; x_wconf 89' lang='lat' dir='ltr'>eruditi,</span> <span class='ocrx_word' id='word_1_184' title='bbox 2972 1759 3078 1805; x_wconf 92' lang='lat' dir='ltr'>eas</span> <span class='ocrx_word' id='word_1_185' title='bbox 3109 1741 3616 1821; x_wconf 77' lang='lat' dir='ltr'>praetermittere,</span> <span class='ocrx_word' id='word_1_186' title='bbox 3647 1743 3783 1800; x_wconf 90' lang='lat' dir='ltr'>Ire—</span> 
     </span>
    </p>
   </div>
   <div class='ocr_carea' id='block_1_17' title="bbox 401 1829 3785 1915">
    <p class='ocr_par' dir='ltr' id='par_1_17' title="bbox 401 1829 3785 1915">
     <span class='ocr_line' id='line_1_17' title="bbox 401 1829 3785 1915; baseline 0.002 -28"><span class='ocrx_word' id='word_1_187' title='bbox 401 1841 742 1906; x_wconf 73' lang='lat' dir='ltr'>nzeumque</span> <span class='ocrx_word' id='word_1_188' title='bbox 797 1829 1194 1895; x_wconf 90' lang='lat' dir='ltr'>continenter</span> <span class='ocrx_word' id='word_1_189' title='bbox 1259 1833 1474 1912; x_wconf 91' lang='lat' dir='ltr'>legere</span> <span class='ocrx_word' id='word_1_190' title='bbox 1533 1837 1836 1913; x_wconf 91' lang='lat' dir='ltr'>possunt;</span> <span class='ocrx_word' id='word_1_191' title='bbox 1896 1832 1962 1894; x_wconf 93' lang='lat' dir='ltr'>in</span> <span class='ocrx_word' id='word_1_192' title='bbox 2019 1831 2301 1896; x_wconf 91' lang='lat' dir='ltr'>inferiori</span> <span class='ocrx_word' id='word_1_193' title='bbox 2365 1835 2600 1913; x_wconf 91' lang='lat' dir='ltr'>quippe</span> <span class='ocrx_word' id='word_1_194' title='bbox 2651 1834 2935 1911; x_wconf 90' lang='lat' dir='ltr'>margine</span> <span class='ocrx_word' id='word_1_195' title='bbox 3002 1835 3222 1915; x_wconf 71' lang='lat' dir='ltr'>posita:</span> <span class='ocrx_word' id='word_1_196' title='bbox 3277 1851 3314 1895; x_wconf 91' lang='lat' dir='ltr'>a</span> <span class='ocrx_word' id='word_1_197' title='bbox 3370 1838 3547 1896; x_wconf 91' lang='lat' dir='ltr'>textu</span> <span class='ocrx_word' id='word_1_198' title='bbox 3600 1830 3785 1894; x_wconf 88' lang='lat' dir='ltr'>facile</span> 
     </span>
    </p>
   </div>
   <div class='ocr_carea' id='block_1_18' title="bbox 401 1917 3780 2007">
    <p class='ocr_par' dir='ltr' id='par_1_18' title="bbox 401 1917 3780 2007">
     <span class='ocr_line' id='line_1_18' title="bbox 401 1917 3780 2007; baseline 0.001 -26"><span class='ocrx_word' id='word_1_199' title='bbox 401 1917 651 1999; x_wconf 91' lang='lat' dir='ltr'>sejungi</span> <span class='ocrx_word' id='word_1_200' title='bbox 701 1928 966 2000; x_wconf 91' lang='lat' dir='ltr'>queunt.</span> <span class='ocrx_word' id='word_1_201' title='bbox 1025 1929 1163 1990; x_wconf 92' lang='lat' dir='ltr'>Non</span> <span class='ocrx_word' id='word_1_202' title='bbox 1220 1927 1507 1992; x_wconf 90' lang='lat' dir='ltr'>commisi</span> <span class='ocrx_word' id='word_1_203' title='bbox 1562 1932 1797 2007; x_wconf 91' lang='lat' dir='ltr'>tamen,</span> <span class='ocrx_word' id='word_1_204' title='bbox 1858 1931 1928 1988; x_wconf 92' lang='lat' dir='ltr'>ut</span> <span class='ocrx_word' id='word_1_205' title='bbox 1977 1924 2294 2003; x_wconf 87' lang='lat' dir='ltr'>margines</span> <span class='ocrx_word' id='word_1_206' title='bbox 2349 1940 2678 2003; x_wconf 87' lang='lat' dir='ltr'>gravarem</span> <span class='ocrx_word' id='word_1_207' title='bbox 2735 1925 2814 1989; x_wconf 92' lang='lat' dir='ltr'>iis</span> <span class='ocrx_word' id='word_1_208' title='bbox 2846 1927 3032 1997; x_wconf 88' lang='lat' dir='ltr'>notis,</span> <span class='ocrx_word' id='word_1_209' title='bbox 3093 1943 3237 2007; x_wconf 69' lang='lat' dir='ltr'>quae</span> <span class='ocrx_word' id='word_1_210' title='bbox 3293 1927 3372 1989; x_wconf 89' lang='lat' dir='ltr'>ad</span> <span class='ocrx_word' id='word_1_211' title='bbox 3403 1923 3780 1988; x_wconf 83' lang='lat' dir='ltr'>eruditionis</span> 
     </span>
    </p>
   </div>
   <div class='ocr_carea' id='block_1_19' title="bbox 405 2009 3788 2098">
    <p class='ocr_par' dir='ltr' id='par_1_19' title="bbox 405 2009 3788 2098">
     <span class='ocr_line' id='line_1_19' title="bbox 405 2009 3788 2098; baseline 0.002 -27"><span class='ocrx_word' id='word_1_212' title='bbox 405 2009 494 2088; x_wconf 90' lang='lat' dir='ltr'>(in</span> <span class='ocrx_word' id='word_1_213' title='bbox 548 2026 651 2074; x_wconf 90' lang='lat' dir='ltr'>me</span> <span class='ocrx_word' id='word_1_214' title='bbox 697 2018 868 2079; x_wconf 91' lang='lat' dir='ltr'>certe</span> <span class='ocrx_word' id='word_1_215' title='bbox 897 2016 1176 2098; x_wconf 74' lang='lat' dir='ltr'>exiguae)</span> <span class='ocrx_word' id='word_1_216' title='bbox 1207 2018 1692 2083; x_wconf 88' lang='lat' dir='ltr'>ostentationem</span> <span class='ocrx_word' id='word_1_217' title='bbox 1752 2018 2075 2095; x_wconf 85' lang='lat' dir='ltr'>duntaxat,</span> <span class='ocrx_word' id='word_1_218' title='bbox 2137 2016 2239 2079; x_wconf 92' lang='lat' dir='ltr'>vel</span> <span class='ocrx_word' id='word_1_219' title='bbox 2291 2017 2370 2078; x_wconf 90' lang='lat' dir='ltr'>ad</span> <span class='ocrx_word' id='word_1_220' title='bbox 2425 2016 2718 2094; x_wconf 91' lang='lat' dir='ltr'>dogmata</span> <span class='ocrx_word' id='word_1_221' title='bbox 2775 2023 2840 2081; x_wconf 93' lang='lat' dir='ltr'>et</span> <span class='ocrx_word' id='word_1_222' title='bbox 2896 2019 3042 2082; x_wconf 89' lang='lat' dir='ltr'>ﬁdei</span> <span class='ocrx_word' id='word_1_223' title='bbox 3097 2018 3556 2084; x_wconf 82' lang='lat' dir='ltr'>controversias</span> <span class='ocrx_word' id='word_1_224' title='bbox 3641 2032 3788 2098; x_wconf 88' lang='lat' dir='ltr'>per-</span> 
     </span>
    </p>
   </div>
   <div class='ocr_carea' id='block_1_20' title="bbox 403 2102 3791 2192">
    <p class='ocr_par' dir='ltr' id='par_1_20' title="bbox 403 2102 3791 2192">
     <span class='ocr_line' id='line_1_20' title="bbox 403 2102 3791 2192; baseline 0.001 -26"><span class='ocrx_word' id='word_1_225' title='bbox 403 2102 630 2184; x_wconf 90' lang='lat' dir='ltr'>tinent,</span> <span class='ocrx_word' id='word_1_226' title='bbox 679 2104 800 2168; x_wconf 91' lang='lat' dir='ltr'>nisi</span> <span class='ocrx_word' id='word_1_227' title='bbox 857 2111 1112 2188; x_wconf 90' lang='lat' dir='ltr'>quando</span> <span class='ocrx_word' id='word_1_228' title='bbox 1168 2111 1387 2192; x_wconf 89' lang='lat' dir='ltr'>paucis</span> <span class='ocrx_word' id='word_1_229' title='bbox 1444 2112 1656 2176; x_wconf 90' lang='lat' dir='ltr'>verbis</span> <span class='ocrx_word' id='word_1_230' title='bbox 1713 2110 1956 2174; x_wconf 89' lang='lat' dir='ltr'>absolvi</span> <span class='ocrx_word' id='word_1_231' title='bbox 2012 2114 2395 2190; x_wconf 87' lang='lat' dir='ltr'>potuerunt;</span> <span class='ocrx_word' id='word_1_232' title='bbox 2457 2116 2631 2172; x_wconf 89' lang='lat' dir='ltr'>ratus</span> <span class='ocrx_word' id='word_1_233' title='bbox 2711 2111 3029 2192; x_wconf 91' lang='lat' dir='ltr'>videlicet,</span> <span class='ocrx_word' id='word_1_234' title='bbox 3108 2111 3491 2192; x_wconf 89' lang='lat' dir='ltr'>proprioque</span> <span class='ocrx_word' id='word_1_235' title='bbox 3565 2111 3791 2175; x_wconf 89' lang='lat' dir='ltr'>doctus</span> 
     </span>
    </p>
   </div>
   <div class='ocr_carea' id='block_1_21' title="bbox 403 2195 3789 2286">
    <p class='ocr_par' dir='ltr' id='par_1_21' title="bbox 403 2195 3789 2286">
     <span class='ocr_line' id='line_1_21' title="bbox 403 2195 3789 2286; baseline 0.002 -28"><span class='ocrx_word' id='word_1_236' title='bbox 403 2195 860 2281; x_wconf 86' lang='lat' dir='ltr'>experimento,</span> <span class='ocrx_word' id='word_1_237' title='bbox 913 2201 1258 2268; x_wconf 86' lang='lat' dir='ltr'>lectoribus</span> <span class='ocrx_word' id='word_1_238' title='bbox 1317 2205 1478 2268; x_wconf 81' lang='lat' dir='ltr'>nihil</span> <span class='ocrx_word' id='word_1_239' title='bbox 1536 2204 1891 2276; x_wconf 85' lang='lat' dir='ltr'>molestius,</span> <span class='ocrx_word' id='word_1_240' title='bbox 1956 2219 2144 2283; x_wconf 90' lang='lat' dir='ltr'>quam</span> <span class='ocrx_word' id='word_1_241' title='bbox 2207 2207 2275 2266; x_wconf 91' lang='lat' dir='ltr'>ut</span> <span class='ocrx_word' id='word_1_242' title='bbox 2326 2203 2598 2281; x_wconf 88' lang='lat' dir='ltr'>singulis</span> <span class='ocrx_word' id='word_1_243' title='bbox 2647 2202 2780 2266; x_wconf 86' lang='lat' dir='ltr'>fere</span> <span class='ocrx_word' id='word_1_244' title='bbox 2841 2205 3151 2284; x_wconf 87' lang='lat' dir='ltr'>vestigiis,</span> <span class='ocrx_word' id='word_1_245' title='bbox 3205 2205 3593 2286; x_wconf 84' lang='lat' dir='ltr'>interpositis</span> <span class='ocrx_word' id='word_1_246' title='bbox 3649 2221 3789 2266; x_wconf 91' lang='lat' dir='ltr'>mo-</span> 
     </span>
    </p>
   </div>
   <div class='ocr_carea' id='block_1_22' title="bbox 403 2291 3792 2379">
    <p class='ocr_par' dir='ltr' id='par_1_22' title="bbox 403 2291 3792 2379">
     <span class='ocr_line' id='line_1_22' title="bbox 403 2291 3792 2379; baseline 0.002 -25"><span class='ocrx_word' id='word_1_247' title='bbox 403 2291 492 2356; x_wconf 92' lang='lat' dir='ltr'>ris</span> <span class='ocrx_word' id='word_1_248' title='bbox 520 2340 538 2375; x_wconf 85' lang='lat'>,</span> <span class='ocrx_word' id='word_1_249' title='bbox 583 2293 877 2362; x_wconf 88' lang='lat' dir='ltr'>insistere</span> <span class='ocrx_word' id='word_1_250' title='bbox 934 2303 1264 2376; x_wconf 87' lang='lat' dir='ltr'>cogantur.</span> <span class='ocrx_word' id='word_1_251' title='bbox 1325 2301 1532 2365; x_wconf 85' lang='lat' dir='ltr'>Satius</span> <span class='ocrx_word' id='word_1_252' title='bbox 1589 2317 1730 2365; x_wconf 92' lang='lat' dir='ltr'>esse</span> <span class='ocrx_word' id='word_1_253' title='bbox 1783 2299 1959 2379; x_wconf 88' lang='lat' dir='ltr'>duxi,</span> <span class='ocrx_word' id='word_1_254' title='bbox 2019 2316 2092 2363; x_wconf 91' lang='lat' dir='ltr'>ea</span> <span class='ocrx_word' id='word_1_255' title='bbox 2149 2313 2293 2379; x_wconf 64' lang='lat' dir='ltr'>quae</span> <span class='ocrx_word' id='word_1_256' title='bbox 2352 2297 2567 2360; x_wconf 89' lang='lat' dir='ltr'>fusiori</span> <span class='ocrx_word' id='word_1_257' title='bbox 2622 2304 2685 2361; x_wconf 90' lang='lat' dir='ltr'>et</span> <span class='ocrx_word' id='word_1_258' title='bbox 2740 2301 3112 2364; x_wconf 90' lang='lat' dir='ltr'>accuratiori</span> <span class='ocrx_word' id='word_1_259' title='bbox 3195 2301 3484 2364; x_wconf 82' lang='lat' dir='ltr'>examine</span> <span class='ocrx_word' id='word_1_260' title='bbox 3550 2299 3792 2376; x_wconf 90' lang='lat' dir='ltr'>indige-</span> 
     </span>
    </p>
   </div>
   <div class='ocr_carea' id='block_1_23' title="bbox 402 2383 3786 2474">
    <p class='ocr_par' dir='ltr' id='par_1_23' title="bbox 402 2383 3786 2474">
     <span class='ocr_line' id='line_1_23' title="bbox 402 2383 3786 2474; baseline 0.001 -25"><span class='ocrx_word' id='word_1_261' title='bbox 402 2383 576 2466; x_wconf 91' lang='lat' dir='ltr'>bant,</span> <span class='ocrx_word' id='word_1_262' title='bbox 637 2403 765 2451; x_wconf 92' lang='lat' dir='ltr'>non</span> <span class='ocrx_word' id='word_1_263' title='bbox 820 2389 1080 2469; x_wconf 91' lang='lat' dir='ltr'>quidem</span> <span class='ocrx_word' id='word_1_264' title='bbox 1139 2392 1206 2455; x_wconf 90' lang='lat' dir='ltr'>in</span> <span class='ocrx_word' id='word_1_265' title='bbox 1261 2392 1400 2474; x_wconf 92' lang='lat' dir='ltr'>ipsa</span> <span class='ocrx_word' id='word_1_266' title='bbox 1455 2394 1868 2471; x_wconf 75' lang='lat' dir='ltr'>Praefatione,</span> <span class='ocrx_word' id='word_1_267' title='bbox 1917 2408 2000 2456; x_wconf 91' lang='lat' dir='ltr'>ne</span> <span class='ocrx_word' id='word_1_268' title='bbox 2074 2391 2141 2454; x_wconf 91' lang='lat' dir='ltr'>in</span> <span class='ocrx_word' id='word_1_269' title='bbox 2200 2389 2580 2452; x_wconf 90' lang='lat' dir='ltr'>immensum</span> <span class='ocrx_word' id='word_1_270' title='bbox 2655 2405 2802 2454; x_wconf 89' lang='lat' dir='ltr'>cum</span> <span class='ocrx_word' id='word_1_271' title='bbox 2868 2397 3058 2457; x_wconf 89' lang='lat' dir='ltr'>rectae</span> <span class='ocrx_word' id='word_1_272' title='bbox 3106 2393 3388 2457; x_wconf 88' lang='lat' dir='ltr'>methodi</span> <span class='ocrx_word' id='word_1_273' title='bbox 3454 2391 3786 2472; x_wconf 89' lang='lat' dir='ltr'>dispendio</span> 
     </span>
    </p>
   </div>
   <div class='ocr_carea' id='block_1_24' title="bbox 403 2481 3782 2566">
    <p class='ocr_par' dir='ltr' id='par_1_24' title="bbox 403 2481 3782 2566">
     <span class='ocr_line' id='line_1_24' title="bbox 403 2481 3782 2566; baseline 0.001 -25"><span class='ocrx_word' id='word_1_274' title='bbox 403 2483 751 2561; x_wconf 87' lang='lat' dir='ltr'>cresceret;</span> <span class='ocrx_word' id='word_1_275' title='bbox 785 2482 897 2545; x_wconf 92' lang='lat' dir='ltr'>sed</span> <span class='ocrx_word' id='word_1_276' title='bbox 952 2483 1018 2546; x_wconf 89' lang='lat' dir='ltr'>in</span> <span class='ocrx_word' id='word_1_277' title='bbox 1072 2483 1505 2564; x_wconf 90' lang='lat' dir='ltr'>singularibus</span> <span class='ocrx_word' id='word_1_278' title='bbox 1563 2483 2116 2549; x_wconf 86' lang='lat' dir='ltr'>dissertationibus</span> <span class='ocrx_word' id='word_1_279' title='bbox 2165 2485 2571 2562; x_wconf 89' lang='lat' dir='ltr'>pertractare,</span> <span class='ocrx_word' id='word_1_280' title='bbox 2634 2481 2699 2545; x_wconf 90' lang='lat' dir='ltr'>in</span> <span class='ocrx_word' id='word_1_281' title='bbox 2757 2484 2992 2564; x_wconf 91' lang='lat' dir='ltr'>quibus</span> <span class='ocrx_word' id='word_1_282' title='bbox 3056 2502 3159 2549; x_wconf 90' lang='lat' dir='ltr'>res</span> <span class='ocrx_word' id='word_1_283' title='bbox 3205 2502 3478 2566; x_wconf 74' lang='lat' dir='ltr'>quaeque</span> <span class='ocrx_word' id='word_1_284' title='bbox 3529 2502 3646 2548; x_wconf 91' lang='lat' dir='ltr'>suo</span> <span class='ocrx_word' id='word_1_285' title='bbox 3675 2501 3782 2547; x_wconf 92' lang='lat' dir='ltr'>or-</span> 
     </span>
    </p>
   </div>
   <div class='ocr_carea' id='block_1_25' title="bbox 403 2569 3774 2660">
    <p class='ocr_par' dir='ltr' id='par_1_25' title="bbox 403 2569 3774 2660">
     <span class='ocr_line' id='line_1_25' title="bbox 403 2569 3774 2660; baseline 0.002 -26"><span class='ocrx_word' id='word_1_286' title='bbox 403 2569 573 2648; x_wconf 90' lang='lat' dir='ltr'>dine,</span> <span class='ocrx_word' id='word_1_287' title='bbox 605 2575 671 2636; x_wconf 92' lang='lat' dir='ltr'>et</span> <span class='ocrx_word' id='word_1_288' title='bbox 713 2574 1013 2640; x_wconf 91' lang='lat' dir='ltr'>continua</span> <span class='ocrx_word' id='word_1_289' title='bbox 1057 2577 1222 2643; x_wconf 90' lang='lat' dir='ltr'>serie</span> <span class='ocrx_word' id='word_1_290' title='bbox 1250 2579 1786 2660; x_wconf 85' lang='lat' dir='ltr'>expenderentur.</span> <span class='ocrx_word' id='word_1_291' title='bbox 1819 2580 1973 2641; x_wconf 88' lang='lat' dir='ltr'>Tres</span> <span class='ocrx_word' id='word_1_292' title='bbox 2001 2575 2198 2653; x_wconf 89' lang='lat' dir='ltr'>igitur</span> <span class='ocrx_word' id='word_1_293' title='bbox 2227 2573 2401 2653; x_wconf 84' lang='lat' dir='ltr'>Operi</span> <span class='ocrx_word' id='word_1_294' title='bbox 2457 2574 2732 2652; x_wconf 72' lang='lat' dir='ltr'>praemisi</span> <span class='ocrx_word' id='word_1_295' title='bbox 2767 2597 2787 2636; x_wconf 85' lang='lat'>.-</span> <span class='ocrx_word' id='word_1_296' title='bbox 2819 2576 2886 2638; x_wconf 91' lang='lat' dir='ltr'>in</span> <span class='ocrx_word' id='word_1_297' title='bbox 2943 2576 3145 2656; x_wconf 91' lang='lat' dir='ltr'>prima</span> <span class='ocrx_word' id='word_1_298' title='bbox 3191 2577 3272 2639; x_wconf 91' lang='lat' dir='ltr'>de</span> <span class='ocrx_word' id='word_1_299' title='bbox 3319 2577 3398 2640; x_wconf 91' lang='lat' dir='ltr'>iis</span> <span class='ocrx_word' id='word_1_300' title='bbox 3449 2577 3774 2641; x_wconf 81' lang='lat' dir='ltr'>omnibus.</span> 
     </span>
    </p>
   </div>
   <div class='ocr_carea' id='block_1_26' title="bbox 403 2664 3770 2752">
    <p class='ocr_par' dir='ltr' id='par_1_26' title="bbox 403 2664 3770 2752">
     <span class='ocr_line' id='line_1_26' title="bbox 403 2664 3770 2752; baseline 0.001 -26"><span class='ocrx_word' id='word_1_301' title='bbox 403 2679 595 2744; x_wconf 90' lang='lat' dir='ltr'>quam</span> <span class='ocrx_word' id='word_1_302' title='bbox 639 2668 1110 2735; x_wconf 91' lang='lat' dir='ltr'>accuratissime</span> <span class='ocrx_word' id='word_1_303' title='bbox 1182 2671 1383 2752; x_wconf 89' lang='lat' dir='ltr'>potui,</span> <span class='ocrx_word' id='word_1_304' title='bbox 1460 2671 1752 2752; x_wconf 92' lang='lat' dir='ltr'>disserui,</span> <span class='ocrx_word' id='word_1_305' title='bbox 1813 2686 1957 2750; x_wconf 69' lang='lat' dir='ltr'>quae</span> <span class='ocrx_word' id='word_1_306' title='bbox 2010 2668 2090 2730; x_wconf 92' lang='lat' dir='ltr'>ad</span> <span class='ocrx_word' id='word_1_307' title='bbox 2144 2664 2612 2746; x_wconf 69' lang='lat' dir='ltr'>haereticorum,</span> <span class='ocrx_word' id='word_1_308' title='bbox 2680 2673 2897 2732; x_wconf 92' lang='lat' dir='ltr'>contra</span> <span class='ocrx_word' id='word_1_309' title='bbox 2961 2685 3120 2748; x_wconf 92' lang='lat' dir='ltr'>quos</span> <span class='ocrx_word' id='word_1_310' title='bbox 3196 2668 3416 2733; x_wconf 90' lang='lat' dir='ltr'>scribit</span> <span class='ocrx_word' id='word_1_311' title='bbox 3472 2673 3770 2740; x_wconf 64' lang='lat' dir='ltr'>Irenmus,</span> 
     </span>
    </p>
   </div>
   <div class='ocr_carea' id='block_1_27' title="bbox 402 2757 3781 2847">
    <p class='ocr_par' dir='ltr' id='par_1_27' title="bbox 402 2757 3781 2847">
     <span class='ocr_line' id='line_1_27' title="bbox 402 2757 3781 2847; baseline 0.002 -28"><span class='ocrx_word' id='word_1_312' title='bbox 402 2771 759 2837; x_wconf 89' lang='lat' dir='ltr'>personam,</span> <span class='ocrx_word' id='word_1_313' title='bbox 810 2765 1081 2844; x_wconf 71' lang='lat' dir='ltr'>aetatem,</span> <span class='ocrx_word' id='word_1_314' title='bbox 1142 2780 1374 2847; x_wconf 89' lang='lat' dir='ltr'>mores,</span> <span class='ocrx_word' id='word_1_315' title='bbox 1424 2765 1656 2845; x_wconf 89' lang='lat' dir='ltr'>scripta</span> <span class='ocrx_word' id='word_1_316' title='bbox 1714 2772 1776 2828; x_wconf 89' lang='lat' dir='ltr'>et</span> <span class='ocrx_word' id='word_1_317' title='bbox 1831 2763 2125 2841; x_wconf 90' lang='lat' dir='ltr'>dogmata</span> <span class='ocrx_word' id='word_1_318' title='bbox 2180 2757 2520 2838; x_wconf 89' lang='lat' dir='ltr'>pertinent;</span> <span class='ocrx_word' id='word_1_319' title='bbox 2578 2758 2780 2823; x_wconf 90' lang='lat' dir='ltr'>fontes</span> <span class='ocrx_word' id='word_1_320' title='bbox 2831 2776 2868 2823; x_wconf 89' lang='lat' dir='ltr'>e</span> <span class='ocrx_word' id='word_1_321' title='bbox 2922 2761 3158 2840; x_wconf 90' lang='lat' dir='ltr'>quibus</span> <span class='ocrx_word' id='word_1_322' title='bbox 3199 2760 3447 2841; x_wconf 90' lang='lat' dir='ltr'>impura</span> <span class='ocrx_word' id='word_1_323' title='bbox 3495 2761 3781 2825; x_wconf 87' lang='lat' dir='ltr'>doctrina</span> 
     </span>
    </p>
   </div>
   <div class='ocr_carea' id='block_1_28' title="bbox 402 2847 3777 2937">
    <p class='ocr_par' dir='ltr' id='par_1_28' title="bbox 402 2847 3777 2937">
     <span class='ocr_line' id='line_1_28' title="bbox 402 2847 3777 2937; baseline -0 -20"><span class='ocrx_word' id='word_1_324' title='bbox 402 2847 792 2928; x_wconf 83' lang='lat' dir='ltr'>proﬂuxerit,</span> <span class='ocrx_word' id='word_1_325' title='bbox 850 2855 1108 2937; x_wconf 87' lang='lat' dir='ltr'>aperui;</span> <span class='ocrx_word' id='word_1_326' title='bbox 1163 2856 1622 2936; x_wconf 75' lang='lat' dir='ltr'>altissimaque</span> <span class='ocrx_word' id='word_1_327' title='bbox 1689 2869 1911 2920; x_wconf 90' lang='lat' dir='ltr'>eorum</span> <span class='ocrx_word' id='word_1_328' title='bbox 1963 2849 2285 2930; x_wconf 70' lang='lat' dir='ltr'>mysteria</span> <span class='ocrx_word' id='word_1_329' title='bbox 2352 2854 2670 2915; x_wconf 92' lang='lat' dir='ltr'>scrutatus</span> <span class='ocrx_word' id='word_1_330' title='bbox 2706 2900 2722 2926; x_wconf 90' lang='lat'>,</span> <span class='ocrx_word' id='word_1_331' title='bbox 2784 2851 2939 2932; x_wconf 93' lang='lat' dir='ltr'>quid</span> <span class='ocrx_word' id='word_1_332' title='bbox 2990 2853 3110 2916; x_wconf 91' lang='lat' dir='ltr'>sub</span> <span class='ocrx_word' id='word_1_333' title='bbox 3172 2854 3571 2932; x_wconf 69' lang='lat' dir='ltr'>aenigmatico</span> <span class='ocrx_word' id='word_1_334' title='bbox 3631 2871 3777 2917; x_wconf 90' lang='lat' dir='ltr'>ver-</span> 
     </span>
    </p>
   </div>
   <div class='ocr_carea' id='block_1_29' title="bbox 407 2940 3786 3044">
    <p class='ocr_par' dir='ltr' id='par_1_29' title="bbox 407 2940 3786 3044">
     <span class='ocr_line' id='line_1_29' title="bbox 407 2940 3786 3044; baseline 0.002 -38"><span class='ocrx_word' id='word_1_335' title='bbox 407 2940 636 3044; x_wconf 75' lang='lat' dir='ltr'>borum</span> <span class='ocrx_word' id='word_1_336' title='bbox 698 2945 942 3044; x_wconf 78' lang='lat' dir='ltr'>cortice</span> <span class='ocrx_word' id='word_1_337' title='bbox 977 2948 1398 3044; x_wconf 71' lang='lat' dir='ltr'>delitesceret,</span> <span class='ocrx_word' id='word_1_338' title='bbox 1459 2954 1749 3044; x_wconf 85' lang='lat' dir='ltr'>retegere</span> <span class='ocrx_word' id='word_1_339' title='bbox 1807 2951 2068 3044; x_wconf 80' lang='lat' dir='ltr'>conatus</span> <span class='ocrx_word' id='word_1_340' title='bbox 2116 2959 2280 3044; x_wconf 84' lang='lat' dir='ltr'>sum.</span> <span class='ocrx_word' id='word_1_341' title='bbox 2315 2946 2384 3006; x_wconf 92' lang='lat' dir='ltr'>In</span> <span class='ocrx_word' id='word_1_342' title='bbox 2437 2947 2728 3044; x_wconf 73' lang='lat' dir='ltr'>secunda</span> <span class='ocrx_word' id='word_1_343' title='bbox 2771 2946 3082 3044; x_wconf 83' lang='lat' dir='ltr'>quidquid</span> <span class='ocrx_word' id='word_1_344' title='bbox 3130 2948 3209 3011; x_wconf 91' lang='lat' dir='ltr'>de</span> <span class='ocrx_word' id='word_1_345' title='bbox 3270 2949 3494 3012; x_wconf 75' lang='lat' dir='ltr'>Irenaei</span> <span class='ocrx_word' id='word_1_346' title='bbox 3544 2949 3670 3044; x_wconf 80' lang='lat' dir='ltr'>vita</span> <span class='ocrx_word' id='word_1_347' title='bbox 3709 2952 3786 3044; x_wconf 80' lang='lat' dir='ltr'>et</span> 
     </span>
    </p>
   </div>
   <div class='ocr_carea' id='block_1_30' title="bbox 409 3035 3786 3124">
    <p class='ocr_par' dir='ltr' id='par_1_30' title="bbox 409 3035 3786 3124">
     <span class='ocr_line' id='line_1_30' title="bbox 409 3035 3786 3124; baseline 0.001 -26"><span class='ocrx_word' id='word_1_348' title='bbox 409 3035 628 3114; x_wconf 90' lang='lat' dir='ltr'>gestis,</span> <span class='ocrx_word' id='word_1_349' title='bbox 689 3039 1008 3120; x_wconf 81' lang='lat' dir='ltr'>martyrio,</span> <span class='ocrx_word' id='word_1_350' title='bbox 1056 3035 1332 3124; x_wconf 79' lang='lat' dir='ltr'>scriptis,</span> <span class='ocrx_word' id='word_1_351' title='bbox 1383 3059 1459 3107; x_wconf 91' lang='lat' dir='ltr'>ac</span> <span class='ocrx_word' id='word_1_352' title='bbox 1518 3042 1925 3124; x_wconf 89' lang='lat' dir='ltr'>potissimum</span> <span class='ocrx_word' id='word_1_353' title='bbox 1971 3039 2051 3103; x_wconf 93' lang='lat' dir='ltr'>de</span> <span class='ocrx_word' id='word_1_354' title='bbox 2102 3036 2386 3118; x_wconf 91' lang='lat' dir='ltr'>quinque</span> <span class='ocrx_word' id='word_1_355' title='bbox 2448 3037 2630 3102; x_wconf 90' lang='lat' dir='ltr'>libris</span> <span class='ocrx_word' id='word_1_356' title='bbox 2685 3039 3057 3102; x_wconf 80' lang='lat' dir='ltr'>Detectionis</span> <span class='ocrx_word' id='word_1_357' title='bbox 3112 3049 3169 3103; x_wconf 81' lang='lat' dir='ltr'>et</span> <span class='ocrx_word' id='word_1_358' title='bbox 3227 3043 3571 3103; x_wconf 80' lang='lat' dir='ltr'>eversio-nis</span> <span class='ocrx_word' id='word_1_359' title='bbox 3614 3041 3786 3120; x_wconf 82' lang='lat' dir='ltr'>falso</span> 
     </span>
    </p>
   </div>
   <div class='ocr_carea' id='block_1_31' title="bbox 408 3131 3778 3216">
    <p class='ocr_par' dir='ltr' id='par_1_31' title="bbox 408 3131 3778 3216">
     <span class='ocr_line' id='line_1_31' title="bbox 408 3131 3778 3216; baseline 0.002 -26"><span class='ocrx_word' id='word_1_360' title='bbox 408 3132 884 3207; x_wconf 77' lang='lat' dir='ltr'>cognominatae</span> <span class='ocrx_word' id='word_1_361' title='bbox 936 3134 1296 3212; x_wconf 70' lang='lat' dir='ltr'>agnitionis</span> <span class='ocrx_word' id='word_1_362' title='bbox 1367 3135 1563 3216; x_wconf 93' lang='lat' dir='ltr'>(hunc</span> <span class='ocrx_word' id='word_1_363' title='bbox 1619 3135 1792 3199; x_wconf 92' lang='lat' dir='ltr'>enim</span> <span class='ocrx_word' id='word_1_364' title='bbox 1822 3132 2175 3212; x_wconf 91' lang='lat' dir='ltr'>genuinum</span> <span class='ocrx_word' id='word_1_365' title='bbox 2205 3143 2347 3192; x_wconf 90' lang='lat' dir='ltr'>esse</span> <span class='ocrx_word' id='word_1_366' title='bbox 2377 3144 2595 3192; x_wconf 89' lang='lat' dir='ltr'>eorum</span> <span class='ocrx_word' id='word_1_367' title='bbox 2626 3131 2883 3196; x_wconf 91' lang='lat' dir='ltr'>titulum</span> <span class='ocrx_word' id='word_1_368' title='bbox 2912 3133 3152 3196; x_wconf 90' lang='lat' dir='ltr'>ibidem</span> <span class='ocrx_word' id='word_1_369' title='bbox 3182 3135 3483 3215; x_wconf 91' lang='lat' dir='ltr'>ostendi),</span> <span class='ocrx_word' id='word_1_370' title='bbox 3515 3135 3595 3197; x_wconf 89' lang='lat' dir='ltr'>de</span> <span class='ocrx_word' id='word_1_371' title='bbox 3627 3151 3778 3214; x_wconf 87' lang='lat' dir='ltr'>ope-</span> 
     </span>
    </p>
   </div>
   <div class='ocr_carea' id='block_1_32' title="bbox 408 3220 3787 3310">
    <p class='ocr_par' dir='ltr' id='par_1_32' title="bbox 408 3220 3787 3310">
     <span class='ocr_line' id='line_1_32' title="bbox 408 3220 3787 3310; baseline 0.002 -27"><span class='ocrx_word' id='word_1_372' title='bbox 408 3220 498 3283; x_wconf 92' lang='lat' dir='ltr'>ris</span> <span class='ocrx_word' id='word_1_373' title='bbox 554 3222 746 3302; x_wconf 86' lang='lat' dir='ltr'>hujus</span> <span class='ocrx_word' id='word_1_374' title='bbox 797 3226 1081 3308; x_wconf 88' lang='lat' dir='ltr'>consilio,</span> <span class='ocrx_word' id='word_1_375' title='bbox 1133 3232 1328 3310; x_wconf 90' lang='lat' dir='ltr'>atque</span> <span class='ocrx_word' id='word_1_376' title='bbox 1375 3230 1698 3303; x_wconf 89' lang='lat' dir='ltr'>methodo,</span> <span class='ocrx_word' id='word_1_377' title='bbox 1757 3225 2070 3308; x_wconf 90' lang='lat' dir='ltr'>quidquid</span> <span class='ocrx_word' id='word_1_378' title='bbox 2115 3223 2389 3302; x_wconf 89' lang='lat' dir='ltr'>denique</span> <span class='ocrx_word' id='word_1_379' title='bbox 2441 3225 2521 3288; x_wconf 93' lang='lat' dir='ltr'>de</span> <span class='ocrx_word' id='word_1_380' title='bbox 2575 3226 2715 3289; x_wconf 91' lang='lat' dir='ltr'>aliis</span> <span class='ocrx_word' id='word_1_381' title='bbox 2771 3227 2971 3290; x_wconf 91' lang='lat' dir='ltr'>sancti</span> <span class='ocrx_word' id='word_1_382' title='bbox 3028 3226 3310 3290; x_wconf 91' lang='lat' dir='ltr'>Doctoris</span> <span class='ocrx_word' id='word_1_383' title='bbox 3360 3227 3610 3306; x_wconf 90' lang='lat' dir='ltr'>scriptis</span> <span class='ocrx_word' id='word_1_384' title='bbox 3671 3227 3787 3290; x_wconf 89' lang='lat' dir='ltr'>de-</span> 
     </span>
    </p>
   </div>
   <div class='ocr_carea' id='block_1_33' title="bbox 409 3315 3784 3400">
    <p class='ocr_par' dir='ltr' id='par_1_33' title="bbox 409 3315 3784 3400">
     <span class='ocr_line' id='line_1_33' title="bbox 409 3315 3784 3400; baseline 0 -20"><span class='ocrx_word' id='word_1_385' title='bbox 409 3315 675 3397; x_wconf 90' lang='lat' dir='ltr'>perditis</span> <span class='ocrx_word' id='word_1_386' title='bbox 743 3317 811 3382; x_wconf 91' lang='lat' dir='ltr'>in</span> <span class='ocrx_word' id='word_1_387' title='bbox 857 3325 1146 3386; x_wconf 90' lang='lat' dir='ltr'>veterum</span> <span class='ocrx_word' id='word_1_388' title='bbox 1199 3323 1630 3388; x_wconf 90' lang='lat' dir='ltr'>monumentis</span> <span class='ocrx_word' id='word_1_389' title='bbox 1686 3320 1982 3390; x_wconf 87' lang='lat' dir='ltr'>occurrit,</span> <span class='ocrx_word' id='word_1_390' title='bbox 2041 3317 2324 3381; x_wconf 91' lang='lat' dir='ltr'>studiose</span> <span class='ocrx_word' id='word_1_391' title='bbox 2378 3317 2630 3398; x_wconf 90' lang='lat' dir='ltr'>collegi,</span> <span class='ocrx_word' id='word_1_392' title='bbox 2685 3336 2758 3383; x_wconf 92' lang='lat' dir='ltr'>ac</span> <span class='ocrx_word' id='word_1_393' title='bbox 2814 3337 2926 3398; x_wconf 92' lang='lat' dir='ltr'>pro</span> <span class='ocrx_word' id='word_1_394' title='bbox 2975 3319 3144 3382; x_wconf 91' lang='lat' dir='ltr'>virili</span> <span class='ocrx_word' id='word_1_395' title='bbox 3203 3336 3344 3383; x_wconf 90' lang='lat' dir='ltr'>mea</span> <span class='ocrx_word' id='word_1_396' title='bbox 3371 3325 3548 3400; x_wconf 91' lang='lat' dir='ltr'>parte</span> <span class='ocrx_word' id='word_1_397' title='bbox 3577 3319 3784 3400; x_wconf 65' lang='grc' dir='ltr'>θη)ιὶ-</span> 
     </span>
    </p>
   </div>
   <div class='ocr_carea' id='block_1_34' title="bbox 409 3406 3786 3494">
    <p class='ocr_par' dir='ltr' id='par_1_34' title="bbox 409 3406 3786 3494">
     <span class='ocr_line' id='line_1_34' title="bbox 409 3406 3786 3494; baseline 0.001 -22"><span class='ocrx_word' id='word_1_398' title='bbox 409 3406 536 3472; x_wconf 90' lang='lat' dir='ltr'>cui.</span> <span class='ocrx_word' id='word_1_399' title='bbox 587 3412 660 3472; x_wconf 92' lang='lat' dir='ltr'>In</span> <span class='ocrx_word' id='word_1_400' title='bbox 712 3411 898 3475; x_wconf 89' lang='lat' dir='ltr'>tertia</span> <span class='ocrx_word' id='word_1_401' title='bbox 952 3413 1209 3478; x_wconf 91' lang='lat' dir='ltr'>demum</span> <span class='ocrx_word' id='word_1_402' title='bbox 1264 3419 1460 3480; x_wconf 89' lang='lat' dir='ltr'>totam</span> <span class='ocrx_word' id='word_1_403' title='bbox 1518 3417 1578 3479; x_wconf 92' lang='lat' dir='ltr'>S.</span> <span class='ocrx_word' id='word_1_404' title='bbox 1638 3411 1918 3494; x_wconf 92' lang='lat' dir='ltr'>episcopi</span> <span class='ocrx_word' id='word_1_405' title='bbox 1979 3409 2282 3474; x_wconf 87' lang='lat' dir='ltr'>doctrinae</span> <span class='ocrx_word' id='word_1_406' title='bbox 2350 3410 2580 3474; x_wconf 90' lang='lat' dir='ltr'>seriem</span> <span class='ocrx_word' id='word_1_407' title='bbox 2625 3412 2875 3476; x_wconf 91' lang='lat' dir='ltr'>evolvi:</span> <span class='ocrx_word' id='word_1_408' title='bbox 2932 3411 3192 3487; x_wconf 89' lang='lat' dir='ltr'>leviora,</span> <span class='ocrx_word' id='word_1_409' title='bbox 3220 3411 3272 3475; x_wconf 91' lang='lat' dir='ltr'>si</span> <span class='ocrx_word' id='word_1_410' title='bbox 3319 3429 3463 3492; x_wconf 71' lang='lat' dir='ltr'>quae</span> <span class='ocrx_word' id='word_1_411' title='bbox 3513 3411 3786 3492; x_wconf 87' lang='lat' dir='ltr'>sint,of-</span> 
     </span>
    </p>
   </div>
   <div class='ocr_carea' id='block_1_35' title="bbox 411 3498 3782 3588">
    <p class='ocr_par' dir='ltr' id='par_1_35' title="bbox 411 3498 3782 3588">
     <span class='ocr_line' id='line_1_35' title="bbox 411 3498 3782 3588; baseline 0.001 -26"><span class='ocrx_word' id='word_1_412' title='bbox 411 3498 747 3579; x_wconf 88' lang='lat' dir='ltr'>fendicula,</span> <span class='ocrx_word' id='word_1_413' title='bbox 807 3519 890 3568; x_wconf 92' lang='lat' dir='ltr'>ne</span> <span class='ocrx_word' id='word_1_414' title='bbox 941 3504 1010 3568; x_wconf 91' lang='lat' dir='ltr'>in</span> <span class='ocrx_word' id='word_1_415' title='bbox 1065 3521 1141 3570; x_wconf 91' lang='lat' dir='ltr'>ea</span> <span class='ocrx_word' id='word_1_416' title='bbox 1202 3511 1445 3572; x_wconf 90' lang='lat' dir='ltr'>temere</span> <span class='ocrx_word' id='word_1_417' title='bbox 1511 3507 1828 3588; x_wconf 89' lang='lat' dir='ltr'>quispiam</span> <span class='ocrx_word' id='word_1_418' title='bbox 1904 3501 2325 3582; x_wconf 88' lang='lat' dir='ltr'>impingeret,</span> <span class='ocrx_word' id='word_1_419' title='bbox 2387 3502 2700 3584; x_wconf 84' lang='lat' dir='ltr'>patefeci;</span> <span class='ocrx_word' id='word_1_420' title='bbox 2769 3504 2938 3583; x_wconf 93' lang='lat' dir='ltr'>quod</span> <span class='ocrx_word' id='word_1_421' title='bbox 3016 3503 3346 3567; x_wconf 90' lang='lat' dir='ltr'>obscurius</span> <span class='ocrx_word' id='word_1_422' title='bbox 3405 3503 3557 3579; x_wconf 90' lang='lat' dir='ltr'>fuit,</span> <span class='ocrx_word' id='word_1_423' title='bbox 3628 3503 3782 3566; x_wconf 94' lang='lat' dir='ltr'>illu-</span> 
     </span>
    </p>
   </div>
   <div class='ocr_carea' id='block_1_36' title="bbox 410 3592 3784 3679">
    <p class='ocr_par' dir='ltr' id='par_1_36' title="bbox 410 3592 3784 3679">
     <span class='ocr_line' id='line_1_36' title="bbox 410 3592 3784 3679; baseline 0.001 -23"><span class='ocrx_word' id='word_1_424' title='bbox 410 3592 646 3674; x_wconf 89' lang='lat' dir='ltr'>stravi;</span> <span class='ocrx_word' id='word_1_425' title='bbox 705 3596 877 3674; x_wconf 88' lang='lat' dir='ltr'>quod</span> <span class='ocrx_word' id='word_1_426' title='bbox 929 3596 1209 3663; x_wconf 90' lang='lat' dir='ltr'>alienum</span> <span class='ocrx_word' id='word_1_427' title='bbox 1266 3604 1331 3663; x_wconf 88' lang='lat' dir='ltr'>et</span> <span class='ocrx_word' id='word_1_428' title='bbox 1387 3599 1553 3663; x_wconf 89' lang='lat' dir='ltr'>male</span> <span class='ocrx_word' id='word_1_429' title='bbox 1610 3599 1894 3662; x_wconf 90' lang='lat' dir='ltr'>afﬁctum</span> <span class='ocrx_word' id='word_1_430' title='bbox 1949 3594 2185 3675; x_wconf 87' lang='lat' dir='ltr'>rejeci;</span> <span class='ocrx_word' id='word_1_431' title='bbox 2244 3595 2416 3674; x_wconf 92' lang='lat' dir='ltr'>quod</span> <span class='ocrx_word' id='word_1_432' title='bbox 2475 3596 2557 3660; x_wconf 90' lang='lat' dir='ltr'>ab</span> <span class='ocrx_word' id='word_1_433' title='bbox 2629 3597 3031 3661; x_wconf 89' lang='lat' dir='ltr'>heterodoxis</span> <span class='ocrx_word' id='word_1_434' title='bbox 3105 3615 3300 3679; x_wconf 91' lang='lat' dir='ltr'>prave</span> <span class='ocrx_word' id='word_1_435' title='bbox 3379 3602 3736 3662; x_wconf 89' lang='lat' dir='ltr'>contortum</span> <span class='ocrx_word' id='word_1_436' title='bbox 3765 3646 3784 3678; x_wconf 90' lang='lat'>,</span> 
     </span>
    </p>
   </div>
   <div class='ocr_carea' id='block_1_37' title="bbox 411 3684 3782 3771">
    <p class='ocr_par' dir='ltr' id='par_1_37' title="bbox 411 3684 3782 3771">
     <span class='ocr_line' id='line_1_37' title="bbox 411 3684 3782 3771; baseline 0.001 -23"><span class='ocrx_word' id='word_1_437' title='bbox 411 3684 718 3768; x_wconf 88' lang='lat' dir='ltr'>vanisque</span> <span class='ocrx_word' id='word_1_438' title='bbox 771 3690 1280 3757; x_wconf 90' lang='lat' dir='ltr'>cavillationibus</span> <span class='ocrx_word' id='word_1_439' title='bbox 1327 3693 1756 3771; x_wconf 92' lang='lat' dir='ltr'>obscuratum,</span> <span class='ocrx_word' id='word_1_440' title='bbox 1811 3688 2182 3769; x_wconf 89' lang='lat' dir='ltr'>explanavi,</span> <span class='ocrx_word' id='word_1_441' title='bbox 2236 3685 2551 3750; x_wconf 90' lang='lat' dir='ltr'>vindicavi</span> <span class='ocrx_word' id='word_1_442' title='bbox 2608 3692 2673 3751; x_wconf 92' lang='lat' dir='ltr'>et</span> <span class='ocrx_word' id='word_1_443' title='bbox 2732 3689 2999 3753; x_wconf 90' lang='lat' dir='ltr'>asserui.</span> <span class='ocrx_word' id='word_1_444' title='bbox 3066 3692 3238 3770; x_wconf 71' lang='lat' dir='ltr'>Haec,</span> <span class='ocrx_word' id='word_1_445' title='bbox 3310 3689 3591 3770; x_wconf 91' lang='lat' dir='ltr'>inquam,</span> <span class='ocrx_word' id='word_1_446' title='bbox 3657 3688 3782 3751; x_wconf 92' lang='lat' dir='ltr'>ini-</span> 
     </span>
    </p>
   </div>
   <div class='ocr_carea' id='block_1_38' title="bbox 411 3777 3788 3864">
    <p class='ocr_par' dir='ltr' id='par_1_38' title="bbox 411 3777 3788 3864">
     <span class='ocr_line' id='line_1_38' title="bbox 411 3777 3788 3864; baseline 0 -18"><span class='ocrx_word' id='word_1_447' title='bbox 411 3777 502 3846; x_wconf 88' lang='lat' dir='ltr'>tio</span> <span class='ocrx_word' id='word_1_448' title='bbox 562 3779 791 3862; x_wconf 91' lang='lat' dir='ltr'>operis,</span> <span class='ocrx_word' id='word_1_449' title='bbox 862 3783 1138 3864; x_wconf 86' lang='lat' dir='ltr'>praemisi</span> <span class='ocrx_word' id='word_1_450' title='bbox 1164 3832 1180 3860; x_wconf 90' lang='lat'>,</span> <span class='ocrx_word' id='word_1_451' title='bbox 1246 3790 1314 3849; x_wconf 92' lang='lat' dir='ltr'>ut</span> <span class='ocrx_word' id='word_1_452' title='bbox 1370 3785 1569 3850; x_wconf 92' lang='lat' dir='ltr'>lector</span> <span class='ocrx_word' id='word_1_453' title='bbox 1639 3783 1947 3848; x_wconf 78' lang='lat' dir='ltr'>inoffenso</span> <span class='ocrx_word' id='word_1_454' title='bbox 2003 3781 2165 3861; x_wconf 91' lang='lat' dir='ltr'>pede</span> <span class='ocrx_word' id='word_1_455' title='bbox 2221 3785 2435 3859; x_wconf 92' lang='lat' dir='ltr'>posset</span> <span class='ocrx_word' id='word_1_456' title='bbox 2489 3780 2712 3845; x_wconf 89' lang='lat' dir='ltr'>Irenaei</span> <span class='ocrx_word' id='word_1_457' title='bbox 2769 3781 2966 3845; x_wconf 89' lang='lat' dir='ltr'>libros</span> <span class='ocrx_word' id='word_1_458' title='bbox 3022 3781 3382 3846; x_wconf 90' lang='lat' dir='ltr'>decurrere.</span> <span class='ocrx_word' id='word_1_459' title='bbox 3440 3782 3572 3845; x_wconf 91' lang='lat' dir='ltr'>Erit</span> <span class='ocrx_word' id='word_1_460' title='bbox 3628 3781 3788 3846; x_wconf 89' lang='lat' dir='ltr'>forte</span> 
     </span>
    </p>
   </div>
   <div class='ocr_carea' id='block_1_39' title="bbox 411 3871 3789 3955">
    <p class='ocr_par' dir='ltr' id='par_1_39' title="bbox 411 3871 3789 3955">
     <span class='ocr_line' id='line_1_39' title="bbox 411 3871 3789 3955; baseline 0.001 -21"><span class='ocrx_word' id='word_1_461' title='bbox 411 3871 516 3935; x_wconf 92' lang='lat' dir='ltr'>cui</span> <span class='ocrx_word' id='word_1_462' title='bbox 563 3872 924 3955; x_wconf 85' lang='lat' dir='ltr'>displicebit</span> <span class='ocrx_word' id='word_1_463' title='bbox 974 3882 1148 3942; x_wconf 89' lang='lat' dir='ltr'>tanta</span> <span class='ocrx_word' id='word_1_464' title='bbox 1194 3877 1332 3942; x_wconf 81' lang='lat' dir='ltr'>haec</span> <span class='ocrx_word' id='word_1_465' title='bbox 1388 3878 1744 3941; x_wconf 91' lang='lat' dir='ltr'>chartarum</span> <span class='ocrx_word' id='word_1_466' title='bbox 1804 3875 2003 3938; x_wconf 91' lang='lat' dir='ltr'>moles</span> <span class='ocrx_word' id='word_1_467' title='bbox 2063 3872 2238 3951; x_wconf 87' lang='lat' dir='ltr'>operi</span> <span class='ocrx_word' id='word_1_468' title='bbox 2301 3889 2423 3935; x_wconf 88' lang='lat' dir='ltr'>non</span> <span class='ocrx_word' id='word_1_469' title='bbox 2480 3873 2636 3937; x_wconf 88' lang='lat' dir='ltr'>adeo</span> <span class='ocrx_word' id='word_1_470' title='bbox 2683 3874 2929 3953; x_wconf 90' lang='lat' dir='ltr'>ingenti</span> <span class='ocrx_word' id='word_1_471' title='bbox 3001 3875 3345 3955; x_wconf 59' lang='lat' dir='ltr'>praemissa.</span> <span class='ocrx_word' id='word_1_472' title='bbox 3421 3875 3682 3938; x_wconf 89' lang='lat' dir='ltr'>Moleste</span> <span class='ocrx_word' id='word_1_473' title='bbox 3726 3881 3789 3938; x_wconf 91' lang='lat' dir='ltr'>et</span> 
     </span>
    </p>
   </div>
   <div class='ocr_carea' id='block_1_40' title="bbox 412 3962 3788 4052">
    <p class='ocr_par' dir='ltr' id='par_1_40' title="bbox 412 3962 3788 4052">
     <span class='ocr_line' id='line_1_40' title="bbox 412 3962 3788 4052; baseline -0 -25"><span class='ocrx_word' id='word_1_474' title='bbox 412 3962 550 4045; x_wconf 93' lang='lat' dir='ltr'>ipse</span> <span class='ocrx_word' id='word_1_475' title='bbox 605 3967 724 4030; x_wconf 92' lang='lat' dir='ltr'>tuli</span> <span class='ocrx_word' id='word_1_476' title='bbox 779 3967 1070 4033; x_wconf 80' lang='lat' dir='ltr'>foliorum</span> <span class='ocrx_word' id='word_1_477' title='bbox 1127 3969 1581 4051; x_wconf 90' lang='lat' dir='ltr'>impressorum</span> <span class='ocrx_word' id='word_1_478' title='bbox 1655 3982 1992 4032; x_wconf 90' lang='lat' dir='ltr'>numerum</span> <span class='ocrx_word' id='word_1_479' title='bbox 2074 3968 2302 4043; x_wconf 72' lang='lat' dir='ltr'>praeter</span> <span class='ocrx_word' id='word_1_480' title='bbox 2371 3965 2630 4028; x_wconf 90' lang='lat' dir='ltr'>modum</span> <span class='ocrx_word' id='word_1_481' title='bbox 2680 3973 2742 4029; x_wconf 91' lang='lat' dir='ltr'>et</span> <span class='ocrx_word' id='word_1_482' title='bbox 2802 3967 3348 4052; x_wconf 16' lang='lat' dir='ltr'>exspectationem,</span> <span class='ocrx_word' id='word_1_483' title='bbox 3407 3967 3788 4031; x_wconf 89' lang='lat' dir='ltr'>excrevisse.</span> 
     </span>
    </p>
   </div>
   <div class='ocr_carea' id='block_1_41' title="bbox 415 4057 3790 4145">
    <p class='ocr_par' dir='ltr' id='par_1_41' title="bbox 415 4057 3790 4145">
     <span class='ocr_line' id='line_1_41' title="bbox 415 4057 3790 4145; baseline 0.001 -23"><span class='ocrx_word' id='word_1_484' title='bbox 415 4059 536 4123; x_wconf 89' lang='lat' dir='ltr'>Sed</span> <span class='ocrx_word' id='word_1_485' title='bbox 590 4059 947 4125; x_wconf 89' lang='lat' dir='ltr'>fefellerunt</span> <span class='ocrx_word' id='word_1_486' title='bbox 997 4063 1408 4145; x_wconf 85' lang='lat' dir='ltr'>typographi,</span> <span class='ocrx_word' id='word_1_487' title='bbox 1484 4063 1624 4126; x_wconf 91' lang='lat' dir='ltr'>falsi</span> <span class='ocrx_word' id='word_1_488' title='bbox 1680 4067 1743 4126; x_wconf 92' lang='lat' dir='ltr'>et</span> <span class='ocrx_word' id='word_1_489' title='bbox 1815 4059 1936 4140; x_wconf 91' lang='lat' dir='ltr'>ipsi</span> <span class='ocrx_word' id='word_1_490' title='bbox 1995 4057 2367 4138; x_wconf 90' lang='lat' dir='ltr'>paginarum</span> <span class='ocrx_word' id='word_1_491' title='bbox 2441 4075 2630 4121; x_wconf 90' lang='lat' dir='ltr'>manu</span> <span class='ocrx_word' id='word_1_492' title='bbox 2707 4067 3101 4123; x_wconf 89' lang='lat' dir='ltr'>exaratarum</span> <span class='ocrx_word' id='word_1_493' title='bbox 3151 4061 3598 4140; x_wconf 65' lang='lat' dir='ltr'>mmqualitate;</span> <span class='ocrx_word' id='word_1_494' title='bbox 3633 4061 3790 4124; x_wconf 92' lang='lat' dir='ltr'>alio-</span> 
     </span>
    </p>
   </div>
   <div class='ocr_carea' id='block_1_42' title="bbox 414 4152 3790 4237">
    <p class='ocr_par' dir='ltr' id='par_1_42' title="bbox 414 4152 3790 4237">
     <span class='ocr_line' id='line_1_42' title="bbox 414 4152 3790 4237; baseline 0.001 -22"><span class='ocrx_word' id='word_1_495' title='bbox 414 4152 526 4232; x_wconf 90' lang='lat' dir='ltr'>qui</span> <span class='ocrx_word' id='word_1_496' title='bbox 582 4153 732 4217; x_wconf 89' lang='lat' dir='ltr'>huic</span> <span class='ocrx_word' id='word_1_497' title='bbox 779 4153 1178 4220; x_wconf 89' lang='lat' dir='ltr'>incommodo</span> <span class='ocrx_word' id='word_1_498' title='bbox 1234 4155 1724 4237; x_wconf 86' lang='lat' dir='ltr'>prospexissem.</span> <span class='ocrx_word' id='word_1_499' title='bbox 1788 4152 2066 4231; x_wconf 90' lang='lat' dir='ltr'>Singulis</span> <span class='ocrx_word' id='word_1_500' title='bbox 2113 4168 2300 4232; x_wconf 92' lang='lat' dir='ltr'>porro</span> <span class='ocrx_word' id='word_1_501' title='bbox 2357 4152 2537 4217; x_wconf 92' lang='lat' dir='ltr'>libris</span> <span class='ocrx_word' id='word_1_502' title='bbox 2591 4155 2842 4234; x_wconf 77' lang='lat' dir='ltr'>praeﬁxa</span> <span class='ocrx_word' id='word_1_503' title='bbox 2913 4160 3010 4219; x_wconf 93' lang='lat' dir='ltr'>est</span> <span class='ocrx_word' id='word_1_504' title='bbox 3080 4155 3292 4219; x_wconf 91' lang='lat' dir='ltr'>brevis</span> <span class='ocrx_word' id='word_1_505' title='bbox 3364 4173 3436 4218; x_wconf 91' lang='lat' dir='ltr'>ac</span> <span class='ocrx_word' id='word_1_506' title='bbox 3514 4156 3790 4219; x_wconf 91' lang='lat' dir='ltr'>dilucida</span> 
     </span>
    </p>
   </div>
   <div class='ocr_carea' id='block_1_43' title="bbox 414 4243 3789 4328">
    <p class='ocr_par' dir='ltr' id='par_1_43' title="bbox 414 4243 3789 4328">
     <span class='ocr_line' id='line_1_43' title="bbox 414 4243 3789 4328; baseline 0 -19"><span class='ocrx_word' id='word_1_507' title='bbox 414 4244 918 4326; x_wconf 90' lang='lat' dir='ltr'>uniuscujusque</span> <span class='ocrx_word' id='word_1_508' title='bbox 973 4247 1246 4328; x_wconf 79' lang='lat' dir='ltr'>analysis</span> <span class='ocrx_word' id='word_1_509' title='bbox 1304 4257 1397 4324; x_wconf 92' lang='lat' dir='ltr'>(ea</span> <span class='ocrx_word' id='word_1_510' title='bbox 1451 4245 1752 4310; x_wconf 89' lang='lat' dir='ltr'>videlicet</span> <span class='ocrx_word' id='word_1_511' title='bbox 1808 4260 1953 4324; x_wconf 71' lang='lat' dir='ltr'>quae</span> <span class='ocrx_word' id='word_1_512' title='bbox 2007 4243 2250 4307; x_wconf 93' lang='lat' dir='ltr'>dudum</span> <span class='ocrx_word' id='word_1_513' title='bbox 2325 4260 2361 4306; x_wconf 92' lang='lat' dir='ltr'><strong>a</strong></span> <span class='ocrx_word' id='word_1_514' title='bbox 2415 4244 2778 4309; x_wconf 87' lang='lat' dir='ltr'>doctissimo</span> <span class='ocrx_word' id='word_1_515' title='bbox 2847 4250 3063 4310; x_wconf 91' lang='lat' dir='ltr'>nostro</span> <span class='ocrx_word' id='word_1_516' title='bbox 3121 4247 3351 4310; x_wconf 92' lang='lat' dir='ltr'>domno</span> <span class='ocrx_word' id='word_1_517' title='bbox 3417 4246 3672 4310; x_wconf 90' lang='lat' dir='ltr'>Nicolao</span> <span class='ocrx_word' id='word_1_518' title='bbox 3732 4247 3789 4310; x_wconf 93' lang='lat' dir='ltr'>le</span> 
     </span>
    </p>
   </div>
   <div class='ocr_carea' id='block_1_44' title="bbox 414 4335 3786 4422">
    <p class='ocr_par' dir='ltr' id='par_1_44' title="bbox 414 4335 3786 4422">
     <span class='ocr_line' id='line_1_44' title="bbox 414 4335 3786 4422; baseline -0.001 -18"><span class='ocrx_word' id='word_1_519' title='bbox 414 4342 661 4419; x_wconf 82' lang='lat' dir='ltr'>Nourry</span> <span class='ocrx_word' id='word_1_520' title='bbox 715 4339 978 4404; x_wconf 87' lang='lat' dir='ltr'>solerter</span> <span class='ocrx_word' id='word_1_521' title='bbox 1031 4341 1421 4422; x_wconf 86' lang='lat' dir='ltr'>concinnata,</span> <span class='ocrx_word' id='word_1_522' title='bbox 1456 4339 1536 4404; x_wconf 77' lang='lat' dir='ltr'>ab</span> <span class='ocrx_word' id='word_1_523' title='bbox 1592 4338 1728 4419; x_wconf 87' lang='lat' dir='ltr'>ipso</span> <span class='ocrx_word' id='word_1_524' title='bbox 1785 4337 2041 4416; x_wconf 84' lang='lat' dir='ltr'>vulgata</span> <span class='ocrx_word' id='word_1_525' title='bbox 2067 4341 2164 4400; x_wconf 87' lang='lat' dir='ltr'>est</span> <span class='ocrx_word' id='word_1_526' title='bbox 2190 4335 2258 4400; x_wconf 87' lang='lat' dir='ltr'>in</span> <span class='ocrx_word' id='word_1_527' title='bbox 2288 4339 2630 4418; x_wconf 79' lang='lat' dir='ltr'>Apparatu</span> <span class='ocrx_word' id='word_1_528' title='bbox 2657 4339 2746 4401; x_wconf 85' lang='lat' dir='ltr'>ad</span> <span class='ocrx_word' id='word_1_529' title='bbox 2771 4339 3235 4401; x_wconf 77' lang='lat' dir='ltr'>Bibliotheca-1n</span> <span class='ocrx_word' id='word_1_530' title='bbox 3263 4341 3646 4401; x_wconf 70' lang='lat' dir='ltr'>maccimam</span> <span class='ocrx_word' id='word_1_531' title='bbox 3675 4358 3786 4401; x_wconf 85' lang='lat' dir='ltr'>ve-</span> 
     </span>
    </p>
   </div>
   <div class='ocr_carea' id='block_1_45' title="bbox 419 4430 3788 4516">
    <p class='ocr_par' dir='ltr' id='par_1_45' title="bbox 419 4430 3788 4516">
     <span class='ocr_line' id='line_1_45' title="bbox 419 4430 3788 4516; baseline 0.001 -22"><span class='ocrx_word' id='word_1_532' title='bbox 419 4439 633 4494; x_wconf 76' lang='lat' dir='ltr'>terum</span> <span class='ocrx_word' id='word_1_533' title='bbox 675 4432 986 4512; x_wconf 74' lang='lat' dir='ltr'>Patrum;</span> <span class='ocrx_word' id='word_1_534' title='bbox 1043 4435 1262 4515; x_wconf 91' lang='lat' dir='ltr'>paucis</span> <span class='ocrx_word' id='word_1_535' title='bbox 1319 4432 1699 4516; x_wconf 90' lang='lat' dir='ltr'>quibusdam</span> <span class='ocrx_word' id='word_1_536' title='bbox 1751 4448 1864 4512; x_wconf 95' lang='lat' dir='ltr'>pro</span> <span class='ocrx_word' id='word_1_537' title='bbox 1915 4430 2160 4494; x_wconf 91' lang='lat' dir='ltr'>ratione</span> <span class='ocrx_word' id='word_1_538' title='bbox 2216 4435 2449 4495; x_wconf 85' lang='lat' dir='ltr'>nostrae</span> <span class='ocrx_word' id='word_1_539' title='bbox 2503 4431 2802 4495; x_wconf 90' lang='lat' dir='ltr'>editionis</span> <span class='ocrx_word' id='word_1_540' title='bbox 2857 4433 3086 4496; x_wconf 90' lang='lat' dir='ltr'>additis</span> <span class='ocrx_word' id='word_1_541' title='bbox 3134 4434 3235 4496; x_wconf 92' lang='lat' dir='ltr'>vel</span> <span class='ocrx_word' id='word_1_542' title='bbox 3275 4433 3638 4508; x_wconf 85' lang='lat' dir='ltr'>immutatis)</span> <span class='ocrx_word' id='word_1_543' title='bbox 3665 4452 3788 4514; x_wconf 91' lang='lat' dir='ltr'>qua</span> 
     </span>
    </p>
   </div>
   <div class='ocr_carea' id='block_1_46' title="bbox 415 4524 2774 4607">
    <p class='ocr_par' dir='ltr' id='par_1_46' title="bbox 415 4524 2774 4607">
     <span class='ocr_line' id='line_1_46' title="bbox 415 4524 2774 4607; baseline 0 -19"><span class='ocrx_word' id='word_1_544' title='bbox 415 4524 562 4590; x_wconf 90' lang='lat' dir='ltr'>libri</span> <span class='ocrx_word' id='word_1_545' title='bbox 609 4539 837 4605; x_wconf 88' lang='lat' dir='ltr'>scopus</span> <span class='ocrx_word' id='word_1_546' title='bbox 891 4529 957 4590; x_wconf 89' lang='lat' dir='ltr'>et</span> <span class='ocrx_word' id='word_1_547' title='bbox 1012 4531 1459 4606; x_wconf 90' lang='lat' dir='ltr'>argumentum</span> <span class='ocrx_word' id='word_1_548' title='bbox 1516 4540 1644 4589; x_wconf 92' lang='lat' dir='ltr'>uno</span> <span class='ocrx_word' id='word_1_549' title='bbox 1693 4524 1872 4588; x_wconf 90' lang='lat' dir='ltr'>velut</span> <span class='ocrx_word' id='word_1_550' title='bbox 1925 4527 2304 4604; x_wconf 89' lang='lat' dir='ltr'>conspectu.</span> <span class='ocrx_word' id='word_1_551' title='bbox 2331 4524 2774 4607; x_wconf 90' lang='lat' dir='ltr'>perlustretur.</span> 
     </span>
    </p>
   </div>
   <div class='ocr_carea' id='block_1_47' title="bbox 494 4705 3792 4791">
    <p class='ocr_par' dir='ltr' id='par_1_47' title="bbox 494 4705 3792 4791">
     <span class='ocr_line' id='line_1_47' title="bbox 494 4705 3792 4791; baseline 0 -21"><span class='ocrx_word' id='word_1_552' title='bbox 494 4706 586 4770; x_wconf 84' lang='lat' dir='ltr'>Ad</span> <span class='ocrx_word' id='word_1_553' title='bbox 633 4706 869 4772; x_wconf 90' lang='lat' dir='ltr'>calcem</span> <span class='ocrx_word' id='word_1_554' title='bbox 925 4708 1157 4791; x_wconf 91' lang='lat' dir='ltr'>operis,</span> <span class='ocrx_word' id='word_1_555' title='bbox 1215 4713 1447 4791; x_wconf 57' lang='lat' dir='ltr'>prater</span> <span class='ocrx_word' id='word_1_556' title='bbox 1496 4706 1973 4790; x_wconf 91' lang='lat' dir='ltr'>deperditorum</span> <span class='ocrx_word' id='word_1_557' title='bbox 2029 4705 2253 4771; x_wconf 67' lang='lat' dir='ltr'>Irenaei</span> <span class='ocrx_word' id='word_1_558' title='bbox 2305 4706 2682 4787; x_wconf 90' lang='lat' dir='ltr'>scriptorum</span> <span class='ocrx_word' id='word_1_559' title='bbox 2734 4711 3133 4789; x_wconf 90' lang='lat' dir='ltr'>Fragmenta,</span> <span class='ocrx_word' id='word_1_560' title='bbox 3167 4724 3244 4771; x_wconf 90' lang='lat' dir='ltr'>ex</span> <span class='ocrx_word' id='word_1_561' title='bbox 3273 4706 3464 4771; x_wconf 88' lang='lat' dir='ltr'>variis</span> <span class='ocrx_word' id='word_1_562' title='bbox 3489 4712 3625 4771; x_wconf 90' lang='lat' dir='ltr'>tum</span> <span class='ocrx_word' id='word_1_563' title='bbox 3653 4708 3792 4773; x_wconf 89' lang='lat' dir='ltr'>edi-</span> 
     </span>
    </p>
   </div>
   <div class='ocr_carea' id='block_1_48' title="bbox 413 4798 3792 4884">
    <p class='ocr_par' dir='ltr' id='par_1_48' title="bbox 413 4798 3792 4884">
     <span class='ocr_line' id='line_1_48' title="bbox 413 4798 3792 4884; baseline -0.001 -19"><span class='ocrx_word' id='word_1_564' title='bbox 413 4802 517 4882; x_wconf 76' lang='lat' dir='ltr'>tis,</span> <span class='ocrx_word' id='word_1_565' title='bbox 578 4805 713 4864; x_wconf 91' lang='lat' dir='ltr'>tum</span> <span class='ocrx_word' id='word_1_566' title='bbox 779 4817 931 4866; x_wconf 91' lang='lat' dir='ltr'>mss.</span> <span class='ocrx_word' id='word_1_567' title='bbox 990 4801 1170 4866; x_wconf 89' lang='lat' dir='ltr'>libris</span> <span class='ocrx_word' id='word_1_568' title='bbox 1221 4807 1420 4884; x_wconf 88' lang='lat' dir='ltr'>eruta,</span> <span class='ocrx_word' id='word_1_569' title='bbox 1470 4818 1744 4884; x_wconf 91' lang='lat' dir='ltr'>quorum</span> <span class='ocrx_word' id='word_1_570' title='bbox 1792 4798 2086 4879; x_wconf 83' lang='lat' dir='ltr'>quaedam</span> <span class='ocrx_word' id='word_1_571' title='bbox 2153 4803 2393 4881; x_wconf 67' lang='lat' dir='ltr'>Grmce,</span> <span class='ocrx_word' id='word_1_572' title='bbox 2481 4799 2604 4862; x_wconf 92' lang='lat' dir='ltr'>alia</span> <span class='ocrx_word' id='word_1_573' title='bbox 2674 4803 2890 4866; x_wconf 75' lang='lat' dir='ltr'>Graece</span> <span class='ocrx_word' id='word_1_574' title='bbox 2970 4806 3034 4863; x_wconf 92' lang='lat' dir='ltr'>et</span> <span class='ocrx_word' id='word_1_575' title='bbox 3109 4800 3329 4864; x_wconf 89' lang='lat' dir='ltr'>Latine</span> <span class='ocrx_word' id='word_1_576' title='bbox 3423 4817 3592 4864; x_wconf 91' lang='lat' dir='ltr'>nunc</span> <span class='ocrx_word' id='word_1_577' title='bbox 3659 4799 3792 4880; x_wconf 88' lang='lat' dir='ltr'>pri-</span> 
     </span>
    </p>
   </div>
   <div class='ocr_carea' id='block_1_49' title="bbox 415 4891 3791 4975">
    <p class='ocr_par' dir='ltr' id='par_1_49' title="bbox 415 4891 3791 4975">
     <span class='ocr_line' id='line_1_49' title="bbox 415 4891 3791 4975; baseline -0.001 -19"><span class='ocrx_word' id='word_1_578' title='bbox 415 4909 590 4956; x_wconf 91' lang='lat' dir='ltr'>mum</span> <span class='ocrx_word' id='word_1_579' title='bbox 644 4893 1000 4975; x_wconf 88' lang='lat' dir='ltr'>prodeunt;</span> <span class='ocrx_word' id='word_1_580' title='bbox 1060 4893 1308 4975; x_wconf 90' lang='lat' dir='ltr'>adjecta</span> <span class='ocrx_word' id='word_1_581' title='bbox 1365 4899 1513 4957; x_wconf 91' lang='lat' dir='ltr'>sunt</span> <span class='ocrx_word' id='word_1_582' title='bbox 1568 4910 1682 4975; x_wconf 92' lang='lat' dir='ltr'>per</span> <span class='ocrx_word' id='word_1_583' title='bbox 1737 4891 1997 4955; x_wconf 91' lang='lat' dir='ltr'>modum</span> <span class='ocrx_word' id='word_1_584' title='bbox 2076 4892 2444 4972; x_wconf 89' lang='lat' dir='ltr'>appendicis</span> <span class='ocrx_word' id='word_1_585' title='bbox 2499 4891 2622 4954; x_wconf 92' lang='lat' dir='ltr'>alia</span> <span class='ocrx_word' id='word_1_586' title='bbox 2692 4909 2770 4956; x_wconf 89' lang='lat' dir='ltr'>ex</span> <span class='ocrx_word' id='word_1_587' title='bbox 2840 4899 3123 4956; x_wconf 85' lang='lat' dir='ltr'>veterum</span> <span class='ocrx_word' id='word_1_588' title='bbox 3197 4891 3632 4955; x_wconf 89' lang='lat' dir='ltr'>Gnosticorum</span> <span class='ocrx_word' id='word_1_589' title='bbox 3715 4892 3791 4954; x_wconf 89' lang='lat' dir='ltr'>li-</span> 
     </span>
    </p>
   </div>
   <div class='ocr_carea' id='block_1_50' title="bbox 415 4983 3790 5068">
    <p class='ocr_par' dir='ltr' id='par_1_50' title="bbox 415 4983 3790 5068">
     <span class='ocr_line' id='line_1_50' title="bbox 415 4983 3790 5068; baseline -0.002 -18"><span class='ocrx_word' id='word_1_590' title='bbox 415 4985 548 5050; x_wconf 91' lang='lat' dir='ltr'>bris</span> <span class='ocrx_word' id='word_1_591' title='bbox 593 4991 908 5068; x_wconf 89' lang='lat' dir='ltr'>excerpta,</span> <span class='ocrx_word' id='word_1_592' title='bbox 944 5004 1087 5068; x_wconf 76' lang='lat' dir='ltr'>quae</span> <span class='ocrx_word' id='word_1_593' title='bbox 1140 4987 1406 5068; x_wconf 88' lang='lat' dir='ltr'>sparsim</span> <span class='ocrx_word' id='word_1_594' title='bbox 1463 4987 1632 5068; x_wconf 92' lang='lat' dir='ltr'>apud</span> <span class='ocrx_word' id='word_1_595' title='bbox 1681 4989 1930 5048; x_wconf 90' lang='lat' dir='ltr'>veteres</span> <span class='ocrx_word' id='word_1_596' title='bbox 2002 4986 2215 5048; x_wconf 89' lang='lat' dir='ltr'>Patres</span> <span class='ocrx_word' id='word_1_597' title='bbox 2293 4988 2667 5064; x_wconf 89' lang='lat' dir='ltr'>occurrunt;</span> <span class='ocrx_word' id='word_1_598' title='bbox 2731 5000 2874 5064; x_wconf 73' lang='lat' dir='ltr'>quae</span> <span class='ocrx_word' id='word_1_599' title='bbox 2955 4984 3246 5064; x_wconf 91' lang='lat' dir='ltr'>pluribus</span> <span class='ocrx_word' id='word_1_600' title='bbox 3331 4983 3556 5046; x_wconf 65' lang='lat' dir='ltr'>Irenaei</span> <span class='ocrx_word' id='word_1_601' title='bbox 3637 4983 3790 5056; x_wconf 78' lang='lat' dir='ltr'>locis</span> 
     </span>
    </p>
   </div>
   <div class='ocr_carea' id='block_1_51' title="bbox 415 5074 3788 5160">
    <p class='ocr_par' dir='ltr' id='par_1_51' title="bbox 415 5074 3788 5160">
     <span class='ocr_line' id='line_1_51' title="bbox 415 5074 3788 5160; baseline -0.002 -18"><span class='ocrx_word' id='word_1_602' title='bbox 415 5095 543 5144; x_wconf 91' lang='lat' dir='ltr'>non</span> <span class='ocrx_word' id='word_1_603' title='bbox 588 5096 810 5160; x_wconf 90' lang='lat' dir='ltr'>parum</span> <span class='ocrx_word' id='word_1_604' title='bbox 861 5079 1023 5144; x_wconf 90' lang='lat' dir='ltr'>lucis</span> <span class='ocrx_word' id='word_1_605' title='bbox 1077 5079 1340 5145; x_wconf 79' lang='lat' dir='ltr'>afferent</span> <span class='ocrx_word' id='word_1_606' title='bbox 1396 5100 1410 5143; x_wconf 94' lang='lat'>:</span> <span class='ocrx_word' id='word_1_607' title='bbox 1475 5096 1554 5144; x_wconf 87' lang='lat' dir='ltr'>ex</span> <span class='ocrx_word' id='word_1_608' title='bbox 1607 5079 1730 5143; x_wconf 92' lang='lat' dir='ltr'>hoc</span> <span class='ocrx_word' id='word_1_609' title='bbox 1813 5075 2038 5139; x_wconf 91' lang='lat' dir='ltr'>saltem</span> <span class='ocrx_word' id='word_1_610' title='bbox 2125 5075 2473 5157; x_wconf 92' lang='lat' dir='ltr'>specimine</span> <span class='ocrx_word' id='word_1_611' title='bbox 2557 5075 2951 5155; x_wconf 87' lang='lat' dir='ltr'>deprehendi</span> <span class='ocrx_word' id='word_1_612' title='bbox 3033 5075 3217 5139; x_wconf 88' lang='lat' dir='ltr'>facile</span> <span class='ocrx_word' id='word_1_613' title='bbox 3294 5075 3564 5155; x_wconf 89' lang='lat' dir='ltr'>poterit,</span> <span class='ocrx_word' id='word_1_614' title='bbox 3620 5074 3788 5137; x_wconf 87' lang='lat' dir='ltr'>haud</span> 
     </span>
    </p>
   </div>
   <div class='ocr_carea' id='block_1_52' title="bbox 416 5161 3791 5257">
    <p class='ocr_par' dir='ltr' id='par_1_52' title="bbox 416 5161 3791 5257">
     <span class='ocr_line' id='line_1_52' title="bbox 416 5161 3791 5257; baseline -0.003 -20"><span class='ocrx_word' id='word_1_615' title='bbox 416 5191 575 5239; x_wconf 91' lang='lat' dir='ltr'>vana</span> <span class='ocrx_word' id='word_1_616' title='bbox 627 5192 804 5257; x_wconf 91' lang='lat' dir='ltr'>esse,</span> <span class='ocrx_word' id='word_1_617' title='bbox 864 5191 1009 5257; x_wconf 76' lang='lat' dir='ltr'>quae</span> <span class='ocrx_word' id='word_1_618' title='bbox 1054 5179 1192 5239; x_wconf 89' lang='lat' dir='ltr'>tum</span> <span class='ocrx_word' id='word_1_619' title='bbox 1239 5177 1558 5256; x_wconf 68' lang='lat' dir='ltr'>Irenaaus,</span> <span class='ocrx_word' id='word_1_620' title='bbox 1620 5179 1755 5238; x_wconf 92' lang='lat' dir='ltr'>tum</span> <span class='ocrx_word' id='word_1_621' title='bbox 1833 5171 1942 5235; x_wconf 90' lang='lat' dir='ltr'>alii</span> <span class='ocrx_word' id='word_1_622' title='bbox 2018 5172 2230 5234; x_wconf 90' lang='lat' dir='ltr'>Patres</span> <span class='ocrx_word' id='word_1_623' title='bbox 2302 5168 2382 5231; x_wconf 93' lang='lat' dir='ltr'>de</span> <span class='ocrx_word' id='word_1_624' title='bbox 2448 5167 2528 5231; x_wconf 89' lang='lat' dir='ltr'>iis</span> <span class='ocrx_word' id='word_1_625' title='bbox 2592 5167 2961 5248; x_wconf 91' lang='lat' dir='ltr'>opinionum</span> <span class='ocrx_word' id='word_1_626' title='bbox 3032 5168 3340 5248; x_wconf 88' lang='lat' dir='ltr'>portentis</span> <span class='ocrx_word' id='word_1_627' title='bbox 3400 5161 3791 5248; x_wconf 80' lang='lat' dir='ltr'>scripserunt</span> 
     </span>
    </p>
   </div>
   <div class='ocr_carea' id='block_1_53' title="bbox 415 5261 3788 5350">
    <p class='ocr_par' dir='ltr' id='par_1_53' title="bbox 415 5261 3788 5350">
     <span class='ocr_line' id='line_1_53' title="bbox 415 5261 3788 5350; baseline -0.004 -16"><span class='ocrx_word' id='word_1_628' title='bbox 415 5268 746 5334; x_wconf 85' lang='lat' dir='ltr'>Maximam</span> <span class='ocrx_word' id='word_1_629' title='bbox 803 5274 1044 5350; x_wconf 88' lang='lat' dir='ltr'>partem</span> <span class='ocrx_word' id='word_1_630' title='bbox 1091 5266 1222 5348; x_wconf 90' lang='lat' dir='ltr'>jam</span> <span class='ocrx_word' id='word_1_631' title='bbox 1277 5268 1618 5348; x_wconf 88' lang='lat' dir='ltr'>collegerat</span> <span class='ocrx_word' id='word_1_632' title='bbox 1685 5263 2071 5329; x_wconf 89' lang='lat' dir='ltr'>clarissimus</span> <span class='ocrx_word' id='word_1_633' title='bbox 2179 5261 2470 5341; x_wconf 89' lang='lat' dir='ltr'>Grabius,</span> <span class='ocrx_word' id='word_1_634' title='bbox 2537 5261 2880 5341; x_wconf 79' lang='lat' dir='ltr'>Spicilegio</span> <span class='ocrx_word' id='word_1_635' title='bbox 2951 5277 3077 5340; x_wconf 93' lang='lat' dir='ltr'>que</span> <span class='ocrx_word' id='word_1_636' title='bbox 3153 5278 3268 5324; x_wconf 93' lang='lat' dir='ltr'>suo</span> <span class='ocrx_word' id='word_1_637' title='bbox 3329 5266 3614 5324; x_wconf 90' lang='lat' dir='ltr'>veterum</span> <span class='ocrx_word' id='word_1_638' title='bbox 3672 5263 3788 5322; x_wconf 87' lang='lat' dir='ltr'>Pa-</span> 
     </span>
    </p>
   </div>
   <div class='ocr_carea' id='block_1_54' title="bbox 416 5353 3788 5443">
    <p class='ocr_par' dir='ltr' id='par_1_54' title="bbox 416 5353 3788 5443">
     <span class='ocr_line' id='line_1_54' title="bbox 416 5353 3788 5443; baseline -0.004 -13"><span class='ocrx_word' id='word_1_639' title='bbox 416 5370 582 5430; x_wconf 89' lang='lat' dir='ltr'>trum</span> <span class='ocrx_word' id='word_1_640' title='bbox 639 5367 704 5430; x_wconf 91' lang='lat' dir='ltr'>et</span> <span class='ocrx_word' id='word_1_641' title='bbox 757 5363 1198 5428; x_wconf 71' lang='lat' dir='ltr'>haereticorum</span> <span class='ocrx_word' id='word_1_642' title='bbox 1274 5360 1463 5443; x_wconf 90' lang='lat' dir='ltr'>primi</span> <span class='ocrx_word' id='word_1_643' title='bbox 1524 5366 1590 5426; x_wconf 93' lang='lat' dir='ltr'>et</span> <span class='ocrx_word' id='word_1_644' title='bbox 1671 5356 1933 5424; x_wconf 91' lang='lat' dir='ltr'>secundi</span> <span class='ocrx_word' id='word_1_645' title='bbox 2025 5354 2243 5421; x_wconf 75' lang='lat' dir='ltr'>saeculi</span> <span class='ocrx_word' id='word_1_646' title='bbox 2314 5354 2695 5420; x_wconf 90' lang='lat' dir='ltr'>inseruerat.</span> <span class='ocrx_word' id='word_1_647' title='bbox 2769 5353 3066 5429; x_wconf 71' lang='lat' dir='ltr'>Quaedam</span> <span class='ocrx_word' id='word_1_648' title='bbox 3135 5355 3213 5417; x_wconf 93' lang='lat' dir='ltr'>ad</span> <span class='ocrx_word' id='word_1_649' title='bbox 3301 5370 3450 5418; x_wconf 91' lang='lat' dir='ltr'>mss.</span> <span class='ocrx_word' id='word_1_650' title='bbox 3553 5353 3788 5418; x_wconf 88' lang='lat' dir='ltr'>Biblio-</span> 
     </span>
    </p>
   </div>
  </div>
