4048 6378
212 352 270 416 Et
1412 363 1480 424 D.
1532 358 1910 422 MASSUETI
1955 353 2370 420 PRAEFATIO.
3499 355 3574 418 ‘2'2

204 487 387 547 thure
473 487 848 553 Bodleianaa
912 490 1165 556 codices
1245 489 1611 570 recognovit
1671 507 1684 549 :
1741 485 2028 568 quaedam
2114 489 2181 547 ct
2261 485 2396 566 ipse
2465 487 2542 550 ad
2621 503 2771 549 mss.
2869 486 3272 550 Bibliotheca:
3361 487 3574 562 Regia

197 578 436 641 codices
497 582 720 659 exegi.
809 585 961 645 Haec
1040 582 1356 664 excipient
1440 597 1658 645 eorum
1732 577 2182 658 Praefationes,
2267 580 2755 658 Prolegomena,
2817 586 2980 644 notae
3037 585 3101 644 et
3175 580 3572 643 observatio-

196 689 316 741 nes,
394 673 504 751 qui
599 691 807 737 novas
892 676 1115 739 Irenzei
1195 675 1502 740 editiones
1583 674 1886 736 hactenus
1969 668 2393 750 publicarunt,
2463 674 2558 736 vel
2619 673 3051 752 illustrarunt;
3126 678 3196 734 ut
3265 671 3356 734 sic
3445 687 3571 733 uno

195 763 505 825 volumine
565 767 1133 848 comprehensum,
1214 767 1567 846 minorique
1652 768 1906 842 sumptu
1989 761 2255 824 studiosi
2341 765 2820 844 nanciscantur,
2903 765 3072 844 quod
3154 763 3332 826 anlea
3409 779 3568 824 non-

195 854 304 916 nisi
358 856 664 934 pluribus
713 866 780 921 et
837 858 1054 938 majori
1105 860 1388 940 impensa
1443 869 1804 936 comparare
1873 851 1995 915 sibi
2047 856 2352 929 poterant.
2415 858 2486 916 Et
2543 855 2799 934 quidem
2874 854 3044 934 quod
3115 855 3187 916 ad
3255 859 3432 917 notas
3507 857 3572 916 et

194 946 674 1012 observationes
727 951 993 1030 attinet;
1048 950 1234 1031 Billii,
1323 947 1654 1013 Frontonis
1739 944 1948 1007 Ducrei
2034 952 2097 1006 et
2175 947 2575 1010 Feuardentii
2635 947 2914 1025 integras
2994 947 3201 1010 denuo
3263 945 3364 1010 edi
3452 963 3568 1010 cu-

194 1039 336 1118 ravi,
391 1042 701 1119 quamvis
757 1043 942 1123 plura
995 1043 1124 1122 jam
1195 1061 1274 1107 ex
1344 1043 1421 1105 iis
1486 1038 1963 1118 decerpsissem,
2021 1036 2308 1116 meisque
2384 1039 2826 1119 inseruissem;
2897 1043 3070 1102 ratus
3149 1045 3392 1118 gratum
3470 1055 3571 1101 me

195 1129 500 1194 iacturum
558 1134 934 1213 lectoribus,
970 1135 1023 1197 si
1071 1141 1268 1198 totum
1320 1135 1675 1210 exhibeam,
1708 1127 1889 1206 cujus
1941 1133 2150 1208 partes
2198 1135 2376 1194 antes
2439 1137 2622 1195 antea
2674 1131 2964 1209 legerint.
3005 1134 3090 1193 Ex
3121 1131 3389 1195 Gallasio
3426 1146 3571 1210 pau-

186 1219 469 1282 cissimas
531 1223 766 1300 selegi,
828 1239 972 1286 cum
1056 1224 1371 1304 pleraeque
1445 1221 1602 1284 nihil
1680 1221 1801 1282 nisi
1879 1237 2070 1283 vanas
2133 1222 2541 1304 inlicetasque
2615 1225 3102 1288 declamationes
3184 1223 3567 1286 contineant.

187 1314 266 1374 Ex
319 1313 564 1376 Grabio
621 1314 862 1394 plures,
917 1332 1022 1378 eas
1075 1315 1368 1378 videlicet
1424 1331 1580 1394 quas
1654 1312 1977 1376 catholicae
2063 1330 2246 1378 aures
2329 1318 2489 1381 ferre
2568 1318 2826 1398 possint.
2914 1315 3314 1380 Feuardentii
3393 1319 3570 1378 notas

181 1421 294 1466 non
352 1407 673 1469 omnibus
726 1407 1000 1488 placere,
1061 1407 1556 1471 Protestantihus
1615 1422 1762 1469 vero
1813 1405 2150 1485 plurimum
2229 1409 2563 1490 displicere
2642 1410 2834 1490 probe
2908 1409 3075 1471 novi.
3134 1408 3293 1483 Quin
3359 1412 3568 1470 tamen

179 1513 282 1576 pro
326 1505 632 1578 tempore
694 1500 960 1564 eruditae
1019 1499 1194 1575 sint,
1254 1499 1480 1580 virque
1563 1498 1705 1578 pius
1759 1514 1832 1560 ac
1885 1497 2106 1561 doctus
2161 1501 2240 1565 de
2313 1506 2569 1584 Irenaeo,
2633 1509 2886 1582 totaque
2944 1501 3219 1566 Ecclesia
3262 1500 3570 1565 catholica

179 1592 411 1670 optime
472 1593 751 1657 meritus
811 1593 1039 1674 fuerit,
1103 1610 1287 1658 nemo
1346 1593 1587 1674 absque
1643 1590 1873 1671 injuria
1925 1606 2160 1670 negare
2217 1600 2440 1674 potest.
2501 1597 2678 1676 Saepe
2747 1594 3004 1675 quidem
3062 1593 3141 1657 ab
3189 1597 3564 1671 argumento

179 1684 432 1762 longius
495 1687 824 1766 discedit,
882 1692 946 1751 et
1001 1687 1067 1750 in
1134 1687 1548 1752 heterodoxos
1594 1683 1901 1749 acerbiori
1947 1700 2138 1764 quam
2200 1704 2309 1766 par
2375 1693 2544 1752 esset
2601 1687 2762 1767 stylo
2824 1686 3142 1766 excurrit;
3190 1687 3300 1750 sed
3336 1685 3397 1748 id
3429 1685 3563 1749 zelo

180 1782 510 1845 catholica
572 1783 753 1864 ﬁdei,
813 1789 879 1847 et
927 1783 1217 1864 tempori,
1267 1800 1392 1864 quo
1449 1781 1843 1846 ferventibus
1898 1781 2346 1843 controversiis
2419 1780 2730 1860 bellisque
2805 1779 3141 1855 civilibus,
3211 1777 3566 1842 Catvinistaa

179 1875 534 1939 Catholicos
592 1877 927 1956 perpetuis
979 1876 1284 1940 conviciis
1335 1881 1398 1940 et
1453 1874 1787 1939 calumniis
1842 1873 2262 1953 incessebant,
2317 1873 2821 1937 condonandum.
2897 1871 3191 1952 Quisquis
3242 1870 3564 1933 ministro-

179 1985 309 2028 rnm
369 1967 554 2031 illius
615 1969 929 2050 temporis
986 1969 1217 2050 scripta
1273 1968 1517 2047 legerit,
1575 1972 1640 2030 et
1705 1982 1892 2046 quam
1951 1965 2378 2030 inverecunde
2456 1965 2788 2029 Catholicis
2845 1965 3222 2028 calumniam
3290 1963 3566 2050 facerent

175 2077 241 2123 ac
296 2061 687 2124 clarissimis
742 2049 1129 2143 quibusque,
1165 2066 1410 2126 Patrum
1475 2060 1852 2125 testimoniis
1905 2060 2034 2121 vim
2092 2055 2418 2133 inferrent,
2480 2053 2878 2143 expenderit,
2936 2049 3563 2143 Feuardentiumifa-

175 2151 286 2214 cile
342 2154 714 2217 excusabit.
765 2142 847 2217 ’Si
904 2171 1047 2234 quae
1091 2171 1240 2218 vero
1299 2154 1485 2233 hujus
1541 2155 1914 2231 argumenta
1959 2145 2402 2227 intempestiva
2426 2144 2555 2225 jam
2596 2161 2737 2209 esse
2768 2142 3137 2224 videantur;
3175 2159 3295 2206 non
3336 2142 3558 2234 ipsius,

175 2243 273 2306 sed
324 2245 862 2308 adversariorum
919 2233 1104 2326 culpa
1153 2253 1271 2326 est,
1331 2246 1440 2327 qui
1511 2260 1728 2325 parum
1789 2243 1912 2306 sibi
1969 2245 2350 2317 constantes,
2413 2244 2647 2300 mutata
2726 2235 3068 2299 identidem
3148 2233 3564 2298 veliﬁcatione

177 2337 602 2417 retrocedere,
671 2338 985 2418 pluraque
1041 2339 1205 2402 male
1261 2339 1598 2402 constituto
1657 2334 1981 2416 systemati
2041 2334 2139 2396 vel
2202 2331 2456 2410 addere,
2487 2331 2587 2393 vel
2644 2330 2919 2408 demere,
2968 2345 3080 2410 pro
3109 2331 3466 2407 temporum
3497 2331 3563 2389 et

175 2437 716 2508 argumentorum
781 2432 1046 2512 ratione,
1105 2431 1300 2495 coacti
1345 2435 1509 2494 sunt.
1568 2428 1786 2492 Acrius
1833 2443 1949 2490 nec
2007 2427 2256 2506 mquius
2315 2425 2751 2488 doctissimum
2820 2422 3135 2512 hominem
3200 2421 3561 2512 reprehen-

181 2521 329 2582 dunt
375 2522 792 2585 recentiores
841 2508 1122 2602 quidam,
1186 2525 1352 2603 quod
1400 2521 1754 2584 adulterina
1801 2520 2034 2599 scripta
2093 2532 2214 2579 non
2264 2531 2485 2594 pauca,
2547 2519 2618 2576 ut
2673 2527 2820 2576 vera
2874 2508 3265 2590 allegaverit,
3325 2523 3562 2590 eosque

182 2612 387 2674 Libros
437 2619 508 2676 et
573 2616 916 2677 Tractatus
975 2615 1264 2678 Patribus
1314 2614 1603 2694 pluribus
1653 2612 2034 2690 attribuerit,
2094 2609 2204 2688 qui
2267 2607 2396 2686 jam
2458 2603 2841 2684 supposititii
2913 2618 3053 2694 esse
3109 2605 3556 2694 agnoscuntur.

179 2705 286 2767 Sed
340 2705 720 2769 communis
783 2706 882 2768 hic
933 2706 1050 2770 fuit
1105 2724 1278 2770 error
1314 2691 1600 2770 _i|lorum
1665 2709 2022 2784 temporum
2073 2722 2086 2763 :
2152 2700 2428 2764 nondum
2485 2697 2721 2776 quippe
2777 2694 2924 2756 satis
2972 2692 3246 2771 eliquata
3301 2691 3561 2754 veritate

177 2813 356 2875 reque
409 2797 492 2858 ad
556 2797 926 2860 severiores
981 2797 1214 2861 criticze
1268 2799 1516 2876 regulas
1575 2794 1906 2877 ponsitata,
1969 2794 2031 2856 id
2077 2793 2241 2858 bona
2300 2791 2420 2854 ﬁde
2473 2789 2805 2860 citabatur,
2859 2787 2938 2848 de
2999 2801 3127 2865 quo
3180 2784 3392 2877 nullus
3421 2799 3561 2846 esse

177 2873 502 2947 videbatur
559 2885 940 2964 suspicandi
992 2886 1186 2948 locus.
1249 2873 1368 2959 Qui
1417 2873 1996 2965 MagdeburgenSes
2068 2886 2274 2966 ipsos,
2337 2884 2772 2959 famosumque
2844 2877 3021 2940 illum
3098 2875 3263 2957 apud
3344 2873 3558 2966 Prote-

174 2983 394 3039 stantes
453 2979 772 3041 criticum
831 2979 1142 3042 Andream
1200 2979 1488 3042 Rivetum
1545 2964 2021 3058 examinaverit,
2084 2964 2135 3040 si
2195 2992 2315 3038 non
2377 2974 2625 3051 iisdem,
2688 2972 2751 3033 in
2825 2969 2966 3032 aliis
3038 2973 3246 3030 tamen
3303 2964 3561 3044 gravius

173 3067 386 3146 lapsos,
451 3086 578 3132 nec
639 3069 801 3131 artis
861 3070 1094 3133 criticae
1154 3071 1480 3151 peritiores
1543 3071 1734 3132 fuisse
1791 3069 1963 3132 illico
2021 3065 2472 3148 deprehendet.
2531 3063 2649 3126 Sed
2695 3062 2944 3124 tandem
2977 3059 3212 3151 siquid
3247 3072 3555 3138 peccave-

179 3161 246 3221 rit
300 3162 809 3232 Feuardentius,
869 3149 1173 3243 gravius,‘
1208 3180 1348 3226 mea
1402 3163 1656 3243 quidem
1716 3160 2050 3240 sententia,
2117 3165 2354 3240 peccat,
2407 3155 2516 3237 qui
2582 3155 2830 3234 culpam
2889 3149 3208 3216 conﬁtenti
3237 3155 3301 3212 et
3330 3165 3554 3243 quam-

177 3255 446 3332 primum
503 3256 883 3318 emendanti
936 3242 1168 3320 iterum
1247 3242 1521 3336 objicerc
1597 3273 1719 3319 non
1803 3259 2074 3319 veretur.
2139 3256 2291 3316 Dum
2351 3252 2612 3332 primam
2666 3247 2886 3312 Irenaai
2936 3245 3032 3309 sui
3071 3243 3413 3307 editionem
3441 3242 3556 3336 ad-

176 3354 442 3427 ornaret,
500 3348 802 3411 scribens
860 3349 922 3411 in
981 3349 1128 3412 libri
1185 3333 1355 3412 tertii
1415 3366 1553 3428 cap.
1609 3349 1710 3422 33,
1775 3364 1942 3415 nunc
1998 3345 2100 3426 2‘2,
2152 3347 2316 3410 inter
2367 3344 2538 3406 varia
2579 3358 2722 3422 quae
2778 3338 3058 3417 congerit
3091 3341 3338 3400 Patrum
3374 3333 3557 3398 testi-

181 3440 405 3510 monia,
475 3456 687 3501 unum
751 3440 922 3503 velut
966 3458 1045 3504 ex
1101 3441 1328 3521 Cyrillo
1376 3441 1794 3504 Alexandrino
1851 3441 1960 3504 lib.
2011 3456 2071 3502 vr
2125 3443 2199 3501 in
2247 3440 2515 3516 Joann.,
2577 3453 2712 3514 cap.
2768 3433 2867 3511 15,
2926 3430 3165 3494 addidit
3199 3450 3212 3490 :
3246 3428 3561 3521 quodcv-

183 3534 298 3594 rilli
357 3550 491 3595 non
552 3540 679 3612 est,
739 3535 851 3597 sed
895 3533 1111 3598 Jodoci
1154 3517 1534 3616 'Clichtovei,
1589 3535 1700 3614 qui
1755 3539 2024 3612 quatuor
2080 3529 2678 3596 Commentariorum
2733 3541 2991 3589 suorum
3022 3523 3215 3616 libros
3244 3517 3557 3616 Cyrillinis

181 3626 580 3689 interseruit.
649 3608 868 3691 Errore
920 3628 1129 3690 statim
1174 3630 1411 3707 agnito,
1472 3608 1641 3692 hunc
1699 3608 2036 3691 emendare
2093 3622 2411 3687 festinavit
2468 3621 2564 3682 vir
2633 3619 2875 3696 bonus;
2945 3614 3055 3677 sed
3125 3628 3268 3676 cum
3335 3608 3556 3707 folium

182 3735 297 3796 iam
343 3737 462 3799 per
523 3720 954 3799 typograpbos
1011 3703 1313 3785 excusum
1368 3728 1555 3801 esset,
1591 3721 1836 3784 nullum
1891 3717 2068 3782 aliud
2118 3719 2443 3797 supererat
2497 3710 2868 3787 remedium,
2913 3707 3032 3801 nisi
3064 3711 3134 3769 ut
3162 3703 3559 3801 q_ua_ratione

183 3795 619 3887 Corrigendus
659 3795 849 3890 esset,
905 3813 1171 3876 lectores
1233 3795 1603 3893 tempestive
1668 3815 1948 3876 moneret
2003 3809 2069 3873 in
2125 3795 2472 3872 erratorum
2532 3803 2789 3880 indice;
2845 3798 3013 3894 quod
3071 3801 3135 3860 et
3192 3795 3558 3894 fecit..Cum

175 3885 384 3964 autem
439 3885 1115 3984 Franciscus'Suarez,
1190 3885 1380 3968 haud-
1412 3904 1576 3968 lecto
1661 3904 1770 3966 illo
1850 3900 2082 3980 indice,
2154 3893 2634 3960 Feuardentium
2693 3889 2982 3984 acerb'us
3060 3885 3556 3967 perstrinxisset,

177 3993 366 4071 digne
427 4010 544 4072 pro
621 3993 1025 4072 incogitantia
1081 3995 1420 4074 castigatus
1471 4002 1566 4059 est
1626 3995 1691 4058 in
1744 3993 2021 4057 editione
2075 3987 2428 4056 Coloniensi
2455 3985 2602 4048 anni
2661 3983 2828 4079 l596_
2874 3984 3030 4079 Ecce
3060 3985 3294 4079 tamen,
3332 3992 3555 4079 recen-

183 4067 296 4148 tior
343 4067 617 4166 quidam
673 4067 950 4158 criticus.
1009 4105 1086 4151 ne
1133 4067 1314 4153 lectis
1369 4089 1626 4169 quidem
1683 4104 1794 4150 seu
1845 4091 2185 4149 memorato
2245 4081 2477 4154 indice,
2534 4095 2644 4140 seu
2705 4074 2868 4137 notis
2924 4073 2984 4135 in
3044 4071 3232 4135 citata
3284 4067 3562 4169 editione

186 4163 436 4246 additis.
491 4180 558 4242 in
624 4179 758 4242 sola
815 4181 1106 4260 Suarezii,
1165 4188 1273 4244 aut
1303 4163 1637 4262 Theophili
1699 4179 2000 4244 Rainaudi
2055 4179 2503 4247 ﬁde,erratum
2552 4171 2650 4262 bis
2676 4173 3029 4232 correctum
3059 4171 3123 4228 et
3157 4163 3560 4262 emendatum

191 4274 275 4334 illi
335 4274 553 4336 adhuc
611 4272 924 4351 impingit.
986 4255 1222 4348 Quibus
1269 4273 1399 4354 jam
1460 4255 1670 4339 verbis
1723 4273 2041 4354 exciperet
2091 4264 2572 4342 Feuardentius,
2605 4261 2658 4324 si
2691 4261 2955 4354 viveret,
2992 4263 3354 4354 accuratum
3383 4255 3561 4354 illum

191 4382 544 4441 censorem,
604 4350 720 4444 qui
768 4350 927 4443 quos
979 4350 1664 4444 auctoresvredarguit.
1729 4382 1805 4427 ne
1865 4350 2047 4442 segni
2105 4361 2363 4441 quidem
2449 4372 2635 4418 manu
2713 4353 3012 4416 evolvere
3086 4350 3433 4428 dignatur?
3487 4351 3564 4411 Ut

199 4465 262 4518 ut
300 4465 424 4536 est,
491 4457 901 4520 Feuardentii
960 4465 1141 4521 notas
1195 4464 1260 4522 et
1316 4459 1813 4537 observationes,
1873 4456 2094 4537 quales
2149 4453 2211 4515 in
2266 4445 2624 4513 novissimis
2700 4445 2918 4508 lrenmi
2977 4444 3361 4508 editionibns
3417 4459 3560 4537 pro-

198 4533 464 4614 dierunt.
533 4546 698 4609 tales
754 4545 982 4608 iterum
1043 4547 1144 4609 edi
1203 4548 1459 4622 curavi;
1526 4548 1612 4610 ita
1657 4533 1868 4613 tamen
1893 4533 1990 4612 *ιιι
2052 4546 2263 4610 omnia
2311 4542 2593 4622 ejusdem
2669 4539 2858 4620 (quod
2921 4543 2983 4601 et
3053 4537 3220 4600 idem
3285 4537 3363 4598 (le
3421 4533 3564 4597 aliis

195 4637 308 4700 dici
381 4637 599 4715 velim)
664 4637 833 4700 dicta
890 4643 955 4700 et
993 4638 1258 4716 allegata
1316 4645 1612 4720 praestare
1670 4641 1882 4704 nolim.
1938 4643 2160 4719 Neque
2217 4637 2382 4700 enim
2433 4652 2469 4697 a
2535 4649 2634 4696 me
2706 4631 3194 4712 exspectandum
3277 4629 3413 4693 fuit.
3495 4631 3566 4689 ut

195 4733 390 4794 omnia
455 4748 602 4811 quze
657 4731 898 4811 profert
952 4737 1277 4795 auctorum
1332 4733 1689 4797 testimonia
1745 4733 2190 4814 expenderem,
2243 4749 2314 4792 ac
2361 4728 2596 4808 siquis
2655 4726 2716 4788 in
2772 4725 2850 4788 iis
2906 4723 3174 4788 citandis
3231 4739 3411 4814 error
3447 4720 3563 4783 ob-

198 4826 468 4905 repserit,
545 4824 898 4888 indicarem
954 4844 968 4886 :
1031 4824 1259 4889 laboris
1341 4826 1400 4889 id
1487 4827 1776 4890 immensi
1833 4812 2115 4897 'fuisset;
2191 4839 2375 4902 quem
2460 4820 2512 4882 si
2570 4817 3009 4902 suscepissem,
3047 4831 3166 4877 non
3215 4814 3344 4893 jam
3399 4812 3565 4890 ipsas

203 4918 580 4984 Feuardentii
642 4925 850 4989 notas,
917 4917 1033 4980 sed
1096 4934 1286 4982 novas
1344 4919 1409 4982 in
1470 4920 1954 4984 Feuardentium
2034 4915 2529 4992 observationes,
2611 4911 2785 4974 nullo
2868 4914 2977 4972 aut
3053 4908 3282 4984 exiguo
3363 4907 3564 4966 fructu

202 5011 514 5076 dedissem.
576 5016 730 5075 Cum
783 5015 1013 5074 autem
1100 5016 1224 5072 tum
1283 5012 1758 5091 Feuardentius,
1809 5018 1943 5074 tum
1991 5009 2098 5072 alii
2162 5005 2634 5072 observationes
2682 5019 2826 5065 suas
2867 5002 2940 5063 ad
2980 5006 3257 5062 veterem
3287 4997 3564 5091 capitum

205 5105 534 5185 sectionem,
608 5120 805 5186 quam
881 5100 1341 5180 sequebantur,
1399 5087 1964 5182 accommodarint;
2021 5102 2111 5164 sic
2166 5098 2688 5166 accommodatas,
2754 5111 2832 5158 ne
2885 5110 3008 5173 qua
3056 5088 3348 5186 confusio
3407 5087 3562 5150 sub-

207 5196 459 5268 oriretur,
508 5180 738 5281 reliqui
806 5216 824 5258 :
899 5207 1095 5256 novae
1143 5194 1442 5258 duntaxat
1495 5195 1795 5258 editionis
1849 5180 2053 5274 capita
2097 5199 2161 5256 et
2210 5195 2470 5273 paginas
2522 5189 2598 5251 ad
2650 5187 2996 5266 marginem
3052 5180 3346 5246 iudicavi.

267 5380 509 5448 Tertium
557 5381 900 5463 denique,
981 5372 1150 5452 quod
1202 5372 1267 5436 in
1321 5375 1532 5438 animo
1593 5373 1727 5457 fuit,
1791 5374 2010 5440 lectori
2065 5371 2363 5436 videlicet
2424 5387 2498 5433 ea
2559 5383 2778 5448 parare
2833 5367 2898 5426 et
2978 5361 3205 5425 oti‘erre
3263 5355 3568 5438 subsidia,
