4048 6402
163 0 1387 31 W

412 367 490 435 23
1141 377 1794 446 DISSERTATIONES
1835 383 2184 450 PRIEVL/E
2225 386 2309 450 IN
2353 387 2644 452 IRENIEI
2687 387 2980 450 LIBROS.
3722 373 3802 445 24

412 501 649 583 quibus
699 504 879 573 labor
917 506 1056 588 ejus
1103 507 1449 589 minuatur,
1510 509 1603 575 sic
1656 515 1997 576 exsecutus
2052 529 2214 577 sum.
2250 517 2485 580 Praeter
2540 520 2669 581 tres
2720 515 3016 597 superius
3066 521 3445 580 memoratas
3490 515 3804 579 Disserta-

407 596 638 677 tiones,
699 616 937 683 easque
991 619 1211 667 omnes
1268 608 1447 669 notas
1503 610 1568 671 et
1620 606 2122 685 observationes,
2182 608 2418 687 quibus
2477 608 2757 672 difﬁcilia
2808 596 3031 672 Irenaei
3088 607 3226 671 loca
3291 606 3612 671 elucidare
3687 622 3803 669 co-

413 694 598 755 natus
653 709 831 776 sum;
878 713 952 759 ac
989 710 1217 761 novam
1274 700 1554 779 capitum
1612 702 1985 777 sectionem,
2049 716 2340 780 novaque
2394 700 2689 763 lemmata
2738 704 2803 763 et
2858 698 3226 776 summulas,
3263 698 3499 778 quibus
3527 696 3807 759 auctoris

413 798 644 875 scopus
695 793 761 852 et
803 795 1249 868 argumentum
1293 792 1496 856 oculis
1544 793 1904 875 exhibetur,
1957 793 2022 855 in
2081 794 2316 873 quibus
2373 793 2669 855 omnibus
2741 792 2901 855 forte
2971 790 3257 854 nonnihil
3315 792 3454 870 opis
3529 790 3806 871 quibus-

416 874 562 966 dam
618 877 841 961 fuerit;
894 885 1125 960 praeter
1194 882 1372 964 haec,
1434 884 1735 966 inquam,
1811 874 2137 950 acCessere
2203 888 2474 965 quatuor
2550 885 2889 965 ampliores
2961 883 3531 964 locupletioresque
3611 899 3801 962 quam

415 965 720 1033 hactenus
762 972 1152 1051 prodierunt,
1212 974 1489 1039 Indices.
1551 965 1799 1040 Primus
1853 982 1951 1040 est
1998 980 2355 1043 Graecarum
2413 996 2639 1041 vocum
2699 978 3108 1057 Glossarium,
3156 994 3268 1040 seu
3325 977 3643 1057 Lexicon;
3694 991 3802 1038 se-
3874 1026 3885 1032 -

416 1062 665 1125 cundus
718 1064 1078 1128 Latinarum
1137 1066 1587 1149 difﬁciliorum,
1633 1075 1698 1132 et
1744 1069 1822 1133 ab
1882 1086 2002 1132 usu
2054 1071 2375 1133 communi
2443 1071 2879 1150 remotiorum,
2950 1068 3630 1150 quarum-signiﬁcata
3688 1067 3792 1130 vel

416 1153 697 1234 Irenaao,
757 1171 870 1218 seu
926 1156 1063 1235 ejus
1119 1156 1448 1238 interpreti
1506 1160 1777 1240 prepria,
1841 1160 1940 1223 vel
1998 1178 2119 1224 non
2191 1164 2349 1226 adeo
2398 1162 2585 1226 obvia
2641 1168 2811 1224 sunt.
2872 1161 3126 1224 Tertius
3179 1164 3298 1241 est,
3334 1176 3552 1223 eorum
3606 1177 3791 1239 qua:-

416 1259 669 1324 cunque
724 1249 959 1327 profert
1004 1251 1300 1330 Irenaaus,
1362 1251 1700 1332 Scripturae
1758 1269 1950 1316 sacrae
1986 1256 2534 1335 testimoniorum;
2596 1256 2888 1318 adnotata
2935 1254 3149 1334 etiam,
3185 1254 3238 1317 si
3281 1270 3425 1335 quae
3476 1253 3798 1316 interdum

416 1341 727 1418 occurrat,
784 1338 847 1401 in
902 1340 1152 1405 citando
1210 1358 1338 1406 uno
1389 1347 1452 1406 et
1501 1344 1721 1407 eodem
1777 1345 2163 1429 testimonio,
2224 1349 2611 1428 diversitate,
2667 1353 2739 1411 ut
2792 1364 2866 1411 ea
2912 1349 3157 1411 ratione
3217 1348 3553 1428 Scriptura:
3604 1362 3801 1409 sacrae

420 1431 690 1495 studiosi
738 1433 962 1496 Irenaei
1008 1434 1257 1497 codices
1305 1451 1518 1500 sacros
1565 1454 1710 1500 cum
1782 1438 2014 1502 nostris
2073 1456 2433 1522 comparare
2513 1440 2694 1503 facile
2761 1439 3023 1520 possint,
3107 1437 3341 1518 quidve
3412 1436 3800 1501 discriminis

416 1524 755 1604 (levissimi
812 1527 1009 1608 certe)
1069 1529 1233 1591 inter
1281 1534 1584 1609 utrosque
1661 1531 2031 1606 intercedat,
2096 1534 2454 1598 observare.
2543 1535 2811 1606 Quartus
2860 1529 3161 1610 denique,
3238 1545 3452 1591 rerum
3508 1527 3796 1592 omnium

417 1619 903 1709 praecipuarum,
961 1639 1107 1702 quae
1168 1629 1306 1686 tum
1361 1624 1528 1703 apud
1590 1623 1800 1704 ipsum
1858 1629 2188 1707 Irenaeum,
2251 1630 2382 1687 tum
2432 1624 2499 1686 in
2556 1622 2789 1686 nostris
2821 1621 3378 1686 Dissertationibus
3408 1626 3470 1685 et
3502 1619 3667 1684 notis
3698 1637 3801 1683 oc-

417 1716 721 1791 currunt;
772 1711 986 1776 addito
1045 1713 1237 1777 etiam
1290 1713 1355 1776 in
1413 1714 1538 1778 ﬁne
1592 1715 1790 1779 altero
1850 1734 1960 1797 pro
2008 1717 2273 1779 aliorum
2332 1716 2500 1781 notis
2555 1717 2789 1779 Indice.

497 1805 648 1869 Haec
702 1809 850 1868 sunt
904 1822 1047 1886 qua
1093 1807 1173 1870 de
1208 1822 1371 1869 nova
1427 1807 1547 1870 hac
1592 1808 1813 1873 Irenaei
1870 1809 2147 1873 editione
2189 1809 2438 1890 praefari
2495 1809 2704 1871 visum
2760 1811 2877 1872 est.
2920 1807 3217 1888 Exposita
3238 1805 3369 1887 jam
3409 1807 3604 1870 totius
3635 1822 3787 1871 con-

417 1896 545 1961 silii
601 1897 726 1961 mei
775 1897 1039 1980 ratione,
1100 1904 1400 1963 caeterum
1449 1901 1748 1981 deinceps
1816 1902 2115 1966 lectorem
2191 1919 2316 1966 non
2380 1902 2691 1980 morabor,
2745 1902 2902 1983 quin
2946 1900 3082 1981 ipse
3131 1900 3448 1981 dispiciat,
3505 1917 3585 1963 an
3628 1917 3790 1980 opus

420 1989 587 2053 votis
642 1994 707 2054 et
759 1993 999 2055 conatis
1048 1992 1444 2073 respondeat.
1493 1995 1667 2068 Quod
1711 1995 1765 2057 si
1794 1995 1881 2058 ita
1913 1994 2015 2075 sit,
2075 2010 2265 2057 unam
2327 1994 2487 2058 hanc
2543 2010 2685 2058 esse
2741 1994 2931 2058 velim
2990 1994 3223 2057 laboris
3272 1994 3651 2067 mercedem,
3718 1995 3799 2057 de

418 2082 698 2148 Ecclesia
748 2084 1071 2165 quidpiam
1121 2085 1469 2167 meruisse;
1526 2087 1708 2166 cujus
1744 2087 1987 2167 judicio
2054 2101 2454 2167 quacunque
2507 2102 2544 2149 a
2602 2102 2703 2149 me
2757 2085 3180 2171 prodierunt,
3256 2085 3534 2149 libenter
3590 2085 3798 2165 subji-

419 2175 540 2257 cio,
589 2192 664 2240 ea
717 2176 930 2242 omnia
978 2178 1316 2244 emendare
1376 2194 1450 2243 ac
1490 2195 1791 2245 revocare
1850 2186 2124 2263 paratus,
2176 2198 2316 2262 quae
2368 2181 2707 2244 emendare
2764 2198 2838 2245 ac
2893 2196 3190 2245 revocare
3233 2178 3517 2259 jusserit.

424 2524 1617 2749 lllSSilli'l‘lTNNES
1754 2528 2283 2851 “illim
2392 2528 2529 2748 Ill
2652 2526 3137 2749 lilii-Nili
3230 2527 3776 2749 LIBROS.

1164 2976 2299 3128 DISSERTATIO
2441 2899 3030 3131 PRIMA.

418 3228 510 3291 De
558 3227 874 3294 haereticis
917 3244 1079 3309 quos
1137 3225 1305 3292 libro
1371 3229 1573 3311 primo
1645 3237 1935 3298 recenset
1987 3233 2263 3298 Irenaeus
2317 3248 2667 3315 eorumque
2721 3235 2993 3313 actibus,
3047 3230 3304 3311 scriptis
3359 3235 3424 3295 et
3482 3229 3793 3293 doctrina.

1438 3552 2163 3679 .ARTICULUS
2243 3552 2740 3648 PRIMUS.

1730 3767 1849 3841 DE
1914 3768 2466 3843 VALENTINO.

866 4055 913 4120 Ι.
962 4058 1270 4121 Valentini
1298 4060 1537 4141 patria.
2088 4076 2125 4123 Α
2153 4061 2370 4141 phanio
2426 4078 2464 4122 cl

2198 4061 2370 4122 hanio
2426 4060 2777 4139 consentiat,
2835 4058 2937 4138 qui
3008 4058 3329 4138 Φρεϐονίτην
3381 4066 3479 4127 τῆς
3536 4063 3796 4137 Αἰγύπτου

493 4146 826 4231 [I—Xlll]De
842 4148 1138 4213 Valentini
1164 4152 1350 4233 patria
1371 4160 1428 4214 et
1444 4153 1628 4232 stirpe
1644 4151 1788 4214 nihil
1806 4160 2060 4235 certum,
2144 4150 2509 4230 πκραλιώτην,
2575 4148 2994 4211 ΡΙινεὺοηὶισνη
3025 4148 3105 4211 ad
3134 4147 3512 4211 maritimam
3538 4150 3798 4229 Egypti

410 4237 739 4319 Epiphanio
759 4237 1007 4320 teste8,e
1025 4240 1319 4304 veteribus
1338 4242 1600 4321 exsculpi
1633 4241 2064 4320 potest.Quam-‘
2144 4255 2323 4300 oram
2353 4256 2487 4299 esse
2516 4236 2746 4301 scribit.
2801 4235 3052 4314 Longius
3100 4256 3133 4297 a
3177 4237 3323 4297 mari
3380 4236 3561 4300 distat
3616 4237 3799 4300 Phar-

408 4326 497 4388 vis
538 4326 714 4406 hujus
751 4328 1029 4390 haeresim
1055 4329 1185 4391 fuse
1204 4329 1584 4409 exagitaverit
1617 4327 1900 4403 Irenaeus,
1938 4330 2062 4392 hinc
2144 4326 2415 4387 btethites
2461 4344 2697 4400 nemus,
2743 4343 2835 4393 ac,
2882 4343 2957 4386 ne
3021 4325 3262 4405 propius
3299 4326 3565 4400 accedat,
3600 4326 3795 4387 inter-

409 4424 610 4478 tamen
640 4414 758 4476 alto
788 4416 1004 4495 premit
1036 4418 1297 4478 silentio.
1334 4417 1653 4497 Accepisse
1687 4434 1751 4478 se
1798 4418 1878 4478 ait
1914 4418 2063 4498 Epi-
2144 4415 2366 4476 cedunt
2412 4413 2654 4475 Tanites
2694 4422 2752 4475 et
2790 4416 2945 4477 Neut
2983 4415 3169 4473 nomi.
3220 4413 3415 4485 Quare
3470 4414 3520 4474 si
3571 4414 3709 4492 quid
3739 4423 3796 4475 et

407 4501 793 4583 phanius,sed
824 4502 1128 4565 auditione
1158 4504 1687 4579 sola,etfama,non
1715 4512 1932 4576 tamen,
1956 4506 2057 4566 in-
2142 4501 2288 4563 mihi
2322 4501 2616 4580 conjicere
2655 4502 2852 4576 liceat,
2890 4502 3176 4564 libentius
3207 4503 3358 4580 apud
3395 4503 3791 4581 Epiphaniam

405 4589 556 4671 quit,
606 4608 798 4670 usque
840 4591 990 4653 adeo
1029 4600 1214 4665 certa,
1266 4600 1327 4654 ut
1381 4592 1627 4654 dubium
1680 4592 1855 4668 levet,
1888 4593 2054 4655 illum
2138 4590 2401 4670 legerem
2455 4591 2829 4654 Phenetitem
2879 4592 2969 4652 vel
3038 4592 3422 4653 Ptenetitem.
3474 4591 3798 4667 Phtenotes

403 4676 975 4759 Prehonitem'esse,
1005 4698 1074 4742 ex
1104 4680 1341 4762 Jqupti
1368 4682 1622 4744 uuadam
1656 4699 1779 4742 ora.
1812 4679 1923 4744 Ubi
1949 4701 2056 4762 pro
2140 4678 2300 4741 enim
2344 4679 2666 4742 Ptolemaeo
2697 4699 2914 4742 nomus
2967 4687 3097 4741 erat
3126 4678 3186 4739 in
3215 4678 3449 4758 .IEgypti
3482 4680 3672 4753 Delta,
3704 4700 3798 4742 su-

401 4766 1030 4848 Phrebonitem,cujus
1060 4768 1178 4830 loci
1208 4769 1372 4832 nulla
1398 4770 1553 4850 apud
1576 4778 1811 4833 veteres
1840 4788 2055 4833 occur-
2139 4786 2248 4851 pra
2274 4768 2604 4849 Meteliten,
2637 4769 2697 4829 in
2720 4769 3001 4830 Austrum
3047 4785 3319 4846 vergens,
3383 4785 3495 4827 nec
3535 4770 3734 4846 procul
3766 4787 3800 4829 a

401 4856 482 4918 rit
500 4856 1071 4936 mentio,legendum
1102 4859 1410 4921 contendit
1430 4858 1779 4921 Lambertus
1810 4858 2057 4922 Danaaus
2139 4857 2311 4932 mari,
2358 4860 2528 4937 cujus
2569 4865 2745 4937 caput
2783 4865 2908 4918 erat
2938 4864 3154 4930 Βοῦτος,
3198 4857 3417 4917 Βαίας.
3446 4855 3799 4918 Doctissimo

399 4944 472 5007 ad
504 4946 757 5025 August.
787 4945 874 5009 De
901 4946 1140 5021 haras,
1166 4965 1297 5028 cap.
1328 4949 1427 5020 11,
1461 4945 1926 5010 Pharbwthitem
1950 4968 2055 5011 cu-
2135 4945 2442 5009 Harduino
2471 4945 2630 5006 idem
2659 4963 2790 5007 esse
2822 4944 3078 5020 videtur,
3114 4943 3215 5022 qui
3260 4943 3436 5006 Plinii
3474 4944 3771 5008 Ptencthu

391 5034 494 5115 jus
516 5035 827 5098 sententiae
863 5035 1158 5097 calculum
1186 5036 1392 5116 adjicit
1429 5036 1700 5099 Petavius
1729 5036 1789 5096 in
1821 5036 1942 5097 suis
1973 5038 2043 5098 ad
2136 5034 2242 5097 lib.
2274 5051 2333 5115 v,
2369 5053 2500 5114 cap.
2526 5034 2585 5105 9,
2616 5033 2798 5114 idque
2820 5051 3024 5094 verum
3054 5049 3270 5092 nomen
3306 5050 3440 5093 esse
3490 5034 3682 5095 credit
3712 5034 3798 5094 vir

398 5122 795 5204 Epiphanium
829 5124 1212 5187 notis.Exstat
1233 5125 1473 5205 quidem
1498 5124 1929 5187 Pharbaathites
1957 5126 2046 5186 in-
2129 5126 2189 5185 in
2218 5123 2631 5204 geographicis
2671 5120 3074 5203 peritissimus
3099 5119 3557 5201 Christophorus
3582 5122 3780 5184 Celta-

396 5211 633 5275 l'erioris
661 5214 888 5295 λεωρῑὶ
920 5232 1156 5287 nemus,
1189 5216 1356 5291 cujus
1382 5220 1558 5294 caput
1589 5212 1730 5274 urbs
1765 5212 2045 5276 Pharbaa-
2125 5212 2274 5286 rius,
2308 5214 2445 5294 quia
2467 5213 2527 5272 in
2561 5210 3029 5274 Chalcedonensi
3061 5208 3308 5289 synodo,
3350 5217 3497 5285 act.,
3530 5227 3573 5288 Ι,
3597 5209 3785 5272 Hera-

399 5302 837 5375 tus,Bubastico
870 5313 930 5365 et
957 5301 1273 5365 Busiritico
1302 5302 1651 5364 ﬂuminibus
1708 5301 2047 5384 conclusus,
2074 5303 2281 5388 Belius
2341 5301 2755 5365 Ptenethensis
2816 5306 3181 5388 memoratur
3228 5299 3280 5362 9.
3348 5299 3641 5388 Quidquid
3690 5301 3785 5376 sit,

399 5391 458 5452 in
491 5392 800 5454 meridiem
825 5394 1099 5472 vergens,
1133 5391 1305 5472 Cujus
1329 5391 1654 5454 meminere
1684 5389 2045 5469 Herodotus,
2077 5387 2094 5388 ί
2131 5387 2554 5455 Alexandriam
2598 5388 2897 5470 profectus
2926 5387 3302 5463 Valentinus,
3338 5387 3417 5450 ibi
3447 5387 3785 5453 Graecorum

397 5478 505 5540 lib.
538 5499 602 5562 η,
636 5499 765 5562 cap.
794 5482 933 5557 466;
958 5479 1194 5556 Strabo,
1241 5479 1347 5544 lib.
1391 5497 1534 5556 xvu;
1569 5480 1818 5555 Plinius,
1851 5478 1959 5542 lib.
1983 5498 2043 5563 ν,
2129 5480 2349 5542 artibus
2374 5498 2491 5542 non
2522 5478 2911 5541 mediocriter
2938 5479 3196 5539 instutus
3232 5484 3340 5541 est.
3366 5476 3787 5539 Doctissimum

395 5583 526 5649 cap.
558 5566 742 5632 9.Sed
773 5586 983 5632 vereor
1007 5577 1069 5632 ut
1093 5569 1270 5651 hujus
1317 5569 1481 5632 nomi
1535 5568 1682 5634 situs
1718 5586 1852 5630 cum
1896 5565 2043 5649 Epi-
2126 5569 2290 5634 enim
2345 5567 2529 5631 fuisse
2588 5566 2796 5630 scribit
2839 5567 3238 5648 Hieronymus
3280 5566 3337 5628 in
3398 5569 3577 5643 Osee,
3652 5584 3782 5647 cap.

468 5748 502 5797 8
528 5745 851 5830 Epiphan.,
887 5746 1046 5813 Haar.
1077 5748 1181 5823 3|,
1213 5751 1327 5831 §2.
1413 5752 1447 5803 9
1478 5749 1728 5833 Epiph,
1765 5748 1919 5811 ibid.
