4048 6382
519 292 632 357 103

1299 290 1942 362 ΠΙΞΒΕΒΤΑΤΙΟΝΕὸ
1983 291 2312 358 ΡΗᾸΕἮΕ
2353 291 2433 358 ΙΝ
2480 294 2769 360 ΙΗΕΝιΕΙ
2815 295 3106 360 LIBROS.

3779 302 3896 376 tot

520 425 845 507 unicuique
870 425 1108 507 propria
1128 435 1442 499 erunt,nec
1466 425 1598 487 aliis
1629 423 2172 488 communia.Post-
2193 441 2235 485 Α
2259 426 2571 488 commodo
2605 426 2986 489 consulentes
3029 426 3421 505 servabimus,
3453 447 3630 509 quem
3658 433 3902 492 servavit

521 517 715 595 posito
747 523 1081 596 temporum
1137 515 1373 590 ordine,
1423 533 1558 578 cum
1594 523 1846 589 tantum,
1882 513 2170 577 lectorum

2256 522 2465 576 auctor
2491 527 2717 576 noster.

1722 812 2426 909 ARTl‘CULUS
2511 815 2637 906 Il'

1551 1039 1665 1111 DE
1740 1037 2230 1110 VALENTINI
2306 1035 2825 1118 DISClPULIS,

603 1352 702 1413 7'7.
727 1353 1096 1415 Consensum
1121 1351 1373 1415 inunam
1390 1354 1967 1436 ﬁdem,peculiarem
1989 1348 2181 1414 solius

522 1458 675 1502 verte
722 1460 791 1503 ac
837 1441 1148 1504 catholicae
1198 1441 1418 1504 Christi
1446 1443 1735 1506 Ecclesiae
1756 1443 1990 1504 laudem
2011 1457 2180 1513 esse;

523 1531 833 1593 discordes
853 1549 992 1592 vero
1015 1530 1387 1613 turpiterque
1410 1551 1611 1595 secum
1639 1540 1966 1613 pugnantes
1989 1532 2048 1593 in
2067 1529 2180 1592 lide

524 1621 940 1694 sententias,in
988 1621 1301 1682 haereticos
1348 1640 1558 1684 omnes
1606 1623 1842 1702 proprie
1886 1619 2179 1701 quadrare

529 1705 748 1786 passim
773 1716 934 1769 notat
954 1707 1307 1771 Irenaausld
1356 1710 1464 1770 etsi
1485 1709 1562 1771 de
1589 1708 1885 1770 haereticis
1901 1706 2178 1770 omnibus

2265 1369 2412 1428 τερον
2435 1348 2488 1405 δὲ
2510 1353 2652 1431 ἦχον
2675 1352 2748 1415 εἷς
2778 1350 2941 1414 ἀκοὰς
2967 1356 3073 1406 τῶν
3096 1344 3598 1428 ἐμϐεϐροντημένων
3619 1350 3904 1432 ἔξήχησεν.

2263 1436 2444 1498 Addit
2467 1437 2852 1517 Augustinus,
2879 1438 3291 1501 Secundianos
3320 1436 3433 1500 hoc
3453 1455 3491 1500 α
3527 1437 3910 1501 Valentinia-

2263 1527 2362 1587 nis
2382 1527 2608 1588 distare
2635 1527 2784 1601 dici,
2812 1527 2972 1608 quod
2999 1526 3228 1588 addant
3256 1543 3441 1608 Opera
3472 1529 3911 1607 turpitudinis;

2261 1615 2414 1677 forte
2445 1615 2583 1696 quia
2615 1625 2845 1696 turpem
2879 1625 2938 1678 et
2966 1615 3286 1676 obscenam
3347 1615 3648 1678 Valentini
3694 1616 3912 1678 doctri-

2263 1722 2396 1765 nam
2430 1704 2840 1785 impudentius
2871 1702 3271 1784 praedicabant
3314 1705 3598 1785 omnique
3646 1705 3913 1786 deposita

525 1796 924 1870 verissimum,
960 1816 1250 1878 nusquam
1275 1804 1470 1860 tamen
1491 1798 1710 1859 clarius
1748 1797 1964 1872 elucet,
1999 1814 2174 1878 quam
2258 1792 2620 1855 verecundia
2667 1801 2800 1855 actu
2832 1793 3242 1874 perﬁciebant.
3265 1790 3472 1873 Neque
3503 1793 3661 1855 enim
3697 1795 3888 1874 princi

529 1885 626 1944 ubi
649 1885 724 1946 de
742 1884 1032 1948 Gnosticis
1053 1904 1119 1947 ac
1141 1886 1574 1948 Valentiniauis
1599 1905 1798 1948 sermo
1819 1886 2178 1948 est.Discre—
2205 1884 2240 1932 Β
2265 1883 2494 1963 piorum
2550 1891 2825 1944 auctores
2855 1891 3046 1957 erant,
3103 1881 3210 1943 scd
3243 1882 3372 1944 haec
3403 1900 3437 1942 ιι
3465 1881 3783 1955 Valentino
3811 1903 3911 1945 ac-

528 1983 700 2054 pant,
728 1974 1034 2054 inquitille
1053 1976 1140 2047 84,
1165 1975 1241 2036 ab
1258 1977 1516 2038 invicem
1538 1985 1592 2037 et
1616 1977 1888 2037 doctrina
1901 1983 1961 2036 et
1979 1975 2179 2037 tradi-
2265 1972 2680 2053 ceperant,qui
2711 1972 2759 2033 si
2781 1971 3092 2050 discipulis
3117 1970 3329 2031 melior
3345 1970 3750 2043 exstitit,forte
3782 1979 3914 2052 quia

530 2063 786 2135 tionc;et
807 2064 913 2141 qui
932 2065 1306 2142 recentiores
1323 2080 1529 2125 eorum
1552 2063 2182 2143 agnoscuntur,a/fec~
2266 2061 2440 2141 paulo
2471 2061 2886 2122 verecundior.
2921 2059 2991 2121 Et
3023 2059 3104 2120 ita
3135 2058 3320 2121 sensit
3349 2059 3750 2121 Damascenus
3776 2063 3912 2121 scri-

527 2153 1226 2233 tantpersingutosdz’es
1246 2171 1461 2213 novum
1479 2153 1719 2233 aliquid
1741 2154 2183 2226 adinvenire,et
2269 2150 2416 2211 bens
2441 2149 2501 2210 in
2532 2149 2640 2211 lib.
2674 2151 2756 2212 De
2805 2151 3020 2212 haeres.
3081 2147 3486 2211 Secundianos
3534 2152 3912 2212 consensisse

526 2241 898 2318 fructiﬁcare
919 2242 1076 2320 quod
1090 2259 1406 2322 nunquam
1450 2245 1770 2322 quisquam
1790 2241 2176 2320 excogitavit.
2265 2257 2400 2300 cum
2433 2239 2777 2319 Valentino,
2813 2239 2926 2299 nisi
2958 2237 3114 2318 quod
3143 2255 3277 2298 eum
3299 2238 3358 2299 in
3382 2238 3653 2301 docenda
3677 2247 3735 2302 et
3760 2258 3916 2301 com-

527 2327 599 2389 Et
620 2329 940 2393 alibi352Ab
956 2331 1050 2392 his
1064 2338 1259 2392 autem
1279 2332 1384 2410 qui
1397 2329 1993 2410 praedictisuntjam
2017 2328 2178 2392 mul-
2265 2327 2656 2390 memoranda
2703 2327 3065 2390 obscenitate
3121 2326 3299 2405 longe
3327 2327 3697 2408 multumque
3727 2347 3909 2409 supe-

517 2424 591 2481 tce
604 2421 974 2500 prapagines
992 2419 1325 2482 multarum
1360 2419 1664 2480 luerosum
1701 2421 1888 2497 factae
1914 2427 2083 2493 sunt,
2111 2436 2180 2481 eo
2261 2417 2470 2479 rarint.

517 2508 680 2588 quod
690 2511 954 2571 muttiea:
979 2511 1151 2589 ipsis,
1173 2511 1292 2570 imo
1307 2525 1509 2570 omnes
1534 2507 1722 2570 velint
1735 2509 2006 2570 doctores
2021 2525 2172 2584 esse,

513 2603 572 2657 et
584 2596 1150 2678 abscedere-quidem
1163 2597 1238 2658 ab
1251 2597 1472 2659 hmresi
1483 2597 1550 2658 in
1563 2615 1679 2676 qua
1691 2598 1966 2675 fuerunt,
2002 2596 2179 2659 aliud

512 2693 707 2746 autem
725 2686 943 2766 dagma
957 2686 1032 2748 ab
1043 2686 1170 2748 alia
1185 2689 1503 2758 sententia,
1532 2695 1584 2748 et
1613 2686 1893 2766 deinceps
1915 2688 2178 2748 alterum

511 2772 586 2835 ab
598 2773 795 2836 altera
809 2791 1054 2855 compon
1064 2783 1407 2847 entesmooe
1419 2776 1626 2837 docere
1638 2776 1960 2847 insistunt;
1972 2782 2180 2838 semet-

507 2864 670 2942 ipsos
689 2862 1125 2926 adinventores
1151 2882 1252 2925 seu
1266 2866 1465 2925 tentias
1485 2873 1915 2944 quamcunque
1931 2880 2172 2946 compe-

509 2951 1364 3033 gerint,enarrantes.Nempe
1381 2971 1591 3014 omnes
1621 2970 1788 3014 novae
1816 2953 2176 3020 inventionis

2344 2505 2439 2567 79.
2493 2504 2768 2567 Secundo
2828 2505 3103 2568 tribuunt
3145 2503 3406 2567 lrenaeus
3437 2512 3496 2565 et
3523 2503 3910 2584 Epiphanius,

2261 2593 2422 2673 quod
2456 2594 2827 2656 octonarium
2863 2595 3118 2676 primum
3147 2592 3491 2656 distinxerit
3519 2594 3579 2654 in
3601 2602 3912 2672 quaterna-

2259 2682 2412 2744 rium
2467 2682 2737 2744 dextrum
2797 2692 2858 2744 et
2897 2684 3231 2759 sinistrum,
3267 2683 3470 2744 lumen
3520 2691 3576 2743 et
3606 2682 3908 2744 tenebras.

2261 2773 2428 2835 Nova
2451 2772 2691 2853 quidem
2727 2779 2785 2833 et
2805 2772 3172 2852 aenigmatica
3215 2772 3419 2853 verba,
3445 2771 3548 2832 sed
3572 2787 3690 2832 non
3723 2789 3912 2832 novus

2262 2879 2449 2923 error.
2485 2859 2590 2922 His
2613 2860 2772 2922 enim
2797 2860 3192 2940 signiﬁcabat,
3228 2869 3289 2920 ut
3319 2875 3496 2940 supra
3516 2859 3904 2929 ostendimus,

2258 2949 2518 3030 primum
2543 2949 2913 3010 octonarium
2929 2967 3001 3010 ex
3015 2948 3239 3029 duplici
3252 2949 3629 3029 quaternario
3641 2947 3907 3023 conﬂari;

511 3039 759 3117 gloriam
787 3040 1121 3120 captabant,
1175 3049 1254 3115 et,
1315 3049 1380 3102 ut
1422 3060 1643 3102 nomen
1699 3041 1814 3102 sibi
1844 3041 2000 3122 apud
2036 3059 2177 3102 suos
2205 3119 2210 3122 _
2259 3037 2448 3100 altero
2482 3055 2554 3098 ex
2585 3036 2914 3118 imparibus
2944 3037 3390 3118 numeris,quos
3418 3055 3486 3097 ex
3515 3036 3907 3117 Pythagoreo-

509 3128 800 3200 facerent,
836 3119 1101 3190 veterem
1135 3142 1399 3191 errorem
1436 3130 1497 3192 hi
1529 3130 1696 3191 novis
1728 3119 2038 3192 erroribus
2066 3149 2170 3192 cu-
2193 3119 2232 3175 C
2254 3142 2390 3188 rum
2419 3134 2621 3188 mente
2653 3126 2895 3188 dextros
2925 3135 2982 3188 et
3026 3126 3269 3202 faustos,
3323 3125 3510 3186 altero
3541 3143 3610 3186 ex
3642 3125 3903 3205 paribus,

509 3215 760 3290 mulare,
793 3216 884 3276 illi
941 3217 1110 3279 novis
1168 3219 1378 3280 saltem
1439 3238 1507 3281 ac
1535 3218 1798 3280 insolitis
1829 3216 2174 3282 nominibus
2256 3233 2404 3295 quos
2437 3215 2718 3277 sinistros
2775 3223 2834 3276 et
2887 3214 3181 3276 infaustos
3228 3214 3492 3276 vocabat.
3526 3212 3906 3293 Idipsumcst

509 3316 728 3366 ornare
756 3305 1100 3370 studebant.
1130 3306 1256 3379 Qua
1289 3308 1448 3369 enim
1473 3308 1749 3370 libertate
1780 3327 1812 3370 a
1835 3308 1960 3370 suis
1989 3309 2172 3389 magi-
2255 3303 2414 3384 quod
2448 3301 2795 3368 Ptolemaici
2824 3303 3277 3383 quaternionem
3307 3302 3696 3364 masculinum
3731 3311 3789 3364 et
3816 3302 3904 3362 fe-

504 3392 666 3480 stris,
701 3394 1002 3456 veteribus
1045 3393 1365 3471 Gnosticis,
1402 3397 1460 3457 in
1495 3397 1768 3480 pluribus
1814 3397 2175 3461 discesserat
2255 3392 2551 3454 mininum
2585 3391 2986 3472 appellabant.
3023 3392 3090 3453 In
3121 3409 3193 3454 eo
3247 3409 3387 3454 vero
3413 3390 3487 3453 ab
3519 3391 3612 3452 his
3642 3399 3703 3452 et
3732 3407 3767 3452 a
3797 3389 3904 3452 Va-

505 3479 1094 3559 Valentinns,eadem
1125 3485 1198 3545 ab
1226 3484 1358 3566 ipso
1386 3484 1452 3545 in
1488 3479 1688 3548 multis
1714 3499 2023 3548 secessere
2049 3484 2176 3549 d'i's-
2255 3480 2483 3543 lentino
2515 3481 2792 3543 discessit
2837 3480 3125 3562 ille,quod
3171 3482 3483 3557 Virtutem,
3511 3498 3641 3561 quae
3667 3495 3794 3561 pra;
3823 3488 3905 3541 te-

506 3571 2172 3655 cipul-iejus,Secundus,Epiphanes,Ptolemaeus,Color-
2254 3571 2528 3632 maritate
2559 3569 2931 3651 defecit,non
2958 3587 2991 3631 a
3010 3571 3250 3650 triginta
3277 3569 3571 3634 [Eonibus
3591 3571 3898 3643 derivarit,

509 3659 712 3736 basus,
747 3665 1009 3737 Marcus,
1037 3671 1095 3725 et
1124 3661 1247 3726 alii;
1277 3665 1426 3724 adeo
1451 3671 1522 3726 ut
1549 3663 1980 3726 Tertullianiss
1999 3673 2169 3728 aetate
2251 3659 2358 3721 sed
2389 3678 2424 3721 a
2452 3658 2740 3720 fructibus
2769 3677 3002 3723 eorum.
3026 3657 3268 3724 Scilicet
3284 3661 3560 3739 angelum
3579 3659 3900 3740 quemdam

509 3762 719 3829 purus,
765 3759 824 3812 et
854 3750 1092 3832 qualem
1127 3751 1560 3831 excogitaverat
1609 3753 1738 3833 ipse
1785 3754 2161 3836 Valentinus,

509 3837 1083 3902 Valentinianismus
1123 3840 1248 3920 jam
1298 3840 1512 3902 nullibi
1558 3849 1877 3916 terrarum,
1912 3851 2161 3924 praeter-

504 3938 680 4008 quam
739 3927 1095 4004 Antiochiaa,
1151 3928 1262 3991 sub
1318 3929 1609 3991 Axionico
1654 3929 1897 4010 vigeret.
1952 3929 2162 3996 Caneri

506 4033 718 4078 omnes
739 4034 888 4078 nova
909 4026 1182 4098 suscepta
1201 4017 1731 4092 larva,oblitterato
1755 4020 1932 4082 etiam
1953 4021 2163 4099 magis-

507 4104 582 4167 tri
612 4105 880 4181 nomine,
910 4125 1088 4169 suum
1118 4108 1374 4189 quisque
1404 4108 1616 4170 haeresi
1659 4108 1916 4189 propriae
1942 4127 2163 4172 nomen

506 4194 939 4274 imposuerunt.
1802 4205 1814 4220 ‘

1088 4293 1136 4352 Ι.
1173 4289 1266 4352 De
1293 4290 1597 4355 Secundo.

2247 3746 2556 3810 inferioris
2585 3747 2816 3810 ordinis
2847 3765 2980 3810 esse
3011 3749 3201 3825 ﬁnxit,
3235 3765 3312 3811 ne
3341 3766 3458 3830 qua
3477 3747 3610 3811 labe
3630 3766 3903 3828 asperge-

2246 3844 2412 3898 retur
2440 3836 2718 3917 superius
2746 3835 3049 3901 Pleroma.

2315 3960 2320 3963 -
2783 3927 2859 3992 ll.
2896 3929 2986 3992 De
3011 3929 3361 4011 Epiphane.

2325 4025 2423 4089 80.
2461 4023 2798 4086 Proximum
2850 4022 3126 4110 Secundo
3183 4025 3484 4088 subnectit
3526 4023 3894 4106 Epiphanem

2244 4115 2505 4178 Irenaeus
2537 4135 2549 4174 :
2586 4113 2660 4176 de
2697 4113 2814 4174 hoc
2862 4114 3048 4195 enim,
3101 4133 3215 4176 nec
3255 4114 3330 4177 de
3359 4115 3475 4176 alio
3506 4113 3898 4193 intelligenda

2245 4222 2378 4286 quae
2405 4205 2465 4266 in
2494 4201 2680 4265 veteri
2725 4201 2940 4265 Irenaai
2984 4202 3190 4265 Latina
3220 4203 3712 4284 interpretatione
3753 4202 3896 4282 legi-

2245 4294 2455 4356 mus:A
2469 4294 2590 4354 [ius
2611 4307 2752 4354 vero
2775 4293 3048 4372 quidam,
3075 4295 3183 4373 qui
3200 4303 3256 4356 et
3285 4291 3490 4355 clarus
3505 4299 3594 4354 est
3611 4294 3896 4374 magister

587 4379 690 4443 78.
721 4379 1144 4462 Primusquem
1171 4382 1703 4463 postValentinum
1728 4381 1997 4464 proxime
2029 4399 2160 4446 me-
2186 4385 2554 4464 Dipsorum,
2588 4390 2702 4442 etc.
2737 4378 2997 4452 Quarum
3029 4381 3272 4462 quidem
3319 4379 3642 4443 verborum
3680 4375 3894 4444 Graeca

509 4475 742 4529 morant
759 4470 1040 4546 Irenmus,
1074 4470 2152 4552 Epiphanius,Theodoretus,Tertul-

504 4557 722 4631 lianus,
755 4557 847 4617 vel
876 4559 1142 4640 quisquis
1172 4560 1321 4622 alius
1351 4571 1560 4624 auctor
1601 4570 1688 4623 est
1717 4560 2147 4638 Additamenti,

504 4645 663 4725 quod
680 4645 752 4706 ad
777 4645 1001 4708 calcem
1025 4646 1162 4708 libri
1184 4647 1273 4709 De
1315 4650 1883 4729 praescriptionibus
1911 4650 2147 4730 legitur,

501 4733 866 4813 Augustinus
915 4744 977 4797 et
1021 4735 1144 4809 alii,
1191 4735 1499 4799 Secundus
1530 4747 1640 4802 est.
1672 4739 1815 4812 Quis
1846 4747 1904 4802 et
1933 4740 2146 4821 qualis,

503 4842 693 4905 quove
740 4823 801 4885 in
850 4823 979 4889 loco
1039 4833 1235 4900 natus,
1293 4834 1556 4890 veterum
1584 4847 1759 4891 nemo
1793 4829 2048 4911 scripsit.
2075 4829 2150 4895 'Id

502 4915 786 4977 duntaxat
815 4933 886 4977 ex
933 4914 1269 4996 Epiphanio
1311 4917 1374 4967 87
1404 4915 1711 5000 discimus,
1743 4917 1900 5000 quod
1928 4919 2149 4985 Valen-

503 5005 624 5067 tino
655 5023 910 5080 coaevus,
948 5007 1291 5084 magistrum
1326 5021 1476 5068 novo
1529 5007 1725 5088 aliquo
1755 5007 1998 5071 invento
2050 5027 2152 5070 su-

502 5111 710 5172 perare
731 5095 817 5169 sic
861 5093 1152 5173 gestierit,
1187 5103 1248 5156 ut
1273 5103 1470 5159 tamen
1497 5097 1656 5178 quod
1683 5097 1970 5161 intererat
1998 5097 2191 5166 inter.

503 5183 1182 5264 utrumquediscrimen,
1214 5191 1402 5248 totum
1436 5185 1561 5248 fere
1581 5185 1642 5247 in
1662 5186 1862 5247 verbis
1887 5186 2148 5250 haeserit.

501 5268 649 5332 Nam
680 5273 912 5349 eadem,
951 5291 1083 5353 qum
1104 5272 1476 5350 Valentinus,
1511 5274 1766 5336 docebat
1794 5275 2014 5354 omnia,
2043 5273 2150 5336 sed

501 5358 789 5438 ampliore
808 5360 1006 5422 sonitu
1027 5362 1386 5424 furiosorum
1418 5380 1594 5424 aures
1625 5361 1946 5442 opplebat:
1975 5364 2152 5420 Πάντα

501 5448 600 5524 μὲν
640 5449 708 5503 τὰ
749 5450 917 5506 κατὰ·
955 5452 1047 5506 τὸν
1103 5451 1454 5509 Οὖαλεντῐναν
1522 5451 1822 5531 timum,
1895 5453 2150 5532 περισσό-

2237 4471 2377 4540 licet
2398 4471 2552 4551 apud
2574 4468 2970 4549 Epiphanium
2995 4469 3661 4544 desiderentur,merito
3695 4477 3891 4531 tamen

2235 4561 2322 4622 sic
2345 4559 2628 4645 habuisse
2658 4558 3338 4638 conjicitPearsonius:
3405 4551 3615 4625 ’Ἄλλος
3670 4557 3723 4615 δέ
3782 4581 3888 4645 τις,

2234 4651 2263 4707 ὁ
2305 4650 2395 4706 καὶ
2438 4644 2763 4728 Ἐπιφανής,
2795 4646 3106 4713 διδάσκαλος
3162 4650 3356 4710 αὐτῶν.
3404 4649 3517 4714 Ubi
3569 4644 3888 4730 imperitus

2234 4739 2536 4818 interpres
2568 4735 2784 4798 misere
2813 4736 3038 4816 lapsus,
3068 4733 3437 4802 Tertulliano
3469 4739 3888 4802 oifendiculum

2235 4826 2524 4908 praebuit;
2572 4842 2708 4885 nam
2765 4833 2822 4886 et
2875 4824 3004 4905 ipse
3033 4826 3292 4908 scripsit,
3327 4829 3695 4908 insignioris
3724 4829 3892 4909 apud

2235 4934 2335 4980 eos
2365 4915 2670 4995 magistri.
2699 4911 2930 4994 Quippe
2960 4922 3173 4976 neuter
3219 4914 3556 4996 advertens,
3593 4916 3887 4980 Irenaeum

2234 5024 2376 5069 voce
2435 5005 2697 5084 ἐπιφανὴς
2755 5003 3024 5065 alludere
3075 5003 3149 5065 ad
3191 5004 3452 5068 haeretici
3510 5025 3754 5088 nomen,
3818 5023 3890 5069 ex

2236 5093 2475 5176 proprio
2528 5092 2946 5174 appellativum
3007 5092 3320 5169 fecerunt;
3375 5097 3620 5158 deﬁnita
3674 5092 3890 5160 Irenzei

2235 5183 2499 5245 verbain
2515 5201 2723 5262 vagum
2749 5191 2807 5242 et
2847 5182 3225 5245 indeﬁnitum
3260 5199 3625 5262 sermonem,
3667 5204 3737 5252 ex
3769 5181 3899 5270 quo

2235 5271 2456 5334 nullius
2485 5270 2744 5334 auctoris
2801 5289 3020 5334 nomen
3068 5272 3267 5354 colligi
3318 5283 3518 5356 queat,
3571 5293 3889 5359 perperam

2236 5369 2671 5424 convertentes.
2728 5360 2883 5434 Quin
2943 5369 3138 5426 tamen
3182 5363 3258 5426 de
3285 5363 3596 5447 Epiphane
3621 5365 3721 5429 hic
3753 5376 3892 5447 agat

2234 5450 2521 5532 Irenaaus,
2553 5449 2828 5514 dubitare
2885 5471 3005 5515 non
3050 5453 3194 5517 sinit
3220 5453 3608 5536 Epiphanius,
3643 5457 3746 5538 qui
3772 5456 3889 5520 Se-

579 5604 988 5682 9‘Iren,,lib.
1018 5625 1060 5688 ι,
1097 5627 1226 5690 cap.
1253 5610 1356 5685 ei,
1381 5628 1445 5673 ιι.
1477 5579 1538 5675 s.
1584 5608 1649 5660 86
1677 5608 1764 5672 Id.
1798 5627 1932 5690 cap.
1955 5611 2054 5689 27,
2089 5629 2148 5673 n.
2182 5611 2242 5675 4.
2288 5611 2353 5662 se
2383 5612 2534 5677 Adv.
2560 5611 2821 5690 Valent.,
2847 5633 2902 5677 c.
2937 5617 2996 5681 4.
3023 5615 3086 5665 87
3107 5617 3404 5700 Epiphan.
3433 5617 3800 5700 Hair.xnl,§
3826 5620 3886 5684 1.
