4048 6444
77 0 1829 137 -κ--ςε

360 452 439 509 tu}

978 449 1475 513 DISSERTATIO
1517 450 1567 529 ι,
1612 446 1792 512 ART.
1838 451 1917 525 II,

2041 442 2057 512 Β
2102 446 2530 513 VALENTINI
2572 446 3009 511 DISCIPULIS.

3581 444 3695 506 106

344 578 497 639 (Indo
527 580 878 657 proximum
931 590 1205 643 recenset
1253 580 1646 662 Epipha‘nem,
1698 582 1757 643 in
1789 599 1963 662 quem
1988 591 2024 636 A
2049 578 2233 641 busve
2263 578 2558 641 sordidari
2583 577 2934 641 criminibus
2968 578 3289 642 debuerint
3339 596 3514 643 suum
3538 578 3691 642 isto-

342 679 589 746 prrterea
608 670 897 748 apprime
917 671 1205 751 quadrant
1230 690 1359 750 quae
1385 670 1552 732 claro
1575 671 1657 732 illi
1681 690 1783 732 seu
1807 674 1961 734 insi-

334 759 829 835 ,g-siorimagistro
850 758 1393 821 tribuuntlrenaaus
1405 759 1955 839 Latinus,et'l‘ertul-

328 848 509 906 ﬁscus.
542 850 865 925 Σὺγχρο-οος
930 846 1205 909 Secundo
1258 848 1365 908 fuit
1394 847 1756 928 Epiphanes,
1790 850 1962 930 eique

323 936 543 1013 proinde
574 937 912 1009 successit,
975 956 1093 997 non
1155 947 1268 996 tam
1304 945 1598 1017 tempore,
1642 957 1814 1018 quam
1847 939 1957 999 do-

321 1026 484 1083 ctrina
513 1024 599 1083 88.
642 1026 1058 1104 Carpocratis,
1092 1026 1327 1088 infamis
1358 1026 1515 1087 illius
1554 1028 1959 1088 haeresiarchae

316 1114 379 1173 de
410 1132 518 1192 quo
573 1126 797 1191 postea
853 1114 1245 1191 disseremus,
1307 1116 1461 1177 tilius
1490 1125 1637 1189 erat,
1671 1125 1729 1177 et
1759 1118 1962 1178 matris

314 1201 395 1260 cui
426 1220 642 1261 nomen
679 1201 1076 1276 Alexandria;
1131 1221 1197 1263 ex
1230 1210 1399 1283 patre
1430 1204 1667 1283 quidem
1699 1205 1957 1267 Alexan-

312 1289 521 1359 drinus,
582 1307 655 1349 ex
723 1298 924 1350 matre
958 1308 1095 1351 vero
1128 1291 1541 1370 Ceplialenius.
1591 1292 1961 1354 Liberalibus

310 1377 637 1456 disciplinis
670 1398 706 1440 a
734 1389 910 1458 patre
938 1398 1055 1440 non
1088 1381 1347 1457 segniter
1375 1381 1859 1461 excultus,tantos
1890 1400 1959 1443 eo

308 1466 447 1525 duce
470 1468 527 1525 in
556 1466 880 1529 Platonica
905 1467 1277 1544 philosophia
1323 1487 1671 1548 progressus
1700 1469 1861 1546 fecit,
1896 1481 1961 1530 ut

310 1554 647 1633 exquisitum
680 1554 954 1616 hominis
985 1554 1381 1617 eruditionem
1426 1557 1794 1638 suspicerent
1823 1576 1959 1622 om-

312 1662 423 1703 nes.
456 1642 731 1722 Egregia“:
765 1644 1011 1723 quidem
1060 1644 1250 1725 dotes,
1294 1645 1396 1707 sed
1440 1664 1584 1725 quas
1613 1664 1744 1707 cum
1780 1648 1837 1707 in
1868 1646 1959 1707 sui

307 1732 504 1813 ipsius,
534 1742 665 1793 tum
699 1733 765 1793 in
784 1734 1039 1795 aliorum
1063 1734 1384 1813 perniciem
1409 1735 1625 1796 misere
1646 1735 1955 1797 convertit:

308 1822 375 1879 iis
398 1822 630 1902 quippe
656 1821 917 1894 abusus,
950 1822 1176 1883 nefaria
1198 1824 1379 1903 patris
1408 1824 1681 1902 dogmata
1704 1824 1953 1904 amplia—

308 1909 375 2003 vit
404 1908 713 2003 [XLVIII],
773 1909 1673 2003 audaciusque_disseminavitg;
1731 1920 1851 2003 tum
1883 1913 1995 2003 adl

308 1998 639 2058 Secundum
700 2017 771 2058 se
824 2008 1003 2077 atque
1035 2000 1160 2075 ejus
1193 1999 1450 2061 fautores
1505 2001 1841 2080 applicavit,
1888 2020 1955 2062 ac

306 2088 451 2147 illius
507 2088 568 2148 in
634 2106 704 2148 se
760 2088 948 2160 virus,
1007 2087 1118 2148 hoc
1170 2098 1280 2161 est,
1340 2088 1621 2150 imbutam
1674 2099 1957 2151 venenata

306 2177 544 2254 quadam
567 2186 747 2257 peste
767 2174 1191 2256 loquacitatem
1212 2178 1522 2256 expressit.
1547 2176 1765 2239 Omitto
1797 2179 1953 2258 quod

306 2263 1158 2345 Epiphaniusait89,lsillorum
1173 2265 1951 2347 quemdaintphilosopbum,

303 2372 367 2413 an
422 2354 784 2415 haereticum
850 2354 1360 2432 Valentinianum,
1420 2354 1669 2428 dubitat,
1703 2355 1956 2416 affirmat

305 2462 428 2502 vero
457 2444 755 2505 Clemens
789 2442 1083 2505 Alexand.
1128 2443 1215 2517 90,
1246 2441 1520 2503 Basilidis
1552 2442 1734 2503 filium
1768 2444 1951 2504 exsti-

308 2533 449 2608 tisse,
492 2533 749 2611 scriptis
806 2531 1242 2607 l’araenesibns,
1310 2531 1603 2611 Epiphani
1651 2542 1950 2593 auctorem

304 2622 509 2681 erroris
541 2622 767 2693 fuisse,
832 2639 902 2682 ac
951 2619 1291 2682 Secundum
1341 2629 1399 2680 et
1445 2619 1813 2699 Epiphanem
1848 2620 1954 2684 has

306 2707 649 2771 Paraneses
671 2711 749 2770 ad
791 2728 963 2769 usum
984 2716 1157 2769 sectae
1189 2727 1310 2769 suae
1356 2706 1747 2771 transtulisse.
1784 2708 1950 2781 Quod

305 2800 448 2857 enim
510 2818 580 2859 ex
641 2798 720 2858 iis
772 2797 1206 2871 Partenesibus,
1273 2796 1688 2875 Fragmentum
1743 2799 1955 2862 recitat

303 2888 573 2948 Clemens
598 2887 904 2948 Alexand.
942 2886 1040 2946 lih.
1081 2903 1143 2948 ιιι
1172 2889 1567 2966 Strom.,pag.
1592 2887 1733 2968 427,
1768 2906 1950 2969 repu-

300 2994 465 3050 gnare
519 2976 768 3036 videtur
800 2994 935 3037 cum
990 2976 1083 3049 iis,
1148 2995 1280 3056 quin
1327 2977 1400 3036 de
1451 2977 1726 3055 conjugio
1780 2978 1954 3039 (locet

2048 687 2179 729 rum
2216 679 2273 730 et
2305 687 2516 729 canum
2552 686 2824 749 synaxes,
2853 667 3419 749 quilibetintelligit.

2126 759 2196 820 81
2252 757 2399 830 Quae
2425 757 2599 819 fuerit
2620 756 2943 837 Epiphanis
2967 757 3041 818 de
3062 757 3352 820 )Eonibus
3374 757 3688 833 sententia,

2046 848 2322 926 superius
2355 845 2765 925 exposuimus.
2798 844 2865 906 In
2889 863 2959 907 eo
2990 845 3272 909 duntaxat
3295 846 3689 922 aValentino,

2043 944 2101 995 et
2127 934 2488 996 l’tolemaitis
2510 933 2847 1013 diﬁ‘erebat,
2881 934 3037 1013 quod
3061 935 3317 1016 primum
3371 943 3691 1017 quaterna-

2042 1023 2194 1083 rium
2228 1024 2360 1084 aliis
2383 1022 2724 1085 nominibus
2752 1024 3132 1103 exprimeret.
3168 1026 3398 1106 Nempe
3418 1024 3574 1105 quod
3605 1024 3694 1088 illi

2043 1110 2291 1191 Bythum
2330 1120 2388 1175 et
2422 1111 2620 1192 Sigen,
2673 1110 2805 1173 Nun
2839 1120 2899 1173 et
2923 1112 3238 1176 Aletbeian
3267 1114 3572 1184 dicebant.
3593 1115 3693 1177 hic

2045 1201 2340 1263 Monoteta
2393 1209 2450 1263 et
2507 1200 2817 1275 Henoteta,
2852 1201 3106 1263 Monada
3151 1211 3210 1263 et
3240 1206 3387 1264 Hen.
3422 1202 3691 1266 Totidem

2043 1307 2219 1350 voces
2251 1289 2596 1363 Platonicis,
2650 1308 2783 1350 cum
2835 1289 2910 1352 de
2966 1288 3281 1353 Divinitate
3311 1310 3508 1354 sermo
3541 1300 3690 1367 erat,

2042 1377 2390 1452 familiares,
2424 1384 2487 1439 ut
2515 1376 2797 1438 vidimus.
2856 1375 2926 1438 Et
2957 1388 3273 1460 eapropter
3299 1398 3333 1441 ιι
3387 1380 3697 1443 Clemente

2043 1465 2331 1529 Alexand.
2390 1465 2687 1533 Μοναδικῆς
2748 1468 2995 1545 γνώσεως
3053 1476 3261 1529 auctor
3333 1467 3527 1531 dictus
3581 1477 3691 1545 est,

2042 1554 2271 1616 scilicet
2302 1574 2335 1616 a
2364 1555 2608 1617 Monade
2639 1554 2741 1616 illa
2796 1554 2885 1616 vel
2918 1556 3246 1636 Monotete,
3280 1575 3458 1637 quam
3489 1576 3525 1618 a
3554 1556 3689 1618 Pla-

2043 1644 2377 1705 tonicorum
2437 1644 2642 1706 schola
2696 1644 2757 1705 in
2807 1661 2972 1705 suam
3005 1645 3330 1708 invexerat.
3367 1644 3590 1708 Caetera
3618 1645 3692 1707 de

2043 1731 2594 1795 Valentinianorum
2629 1732 2939 1811 hypothesi
2990 1732 3359 1796 disserentes
3407 1736 3686 1815 exposui-

2044 1841 2193 1882 mus.

2385 1909 2481 1972 IIl.
2516 1911 2601 1972 De
2629 1909 2974 1990 Epiphanis
3002 1912 3343 1989 discipulis.

2117 2002 2224 2066 82.
2273 2001 2458 2064 Sicuti
2506 2019 2648 2063 vero
2676 2001 3012 2082 Epiphanes
3044 2012 3243 2065 vetera
3271 2004 3686 2083 magistrorum

2037 2090 2345 2169 aenigmata
2363 2090 2528 2152 novis
2545 2089 2868 2153 obscurare
2898 2091 3105 2173 voluit,
3136 2091 3223 2154 sic
3254 2091 3531 2173 discipuli
3559 2093 3689 2173 ejus

2039 2180 2299 2258 majores
2328 2180 2522 2241 adhuc
2581 2179 2967 2260 pmceptoris
2997 2179 3174 2242 dictis
3205 2179 3482 2243 tenebras
3503 2182 3691 2243 offun-

2036 2269 2178 2327 dere
2226 2269 2574 2346 gestierunt.
2619 2266 2665 2328 Ii
2716 2274 2877 2344 sunt,
2937 2277 3180 2331 auctore
3232 2268 3567 2349 Epiphanio
3596 2268 3684 2350 9!,

2039 2373 2286 2434 quorum
2315 2374 2500 2432 nugas
2533 2355 2710 2418 tacito
2744 2374 3065 2435 gerronum
3086 2357 3330 2419 nomine
3360 2357 3542 2419 refert
3568 2357 3687 2420 Ire-

2035 2462 2197 2505 naeus
2226 2463 2357 2525 cap.
2391 2446 2490 2524 11,
2528 2465 2588 2507 n.
2614 2445 2673 2508 5.
2708 2444 2966 2506 Primam
3002 2447 3232 2507 tetrada
3264 2465 3335 2508 ex
3358 2448 3680 2522 Proarche,

2035 2532 2410 2606 Anennoeto,
2457 2533 2739 2613 Arrheto,
2802 2541 2860 2593 et
2890 2534 3109 2596 Aorato
3161 2535 3677 2613 eoagmentabant.

2038 2620 2112 2680 Ex
2144 2620 2447 2682 Proarche
2476 2640 2616 2682 vero
2647 2622 2930 2683 emissum
2985 2640 3117 2683 esse
3146 2623 3339 2703 primo
3377 2632 3436 2684 et
3479 2624 3684 2705 quinto

2036 2708 2165 2770 loco
2195 2710 2455 2783 Archen,
2486 2728 2554 2770 ex
2611 2710 2923 2771 Auenoeto
2968 2710 3231 2773 secundo
3265 2718 3322 2772 et
3360 2720 3523 2774 sexto
3554 2713 3683 2776 loco

2036 2797 2444 2878 Acatalepton,
2496 2815 2570 2859 ex
2617 2797 2872 2861 Arrlieto
2923 2799 3104 2860 tertio
3157 2804 3220 2861 et
3264 2800 3519 2880 septimo
3551 2800 3684 2862 loco

2033 2885 2501 2958 Anonomaston,
2536 2903 2605 2947 ex
2637 2888 2858 2947 Aorato
2886 2896 3082 2947 autem
3115 2893 3326 2966 quarto
3376 2894 3436 2948 et
3479 2896 3683 2950 octavo

2035 2974 2164 3035 loco
2184 2974 2532 3053 Agenneton
2565 2974 3098 3047 eil‘utiebant.Quas
3128 2975 3369 3057 quidem
3400 2977 3684 3053 ambages

304 3065 633 3144 Epiphanes
654 3066 818 3146 apud
846 3065 1122 3127 eumdem
1138 3065 1831 3147 Clementem.Quidquid
1851 3067 1948 3142 sit,
2035 3064 2105 3140 (si
2140 3064 2273 3144 quis
2307 3072 2504 3125 tamen
2538 3062 2877 3142 bujusmodi
2917 3063 3146 3126 deliriis
3195 3083 3409 3127 sensus
3438 3065 3686 3128 subesse

302 3152 628 3234 Epiphanes
688 3174 773 3215 ne
824 3155 1093 3234 pluribus
1136 3155 1315 3215 exitio
1372 3156 1547 3235 foret,
1598 3155 1699 3216 diu
1756 3157 1954 3218 vivere
2035 3152 2243 3233 possit)
2281 3154 2337 3214 in
2369 3152 2525 3213 notis
2582 3152 2653 3214 ad
2709 3152 2868 3213 hunc
2913 3152 3105 3214 locum
3166 3152 3457 3216 extricare
3488 3156 3684 3217 conati

298 3244 624 3321 permissus
656 3264 785 3304 non
820 3250 930 3304 est.
995 3242 1140 3304 Nam
1201 3262 1332 3304 cum
1368 3245 1439 3305 ad
1475 3260 1594 3306 xvu
1624 3244 1811 3304 aetatis
1840 3262 1949 3305 an-
1971 3298 2009 3323 τ,
2034 3258 2261 3303 sumus.
2294 3240 2392 3303 Sic
2424 3241 2677 3321 primam
2708 3240 2975 3319 ogdoada
3026 3241 3466 3320 grandioribus,
3502 3260 3676 3323 quam

296 3350 423 3392 num
448 3333 863 3413 pervenisset,
899 3333 1217 3394 immatura
1241 3341 1429 3394 morte
1455 3341 1784 3414 praeventus
1818 3343 1905 3396 est
1933 3364 1946 3403 ε
1971 3326 2010 3346 ⁸³
2034 3330 2233 3391 cmteri
2257 3330 2543 3409 solerent,
2573 3326 2921 3391 nominibus
2950 3329 3249 3391 infuscare
3306 3331 3524 3412 placuit
3573 3348 3679 3393 ve-

291 3440 396 3500 quo
415 3440 607 3503 anno,
637 3442 765 3484 non
800 3430 1052 3484 constat.
1087 3422 1163 3483 At
1194 3440 1325 3484 cum
1352 3420 1764 3483 Tlieodoretus
1794 3423 1947 3484 scri-
2030 3417 2385 3479 teratoribus
2417 3419 2542 3479 istis
2572 3439 2587 3486 ;
2640 3424 2698 3477 et
2728 3435 2802 3477 ne
2831 3416 3087 3478 aliorum
3119 3419 3538 3482 Gnosticorum
3570 3436 3677 3481 ve-

292 3509 373 3568 hat
417 3513 469 3562 9‘1
532 3530 677 3572 eum
770 3510 1034 3570 Adriano
1087 3510 1418 3590 imperante
1463 3510 1736 3571 haeresim
1777 3528 1942 3572 suam
2028 3507 2197 3585 stigia
2227 3508 2498 3583 relegere
2521 3506 3146 3587 viderentur,Bythum
3175 3508 3372 3588 (quem
3403 3508 3506 3570 alii
3528 3526 3677 3570 con-

290 3602 695 3673 conﬁrmasse,
736 3599 830 3659 vix
883 3600 1020 3659 huic
1050 3599 1306 3679 principi
1337 3598 1699 3679 superfuisse
1729 3600 1938 3680 potuit.
2019 3596 2180 3676 jugis
2208 3603 2540 3674 expertem,
2588 3594 2690 3655 alii
2745 3597 3073 3656 masculum
3104 3604 3164 3657 et
3212 3597 3518 3671 feminam,
3575 3596 3678 3658 alii

288 3688 467 3757 Quare
488 3691 584 3750 vel
614 3689 735 3749 sub
768 3688 903 3765 ejus
936 3688 1144 3769 ﬁnem,
1173 3688 1265 3748 vel
1297 3688 1455 3749 inter
1477 3687 1644 3749 initia
1664 3689 1945 3755 Antonini

286 3778 364 3837 Pii
394 3778 620 3838 abierit
679 3793 942 3837 necesse
995 3785 1106 3837 est.
1148 3774 1276 3837 Non
1333 3783 1529 3837 tamen
1561 3775 1732 3837 istius
1756 3787 1947 3839 morte

284 3884 699 3945 compressum
732 3864 988 3927 omnino
1016 3864 1364 3928 malum.Sic
1396 3866 1552 3926 enim
1581 3866 1781 3926 vivens
1812 3884 1951 3926 con-

284 3964 583 4018 terraneos
646 3972 825 4027 suos,
862 3972 932 4013 ex
977 3965 1186 4028 matre,
1221 3953 1612 4034 Cephalenios
1641 3964 1761 4015 tum
1796 3972 1951 4034 prm-

283 4045 490 4123 stigiis.
558 4055 691 4105 tum
747 4041 1091 4104 eruditione
1148 4042 1556 4119 fascinaverat,
1616 4054 1681 4104 ut
1714 4053 1948 4104 mortuo

284 4136 507 4194 divinos
529 4130 815 4194 honores
841 4130 1185 4205 detulerint,
1222 4133 1528 4212 templum,
1563 4131 1793 4203 altaria,
1825 4130 1947 4193 Mu-

288 4241 457 4283 seum
492 4223 556 4283 in
584 4224 775 4284 Same
818 4219 969 4281 urbe
999 4221 1418 4302 exstruxerint,
1443 4221 1733 4283 sacriﬁcia
1760 4228 1817 4281 et
1865 4221 1944 4281 li-

288 4307 547 4372 bationes
579 4320 875 4389 tanquam
907 4306 1031 4369 Deo
1086 4308 1335 4388 singulis
1364 4309 1682 4372 noviluniis
1704 4309 1941 4372 obtule-

288 4399 420 4471 rint,
451 4397 736 4460 convivia
795 4396 1052 4477 egerint,
1111 4416 1179 4459 ac
1226 4398 1474 4478 hymnos
1503 4397 1558 4459 ei
1590 4397 1940 4460 cecinerint.

292 4484 446 4556 Quod
469 4488 677 4549 adhuc
708 4485 1033 4567 Epiphanii
1070 4486 1434 4567 temporibus
1454 4486 1918 4551 obtinebat.Scri

2028 3702 2223 3763 neque
2255 3682 2613 3757 masculum,
2650 3701 2842 3763 neque
2874 3683 3155 3744 feminam
3189 3702 3320 3745 esse
3368 3682 3674 3764 dicebant)

2030 3780 2088 3834 et
2120 3770 2296 3850 Sigen
2330 3772 2403 3831 de
2439 3771 2689 3851 pristina
2746 3772 2892 3833 sede
2923 3771 3268 3845 deturbare,
3321 3779 3387 3832 ut
3415 3790 3486 3834 eo
3518 3771 3674 3847 loco,

2032 3879 2208 3941 quem
2243 3859 2462 3940 reliqui
2491 3859 2698 3939 Bythio
2729 3869 2787 3919 et
2807 3858 2947 3922 Mixi
2973 3858 3374 3937 assignabant,
3413 3859 3675 3921 colloca-

2032 3958 2188 4011 rent.
2226 3948 2337 4011 Sed
2372 3966 2569 4028 pugna
2613 3946 2673 4008 in
2726 3946 2925 4009 verbis
2983 3956 3132 4024 erat,
3185 3949 3393 4010 eadem
3442 3966 3681 4030 semper

2031 4045 2223 4099 stante
2252 4035 2583 4117 hypothesi.

2251 4128 2349 4190 IV.
2388 4129 2471 4190 De
2492 4127 2820 4191 Ptolemaeo
2844 4130 3085 4208 ejusque
3111 4128 3453 4210 discipulis.

2109 4221 2206 4286 83.
2241 4222 2609 4303 Epiphanem
2644 4223 2859 4301 excipit
2886 4222 3041 4302 apud
3070 4221 3469 4303 Epiphaniam
3492 4222 3680 4285 Ptole-

2030 4331 2231 4386 maeus,
2284 4311 2368 4391 de
2416 4319 2587 4389 cujus
2645 4318 2844 4386 aetate,
2898 4310 3092 4390 patria
3142 4319 3202 4372 et
3231 4309 3497 4372 moribus
3528 4311 3679 4373 nihil

2026 4401 2171 4462 certi
2203 4399 2440 4462 definiri
2470 4406 2683 4480 potest.
2737 4399 2999 4460 Secundi
3030 4408 3089 4461 et
3115 4400 3445 4481 Epiphanis
3492 4399 3679 4463 disci-

2028 4488 2257 4570 pulum,
2323 4497 2383 4551 et
2440 4488 2680 4567 utrique
2745 4505 3032 4563 coaevum,
3110 4490 3407 4567 magistris
3476 4496 3675 4552 tamen

294 4576 402 4657 psit
432 4580 591 4637 inter
650 4575 807 4637 alios
862 4574 1078 4636 librum
1134 4577 1223 4637 De
1267 4579 1546 4655 justitia,
1582 4595 1650 4657 ey
1681 4596 1796 4658 quo
1823 4573 2201 4656 fro-“longe
2255 4576 2588 4640 doctiorem
2639 4575 2822 4636 fuisse
2869 4577 3164 4655 signiﬁcat
3208 4578 3364 4640 idem
3415 4575 3676 4659 Epipha-

296 4676 525 4741 gmenta
551 4663 860 4745 quaedam,
891 4681 1023 4744 quae
1069 4663 1338 4725 insanam
1370 4665 1630 4727 hominis
1659 4666 1943 4747 impieta-

302 4762 407 4812 tem
425 4772 490 4815 ac
512 4753 837 4815 libidinem
863 4770 981 4832 prae
1002 4770 1066 4813 se
1082 4752 1298 4827 ferunt,
1327 4754 1640 4834 descripsit
1668 4754 1946 4816 Clemens

305 4842 759 4903 Alexandrinus.
792 4843 861 4903 In
880 4859 950 4901 eo
960 4841 1247 4920 justitiam
1272 4842 1377 4905 Dei
1404 4843 1548 4905 dicit
1583 4861 1714 4905 esse
1745 4868 1939 4902 κοινω-

308 4933 406 4984 »έιιο
434 4934 549 4986 mi
578 4930 705 5005 μετ’
736 4932 1005 5008 ἰσότητος,
1038 4930 1371 5007 quamdam
1423 4949 1556 4993 cum
1591 4932 1947 5011 aequalitate

306 5023 779 5080 communionem
814 5036 831 5077 :
864 5017 1121 5100 indeque
1149 5019 1331 5081 refert
1361 5038 1458 5082 res
1486 5030 1749 5103 cunctas,
1786 5022 1945 5102 ipsas

312 5107 472 5167 etiam
506 5124 753 5179 uxores,
789 5106 944 5168 inter
968 5107 1235 5169 homines
1268 5126 1403 5171 esse
1426 5108 1645 5172 debere
1671 5129 1944 5171 commu-

315 5196 634 5277 neszquod
698 5195 939 5275 quidem
1000 5198 1221 5258 erroris
1251 5206 1593 5277 portentum
1642 5217 1676 5260 a
1708 5199 1949 5261 Platone

312 5287 548 5364 accepit,
586 5285 687 5366 qui
738 5285 787 5345 si
818 5304 935 5345 non
966 5284 1045 5346 ita
1078 5303 1289 5367 reapse
1315 5286 1592 5369 senserit,
1630 5288 1705 5349 iis
1735 5288 1947 5350 saltem

2028 4667 2163 4727 nius
2188 4664 2267 4738 93;
2296 4665 2373 4725 de
2404 4664 2634 4727 cateris
2657 4664 3010 4726 altissimum
3040 4667 3196 4747 apud
3227 4675 3461 4729 veteres
3483 4670 3670 4730 silen-

2029 4757 2196 4815 tium.
2260 4755 2471 4817 Plures
2519 4754 2761 4835 quidem
2806 4755 3182 4834 conjecturas
3239 4755 3334 4817 his
3392 4756 3468 4819 de
3494 4756 3675 4819 rebus

2028 4842 2312 4924 proponit
2364 4842 2704 4905 Dodwellus
2748 4841 2997 4905 Dissert.
3049 4861 3107 4906 1v
3140 4844 3200 4905 in
3231 4843 3421 4920 Iren.,
3455 4845 3483 4924 §
3510 4846 3589 4908 28
3620 4853 3679 4906 et

2029 4932 2337 5013 seqq.,sed
2358 4950 2489 5012 quae
2506 4932 2600 4993 vix
2614 4931 2768 5013 apud
2792 4931 2940 4994 alios
2963 4951 3142 5012 quam
3178 4933 3456 4995 credulos
3484 4934 3676 4995 lecto-

2028 5038 2127 5084 res
2182 5021 2359 5083 ﬁdem
2407 5022 2735 5083 obtineant.
2798 5021 2946 5083 Illud
3007 5022 3293 5083 duntaxat
3349 5039 3419 5084 ex
3451 5020 3675 5083 Irenazo

2028 5111 2393 5173 concludere
2425 5129 2763 5192 possumus,
2797 5108 3207 5185 Ptolemaeum,
3240 5112 3349 5173 etsi
3380 5110 3531 5171 forte
3555 5111 3679 5172 Va-

2028 5200 2316 5262 lentinum
2368 5200 2604 5281 viderit,
2638 5218 2707 5261 eo
2745 5208 2946 5260 tamen
2975 5200 3273 5278 juniorem
3325 5198 3527 5260 fuisse.
3562 5198 3679 5262 Iste

2031 5289 2324 5371 siquidem
2356 5289 2739 5352 Tlieodadem
2770 5289 3085 5368 quemdam
3137 5287 3533 5368 apostolorum
3578 5289 3674 5349 di-

313 5373 492 5434 verbis
515 5393 661 5435 usus
690 5384 785 5436 est
815 5374 923 5436 lib.
970 5393 1000 5432 v
1030 5377 1114 5435 De
1153 5376 1493 5455 republica,
1525 5396 1656 5457 quae
1679 5397 1815 5438 eum
1868 5378 1951 5439 ita
2035 5378 2331 5459 scipulum
2360 5379 2581 5439 vidisse
2612 5395 2677 5437 se
2706 5377 2991 5455 jactabat,
3021 5384 3083 5436 ut
3112 5376 3407 5438 diximus:
3459 5386 3517 5438 at
3546 5376 3675 5438 Ire-

312 5465 553 5527 sensisse
611 5464 887 5545 pluribus
945 5483 1314 5545 persuasere.
1354 5466 1496 5539 Quae
1547 5468 1764 5527 fuerint
1794 5467 1952 5547 apud
2035 5486 2197 5529 naeus
2223 5467 2328 5529 lib.
2361 5484 2424 5541 ιι,
2484 5485 2618 5548 cap.
2652 5469 2753 5539 32,
2789 5484 2850 5527 ιι.
2884 5466 2943 5541 5,
3000 5465 3261 5526 allirmat
3291 5465 3673 5530 Ptolemaeum

312 5554 579 5616 scelestos
600 5554 882 5615 homines
898 5553 1192 5632 dogmatis
1212 5555 1387 5634 hujus
1417 5555 1952 5635 consectaria,qui-

2035 5556 2333 5637 apostolos
2387 5572 2689 5635 nunquam
2745 5552 2989 5634 vidisse,
3032 5553 3150 5614 imo
3180 5552 3497 5632 vestigium
3530 5574 3674 5637 apo-

374 5722 425 5767 ”
449 5724 688 5807 Epiph.,
724 5723 891 5787 Haer.
928 5739 1087 5803 xm,
1121 5724 1151 5804 §
1180 5726 1241 5787 l.
1299 5721 1501 5807 891i,
1532 5727 1693 5789 Heer.
1743 5740 1933 5799 mu,
1968 5723 1997 5805 §
2054 5724 2113 5787 3.
2145 5725 2200 5769 90
2227 5725 2357 5787 Lib.
2394 5742 2455 5787 ιιι
2512 5723 2761 5795 Strom.,
2798 5741 2857 5802 p.
2891 5722 3031 5787 448.
3063 5719 3112 5767 9t
3147 5722 3274 5785 Lib.
3314 5722 3521 5791 illm.
3552 5726 3673 5794 fab.

310 5834 331 5872 c
382 5821 427 5875 .3.
466 5816 521 5859 ’³
549 5816 706 5880 Hier.
760 5831 960 5888 xxxu,
993 5812 1023 5890 δ
1058 5815 1112 5875 'l.
1146 5812 1200 5858 ³³
1228 5814 1379 5877 Ηωιν.
1425 5816 1652 5895 xxxr,§
1698 5817 1757 5889 l,
1791 5822 1850 5875 et
1878 5814 1951 5876 ha

2055 5830 2256 5889 χχχιιι,
2304 5815 2333 5893 §
2366 5817 2418 5875 l.

830 5953 1096 6012 PATBOL.
1140 5951 1253 6011 Gn.
1296 5952 1430 6014 Vlt.

3151 5955 3188 6013 4
