4048 6380
276 323 367 387 ll!

868 321 1374 386 DISSERTATIO
1416 323 1467 401 Ι,
1511 320 1690 393 ΑΒΤ;
1737 320 1819 397 II,
1864 315 1962 378 DE
2004 317 2435 403 VAL‘E‘NTlNl
2473 319 2911 384 DISSIPULIS.

3478 322 3595 421 ut

277 473 375 516 In
398 473 511 515 an
531 451 928 535 Hieronymo,
962 454 1064 534 qui
1094 454 1235 517 illud
1269 453 1384 535 ipsi
1410 457 1606 525 Marco
1635 448 1861 528 tribuit,
1884 454 1925 505 Α
1947 446 2391 512 conferentibus
2411 460 2468 512 et
2485 460 2737 530 quatuor
2763 422 2882 515 illis
2911 453 3210 535 supremis
3230 423 3596 518 Virtutibus;

272 555 483 615 puerve
509 542 912 613 contendere.
945 552 1108 603 ratus
1140 541 1419 604 videlicet
1444 543 1695 603 alterum
1724 555 1862 601 cum

264 650 289 691 ι
304 645 405 691 tcto
431 630 594 690 facile
626 630 945 692 conciliari
968 648 1144 711 posse
1176 634 1251 692 At
1270 629 1426 711 quod
1443 630 1675 692 Marcus
1693 627 1869 704 Pyre-

258 740 410 780 ηιιω
438 719 737 780 transiens
774 718 1088 799 Hispanias
1118 719 1680 798 occuparit,tantum
1707 716 1874 778 abest

245 810 513 886 scripsisse
530 807 832 870 Irenaeum
855 810 921 871 in
946 809 1037 869 his
1068 806 1238 869 libris
1261 824 1411 887 quos
1432 808 1720 868 adversus
1740 822 1870 867 om-

244 915 328 957 na
345 896 587 957 iterm:
599 901 1035 976 compos-uitam
1051 916 1123 956 ne
1139 894 1378 977 qu'dem
1394 894 1654 974 cogitare
1670 902 1763 973 pot
1777 911 1872 954 ue-

236 985 313 1045 rit
328 983 527 1046 Fuisse
546 985 797 1066 quidem
816 988 1075 1046 .llartum
1095 984 1540 1064 quemdam,qui
1559 981 1873 1046 Gnostico-

234 1092 351 1135 na:
365 1090 598 1135 errores
612 1073 673 1134 in
683 1073 989 1153 Hispaniis
1004 1072 1725 1144 disseminaverit,diserte
1735 1070 1878 1132 scri-

232 1162 684 1242 buntSulpitins
712 1167 969 1223 Severus
997 1160 1101 1223 lib.
1135 1178 1175 1223 ιι
1210 1162 1365 1222 Hist.
1387 1178 1570 1242 sacr.,
1599 1180 1651 1222 c.
1687 1160 1790 1241 60,
1821 1169 1880 1220 et

232 1249 503 1311 [sudores
519 1250 901 1331 Hispalensis
924 1249 1027 1311 lib.
1056 1250 1143 1311 Ile
1161 1247 1713 1330 scriplxcclesﬁed
1739 1265 1877 1310 eum

230 1356 265 1400 e
288 1339 545 1419 Πρωρὴί
570 1340 635 1400 in
656 1339 904 1421 Egypto
933 1337 1440 1410 oriundum,secla
1460 1336 1874 1411 Manichaeum,

230 1448 291 1489 ac
319 1429 555 1490 saeculis
576 1428 819 1490 duobus
843 1430 1038 1489 Marco
1061 1428 1228 1503 Mago
1247 1426 1645 1487 recentiorem
1670 1425 1873 1500 fuisse,

230 1536 294 1579 ex
322 1517 541 1578 iisdem
566 1525 748 1595 patet.
788 1515 1028 1578 Addunt
1073 1515 1257 1578 enim.
1294 1514 1549 1576 Marcum
1580 1511 1874 1594 Memphi-

233 1616 453 1681 tanum,
501 1625 643 1666 cum
694 1606 757 1666 in
807 1603 1120 1685 HiSpanias
1166 1602 1525 1678 advenisset,
1551 1600 1878 1681 discipulos

234 1694 505 1756 habuisse
533 1694 853 1756 mulierem
875 1692 1215 1775 quamdam,
1249 1698 1488 1772 Agapen
1522 1690 1787 1765 nomine,
1821 1697 1879 1753 et

233 1782 525 1863 Epidinm
547 1765 945 1855 Rbetoremh
962 1780 1175 1863 quibus
1188 1765 1482 1843 institutus
1498 1780 1607 1843 fuit
1634 1778 1877 1843 Priscil-

236 1873 441 1947 limus,
501 1873 604 1952 qui
651 1891 686 1933 a
716 1872 972 1935 concilio
1031 1869 1553 1948 Caesaraugustam
1581 1887 1736 1930 anno
1762 1867 1879 1932 380
1904 1879 1935 1889 “

236 1980 360 2020 (Im
392 1960 634 2040 Elpidio
666 1961 951 2039 magistro
979 1959 1287 2022 damnatus
1317 1958 1444 2030 fuit,
1478 1966 1537 2020 et
1557 1976 1711 2019 anno
1761 1957 1881 2019 585

238 2048 486 2111 Treviris
531 2050 715 2128 jussu
771 2048 1004 2109 Maximi
1062 2045 1289 2126 tyranni
1316 2046 1509 2125 Capite
1549 2054 1876 2109 truncatus.

241 2136 335 2197 Vel
365 2156 508 2217 ergo
544 2137 843 2199 memoria
873 2138 1069 2215 lapsus
1100 2135 1512 2214 Hieronymus.
1547 2135 1636 2195 vel
1663 2136 1877 2196 homo-

238 2227 414 2305 ψιὼ
430 2233 734 2309 deceptus
764 2231 1030 2290 Marcum
1058 2223 1522 2304 liemphiaanum
1551 2242 1684 2285 cum
1716 2227 1879 2302 Mago

238 2318 511 2378 rnltltltlil.

286 2406 355 2467 88
405 2405 679 2481 Longum
715 2411 904 2477 esset,
936 2402 1058 2463 imo
1117 2418 1624 2481 supervacaneum
1658 2400 1867 2479 singu-

221 2495 290 2551 bs
310 2492 773 2571 praestigiatoris
824 2493 1006 2569 hujus
1058 2489 1310 2569 ineptias
1343 2507 1682 2550 recensere.
1709 2487 1864 2550 Nihil

217 2583 547 2663 quippe.aut
568 2601 795 2662 parum
816 2600 851 2642 a
882 2580 1114 2642 caeteris
1149 2579 1582 2641 Valentinianis
1608 2577 1866 2639 disside-

216 2672 319 2748 bat,
349 2670 462 2732 nisi
507 2672 678 2751 quod
718 2680 777 2730 ut
811 2673 986 2749 nugis
1027 2669 1279 2750 pretium
1313 2668 1557 2729 adderet
1585 2666 1871 2745 impervia

212 2761 459 2839 quasdam
492 2760 879 2827 obswritas,
913 2777 1047 2839 quae
1071 2758 1170 2818 alii
1204 2757 1437 2837 planius
1458 2763 1517 2818 et
1534 2754 1869 2837 simplicius

212 2849 527 2923 tradebant,
564 2850 671 2910 hic
713 2847 1102 2928 Pythagorica
1136 2844 1416 2906 methodo
1449 2862 1613 2923 usus,
1640 2845 1866 2923 allego-

214 2956 317 2997 nr:
343 2938 828 3008 elementorum,
871 2936 1222 3005 litterarum,
1259 2933 1640 3014 syllabarum,
1664 2941 1723 2994 et
1754 2952 1869 2994 nu-

1950 552 2069 595 non
2092 536 2331 617 quidem
2363 538 2709 602 immediate
2735 549 2794 602 et
2817 559 2925 622 per
2952 540 3311 622 seipsas,sed
3342 541 3452 623 per
3474 563 3587 606 an-

1950 623 2146 701 gelum
2179 623 2544 709 Gabrielem,
2576 628 2678 709 qui
2709 627 2889 692 Verbi
2915 652 2932 702 ;
2977 629 3263 711 Spiritum
3294 639 3590 707 sanctum,

1950 713 2050 801 qui
2085 714 2232 776 Vita:
2254 736 2271 797 ;
2296 716 2584 780 Altissimi
2616 716 2935 793 Virtutem,
2966 737 3097 801 quae
3122 718 3434 796 Hominis;
3468 718 3597 783 Vir-

1952 800 2149 880 ginem
2180 803 2603 888 denique,qum
2621 805 2906 870 Ecclesiae
2937 800 3129 869 locum
3161 806 3597 888 supplereLSic

1955 897 2152 952 autem
2180 911 2214 952 a
2237 894 2423 958 Maria
2451 896 2512 957 in
2544 896 2740 958 lucem
2771 897 2994 958 editum
3025 895 3231 971 fuisse,
3251 904 3313 959 ut
3334 915 3442 978 per
3464 906 3595 959 ute-

1958 995 2088 1039 rum
2121 981 2275 1063 ejus,
2309 1002 2416 1045 ceu
2451 1003 2603 1065 aqua
2632 1003 2740 1065 per
2769 983 2971 1047 tubum
2999 983 3317 1061 transiens,
3351 985 3500 1047 nihil
3528 1004 3600 1048 ex

1959 1085 2027 1128 ea
2057 1072 2508 1149 sumpserit.lm
2531 1094 2627 1137 um
2650 1091 2809 1139 vero.
2835 1093 2967 1136 cum
2988 1076 3062 1134 ad
3086 1092 3297 1154 aquam
3319 1073 3600 1150 venisset,

1959 1156 2252 1220 columbae
2270 1158 2456 1222 instar
2476 1161 2859 1243 descendisse
2875 1180 3198 1243 supernum
3214 1160 3598 1242 Salvatorem,

1957 1243 2057 1323 qui
2085 1263 2220 1306 cum
2252 1248 2512 1311 [Eanum
2545 1235 2811 1311 on’inium
2848 1235 3002 1311 fetus
3033 1258 3215 1321 esset,
3246 1251 3511 1311 omnium
3542 1235 3603 1312 in

1958 1350 2022 1393 se
2047 1332 2323 1420 virtutem
2357 1337 2883 1419 complectebatur:
2919 1340 3196 1416 huncque
3230 1357 3362 1401 esse
3379 1339 3476 1420 qui
3496 1357 3603 1420 per

1959 1437 2024 1480 os
2052 1419 2084 1482 J
2094 1441 2200 1484 esu
2231 1425 2409 1486 verba
2438 1427 2663 1495 fecerit.
2688 1445 2871 1507 Seque
2898 1425 3115 1489 Filium
3161 1419 3423 1489 hominis
3449 1419 3563 1489 ceu
3581 1468 3601 1477 -

1958 1507 2149 1656 ἱεεευε
2179 1512 2542 1595 fuerit,quod
2564 1533 2888 1593 supernum
2910 1514 3226 1577 Hominem
3247 1525 3472 1596 patrem
3494 1517 3599 1579 ha-

2000 1606 2146 1656 eret.

2000 1606 2146 1661 eret.

2039 1685 2141 1751 90.
2175 1688 2334 1751 Mitto
2358 1709 2507 1772 quas
2537 1693 2614 1754 de
2646 1692 2850 1755 mundi
2870 1693 3046 1773 hujus
3065 1691 3439 1774 aspectabilis
3460 1702 3596 1756 ortu

1964 1791 2148 1850 nugas
2175 1778 2753 1842 venditabant.Hunc
2774 1782 2845 1842 ad
2865 1780 3182 1861 imaginem
3197 1798 3593 1861 supernorum

1963 1865 2048 1923 sic
2077 1866 2378 1928 conditum
2402 1870 2694 1944 volebant,
2731 1881 2792 1932 ut
2813 1870 2875 1931 in
2905 1870 3154 1949 singulis
3183 1869 3307 1932 fere
3336 1869 3601 1950 partibus

1966 1952 2232 2015 l’leroma
2275 1957 2544 2021 referret.
2602 1960 2965 2022 Platonicum
3016 1960 3074 2021 id
3115 1960 3331 2039 dogma
3356 1959 3537 2021 fuisse
3565 1975 3602 2021 ι

1967 2044 2348 2130 nugatoribus
2378 2046 2505 2108 istis
2555 2057 2854 2110 recoctum
2901 2049 3176 2130 superius
3204 2049 3596 2112 ostendimus.

1963 2129 2035 2193 Ut
2088 2141 2284 2195 autem
2343 2136 2787 2210 confirmandis,
2847 2139 2895 2199 si
2925 2129 3160 2217 superis
3211 2135 3344 2216 [LII]
3384 2137 3595 2217 placet,

1962 2227 2044 2280 tot
2065 2228 2123 2281 et
2153 2222 2328 2285 tantis
2357 2233 2568 2286 emotae
2599 2225 2815 2288 mentis
2857 2226 3266 2290 deliramentis
3293 2243 3596 2287 sacrarum

1961 2308 2393 2389 Scripturarum
2424 2314 2746 2376 auctoritas
2782 2334 2899 2376 non
2952 2316 3210 2389 deesset.
3241 2314 3598 2394 stupendum

1962 2408 2209 2477 quantas
2232 2400 2618 2464 admoverent
2660 2405 2988 2484 machinas,
3041 2412 3103 2465 ut
3132 2422 3232 2465 eas
3261 2411 3379 2465 tam
3414 2402 3598 2485 impie

1948 2505 2122 2565 quam
2156 2488 2407 2551 ridicule
2432 2491 2863 2572 discerperent,
2898 2501 3348 2565 consuereut,et
3363 2491 3597 2552 obtorto

1949 2574 2101 2634 collo
2119 2577 2177 2636 in
2200 2577 2425 2639 alienos
2449 2579 2796 2661 iueptosque
2809 2599 3018 2644 sensus
3041 2581 3591 2643 traherentl’arutn

1950 2663 2300 2737 fuisset,nisi
2324 2666 2668 2730 innumeras
2688 2669 3115 2751 prapemodum
3135 2667 3593 2747 finxisscntapo-

1951 2752 2205 2832 cryphas
2226 2754 2574 2836 spuriasque
2592 2756 3175 2839 Scripturas’,quibus
3202 2757 3396 2817 fucum
3428 2755 3591 2818 face-

1950 2849 2084 2900 rent
2108 2841 2422 2921 imperitis.
2455 2845 2614 2917 Quos
2644 2847 2833 2908 libros
2873 2844 3345 2927 supposuissent,
3370 2841 3593 2907 Irenaeo

1952 2937 2153 2989 nostro
2174 2931 2470 3009 sigillatim
2490 2934 2826 2997 edisserere
2859 2953 2977 2996 non
3003 2932 3245 3014 placuit.
3272 2931 3334 3009 Id
3370 2939 3594 2995 tantum

211 3044 491 3087 meremur
523 3026 880 3105 farragine,
910 3024 1130 3085 tictitiis
1167 3021 1519 3085 Pleromatis
1572 3021 1930 3103 mysteriisc
1952 3025 2199 3092 constat,
2233 3020 2547 3083 ridiculam
2593 3023 2780 3096 illam,
2830 3042 3004 3104 quam
3038 3023 3113 3084 de
3144 3021 3377 3084 Christo
3409 3040 3594 3102 puero

206 3115 503 3194 uliginem
528 3140 543 3170 ι
573 3116 871 3176 [fundere
901 3112 1224 3191 satagebat.
1261 3110 1488 3186 Nempe
1512 3119 1697 3172 totum
1732 3111 1868 3172 Ple-
1898 3117 1915 3127 '

210 3206 574 3265 r-mainstar
618 3204 900 3265 nominis
957 3201 1289 3279 cujusdam;
1341 3199 1616 3273 tetradas,
1649 3200 1874 3262 decada

205 3308 251 3349 et
298 3292 599 3371 ogdnada,
667 3292 871 3351 instar
920 3290 1166 3351 totidem
1221 3288 1620 3369 syllabarum;
1653 3288 1873 3351 [Eunes

201 3399 323 3440 tero
352 3382 628 3461 singulos
665 3381 869 3440 instar
891 3377 1256 3457 singularum
1283 3378 1714 3456 litterarum,ex
1747 3376 1873 3457 qui-

204 3470 299 3527 bus
321 3472 641 3550 mysticum
667 3467 1035 3532 l’leromatis
1054 3484 1269 3528 nomen
1293 3466 1676 3546 coalesceret,
1712 3465 1874 3527 exhi-

208 3560 386 3620 bebat.
422 3562 699 3621 Litteras
761 3575 908 3617 vero
960 3553 1163 3633 viginti
1224 3562 1480 3635 quatuor
1501 3552 1865 3622 Grazcorum,

210 3649 351 3706 celet
372 3648 692 3725 ὲπυῤῥιιέις,
726 3646 973 3724 eﬂlm-ia
997 3643 1262 3723 quiedam
1288 3661 1418 3703 esse
1449 3642 1868 3719 contendebat,

210 3745 315 3794 tres
368 3756 473 3797 (as
540 3735 852 3806 Virtutes,
907 3732 1124 3811 quibus
1178 3731 1489 3793 universus
1519 3749 1871 3812 superorum

208 3825 640 3885 elementorum
695 3840 991 3882 numerus
1043 3820 1401 3899 continetur,
1433 3819 1870 3882 adumbrantia.

210 3912 293 3971 Su:
331 3932 525 3973 mulas
559 3931 790 3974 novem
819 3910 1073 3989 litteras,
1115 3908 1301 3970 l’atris
1328 3917 1385 3968 et
1416 3906 1695 3969 Veritatis
1726 3908 1873 3969 ima-

212 4002 371 4074 gines
399 4021 538 4064 esse
566 4000 825 4062 dicebat
866 4021 879 4056 :
919 3998 1071 4077 quod
1105 3997 1381 4058 videlicet
1411 3998 1557 4057 muti
1588 3997 1699 4076 ipsi
1730 3996 1870 4071 sint,

218 4090 313 4149 huc
346 4088 930 4171 e.~t,ejusmodi.qui
957 4085 1133 4147 nullis
1145 4086 1338 4148 verbis
1355 4086 1604 4168 exprimi
1625 4087 1871 4166 possint;

214 4180 597 4240 semivocales
630 4187 866 4252 autem,
890 4194 1023 4256 qua:
1053 4184 1183 4236 octo
1204 4185 1361 4256 sunt,
1392 4174 1570 4236 Verbi
1598 4185 1657 4237 et
1686 4174 1871 4250 Vitae;

218 4268 363 4341 quod
402 4268 568 4329 inter
593 4267 837 4326 vocales
865 4273 924 4325 et
953 4275 1346 4325 consonantes
1367 4265 1523 4325 velut
1546 4262 1761 4325 media:
1788 4264 1873 4324 in-

1924 3105 2224 3168 ‘fabellam
2257 3120 2538 3172 enarrant
2590 3131 2723 3193 cap.
2782 3114 2862 3175 20
2890 3128 3207 3177 occurrere
3237 3110 3298 3171 in
3330 3109 3592 3191 pseudo-

1955 3193 2266 3273 Evangelia
2299 3196 2564 3261 infantia;
2592 3201 3007 3283 Christi,quod
3038 3198 3291 3263 Arabice
3314 3217 3448 3260 cum
3480 3197 3589 3261 La-

1958 3284 2076 3343 tina
2108 3287 2599 3367 interpretatione
2647 3290 2834 3353 edidit
2861 3291 3150 3353 Henricus
3191 3284 3410 3361 Sikius,
3440 3295 3499 3349 et
3530 3287 3587 3348 in

1955 3372 2085 3434 ali:s
2114 3373 2464 3455 quibusdam
2490 3377 2757 3457 ejusdem
2788 3380 3036 3443 furfuris
3062 3375 3588 3458 scriptis,quorum

1959 3462 2338 3524 meminimus
2368 3464 2427 3525 in
2464 3468 2617 3527 uotis
2644 3469 2716 3529 ad
2747 3469 2905 3530 hunc
2929 3469 3145 3530 locum.

2033 3640 2130 3702 9-1.
2158 3640 2381 3712 Quibus
2404 3644 2729 3723 sacrilegiis
2776 3644 3176 3707 venerandum
3211 3640 3594 3717 Eucharistia,

1959 3735 2390 3815 mysterium,“
2417 3733 2821 3798 Ordinationis
2844 3747 3277 3799 sacramentum
3300 3735 3593 3801 contami-

1955 3829 2217 3895 nassent,
2247 3840 2318 3888 ac
2338 3823 2601 3885 funditus
2632 3825 3131 3905 evertissent,jam
3163 3826 3438 3888 vidimus.
3480 3824 3590 3885 Mi-

1957 3928 2090 3970 rum
2121 3910 2171 3971 si
2228 3911 2360 3972 aliis
2419 3914 2811 3976 sacramentis
2865 3915 3232 3995 pepercisset
3288 3915 3588 3993 impietas.

1956 3997 2255 4077 Baptismo
2291 4002 2596 4080 profanum
2629 4002 2924 4081 quoddam
2972 4012 3032 4065 ct
3071 4020 3106 4062 a
3135 4001 3350 4064 Satana
3375 4022 3590 4083 sugge-

1955 4096 2106 4147 stum
2127 4087 2480 4152 initiationis
2505 4109 2713 4166 genus,
2748 4091 2820 4152 ad
2839 4091 2994 4153 sacri
3020 4090 3181 4154 illius
3212 4092 3455 4166 lavacri,
3489 4109 3595 4171 per

1954 4178 2108 4254 quod
2138 4175 2209 4236 ad
2233 4178 2416 4239 Deum
2440 4179 3594 4261 regeneramur,eversionem,totiusque

1954 4265 2100 4326 adeo
2133 4264 2268 4325 lidei
2301 4265 2724 4345 abjeclionem,
2758 4268 3595 4348 substituerent.Redemptio-

216 4355 466 4432 terjeetae
500 4357 653 4425 sint,
684 4370 868 4433 atque
902 4352 1753 4431 utasuperioribusdeﬂuant,
1785 4352 2082 4414 itaDnem
2142 4352 2432 4414 vocabant
2482 4355 2587 4427 illi,
2648 4355 2922 4435 hancque
2965 4356 3058 4424 iis,
3114 4356 3214 4436 qui
3266 4358 3589 4438 perfectam

218 4442 463 4504 ιὶτιειείιιι
527 4442 824 4504 inferiora
877 4442 950 4503 ad
1027 4460 1130 4522 eas
1175 4443 1506 4503 referantur
1560 4463 1575 4504 :
1628 4442 1864 4504 vocales

223 4550 416 4607 partu,
449 4551 587 4613 quae
619 4534 771 4612 ipsa:
801 4551 1036 4611 quoque
1060 4540 1282 4610 septem
1310 4541 1468 4601 sunt,
1502 4530 1778 4595 Hominis
1807 4541 1865 4593 et

229 4624 520 4697 Ecclesiae;
544 4621 791 4702 quando
824 4620 1066 4700 quidem
1098 4639 1201 4681 vox
1237 4641 1326 4699 pel
1372 4620 1683 4682 Hominem
1721 4639 1860 4701 pro-

229 4727 437 4786 gressa,
468 4711 681 4770 omnia
706 4709 1042 4769 informavit
1120 4708 1250 4769 Fuit
1281 4709 1480 4789 itaque
1528 4710 1654 4771 hazc
1690 4709 1864 4770 .‘ltarci

230 4797 813 4877 sentcntia,singulos
840 4794 1061 4859 Eones
1092 4797 1150 4856 in
1178 4796 1503 4858 Pleroxnate
1534 4797 1868 4876 peculiares

235 4903 359 4945 suos
387 4885 672 4948 habuisse
721 4886 1100 4948 characteres
1131 4894 1188 4946 et
1249 4903 1450 4957 sonos,
1496 4886 1567 4947 ad
1614 4904 1865 4966 quorum

238 4974 535 5053 imaginem
566 4976 781 5036 litteras
799 4974 1142 5037 Greecorum
1178 4992 1473 5054 expressae
1496 4974 1635 5035 sint.

304 5063 391 5124 89.
427 5062 508 5127 De
532 5066 668 5125 Jesu
698 5064 933 5126 Christo
951 5063 1159 5124 eadem
1214 5080 1388 5137 pene.
1422 5082 1491 5124 ac
1518 5064 1715 5124 caeteri
1746 5062 1865 5124 Vu—

255 5151 863 5225 eatiniani,etl'utiebat
892 5171 909 5211 :
933 5170 1071 5212 eum
1086 5151 1314 5213 scilicet
1331 5171 1365 5212 a
1380 5169 1581 5212 rerum
1600 5151 1864 5212 omnium

243 5240 664 5315 parenle,Verbi
697 5260 891 5322 opera
921 5240 1281 5317 electum,ut
1311 5238 1866 5320 ipsumltomioibus

245 5337 419 5390 uotum
447 5332 688 5397 faceret.
718 5332 795 5393 ad
830 5347 1119 5409 snpernze
1151 5326 1391 5389 Virtutis
1414 5330 1732 5408 imaginem
1754 5327 1870 5389 dis-

242 5428 511 5497 pensatum
564 5421 756 5484 fuisse
790 5437 806 5480 :
844 5415 1247 5499 quamobrem
1297 5418 1372 5478 ab
1414 5418 1488 5480 iis
1520 5417 1867 5489 Virtutibus,

238 5526 334 5591 qua
354 5530 387 5574 a
429 5513 622 5577 Verbo
643 5521 705 5575 et
729 5503 1173 5588 Vita,Homine
1194 5514 1253 5566 et
1270 5507 1534 5570 Ecclesia
1574 5507 1873 5588 proﬂuxe-

226 5614 345 5679 τίοι,
372 5604 745 5690 productum
780 5596 1010 5673 fuisse,
1046 5594 1119 5655 ad
1139 5593 1195 5655 id
1217 5604 1404 5687 tamen
1431 5614 1675 5678 operam
1707 5612 1873 5657 suam

1947 4444 2139 4518 γνῶσιν
2173 4443 2481 4503 consecuti
2522 4443 2777 4525 fuerant,
2813 4445 3208 4507 necessariam
3241 4464 3374 4509 esse
3419 4449 3590 4511 dice-

1948 4528 2110 4601 bant,
2149 4530 2299 4592 utin
2332 4530 2653 4613 Virtutem,
2685 4553 2818 4611 «jure
2859 4552 3045 4611 super
3088 4535 3288 4596 omnia
3340 4536 3589 4610 eminet,

1946 4629 2470 4696 regenerarentur.
2509 4622 2698 4684 Aliter
2752 4623 2910 4684 enim
2963 4624 3090 4685 ﬁeri
3150 4642 3265 4685 non
3301 4645 3495 4706 posse,
3530 4635 3593 4686 ut

1949 4708 2220 4787 cuiquam
2253 4709 2445 4770 aditus
2475 4711 2546 4771 ad
2580 4711 2854 4774 Pleroma
2886 4722 3114 4793 pateret
3147 4735 3160 4772 :
3194 4716 3415 4795 quippe
3455 4707 3590 4775 eum

1951 4813 2019 4856 ea
2046 4806 2226 4876 esset,
2252 4816 2381 4878 quae
2414 4817 2599 4879 usque
2627 4802 2697 4862 ad
2757 4801 3028 4863 intimum
3061 4802 3230 4882 Bythi
3261 4804 3456 4864 sinum
3489 4820 3593 4864 eos

1951 4888 2252 4947 evelleret.
2313 4886 2456 4948 Eam
2510 4908 2685 4969 pul’l'O
2734 4890 3231 4970 redemptionem,
3288 4892 3589 4966 vulgarem

1950 4975 2418 5036 Christianorum
2449 4977 2805 5056 baptismum
2845 4976 3077 5040 infinito
3098 4995 3380 5058 superare
3402 4978 3591 5040 inter-

1952 5064 2100 5124 vallo
2124 5084 2240 5125 nun
2265 5066 2522 5143 pudebat
2540 5066 2947 5130 asserere.Hic
2976 5067 3271 5146 siquidem
3294 5065 3592 5149 animalis,

1951 5153 2056 5213 illa
2075 5153 2382 5234 spiritalis;
2416 5157 2509 5219 h'c
2539 5175 2573 5217 a
2623 5155 2945 5236 conspicuo
2976 5157 3119 5218 Jesu
3146 5153 3470 5229 institutus,
3492 5155 3595 5218 illa

1949 5241 2021 5303 ab
2044 5263 2117 5304 eo
2135 5241 2307 5322 quiin
2333 5264 2466 5305 eum
2485 5244 3165 5317 descendit.Salvatore;
3187 5242 3281 5305 hic
3303 5248 3372 5305 ad
3409 5244 3596 5322 poeni—

1955 5331 2196 5392 tentiam
2225 5338 2636 5407 annuntiulus,
2689 5351 2799 5394 nec
2856 5350 2951 5407 eo,
3013 5349 3189 5412 quem
3252 5332 3596 5395 conferebat

1953 5423 2233 5495 Joannes,
2268 5422 2480 5484 virtute
2503 5422 2781 5502 Superior
2809 5437 2823 5493 ;
2857 5420 2957 5481 illa
2986 5422 3423 5501 consequendze
3452 5440 3597 5500 per-

1955 5507 2231 5571 fectionis
2249 5529 2424 5572 causa
2443 5510 2707 5590 desuper
2727 5509 2922 5570 allata.
2944 5509 3083 5571 Haec
3108 5509 3259 5571 inter
3278 5509 3596 5573 illarcosios

1959 5597 2498 5661 ronveuiebant..\t
2525 5615 2666 5660 vero
2689 5597 2762 5659 de
2786 5595 3232 5677 Redemptionis
3259 5598 3436 5660 modo
3466 5598 3595 5660 dis-
