4048 6448
242 379 344 442 HQ

741 512 900 577 VIII.
938 513 1022 574 De
1052 514 1389 578 Nieolaitt's.

298 603 439 666 132.
480 605 816 666 Nicolaitas
846 624 879 665 a
909 605 1175 681 Nicolao,
1207 627 1325 668 uno
1357 626 1389 669 e
1413 614 1645 686 septem
1677 605 1887 685 priori-

250 702 321 752 κ
351 693 938 774 diaconis,quorum
964 696 1184 756 mentio
1219 696 1281 756 tit
1308 696 1366 757 in
1394 695 1561 759 Actis
1588 694 1884 775 apostolo-

244 801 337 841 τι
364 781 458 853 9’,
513 801 742 843 nomen
778 785 1054 859 traxisse,
1087 785 1421 845 communis
1457 787 1719 844 omnium
1752 801 1887 844 sen-

240 870 393 929 tentia
423 878 547 949 est;
581 871 635 930 si
692 890 849 933 unus
907 873 1236 952 excipiatur
1290 873 1605 936 Cassianus
1648 870 1733 952 93,
1782 871 1882 951 qui

236 958 367 1019 ulla
394 970 684 1020 veterum
719 961 1075 1022 auctoritate
1106 961 1289 1022 fretus
1333 962 1643 1035 existimat,
1680 979 1780 1021 eos
1809 959 1882 1021 ab

232 1047 322 1105 die
344 1047 618 1127 quodam
640 1046 891 1110 Nicolao
908 1058 965 1111 et
987 1069 1205 1111 nomen
1228 1057 1287 1111 et
1307 1051 1595 1130 originem
1612 1048 1880 1129 accepis-

234 1137 391 1195 εεᾼη
410 1135 865 1197 veroNicolaus
894 1138 991 1199 ille
1016 1138 1299 1199 diaconus
1322 1138 1692 1219 propudiosae
1712 1138 1881 1200 Nico-

234 1223 486 1283 hitarurn
518 1234 709 1285 sectae
742 1226 1129 1287 fundamenta
1160 1227 1395 1306 jecerit,
1424 1228 1545 1306 jam
1578 1226 1638 1286 in
1654 1224 1886 1287 diversa

233 1312 575 1372 scinduntur
634 1314 979 1393 opiniones.
1040 1316 1157 1376 Alii
1218 1334 1351 1376 eum
1412 1315 1587 1396 culpa
1640 1316 1877 1388 teneri,

226 1400 307 1458 uti
360 1420 581 1463 vacare
643 1403 936 1463 sentiunt.
973 1404 1043 1465 Et
1104 1404 1344 1484 quidem
1393 1403 1692 1465 Nicolaum
1750 1402 1881 1482 pri-

230 1508 369 1546 mum
400 1490 645 1550 erroris
678 1502 985 1553 auctorem
1016 1500 1073 1552 et
1093 1495 1433 1571 magistrum
1461 1492 1880 1566 exstitisse,di-

230 1586 365 1636 sate
394 1587 687 1639 asserunt
709 1578 973 1641 Irenqu
991 1580 1078 1653 95,
1099 1589 1263 1641 vetus
1286 1591 1491 1641 auctor
1509 1580 1883 1642 Additamen-

230 1666 261 1723 ti
302 1665 461 1743 quod
511 1666 586 1725 ad
632 1666 862 1727 calcem
900 1668 1250 1729 Tertulliani
1285 1668 1419 1729 libri
1448 1668 1530 1729 De
1569 1670 1885 1748 praeseript

226 1756 277 1802 Ν
326 1756 583 1832 legitur,
639 1756 991 1837 Hippolytus
1045 1757 1198 1839 apud
1255 1758 1522 1819 Photium
1577 1758 1661 1832 95,
1711 1757 1878 1819 Hila-

910 385 1411 446 DISSERTATIO
1454 386 1480 446 Ι
1524 385 1700 446 ΛΒΤ.
1749 383 1853 443 IlI.
1899 380 1996 443 DE
2040 378 2477 447 VALENTINI
2522 384 2950 448 MAGISTRIS.

3508 384 3618 451 150

1900 520 1940 569 Α
1965 515 2285 598 zelotypiae,
2318 516 2633 597 palamque
2664 515 2884 577 faceret
2921 534 2986 578 se
3017 517 3096 577 ita
3123 516 3400 581 affectum
3452 537 3605 597 esse,

1966 611 2052 678 ut,
2086 606 2134 665 si
2164 605 2250 667 fas
2308 612 2487 676 esset,
2523 602 2794 664 abdicata
2839 621 3045 684 uxore,
3102 605 3284 666 cuivis
3332 624 3460 667 eam
3494 608 3611 670 du-

1967 693 2141 754 cendi
2164 699 2516 775 potestatem
2542 692 2740 771 largirl
2775 699 3010 771 paratus
3042 699 3224 754 esset.
3272 693 3437 764 Quod
3469 699 3607 777 qui-

1966 780 2101 842 dem
2134 783 2226 844 vel
2259 799 2327 846 ex
2363 800 2432 842 eo
2464 780 3092 860 demonstratur,quod
3123 800 3155 841 a
3175 783 3468 861 conjugali
3494 786 3609 848 [ide

1967 888 2267 951 nunquam
2301 868 2624 942 resiluerit,
2662 877 2724 930 et
2753 886 2826 930 ex
2850 869 2979 947 ejus
3006 868 3211 929 liberis
3239 870 3372 932 ﬁliae
3400 891 3608 936 conse-

1965 960 2203 1020 nuerint
2230 958 2506 1037 virgines,
2540 957 2696 1018 ﬁlius
2726 964 2923 1018 autem
2946 957 3160 1019 caelebs
3195 959 3362 1020 vitam
3403 963 3604 1039 egerit.

1964 1047 2096 1109 Alio
2122 1046 2346 1109 Nicolai
2366 1046 2864 1127 apophthegmate
2903 1044 3296 1108 abutebantur
3324 1048 3606 1132 haeretici,

1965 1138 2214 1214 scilicet,
2244 1140 2444 1202 Carne
2498 1137 2867 1200 abutendum
2894 1155 3019 1199 esse
3053 1159 3066 1200 :
3101 1138 3256 1217 quod
3311 1146 3508 1202 tamen
3548 1143 3608 1204 id

1965 1247 2145 1289 unum
2163 1229 2499 1308 signiﬁcare
2510 1226 2745 1287 animus
2760 1226 2972 1303 fuerat,
2982 1227 3142 1288 carui
3156 1226 3608 1310 haudquaquam

1965 1316 2389 1395 indulgendum
2453 1333 2608 1396 esse,
2669 1315 2772 1393 sed
2824 1333 2953 1375 eam
3002 1315 3492 1395 perdomandam,
3552 1329 3609 1383 et

1964 1405 2200 1466 assidua
2272 1404 2496 1466 virtutis
2545 1403 2965 1465 exercitatione
3029 1404 3434 1481 frangendam.
3494 1406 3611 1470 Sua

1964 1501 2075 1554 stat
2104 1494 2338 1574 utrique
2391 1492 2542 1573 parti
2594 1492 2935 1571 auctoritas,
2984 1492 3300 1572 graviaque
3328 1495 3607 1575 utrinque

1966 1582 2218 1642 militant
2271 1583 2567 1643 rationum
2630 1587 2953 1642 momenta.
3004 1579 3308 1642 Nicolaum
3367 1583 3607 1646 damnat

1966 1671 2221 1733 lrenaeus
2267 1672 2354 1731 vir
2403 1667 2783 1750 apostolicus,
2844 1668 3091 1730 absolvit
3136 1667 3412 1732 Clemens
3470 1673 3605 1735 huic

1963 1776 2215 1839 coaevus;
2249 1768 2496 1838 uterque
2547 1776 2615 1819 ex
2664 1757 2739 1818 iis
2790 1776 2921 1836 quae
2947 1757 3021 1818 ab
3053 1757 3452 1836 apostolorum
3507 1760 3602 1821 di-

227 1844 332 1904 tias
356 1844 448 1912 οδ.
486 1846 761 1925 [LXVII]
814 1847 1130 1925 Gregorius
1189 1848 1359 1926 Nyss.
1388 1847 1475 1923 97;
1505 1845 1870 1922 Philastrius,
1900 1844 2201 1926 Bscipulis
2242 1846 2446 1908 auditu
2501 1846 2808 1925 percipere
2864 1853 3157 1925 potuerat;
3198 1847 3348 1908 adeo
3395 1855 3457 1909 ut
3507 1848 3604 1909 hic

228 1930 614 2013 Eeronymus
643 1936 712 1985 98
758 1944 820 1995 et
879 1934 1193 2014 Gregorius
1249 1937 1492 2014 Magnus
1533 1935 1618 1998 99.
1651 1936 1874 2015 Lapsus

228 2024 449 2083 amasio
507 2023 642 2098 fuit,
676 2025 727 2084 si
758 2022 1155 2105 Epiphanium
1201 2025 1506 2085 audiamus
1536 2026 1584 2100 1,
1616 2023 1875 2085 hominis

228 2111 713 2191 intemperantia,
770 2113 1151 2174 continentia;
1208 2113 1514 2192 propositi,
1548 2113 1702 2194 quod
1734 2130 1871 2172 sus-

226 2210 477 2278 ceperat,
515 2202 770 2263 minime
803 2213 995 2264 tenax.
1030 2200 1174 2262 Cum
1208 2201 1364 2263 enim
1392 2218 1639 2263 uxorem
1682 2200 1871 2261 habe—

232 2300 331 2359 ret,
366 2290 635 2367 eleganti
692 2291 897 2370 specie
946 2290 1281 2368 mulierem,
1317 2309 1348 2350 a
1372 2308 1487 2369 qua
1531 2288 1872 2369 aliquandiu

227 2375 325 2436 sibi
352 2387 786 2457 temperasset;
817 2379 1197 2440 continentiae
1227 2379 1507 2457 longioris
1538 2377 1869 2458 impatiens,

227 2468 285 2524 ai
319 2468 615 2545 pristinos
657 2469 966 2549 amplexus
994 2467 1196 2530 rediit.
1242 2466 1315 2530 Ut
1368 2478 1565 2528 autem
1621 2465 1875 2547 probro-

230 2574 344 2615 sum
380 2556 621 2617 facinus
657 2557 921 2637 quaesitis
952 2556 1249 2618 coloribus
1285 2556 1630 2631 obduceret,
1664 2555 1869 2617 libidi-

228 2663 347 2703 nem
380 2646 758 2725 procacitate
792 2646 1122 2718 cumulans,
1156 2645 1354 2705 docuit
1387 2666 1400 2707 :
1437 2646 1570 2708 Nisi
1596 2647 1732 2724 quis
1751 2647 1874 2706 sin-

226 2733 371 2809 gulis
400 2737 616 2797 diebus
649 2735 923 2797 luxuriae
952 2743 1141 2807 vacet,
1169 2740 1591 2814 sempiternam
1612 2734 1870 2796 salutem

228 2828 497 2901 consequi
538 2843 662 2885 non
718 2843 913 2902 posse.
962 2824 1109 2886 Tum
1153 2825 1435 2904 zelotypia
1479 2825 1774 2903 incensus,
1810 2833 1869 2886 et

230 2912 353 2971 inde
395 2914 455 2972 in
493 2931 648 2973 nova
694 2913 925 2974 scelera
974 2913 1305 2993 prolapsus,
1338 2911 1753 2974 Nicolaitarum
1798 2932 1866 2975 ac

234 3000 648 3062 Cnosticorum
680 3010 860 3063 secta:
890 3000 1125 3063 initium
1153 3000 1335 3075 dedit,
1367 3021 1399 3062 e
1428 3000 1639 3081 quibus
1670 3001 1868 3082 plures

1955 1933 2295 1996 alterutrius
2324 1936 2473 1996 ﬁdes
2505 1934 2721 1995 elevari
2751 1952 2872 1996 non
2903 1933 3135 1997 debeat.
3158 1935 3366 1999 Tutius
3396 1938 3597 2015 igitur,

1956 2041 2033 2084 ne
2062 2032 2285 2085 temere
2308 2023 2685 2097 deﬁniamus,
2719 2041 2846 2083 rem
2894 2023 2953 2083 in
2987 2023 3185 2085 medio
3232 2025 3598 2107 relinquere.

1956 2112 2101 2174 Illud
2136 2130 2271 2173 vero
2305 2114 2705 2173 certissimum
2741 2118 2849 2185 est,
2875 2110 2983 2173 Dei
3014 2113 3198 2192 ipsius
3229 2131 3334 2175 ore
3355 2114 3600 2177 damna-

1958 2206 2047 2262 tos
2092 2200 2275 2262 fuisse
2330 2201 2670 2263 Nicolaitas.
2724 2198 2821 2262 Sic
2867 2199 3025 2261 enim
3076 2200 3137 2261 in
3186 2201 3601 2283 Apocalypsi8

1955 2288 2222 2350 Christus
2264 2289 2603 2369 episcopum
2649 2288 3014 2369 Ephesinum
3062 2289 3429 2371 alloquitur:
3477 2292 3600 2355 Sed

1954 2376 2059 2438 hoc
2079 2377 2281 2455 habes,
2319 2380 2462 2457 quia
2492 2378 2671 2439 odim
2696 2379 2861 2456 faeta
2885 2377 3346 2460 Nicolaitarum,
3368 2397 3510 2461 quas
3541 2388 3601 2443 et

1953 2481 2057 2543 ego
2088 2465 2306 2529 odi.Ac
2328 2466 2574 2546 proinde
2613 2472 2737 2527 tum
2776 2466 3061 2546 temporis
3109 2465 3436 2529 Ecclesiam
3484 2470 3596 2531 de-

1952 2557 2217 2617 vastabat
2246 2575 2313 2617 ea
2334 2565 2515 2619 secta.
2533 2557 2659 2633 Cito
2675 2558 3018 2619 exstinctam
3044 2565 3209 2639 putat
3229 2559 3590 2623 Eusebius».

1951 2645 2347 2719 Probabilius,
2401 2666 2519 2707 non
2547 2648 2734 2726 ipsam
2785 2654 3008 2708 sectam
3060 2647 3428 2725 exstinctam,
3484 2648 3591 2712 sed

1950 2741 2128 2794 secta:
2160 2752 2375 2794 nomen
2406 2734 2687 2795 duntaxat
2716 2734 3033 2794 extinctum
3068 2752 3221 2795 esse.
3254 2735 3400 2797 Cum
3430 2737 3587 2798 enim

1949 2820 2438 2882 scelestissimum
2498 2822 2657 2902 quid,
2711 2822 2979 2901 adeoque
3028 2832 3085 2885 et
3137 2825 3585 2897 exsecrandum,

1950 2908 2256 2970 catholicis
2288 2909 2529 2970 auribus
2549 2918 2788 2972 sonaret
2814 2932 2831 2984 ;
2865 2929 2934 2971 eo
2969 2910 3235 2991 deposito
3266 2929 3452 2974 novus
3483 2931 3587 2975 ex-

1949 2996 2235 3074 cogitatus
2266 2999 2676 3062 Gnosticorum
2711 2998 2937 3075 titulus,
2964 2999 3066 3081 qui
3089 3000 3373 3064 ementita
3400 3002 3591 3065 scien-

232 3090 361 3154 alie.
388 3108 648 3168 quarum
675 3089 936 3151 obscura
964 3089 1057 3151 vel
1082 3107 1323 3170 prorsus
1351 3090 1551 3168 ignota
1596 3090 1862 3170 nomina,
1885 3113 1924 3163 ο
1948 3085 2047 3148 tiae
2076 3085 2250 3147 laude
2278 3087 2475 3149 fucum
2504 3087 2724 3150 faceret
2752 3088 3066 3168 imperitis.

233 3177 377 3237 novis
402 3179 629 3238 additis
661 3197 932 3239 errorum
991 3196 1062 3240 ac
1114 3179 1524 3259 spurcitiarum
1558 3178 1859 3252 monstris,

240 3266 570 3328 scaturiere.
608 3266 718 3339 Qui
757 3286 899 3328 vero
954 3265 1259 3328 Nicolaum
1295 3286 1327 3328 a
1356 3268 1530 3347 culpa
1581 3266 1858 3336 liberant,

235 3373 321 3413 nec
342 3358 455 3433 ipsi
471 3357 645 3437 pauci
681 3366 967 3436 sunt,nec
1001 3356 1185 3416 intimi
1206 3357 1263 3416 in
1289 3355 1553 3416 Ecclesia
1577 3355 1857 3417 nominis.

236 3446 440 3520 Agmen
492 3446 660 3505 ducit
719 3444 997 3506 Clemens
1044 3444 1521 3518 Alexandrinus”,
1556 3462 1732 3524 quem
1764 3462 1862 3505 se-

236 3547 474 3607 quatitur
497 3534 797 3595 Eusebius
816 3536 871 3613 ὅ,
895 3533 1305 3595 Theodoretus
1333 3534 1382 3606 4,
1420 3532 1777 3610 Augustinus
1804 3536 1856 3607 5,

236 3618 553 3684 Victorinus
602 3622 1103 3684 Petavioneusis(i
1134 3630 1192 3683 et
1222 3622 1319 3683 alii
1350 3643 1363 3681 :
1399 3622 1556 3684 inter
1583 3640 1731 3702 quos
1759 3640 1859 3682 re-

235 3713 445 3772 cent-eri
471 3724 669 3792 posset
701 3711 965 3791 Ignatius
1012 3713 1069 3772 in
1115 3710 1378 3791 epistolis
1425 3712 1497 3771 ad
1530 3710 1858 3772 Trallianos

237 3810 277 3855 et
306 3798 889 3880 Philadelphienses,
924 3799 973 3859 si
1001 3819 1069 3861 ea
1099 3818 1229 3881 quae
1260 3802 1317 3860 in
1346 3798 1572 3861 Nicolai
1614 3798 1857 3877 gratiam

237 3889 588 3950 adducuntur
620 3889 979 3966 testimonia,
1012 3906 1081 3950 ex
1113 3889 1410 3967 genuinis,
1470 3907 1586 3948 non
1619 3904 1756 3949 vero
1790 3905 1859 3948 ex

237 3975 593 4057 interm-latis
653 3977 923 4057 epistolis
970 3978 1486 4057 depromerentur.
1530 3976 1619 4038 Illi
1652 3995 1859 4037 omnes

242 4076 485 4145 censent,
518 4068 838 4128 hasreticos
886 4066 1283 4141 Simonianos,
1344 4075 1403 4129 ut
1450 4065 1857 4127 auctoritatem

240 4156 328 4213 sibi
358 4154 682 4234 ex‘magno
713 4154 954 4217 nomine
1008 4155 1412 4228 conciliarent,
1464 4154 1708 4217 Nicolao
1750 4172 1853 4214 ca-

2029 3263 2163 3326 l33.
2196 3264 2911 3343 DogmataNicolaitarum
2932 3266 3258 3331 theoretica
3268 3287 3585 3333 recensere

1942 3368 2445 3431 supervacaneum
2464 3354 2632 3415 duxit
2649 3354 3144 3418 Irenaeus:eadem
3165 3359 3583 3439 quippefuisse

1945 3459 2075 3520 qua;
2091 3449 2439 3503 caeterorum
2480 3441 2893 3505 Gnosticorum
2924 3446 3237 3526 perspicue
3266 3447 3581 3511 innuitlib.

1944 3531 2201 3609 ul,cap.t
2221 3532 2343 3606 l,ut
2346 3532 2467 3611 jam
2483 3532 2555 3593 de
2570 3531 2851 3595 Cerintho
2863 3543 3102 3612 agentes
3114 3535 3579 3601 observavimus.

1940 3617 2023 3678 Ea
2044 3618 2253 3680 fusiori
2276 3620 2426 3699 stylo
2450 3631 2802 3701 prosecutus
2833 3631 2920 3684 est
2948 3621 3581 3706 Epiphanius‘°,com-

1943 3707 2161 3784 pendio
2188 3726 2327 3769 vero
2382 3710 2713 3773 retulerunt
2753 3714 3116 3791 Augustinus
3143 3713 3193 3757 11
3222 3722 3281 3775 et
3318 3713 3583 3777 Pseudo-

1942 3793 2338 3885 Tertullianus
2367 3797 2439 3859 19.
2469 3797 2583 3861 Sed
2615 3819 2746 3881 qua;
2794 3801 2839 3861 ii
2895 3800 3198 3863 Nicolaitis
3253 3802 3581 3885 ascribunt,

1940 3883 2069 3963 ipsa
2089 3894 2226 3946 sunt
2255 3906 2385 3967 quae
2415 3889 2585 3967 paulo
2619 3896 2752 3967 post
2781 3889 3259 3953 tribuitlrenaeus
3289 3883 3584 3956 Gnosticis

1940 3972 2001 4033 in
2031 3992 2275 4052 genere.
2329 3976 2474 4038 Cum
2519 3984 2715 4039 autem
2776 3998 2846 4039 eo
2904 3979 3145 4041 nomine
3204 3999 3325 4061 pra:
3354 3982 3582 4043 caateris

1940 4061 3577 4148 gloriarenturNicolaitae,illudqueforteprimiomnium

1940 4150 2051 4212 sibi
2076 4151 2621 4229 vindicassent,non
2650 4155 2917 4216 dubitem
2949 4156 3094 4236 quin
3119 4157 3177 4216 in
3210 4175 3311 4219 eos
3341 4157 3578 4236 potissi-

237 4244 559 4323 lcmniatos,
626 4264 699 4304 eo
749 4254 988 4305 auctore
1036 4244 1310 4322 gloriatos
1366 4245 1565 4325 fuisse,
1624 4251 2101 4322 arreptapmum
2135 4242 2490 4303 conveniant
2520 4262 2651 4323 quae
2679 4243 2740 4304 iu
2774 4245 3087 4305 Guosticos
3114 4245 3240 4306 illic
3268 4246 3451 4306 refert
3470 4264 3578 4306 au-

238 4352 531 4411 perperam
566 4333 882 4394 occasione
931 4351 999 4393 ex
1045 4334 1194 4395 facto
1225 4333 1377 4413 quod
1411 4332 1684 4396 Clemens
1714 4334 1855 4392 Ale-

242 4425 399 4483 xaml.
430 4422 459 4469 τ
488 4423 665 4501 longe
718 4422 893 4482 aliter
922 4433 1096 4502 atque
1124 4422 1487 4504 Epiphanius
1513 4429 1734 4483 narrat.
1765 4419 1860 4481 Ait

246 4512 763 4591 mope,audiisse,
792 4509 1122 4583 Nicolaum,
1158 4520 1219 4572 ut
1258 4511 1329 4572 ab
1360 4510 1589 4587 objecta
1640 4509 1751 4571 sibi
1783 4508 1856 4569 ab

248 4601 499 4677 apostolis
527 4601 817 4682 zelotypia
848 4610 1124 4680 purgaret
1156 4620 1307 4673 sesc,
1342 4618 1544 4675 uxore,
1585 4619 1714 4680 quae
1743 4598 1857 4659 for-

254 4706 391 4748 nos;
437 4698 583 4764 erat,
640 4692 701 4752 in
760 4690 1021 4750 medium
1076 4688 1348 4763 adducta,
1399 4689 1734 4768 permisisse
1764 4691 1855 4749 cui

258 4778 404 4838 tellet
432 4780 483 4840 ei
516 4779 758 4841 nubere.
804 4779 949 4842 Inde
972 4796 1133 4858 vero,
1167 4779 1331 4857 quasi
1353 4796 1594 4839 uxorem
1626 4777 1863 4857 publice

262 4868 631 4944 prostituisset,
688 4870 941 4950 ejusque
968 4868 1371 4948 promiscuum
1420 4886 1590 4928 usum
1623 4865 1863 4946 quibus-

262 4972 458 5035 cunque
487 4958 870 5036 permisisset,
909 4955 1287 5017 occasionem
1322 4967 1586 5036 captasse
1619 4956 1849 5017 haereti-

266 5062 345 5103 cos
364 5044 568 5106 laxandi
589 5048 752 5110 frena
771 5045 1039 5108 libidini.
1066 5044 1291 5106 Nicolai
1322 5062 1462 5105 vero
1494 5044 1651 5105 hunc
1676 5062 1859 5105 unum

268 5132 409 5193 iniisse
454 5154 707 5219 scopum,
737 5146 802 5199 ut
859 5154 899 5197 a
947 5152 1017 5195 se
1065 5132 1410 5194 amoliretur
1464 5132 1859 5212 suspicionem

325 5300 496 5390 “Cap.
532 5325 611 5383 Vl,
650 5306 709 5370 3.
748 5307 788 5369 5
878 5302 940 5346 99
970 5300 1126 5390 Coll.
1196 5302 1286 5375 18,
1340 5320 1397 5390 ς.
1436 5302 1545 5390 716.
1578 5300 1633 5345 93
1662 5298 1787 5360 Lib.
1840 5317 1884 5382 ι,

1942 4336 2068 4388 ctor
2099 4337 2318 4390 noster.
2355 4328 2472 4391 Sed
2504 4332 2579 4392 de
2632 4331 2723 4391 his
2780 4351 2886 4392 suo
2936 4332 3089 4393 loco.
3150 4334 3415 4396 Practica
3445 4353 3581 4397 vero

1941 4416 2211 4495 dogmata
2242 4419 2620 4498 paucissimis
2640 4419 2967 4496 verbis,sed
2997 4421 3419 4484 efficacissimis
3442 4442 3579 4504 per-

1942 4506 2176 4567 strinxit
2205 4508 2361 4568 idem
2392 4506 2655 4569 Irenaaus
2681 4529 2695 4568 :
2733 4507 3066 4571 Indiscrete
3096 4512 3332 4584 vivunt,
3364 4511 3576 4593 inquit,

1941 4593 1997 4654 id
2029 4603 2116 4655 est
2138 4597 2473 4675 promiscua
2503 4597 2589 4657 eis
2621 4605 2757 4657 sunt
2785 4597 2982 4658 omnia
3019 4616 3031 4661 :
3066 4600 3223 4679 quod
3252 4600 3325 4661 ad
3354 4599 3578 4681 Carpo-

1942 4684 2119 4745 cratis
2147 4684 2500 4765 principium
2533 4685 2688 4746 redit
2723 4707 2736 4748 :
2764 4686 2910 4747 nihil
2943 4697 3145 4768 suapte
3206 4698 3413 4753 natura
3467 4690 3577 4752 bo-

1943 4792 2084 4835 num
2115 4792 2246 4835 esse
2277 4783 2374 4835 aut
2394 4775 2747 4850 malum,sed
2773 4774 3172 4839 indifferentia
3194 4779 3581 4851 omnia.Nihi1

1944 4863 2160 4923 mirum
2211 4862 2409 4943 itaque
2466 4865 2513 4924 si
2566 4864 2904 4946 idolothytis
2953 4866 3135 4947 vesci,
3188 4876 3245 4928 et
3296 4868 3581 4929 fornicari

1947 4951 2184 5032 (quibus
2216 4953 2659 5015 characteribus
2688 4955 2954 5034 designat
2983 4974 3108 5016 eam
3146 4966 3368 5019 sectam
3403 4957 3579 5019 Chri-

1946 5048 2070 5101 stus
2100 5040 2173 5114 ‘3,
2208 5041 2368 5103 nulla
2403 5042 2491 5103 eis
2547 5043 2751 5123 religio
2803 5054 2988 5108 esset.
3039 5043 3169 5107 Uno
3228 5045 3406 5106 verbo
3465 5052 3580 5105 tam

1946 5130 2188 5193 effrenis
2242 5130 2351 5192 fuit
2396 5132 2455 5193 in
2499 5133 2661 5194 omni
2709 5134 3181 5215 intemperantia
3206 5152 3426 5213 genere
3474 5152 3582 5194 eo-

1946 5320 1998 5362 c.
2032 5300 2131 5375 96,
2198 5319 2256 5361 n.
2295 5302 2353 5363 3.
2414 5299 2469 5343 9‘
2496 5303 2564 5363 C'
2595 5304 2695 5362 47.
2727 5300 2782 5344 9⁵
2809 5300 2954 5363 Cod.
2988 5301 3129 5363 232.
3189 5300 3244 5344 96
3273 5304 3341 5362 In
3374 5298 3580 5363 Matth.

264 5398 383 5463 c.25,
433 5387 544 5467 εἰη,
608 5416 693 5471 ῃ,
758 5415 872 5475 ep.
926 5395 989 5453 1.
1056 5389 1312 5451 Eunom.
1343 5388 1490 5451 931a
1553 5390 1729 5475 epist.
1764 5390 1836 5448 ad
1894 5388 2129 5451 Heliod.
2165 5397 2223 5451 et
2279 5388 2586 5453 Sabinian.
2620 5390 2784 5452 Diac.
2816 5387 3072 5451 “Hom.
3132 5389 3211 5452 38
3264 5389 3325 5450 in
3359 5389 3577 5468 Evang.

252 5488 409 5557 Ἠετ.
450 5510 591 5567 xxv,
626 5493 662 5573 ,ξ
700 5491 759 5553 t.
800 5474 834 5530 ἐι
869 5482 957 5573 Ιιἒ
985 5497 1050 5543 ιιι
1110 5478 1351 5573 Strom._.
1392 5500 1447 5573 ρ.
1482 5480 1623 5573 {36.
1686 5474 1713 5519 ³
1744 5480 1817 5573 ιλ
1854 5565 1868 5573 Α

1953 5534 1954 5543 χ
2003 5497 2056 5542 c.
2110 5477 2232 5573 ξφ
2261 5476 2397 5573 _‘__L.
2435 5497 2517 5554 ιιι,
2552 5498 2607 5540 c.
2645 5481 2710 5573 l1
2764 5477 2975 5573 εχῌὲν.
3009 5494 3069 5541 v.
3125 5475 3153 5521 θ
3181 5477 3464 5573 In__A_poc.
3520 5478 3583 5540 in

235 5581 437 5652 Bibliotb.
476 5563 589 5651 PP.
627 5563 686 5625 v7
718 5581 787 5641 L.
832 5590 878 5637 ιι
916 5570 1189 5647 Strom.,
1223 5587 1281 5648 p.
1309 5569 1447 5631 4H.
1482 5569 1628 5648 Cap.
1667 5582 1729 5644 ιι,
1791 5563 1868 5629 8(

1953 5587 1986 5626 l.
2019 5583 2082 5642 ιι,
2115 5566 2174 5630 6.
2208 5567 2235 5609 9
2261 5566 2389 5630 Lib.
2423 5584 2509 5642 Ill,
2545 5585 2597 5629 c.
2640 5566 2737 5627 29.
2795 5564 2847 5608 ¹⁰
2874 5563 3031 5627 Ηωτ.
3065 5582 3200 5630 xxv.
3232 5565 3281 5609 “
3312 5566 3463 5631 Hier.
3519 5584 3578 5629 v.

227 5677 550 5763 "Borrae.
598 5673 705 5737 47.
748 5664 812 5711 η
848 5666 1158 5743 Αροολι,
1200 5657 1290 5719 14.
