4048 6406
182 360 281 423 m
900 366 1409 432 DISSERTATIO
1436 368 1486 443 ι,
1524 367 1707 430 ART.
1742 360 1980 444 111,131:
2010 361 2442 428 VALENTINI
2470 344 2882 429 MAGISTBIS
3475 348 3592 434 1‘70

166 510 265 552 res
288 493 363 552 ad
400 497 716 558 materiae
751 496 963 558 faecem
986 496 1227 558 demisit
1252 497 1919 578 oculos,etVirtutemA
1941 501 2091 569 erat,
2138 513 2460 576 supernum
2488 496 2782 559 videlicet
2838 496 3061 570 lumen,
3115 501 3338 564 salvum
3391 501 3585 567 ﬁeret.

160 582 518 657 quamdam,
564 585 891 665 serpentis
922 584 1143 664 specie,
1180 604 1352 665 quem
1406 590 1534 668 ejus
1558 591 1771 657 Filium
1804 602 1862 655 ει
1941 580 2093 644 Hinc
2116 585 2262 644 irato
2289 584 2629 648 hominibus
2652 584 3187 670 Jaldabaotb,quod
3207 608 3271 655 se
3294 609 3414 653 non
3433 593 3592 655 cole-

150 669 269 730 Sun
291 682 595 747 vocant;
653 673 885 734 dehinc
939 681 995 734 et
1044 672 1340 751 Spiritum,
1396 685 1454 739 et
1482 681 1768 760 animam,
1804 688 1862 743 et
1941 671 2447 753 rent,diluvioque
2476 674 2803 736 humanum
2834 693 3020 755 genus
3044 669 3295 758 perdere
3324 681 3588 757 volente;

154 758 343 851 smnia
378 779 550 851 qua;
590 764 653 823 in
694 762 1117 851 mundosunt,
1151 766 1351 839 genuit
1385 783 1404 827 ς
1437 769 1695 851 indeque
1726 758 1863 833 mia
1944 760 2185 821 luminis
2214 763 2369 840 quod
2400 762 2697 824 infuderat
2743 763 3016 845 sollicita,
3069 768 3194 830 Noe
3238 770 3488 830 servavit
3527 768 3589 832 in

144 848 333 909 mnis
384 849 686 923 oblivio,
756 850 1011 921 malitia,
1070 853 1255 933 zelus,
1318 853 1534 918 invidia
1584 848 1641 920 et
1678 879 1858 923 mors.

1956 867 2103 922 arca,
2137 869 2167 908 δ
2200 869 2318 927 quo
2351 859 2486 912 nata
2515 870 2664 912 nova
2707 853 3010 915 hominum
3059 855 3371 935 progenies
3410 876 3589 920 mun-

144 935 285 996 ‘innc
316 938 623 1027 insulsae
645 939 1028 1019 gloriationis
1053 958 1254 1001 ansam
1280 946 1783 1024 captans,Patrem
1800 968 1863 1011 se
1946 937 2084 1027 ἀψη
2117 939 2452 1027 Αευρριθνίι.
2500 939 2585 1001 EX
2626 940 2700 1001 iis
2743 941 3153 1004 Abraham“!!!
3216 943 3327 1005 Sibi
3373 945 3592 1027 delegit

144 1026 383 1086 vocarit
419 1036 499 1087 et
544 1028 776 1116 Deum,
838 1036 900 1087 et
945 1045 1287 1108 supremum
1338 1051 1538 1095 rerum
1594 1037 1861 1098 omnium
1944 1025 2329 1116 {aldabaoth,
2376 1046 2509 1116 cum
2570 1046 2686 1110 quo
2740 1029 2926 1091 ftedus
2972 1031 3145 1108 iniit;
3208 1052 3315 1113 per
3354 1025 3592 1116 Moysen

148 1114 581 1194 principium.
619 1115 699 1178 Ut
732 1134 876 1177 vero
912 1116 1196 1177 insaniam
1230 1116 1358 1198 ejus
1405 1124 1712 1203 castigaret
1740 1127 1863 1188 Ma-

1956 1111 2240 1175 [sraelitas
2264 1115 2468 1178 eduxit
2495 1135 2563 1178 ex
2597 1119 2869 1198 Egypto,
2902 1111 3222 1200 legemque
3257 1111 3489 1200 sanxit;
3522 1142 3592 1184 ac

144 1218 241 1271 ter,
296 1202 442 1282 ipsi
516 1223 762 1285 sexque
806 1204 1057 1284 reliquis
1089 1204 1405 1277 Vitutibus.
1440 1220 1504 1271 ut
1560 1202 1862 1276 hominem

1956 1214 2072 1262 tum
2107 1203 2257 1277 iose,
2292 1213 2413 1265 tum
2446 1204 2549 1267 ﬁlii
2579 1206 2706 1286 ejus
2756 1224 2788 1268 e
2835 1207 3173 1270 Judaaorum
3218 1221 3396 1287 gente
3454 1230 3593 1274 suos

144 1294 545 1364 csa-ederent,
587 1299 872 1356 mentem
911 1294 1139 1372 injecit;
1174 1303 1235 1355 ut
1264 1296 1349 1357 sic
1380 1296 1571 1360 ablata
1602 1317 1634 1363 a
1665 1303 1865 1364 .lalda-

144 1381 319 1440 hauth
370 1381 444 1441 vi
508 1382 642 1455 illa,
682 1400 870 1461 quam
904 1381 1093 1443 eidem
1141 1382 1534 1463 impertierat,
1569 1388 1629 1449 in
1665 1390 1862 1451 homi-

142 1486 271 1529 sem
310 1472 857 1531 transfunderet.
884 1470 1189 1531 Formatus
1218 1472 1396 1549 igitur
1423 1474 1496 1536 ab
1528 1476 1643 1538 illis
1660 1478 1861 1552 homo,

140 1557 567 1634 Lassitudine
599 1566 660 1617 et
695 1556 1013 1618 latitudine
1072 1559 1417 1641 immensus,
1454 1571 1514 1623 et
1546 1563 1707 1625 humi
1762 1584 1863 1626 re-

141 1644 403 1719 msjd
444 1656 551 1707 est
578 1646 895 1707 informis.
928 1643 1077 1707 Huic
1116 1646 1461 1711 Jaldabaoth
1491 1650 1650 1712 amat
1678 1653 1860 1733 ερίι-ί..
1946 1643 2230 1705 sticorum
2268 1645 2670 1726 hypothesim,
2706 1667 2824 1709 non
2846 1648 2977 1711 sine
3004 1649 3217 1730 insigni
3250 1650 3587 1733 Scriptura-

143 1746 263 1792 tum
296 1735 575 1805 vitae,et
613 1754 763 1797 cum
795 1754 871 1797 eo
902 1734 1329 1822 lumen,seu,ut
1373 1739 1683 1816 vocabant,
1741 1741 1862 1803 hu-
1888 1808 1923 1822 _
1945 1735 2511 1822 rumcorruptione,
2548 1744 2849 1818 utcunque
2878 1743 3325 1802 accommodata
3368 1743 3588 1822 depre-

146 1808 2212 1911 swdationcmluminis,NunvidelicetetEntbymesin,Bhendere
2272 1808 2378 1884 est.
2415 1823 2502 1885 Ibi
2562 1808 2818 1906 superba
2869 1827 3201 1889 animarum
3258 1808 3594 1909 orig0,'ceu

146 1929 331 1988 quam
400 1930 450 1972 ε
504 1912 710 1973 matre
757 1919 1113 1990 acceperat;
1165 1912 1267 1973 sed
1312 1913 1451 1974 dum
1510 1914 1623 1976 sibi
1653 1909 1858 1994 demit,
1945 1909 2340 1999 scintillarum
2370 1910 2442 1972 ab
2475 1913 2611 1991 igne
2648 1913 2843 1976 divino
2874 1916 3279 1998 emicantium,
3313 1918 3434 1979 sive
3460 1937 3593 1999 por—

150 2002 310 2078 guod
354 2003 536 2062 aleri
570 2000 821 2071 tribuit,
867 2010 1091 2060 tantum
1126 2001 1393 2080 proprias
1429 2004 1584 2066 vires
1634 2004 1863 2069 labefa.
1944 1998 2174 2060 tionum
2204 2001 2591 2080 quarumdam
2641 2021 2676 2064 a
2722 2002 2919 2065 divina
2948 2004 3273 2068 substantia
3301 1998 3590 2069 decidua-

154 2098 299 2161 cut;
346 2088 536 2169 quod
605 2088 851 2149 callidae
915 2089 1117 2149 \latris
1164 2089 1450 2153 intentum
1492 2102 1637 2157 erat.
1677 2097 1863 2157 Homo
1944 2103 2102 2165 Tum,
2130 2106 2261 2148 cum
2296 2090 2537 2152 Platone
2568 2090 2828 2171 ﬁngitur.
2868 2094 2966 2155 Eae
2995 2103 3238 2175 propter
3277 2094 3452 2157 inditi
3494 2095 3591 2157 lu-

156 2190 391 2239 autem
432 2179 533 2241 Nu
598 2186 665 2238 et
699 2176 1076 2257 Entbymesi.
1108 2178 1221 2238 hoc
1244 2188 1332 2240 est
1360 2191 1581 2257 meme,
1606 2190 1666 2245 et
1689 2185 1864 2246 εωιθ-
1947 2175 2125 2265 minis
2155 2176 2432 2254 abusum,
2472 2199 2787 2261 corporum
2836 2183 3061 2243 carceri
3112 2183 3382 2265 squalido
3413 2191 3470 2245 et
3500 2191 3592 2246 te-

156 2270 349 2327 stium
376 2267 716 2328 desiderio
740 2266 1159 2346 locupletatus,
1192 2287 1321 2348 quae
1348 2270 1501 2345 sola,
1537 2273 1863 2335 secundum
1946 2263 2261 2326 nebricoso
2292 2266 2702 2350 includuntur,
2728 2268 3051 2331 liberandae
3081 2263 3190 2332 suo
3222 2279 3510 2352 tempore,
3535 2280 3594 2335 et

160 2358 535 2425 Gnosticos,
573 2354 847 2416 salutem
880 2355 1229 2435 percipiunt,
1266 2357 1459 2417 statim
1514 2359 1705 2439 primo
1750 2362 1863 2422 ho-
1949 2352 2199 2432 pristina
2229 2353 2360 2417 luce
2385 2356 2726 2419 recreandae
2758 2378 2771 2420 :
2820 2358 2979 2438 quod
3010 2359 3379 2422 Platonicum
3418 2381 3590 2424 com-

170 2447 359 2515 διξοὶ,
421 2464 533 2505 seu
592 2444 801 2524 primo
860 2442 1038 2523 Patri,
1090 2444 1315 2506 relictis
1371 2446 1860 2527 fabricatoribus,

1956 2449 2211 2503 mentum
2241 2450 2331 2504 est
2358 2445 2436 2505 de
2465 2445 2801 2517 animabus,
2834 2446 2909 2507 ob
2940 2447 3435 2529 amissas,quibus
3464 2469 3593 2512 sur—

169 2534 411 2610 gatis
441 2532 595 2613 egit.
657 2532 736 2593 At
782 2531 1127 2593 Jaldabaoth
1173 2551 1327 2612 aegre
1372 2535 1571 2613 ferens
1614 2555 1684 2599 ea
1734 2556 1867 2618 quae
1946 2546 2076 2588 sum
2112 2530 2473 2612 ferebantur,
2511 2533 3028 2614 contemplationis
3081 2554 3327 2616 pennas,
3362 2536 3424 2599 in
3453 2557 3591 2600 cor-

177 2640 375 2702 supra
406 2641 478 2683 se
509 2628 721 2693 erant,
754 2619 829 2680 ad
882 2620 1134 2699 alicujus
1183 2622 1447 2685 notitiam
1498 2629 1862 2708 pervenisse,
1949 2635 2094 2696 pora
2125 2620 2501 2708 praecipites;
2536 2621 2636 2683 ubi
2664 2622 2944 2684 refricata
2974 2624 3252 2703 paulatim
3296 2644 3588 2705 superno-

180 2712 483 2773 ferninam
516 2709 821 2782 condidit,
857 2718 1118 2770 vocatam
1176 2708 1371 2785 Evam,
1408 2714 1577 2792 cujus
1615 2707 1863 2777 formam
1946 2723 2079 2766 rum
2114 2707 2401 2769 memoria
2452 2708 2760 2790 pristinam
2801 2709 3140 2773 felicitatem
3170 2712 3455 2790 gradatim
3486 2731 3590 2776 re-

190 2802 391 2861 minii
424 2799 647 2862 caeteri
676 2806 1011 2875 genuerunt
1047 2817 1117 2860 ex
1150 2818 1221 2861 ea
1253 2800 1530 2879 Angelos,
1566 2802 1679 2865 sed
1702 2803 1775 2866 ab
1797 2824 1867 2866 ea
1948 2802 2252 2872 cuperant.
2285 2793 2373 2857 Ibi
2398 2798 2576 2860 etiam
2610 2798 2817 2859 mundi
2848 2797 3153 2861 fabricatio
3189 2801 3436 2880 angelis,
3473 2819 3593 2863 non

189 2892 458 2952 celestis
497 2889 701 2952 Mater
760 2890 1031 2948 virtutem
1065 2906 1098 2949 a
1133 2890 1481 2951 Jaldabaotb
1518 2891 1863 2973 inspiratam
1948 2882 2061 2961 ἱρςὶ
2092 2884 2214 2945 Deo
2245 2896 2475 2973 Syfan
2504 2887 2843 2973 escribilur;
2878 2888 3035 2969 quod
3087 2889 3289 2950 itidem
3324 2890 3592 2952 Platoni-

194 2981 347 3039 elam
377 2978 644 3040 abstulit
678 2995 693 3038 :
732 2994 842 3037 nec
890 2976 987 3037 his
1030 2984 1327 3051 contenta,
1362 2986 1588 3040 tantum
1617 2969 1866 3043 vartibus

1956 2986 2078 3029 cum
2116 2979 2225 3030 est.
2260 2969 2384 3031 Illis
2414 2972 2653 3052 quidem
2704 2973 2919 3035 fabulis
2964 2975 3353 3056 multiplicem
3412 2995 3594 3038 orna-

196 3069 415 3140 eﬂ’ecit,
434 3077 500 3128 ut
531 3084 800 3145 serpens
832 3064 886 3124 ei
918 3064 1199 3144 primum,
1236 3072 1358 3126 tum
1403 3086 1509 3146 per
1537 3087 1665 3129 eam
1702 3070 1863 3132 Ada-
1883 3114 1924 3164 ο
1949 3064 2071 3164 sum
2102 3058 2672 3164 Suppedita-treligio
2694 3061 3046 3164 Christiana,
3071 3065 3184 3164 sed
3227 3064 3589 3164 fundamen-

200 3174 291 3216 sao
321 3156 694 3218 rebellionis
726 3161 933 3215 auctor
957 3154 1389 3234 fieret,vetitum
1416 3156 1670 3219 fructum
1703 3178 1866 3220 man-

1956 3154 2071 3205 tum
2126 3147 2349 3225 praebet
2401 3150 2697 3211 Platonica
2755 3149 3143 3233 phi1050pbia,
3177 3160 3246 3215 ut
3289 3152 3591 3232 sigillatim

198 3244 419 3308 ducare
440 3244 745 3324 suadens;
781 3260 886 3322 per
914 3260 1091 3323 quem
1123 3251 1369 3324 uterque
1402 3264 1696 3327 suprema:
1727 3249 1865 3309 Vir-
1951 3236 2269 3327 ostendere
2295 3239 2553 3327 proclive
2582 3239 2879 3312 foret,nisi
2908 3240 3590 3323 attendentibus,etqua

202 3336 361 3408 tutis,
397 3322 885 3411 divinorumque
923 3322 1337 3412 mysteriorum
1378 3322 1688 3396 scientiam
1721 3335 1865 3397 ade-
1945 3322 2074 3401 jam
2107 3325 2407 3387 multoties
2439 3326 2697 3389 diximus
2719 3328 3123 3390 recalentibus
3151 3347 3250 3391 res
3277 3330 3446 3391 facile
3475 3322 3584 3411 pa-

202 3434 353 3499 ptus,
389 3441 423 3484 a
456 3421 682 3482 mundi
733 3418 1051 3498 Opiﬁcibus
1098 3420 1400 3482 abscessit.
1449 3423 1635 3484 [ratus
1668 3424 1869 3486 Jama-
1952 3418 2122 3499 teret.
2170 3420 2397 3478 Caetera
2448 3434 2579 3496 quae
2625 3416 2699 3476 de
2759 3416 3090 3480 rebellione
3114 3417 3486 3493 .laldabaotb,
3513 3419 3591 3482 de

1946 1288 2060 1379 sibi
2088 1290 2341 1372 quisque
2371 1294 2692 1373 prophetas
2711 1294 3070 1371 asciverunt,
3110 1316 3215 1375 per
3261 1317 3411 1379 quos
3438 1300 3590 1361 vati-

1948 1377 2103 1439 cinia
2134 1398 2239 1441 sua
2261 1380 2599 1444 funderent.

2028 1469 2165 1531 154.
2227 1470 2291 1530 In
2344 1469 2439 1530 his
2487 1470 2764 1533 omnibus
2831 1472 3106 1551 dogmata
3155 1470 3461 1538 Platonica
3515 1475 3590 1538 ad

1945 1554 2296 1617 Christianae
2325 1557 2629 1635 religionis
2658 1558 2991 1637 genium,et
3019 1579 3400 1625 communem
3426 1563 3586 1628 Gno-

200 3509 410 3585 baotb,
440 3509 718 3571 rebelles
748 3507 949 3568 divina
978 3508 1305 3569 substantia
1340 3520 1649 3592 vacuos,et
1680 3513 1865 3575 male-

203 3600 415 3675 dictos,
447 3619 481 3659 e
517 3599 680 3659 caalo
714 3605 772 3658 et
804 3597 1072 3676 paradiso
1102 3596 1162 3657 in
1192 3597 1350 3659 hunc
1381 3600 1665 3661 mundum
1694 3602 1867 3680 deje-

202 3686 277 3748 cit
308 3712 325 3749 ;
360 3688 466 3749 ubi
503 3704 769 3763 corpora
790 3684 1026 3746 illorum
1061 3685 1234 3761 levia,
1272 3687 1570 3767 pellucida
1599 3697 1656 3749 et
1688 3690 1868 3770 spiri-

204 3777 385 3838 tualia
461 3777 530 3839 in
582 3774 834 3853 tardius,
886 3773 1193 3835 obscurius
1232 3787 1291 3837 et
1343 3777 1600 3839 crassius
1650 3788 1869 3841 mutata

204 3878 361 3941 sunt,
393 3864 717 3927 debilitata
764 3863 943 3925 etiam
989 3871 1046 3924 et
1099 3863 1380 3943 languore
1425 3865 1610 3927 fracta
1644 3867 1863 3931 anima.

204 3952 367 4015 Simil
442 3952 693 4015 ratione
736 3969 985 4032 serpens
1031 3950 1177 4033 Nus,
1225 3953 1595 4016 suductionis
1641 3956 1864 4017 instru-

206 4053 515 4117 mentum,
557 4042 624 4102 in
684 4042 848 4102 hunc
904 4044 1193 4102 mundum
1250 4041 1553 4116 detrusus,
1626 4044 1871 4122 angelos

205 4132 359 4193 illius
386 4132 512 4194 sibi
542 4130 829 4211 subjecit,
860 4146 1081 4210 sexque
1111 4129 1285 4205 ﬁlios,
1338 4131 1638 4193 daemones
1689 4152 1865 4195 mun-

203 4219 409 4293 denos,
444 4219 683 4300 genuit,
713 4236 790 4279 an
822 4216 1213 4279 imitationem
1243 4237 1515 4301 supernae
1542 4220 1868 4283 hebdoma-

207 4308 295 4371 dis
326 4328 341 4371 :
379 4306 743 4369 hominibus
773 4324 1010 4386 semper
1039 4306 1301 4385 infestos,
1328 4310 1605 4389 quoniam
1625 4318 1868 4389 paterno

208 4397 395 4478 lapsui
427 4405 489 4459 et
516 4396 852 4457 infortunio
881 4396 1251 4458 occasionem
1286 4395 1685 4478 praebuerant.
1754 4397 1867 4462 Ubi

1952 3498 2176 3580 duplici
2223 3502 2441 3578 anima,
2492 3505 2678 3565 altera
2706 3512 2846 3585 quae
2896 3505 3142 3585 spiritus
3173 3516 3303 3568 vna;
3350 3508 3451 3589 sit,
3484 3525 3593 3570 seu

1952 3590 2249 3667 animalis,
2301 3591 2598 3655 insufﬂata
2656 3613 2760 3673 per
2814 3592 3207 3666 Jaldabaoth;
3247 3596 3433 3658 altera
3461 3614 3594 3676 qua;

1952 3679 2234 3758 spiritalis
2265 3680 2362 3756 sit,
2413 3699 2517 3743 seu
2573 3681 2934 3747 humectatt'o
2982 3682 3248 3759 luminis,
3282 3701 3412 3764 qum
3440 3684 3590 3745 clam

1952 3784 2045 3839 eo,
2080 3767 2210 3846 ejus
2237 3773 2438 3831 tamen
2469 3769 2842 3851 interpositu,
2894 3789 3003 3850 per
3047 3769 3290 3833 Matrem
3337 3772 3589 3852 amatur,

1950 3876 2125 3937 quam
2159 3857 2344 3919 solam
2379 3878 2511 3920 cum
2548 3859 2814 3922 emiserit
2841 3864 3050 3939 Mater,
3088 3860 3273 3924 solam
3305 3870 3499 3923 servat
3527 3863 3591 3926 in

1952 3945 2505 4023 hominibus,solam
2529 3948 2718 4011 salute
2746 3949 3108 4030 donandam,
3161 3968 3410 4031 corpore
3449 3970 3593 4031 pro-

1949 4033 2092 4096 inde
2120 4044 2405 4096 aeternum
2441 4036 2726 4116 perituro;
2786 4037 2861 4098 de
2892 4038 3021 4117 lege
3064 4039 3320 4100 Mosaica
3367 4039 3594 4102 sancita

1950 4141 2059 4203 per
2085 4124 2457 4202 Jaldabaoth,
2511 4133 2651 4202 etc.,
2699 4126 2966 4203 garriunt
3012 4125 3277 4188 haeretici
3305 4127 3592 4191 Guostica

1950 4219 2086 4272 sunt
2109 4219 2166 4281 et
2199 4211 2629 4274 Valentiniana.

2030 4301 2167 4363 155.
2203 4302 2485 4380 Ejusdem
2516 4301 2749 4381 generis
2773 4308 2910 4362 sunt
2936 4318 3067 4381 quae
3096 4298 3171 4361 de
3199 4298 3342 4361 Jesu
3371 4299 3591 4363 Christi

1950 4397 2321 4465 ortu,morte,
2356 4408 2426 4451 ac
2456 4388 2765 4452 beneﬁciis
2794 4407 2901 4471 per
2947 4407 3080 4451 eum
3114 4389 3387 4470 praastitis
3416 4407 3588 4452 com-

215 4477 347 4548 γεω
399 4485 706 4549 Ρι-υηίωε
776 4484 1082 4545 hominum
1164 4477 1435 4548 calamiie
1497 4486 1863 4551 Jaldabaoihi
1890 4479 2417 4541 Dminiscebantur
2459 4478 2538 4561 δίς
2586 4479 2698 4541 nisi
2729 4477 2886 4560 quod
2904 4477 3107 4541 Jesum
3138 4497 3171 4540 e
3200 4478 3443 4558 Virgine
3476 4497 3589 4542 na-

226 4575 614 4652 arrogantiam
638 4573 767 4652 jam
799 4572 941 4633 satis
970 4591 1075 4652 pro
1102 4574 1248 4635 votis
1278 4574 1400 4635 ulta
1428 4582 1538 4651 est,
1573 4575 1645 4636 ad
1683 4577 1863 4639 mise-

227 4665 504 4725 rationem
558 4676 751 4736 Versa,
784 4661 984 4723 amissi
1010 4662 1251 4723 luminis
1280 4681 1519 4725 sensum
1550 4666 1862 4746 quemdam

237 4751 314 4811 eis
342 4750 641 4814 concessit
701 4769 810 4831 per
835 4768 1007 4830 quem
1052 4751 1282 4829 pristini
1312 4761 1494 4814 status
1542 4772 1861 4828 memores,

232 4842 652 4921 lamentisque
682 4838 934 4913 conscii,
975 4840 1235 4901 animum
1269 4850 1646 4922 receperunt,
1679 4842 1862 4905 intel-

228 4929 613 5011 lexeruntque
636 4929 903 4991 mortalis
932 4929 1197 5009 corporis
1228 4930 1383 4993 mole
1398 4949 1463 4992 se
1495 4932 1730 4993 tandem
1748 4932 1863 4993 ali-

227 5019 457 5099 quando
485 5017 867 5079 liberandos:
902 5016 1058 5078 unde
1087 5018 1237 5080 cibis
1261 5018 1382 5097 jam
1418 5019 1649 5093 refecti,
1676 5038 1862 5098 gene-

224 5108 435 5169 rationi
464 5124 709 5187 operam
755 5104 1068 5172 dederunt.
1106 5125 1173 5167 ex
1226 5126 1341 5187 qua
1390 5116 1559 5169 natus
1605 5109 1865 5186 primum

224 5196 389 5270 Cain,
422 5205 547 5257 tum
579 5194 799 5255 deinde
826 5194 1001 5270 Abel,
1048 5213 1196 5275 quos
1246 5215 1495 5276 serpens
1550 5215 1685 5258 cum
1734 5197 1869 5259 filiis

228 5286 346 5346 suis
368 5286 564 5346 statim
597 5282 833 5357 evertit,
868 5290 928 5343 et
957 5282 1018 5343 in
1041 5302 1278 5345 omnem
1306 5284 1629 5366 nequitiam
1657 5285 1868 5365 praeci—

233 5376 372 5453 pites
396 5373 539 5452 egit.
577 5373 701 5433 Nec
730 5370 984 5433 mirum:
1009 5370 1083 5432 iis
1113 5372 1261 5433 clam
1294 5372 1714 5435 adversabatur
1746 5375 1872 5435 Ma-

234 5472 338 5535 ter,
370 5464 444 5524 ad
476 5461 535 5525 id
564 5478 751 5522 unum
783 5465 1027 5541 attenta,
1078 5467 1141 5521 ut
1181 5462 1343 5539 quod
1395 5461 1511 5524 sibi
1568 5462 1871 5542 proprium

305 5642 359 5692 ﬂ
393 5642 578 5718 lren.,
614 5659 677 5703 n.
718 5638 818 5719 ll,
845 5635 951 5720 12,
989 5634 1083 5701 13.

542 5788 813 5849 Ριτιιοι..
859 5782 977 5847 Gn.
1024 5782 1157 5845 VII.

1948 4576 2067 4628 tum
2102 4586 2235 4630 esse
2264 4568 2611 4643 faterentur,
2644 4576 2703 4629 et
2743 4568 3037 4630 Christum
3080 4586 3198 4630 non
3229 4568 3448 4644 solum,
3483 4568 3590 4631 sed

1947 4656 2122 4717 simul
2147 4675 2281 4718 cum
2307 4658 2531 4735 Sophia
2560 4676 2763 4720 sorore
2800 4676 2907 4720 sua
2945 4656 3007 4720 in
3038 4677 3173 4720 eum
3206 4658 3592 4726 descendisse

1947 4745 2187 4807 vellent.
2223 4744 2367 4808 Jesu
2389 4745 2628 4827 quidem
2661 4766 2875 4829 corpus
2902 4765 2937 4808 a
2965 4748 3218 4810 mortuis
3261 4749 3590 4812 excitatum

1948 4833 2213 4917 [LXXVI]
2247 4834 2565 4917 dicebant;
2610 4855 2730 4898 non
2758 4837 2905 4899 illud
2928 4846 3230 4900 terrenum
3263 4836 3420 4918 quod
3452 4853 3590 4897 caro

1947 4933 2007 4985 et
2062 4923 2307 5003 sanguis
2364 4932 2454 4986 est
2506 4925 2655 5005 (haec
2708 4927 2891 5007 enim,
2938 4925 3307 5006 inquiebant,
3341 4941 3590 5003 regnum

1950 5014 2056 5076 Dei
2090 5012 2393 5093 possidere
2423 5033 2542 5075 non
2577 5024 2823 5095 possunt
2856 5037 2868 5078 :
2897 5014 3059 5077 unde
3084 5013 3373 5094 quidquid
3410 5031 3591 5074 mun-

1947 5101 2165 5163 danum
2188 5112 2519 5182 acceperat,
2549 5104 2767 5164 mundo
2799 5101 3176 5178 dimisit);sed
3201 5101 3347 5163 illud
3378 5120 3593 5183 corpus

1950 5193 2107 5271 quod
2141 5191 2398 5253 animale
2428 5200 2487 5253 et
2516 5193 2785 5270 spiritale
2816 5195 3123 5271 vocabant,
3158 5199 3383 5271 partem
3416 5192 3589 5258 vide-

1952 5280 2092 5340 licet
2120 5280 2387 5360 corporis
2434 5279 2803 5342 subtiliorem
2847 5288 2907 5340 et
2948 5296 3209 5359 aeream;
3243 5297 3347 5339 seu
3398 5286 3592 5360 potius

1952 5371 2141 5450 ipsam
2185 5370 2441 5431 animam
2492 5377 2612 5429 tum
2667 5368 3005 5439 animalem,
3039 5374 3159 5427 tum
3200 5367 3588 5453 spiritualem,

1957 5478 2134 5540 quam
2158 5468 2473 5536 utramque
2502 5473 2849 5536 corpoream
2908 5472 3039 5515 esse
3087 5456 3384 5535 finxerint,
3440 5477 3590 5540 qua-
