4048 6382
554 362 670 428 175
1142 386 1145 391 ι
1325 361 1981 428 DISSERTATIONES
2021 360 2352 425 ramus
2393 360 2479 427 IN
2521 318 2808 427 [nam
2850 360 3141 428 manus.
3869 363 3994 427 17:

549 493 760 558 lrenaei
789 492 1225 575 presbyteratu,
1284 491 1581 569 diconatu,
1634 493 1887 575 aliisque
1928 490 2210 554 Ecclesiae
2225 499 2267 547 Α
2288 491 2864 570 agens,scribit,non
2878 501 3020 557 ante
3033 493 3292 556 multum
3313 500 3599 575 temporis
3619 497 3853 557 uisam
3883 512 3994 556 es.

550 582 788 645 ofﬁiciis
815 602 849 644 a
876 582 1202 662 Polycarpo
1232 582 1519 663 acceptis,
1552 583 1795 645 tradidit
1848 581 2148 645 Halloixiu:

2395 581 2489 643 sed
2514 599 2662 661 pene
2679 584 2790 644 sub
2813 601 2919 645 suo
2947 583 3420 664 εωαιιο,σχεδνὸν
3446 585 3530 641 ἐπὶ
3550 590 3648 651 τῆς
3676 585 3993 663 ἡμετέρῃ

548 676 912 752 Puerumne,
970 671 1167 751 inquit
1210 670 1332 745 ille,
1395 672 1773 752 Polycarpus,
1819 672 1967 733 etin
2009 670 2202 750 prima
2282 681 2492 754 γενεᾶς,
2526 675 2606 736 ad
2632 676 2813 754 ﬁnem
2843 678 3183 739 Domitiam
3214 675 3994 754 imperii.Quibusverbi:

550 768 720 824 aetate
756 760 1163 833 constitutum,
1189 759 1262 820 ad
1287 759 1763 841 presbyteratum
1794 778 1982 840 usque
2013 759 2203 820 fuerat
2283 780 2403 823 non
2431 764 2607 841 longe
2635 765 2875 845 quidem
2898 784 2931 827 a
2956 765 3198 829 Joannis
3225 766 3599 844 temporibus
3624 765 3888 826 vixisse
3928 782 3994 826 se

558 851 901 913 evecturus?
936 847 1067 910 Non
1105 849 1417 911 certe.Sed
1448 850 1497 910 si
1525 868 1680 928 puer
1701 849 1805 910 ille
1833 866 2054 911 annum
2082 862 2204 908 xxv
2283 853 2574 934 agnoscit,
2610 854 2666 915 ei
2690 874 2830 916 vero
2862 874 3121 916 coaevum
3156 854 3451 917 exstitisse
3482 873 3546 916 se
3578 864 3789 933 negat.

552 940 738 1003 aetatis
758 938 1076 1016 attigisset,
1110 937 1184 999 ad
1206 936 1585 1000 diaconatum
1623 937 1830 1000 saltem
1865 935 2040 999 evehi
2089 954 2200 1016 po-
2286 941 2346 1003 3.
2377 942 2494 1003 Sed
2523 944 2631 1005 etsi
2656 944 2947 1005 Joannem
2981 944 3176 1024 ipsum
3226 963 3347 1006 non
3377 944 3631 1006 audierit
3666 945 3762 1004 vir
3817 962 3994 1005 sau-

550 1029 784 1092 tuisset.
2285 1036 2437 1101 ctus,
2468 1032 2709 1092 Joannis
2734 1042 2929 1092 tamen
2962 1032 3246 1094 lectiones
3302 1033 3607 1112 excepisse
3637 1032 3994 1093 dicendus

629 1123 691 1185 2.
741 1117 984 1181 Constat
1037 1119 1235 1199 itaque
1291 1120 1581 1181 Irenaeum
1613 1126 1893 1182 tumcum
1925 1116 2203 1197 Polycar-
2288 1126 2396 1189 est,
2433 1118 2534 1199 qui
2591 1139 2625 1181 a
2673 1120 2995 1200 discipulis
3060 1122 3186 1200 ejus
3235 1121 3521 1193 instutus,
3582 1129 3837 1182 tantum
3924 1120 3994 1181 in

552 1228 692 1292 pum
724 1207 1291 1280 audiret,duodenni
1313 1207 1607 1286 majorem
1631 1225 1762 1269 esse
1782 1226 1900 1268 non
1918 1205 2200 1288 potuisse.
2291 1224 2496 1268 eorum
2532 1209 2735 1270 schola
2766 1211 3036 1288 proiecit,
3074 1220 3137 1270 ut
3165 1209 3324 1271 inter
3368 1210 3728 1290 apostolicos
3760 1210 3994 1283 viros,

553 1298 696 1362 Cum
753 1316 896 1360 vero
946 1294 1307 1377 Polycarpus
1354 1299 1477 1375 jam
1536 1304 1677 1358 tunc
1726 1298 1862 1356 πάνυ
1908 1294 2200 1375 γηραλέος,
2286 1297 2624 1374 apostolica
2651 1298 2939 1360 doctrina:
2968 1307 3171 1371 testes,
3238 1298 3579 1379 primosque
3613 1300 3920 1378 canales,
3960 1318 3994 1360 a

550 1387 729 1450 valde
760 1404 943 1450 senex
974 1394 1153 1464 esset,
1186 1405 1256 1447 ac
1296 1384 1546 1465 proinde
1593 1385 1872 1465 martyrio
1936 1382 2197 1465 propior,
2285 1385 2590 1446 veteribus
2621 1387 2897 1450 omnibus
2928 1388 3139 1449 merito
3169 1396 3573 1450 recenseatur.
3611 1388 3764 1449 Cum
3790 1388 3994 1449 enim

557 1477 776 1539 diutius
817 1475 927 1537 sub
963 1474 1110 1536 tanti
1154 1473 1420 1554 magistri
1470 1473 1785 1554 disciplina
1830 1472 2054 1536 versari
2084 1490 2201 1533 non
2287 1491 2393 1552 per
2420 1471 2731 1555 Polycarpi
2752 1484 3004 1537 mortem
3034 1476 3393 1538 sanctissimi
3450 1476 3612 1538 senis
3668 1476 3992 1538 scholam

555 1565 789 1646 potuit:
822 1565 873 1625 is
923 1564 1141 1643 quippe
1199 1562 1457 1642 gloriosa
1514 1572 1704 1624 morte
1750 1564 1927 1623 vitam
1977 1561 2201 1622 [iniisse
2284 1561 2386 1622 diu
2429 1561 2809 1643 frequentare
2865 1582 2980 1626 non
3039 1566 3324 1645 licuisset,
3388 1564 3627 1646 Papiam
3679 1565 3989 1627 alterum

556 1654 823 1716 creditur
874 1672 1030 1714 anno
1077 1652 1295 1715 Christi
1354 1654 1494 1715 166.
1553 1654 1686 1715 Non
1722 1654 1925 1733 procul
1957 1652 2203 1730 igitura
2281 1647 2528 1711 Joannis
2558 1653 2917 1730 discipulum
2974 1653 3142 1727 adiit,
3196 1654 3445 1734 ejusque
3502 1653 3862 1734 disciplinae
3911 1672 3993 1715 se

549 1763 689 1807 vero
729 1742 1222 1821 aberraverimus,
1277 1742 1328 1803 si
1358 1749 1561 1802 natum
1610 1743 1899 1804 Irenaeum
1933 1740 2201 1801 dicamus
2282 1740 2545 1817 tradidit,
2605 1749 2666 1803 ut
2715 1751 2919 1803 auctor
2974 1750 3062 1803 est
3110 1741 3505 1822 Hieronymus
3531 1742 3617 1802 99.
3652 1743 3992 1805 Seniores

551 1851 707 1896 anno
740 1832 976 1895 circiter
1002 1832 1141 1905 140,
1178 1830 1287 1891 sub
1315 1831 1596 1894 Antonini
1619 1831 1708 1891 Pii
1737 1829 1979 1912 imperii
2010 1828 2201 1892 initia.
2228 1826 2267 1876 Β
2289 1828 2455 1905 alios,
2480 1830 2908 1910 apostolorum,
2942 1832 3524 1912 apostolicorumque
3547 1832 3825 1892 virorum
3865 1832 3985 1892 di-

550 1926 698 1985 Toto
722 1921 1003 1982 vicennio
1034 1921 1208 1981 citius
1237 1928 1433 1980 natum
1461 1920 1667 1980 volu-it
1696 1920 1819 1993 alii,
1871 1938 1941 1980 ac
1982 1918 2041 1978 in
2076 1920 2206 1997 pri-
2291 1919 2640 1998 scipulos,et
2663 1919 2819 1981 inter
2848 1939 2952 1981 eos
2979 1919 3262 1981 eximium
3295 1921 3640 2001 quemdam,
3674 1920 3980 1981 audiisse

552 2012 665 2074 mis
686 2010 1069 2072 doctissimus
1097 2007 1592 2072 Tillemontins“:
1630 2009 1734 2070 sed
1761 2026 1974 2070 vereor
1998 2016 2060 2067 ut
2093 2010 2208 2067 Po-
2291 2024 2356 2067 se
2386 2025 2503 2067 non
2528 2007 2712 2068 semel
2744 2008 2997 2070 affirmat
3026 2010 3085 2069 in
3133 2009 3305 2070 libris
3334 2009 3616 2069 adversus
3651 2010 3980 2073 haereses.

549 2103 825 2183 lycarpus
856 2118 1011 2161 anno
1050 2099 1292 2161 circiter
1346 2099 1485 2179 132,
1516 2118 1632 2179 quo
1665 2100 1957 2161 Irenaeum
1990 2096 2209 2187 docere
2290 2094 2432 2187 Quis
2452 2099 2528 2156 sit
2556 2106 2751 2158 autem
2803 2098 2905 2159 ille
2963 2099 3166 2159 senior
3214 2106 3331 2158 tam
3390 2098 3734 2178 frequenter
3770 2098 3854 2160 ab
3894 2118 3978 2160 eo

550 2188 1058 2261 debuisset,valde
1089 2206 1276 2249 senex
1306 2187 1425 2248 dici
1454 2187 1917 2268 potuerit;quem
1944 2204 2062 2246 non
2096 2183 2207 2245 nisi
2292 2185 2583 2261 laudatus,
2609 2205 2683 2247 an
2716 2187 2842 2265 ipse
2872 2188 3185 2267 Papias,an
3217 2188 3684 2267 alter,hactenus
3713 2187 3977 2249 incom-

551 2287 951 2361 postquatuor
982 2285 1039 2338 et
1066 2277 1305 2354 triginta
1322 2276 1539 2361 abhinc
1567 2295 1755 2338 annos
1785 2274 2005 2336 obiisse
2051 2273 2203 2335 fate-
2289 2282 2544 2352 pertum.
2576 2277 2630 2337 A
2662 2276 2879 2337 talibus
2908 2277 3203 2356 tantisque
3251 2276 3393 2337 viris
3446 2276 3764 2338 sanctioris
3795 2277 3967 2339 doc—

432 2375 440 2383 ”
547 2356 644 2430 tur
693 2356 818 2448 ipse
861 2367 949 2426 vir
999 2356 1389 2428 clarissimus.
1439 2364 1608 2437 Quod
1647 2384 1681 2426 a
1728 2363 1963 2424 fortiori
1998 2370 2204 2423 contra
2287 2362 2459 2423 trinae
2488 2363 2837 2443 purissimos
2872 2365 3101 2440 latices,
3138 2365 3709 2445 profundioremque
3732 2383 3966 2427 sacra-

548 2453 988 2521 Dodwellum95
1016 2454 1248 2530 militat,
1277 2454 1378 2535 qui
1405 2462 1599 2515 ortum
1631 2451 1846 2515 Irenaai
1899 2452 2010 2513 sub
2043 2451 2198 2513 Tra-
2281 2468 2414 2512 rum
2448 2451 2779 2515 litterarum
2814 2453 3479 2533 intelligentiam,simul
3512 2463 3570 2515 et
3600 2455 3733 2515 vita;
3760 2473 3959 2517 sanc-

544 2546 688 2626 jano
720 2545 1133 2607 collocandum
1150 2552 1442 2617 censet,et
1468 2542 1941 2624 quidemilluma
1967 2540 2208 2620 Trajani
2292 2538 2622 2622 timoniam,
2656 2560 2725 2603 ac
2757 2542 3065 2604 incensum
3127 2544 3364 2605 tuenda).
3393 2543 3554 2624 ﬁdei,
3589 2562 3767 2624 quam
3830 2563 3963 2605 una

544 2634 716 2696 initio
748 2635 999 2696 fortasse
1015 2631 1611 2714 repetendum.Quod
1643 2631 1692 2693 si
1723 2650 1929 2693 verum
1963 2629 2060 2711 sit,
2096 2632 2201 2692 Po.
2290 2647 2422 2689 cum
2457 2630 2702 2691 nutricis
2736 2631 2886 2692 lacte
2914 2634 3145 2693 suxisse
3167 2632 3503 2693 verosimile
3527 2642 3636 2712 est,
3673 2633 3955 2694 studium

542 2723 846 2804 lycarpum
880 2722 1141 2785 audierit
1187 2720 1447 2784 Irenzeus
1478 2740 1634 2782 anno
1666 2723 1798 2800 plus
1830 2720 2027 2781 minus
2064 2718 2197 2794 125,
2288 2718 2478 2779 hausit
2503 2719 2868 2798 medullitus,
2901 2725 3080 2799 atque
3106 2720 3391 2799 deinceps
3429 2719 3489 2780 in
3520 2720 3760 2801 scriptis
3816 2723 3954 2782 suis

544 2813 701 2893 quod
732 2813 899 2874 ultro.
942 2812 1160 2874 fatetur
1213 2811 1304 2871 vir
1351 2812 1428 2874 cl.
1481 2808 1597 2872 Sed
1658 2810 1835 2883 futili,
1869 2811 2024 2870 inter
2050 2808 2195 2869 alias
2284 2807 2539 2869 ubertim
2578 2806 2933 2870 eﬂ‘udit.Nec
2962 2808 3122 2870 enim
3155 2809 3422 2886 segniset
3446 2808 3671 2871 otiosus
3700 2812 3954 2872 auscul-

538 2901 850 2983 plurimas,
876 2901 1081 2962 nititur
1100 2898 1667 2980 conjecturazquod
1699 2917 1916 2977 nempe
1934 2901 2196 2959 Irenaaus
2286 2904 2457 2973 tator,
2513 2914 2642 2976 qua;
2697 2905 3009 2977 acceperat
3039 2915 3072 2957 e
3103 2902 3392 2958 memoria
3439 2898 3594 2959 elabi
3648 2898 3889 2960 sinebat
3928 2917 3943 2961 :

540 2990 615 3052 ad
647 2988 954 3051 Florinum
980 2988 1509 3061 scribens,vidisse
1541 3006 1606 3047 se
1626 3004 1760 3047 eum
1806 2994 2109 3046 asseveret
2132 2985 2193 3045 in
2285 2984 2428 3065 quin
2460 2986 2654 3066 potius
2684 2985 2758 3045 ab
2783 2986 2914 3066 ipsa
2943 2986 3215 3067 pueritia,
3248 3005 3383 3047 cum
3414 2986 3508 3048 vix
3537 2987 3671 3048 aliis
3703 3006 3810 3067 per
3844 2997 3943 3049 te-

539 3080 819 3139 inferiore
849 3078 988 3139 Asia
1022 3077 1178 3156 apud
1208 3076 1756 3158 Polycarpum,cum
1788 3073 2194 3153 inimperato-
2213 3131 2254 3181 ο
2285 3093 2491 3135 neram
2528 3081 2757 3135 aetatem
2791 3075 2965 3136 seriis
2992 3075 3301 3136 attendere
3333 3074 3942 3156 licet,lrenaeusquae-

536 3168 627 3229 ria
647 3168 778 3228 aula
805 3167 1118 3247 splendide
1156 3175 1378 3244 ageret,
1430 3166 1687 3245 λαμπρῶς
1717 3165 2016 3242 πράττοντα
2047 3162 2100 3218 ἒν
2129 3189 2134 3199 ·

2343 3180 2514 3244 mque
2526 3163 3033 3225 sanctissimorum
3049 3164 3941 3245 illorum,primorumqueChri-

538 3263 608 3324 τῆ
671 3257 918 3333 βατιλικῇ
976 3256 1133 3333 αὐλῇ.
1169 3254 1257 3316 Ex
1310 3274 1424 3336 quo
1467 3271 1841 3334 consequens
1890 3249 2196 3313 Dodwello
2282 3251 2486 3313 stiana:
2531 3252 2843 3331 religionis
2880 3252 3262 3332 magistorum
3316 3271 3419 3315 ore
3479 3253 3932 3333 promebantur,

539 3345 1069 3421 videtur,adfuisse
1100 3345 1312 3406 eodem
1348 3353 1636 3423 tempore,
1664 3361 1782 3422 quo
1814 3340 2198 3421 Polycarpum
2288 3360 2401 3402 ceu
2437 3340 2727 3420 pretiosas
2756 3342 3059 3420 Evangelii
3087 3342 3430 3421 margaritas
3460 3341 3725 3403 studiose
3751 3342 3935 3403 colli-

542 3434 766 3496 audivit
793 3422 1055 3495 Irenaeus
1090 3451 1258 3513 puer,
1292 3434 1353 3494 in
1385 3422 1523 3494 Asia
1552 3429 1970 3511 proconsulari
2003 3430 2191 3510 impe-
2284 3448 2451 3508 gens,
2486 3429 2742 3509 sibique,
2770 3432 2985 3511 spretis
3014 3432 3297 3493 omnibur
3323 3430 3930 3511 aliis,comparans,in

539 3519 822 3595 ratorem,
860 3524 921 3584 in
952 3524 1122 3602 cujus
1171 3522 1305 3583 aula
1347 3529 1616 3583 versatus
1662 3519 1842 3581 fuerit
1879 3519 2190 3600 Florinus;
2285 3517 2496 3579 intimo
2527 3520 2723 3580 cordis
2744 3519 2877 3581 sinu
2909 3519 3411 3603 recondebat,suo
3438 3528 3709 3601 tempore
3738 3520 3934 3601 profe-

540 3633 658 3674 non
692 3613 873 3675 alium
911 3622 1074 3673 certe
1104 3630 1278 3691 quam
1314 3609 1768 3689 Adrianum,qui
1789 3609 1954 3670 circa
1973 3625 2192 3669 annum
2275 3607 2485 3667 renda.
2510 3604 2595 3669 Ita
2623 3627 2689 3669 se
2716 3610 2991 3670 affectum
3045 3610 3254 3685 fuisse,
3289 3608 3425 3674 cum
3476 3609 3586 3671 sub
3621 3609 3927 3692 Polycarpi

543 3702 656 3766 122
687 3702 747 3763 in
778 3702 977 3765 Asiam
1037 3701 1331 3782 profectus
1391 3708 1502 3762 est.
1538 3698 1655 3760 Sed
1711 3698 1812 3777 qui
1862 3715 1935 3759 ex
1984 3694 2196 3757 Irenaei
2277 3695 2587 3775 disciplina
2615 3697 2879 3777 degeret,
2914 3716 3019 3778 pro
3044 3698 3181 3777 jure
3214 3698 3926 3779 suogloriatui-,Florino-

537 3793 735 3853 verbis
758 3791 886 3853 erui
919 3791 1124 3870 possit,
1147 3788 1565 3868 imperatorem
1598 3796 1734 3847 tunc
1764 3785 1825 3845 in
1856 3784 1998 3847 Asia
2029 3804 2194 3847 com-
2277 3803 2415 3865 que,
2448 3804 2555 3846 suo
2609 3805 2863 3866 quonam
2887 3785 2996 3847 sub
3026 3795 3186 3848 tanto
3218 3796 3581 3869 praeceptore
3626 3786 3926 3849 condisci-

471 3950 479 3959 I
539 3890 833 3941 moratum
882 3878 1088 3952 fuisse,
1146 3878 1307 3938 solus
1352 3876 1565 3937 viderit
1622 3873 1963 3935 Donellus
1996 3895 2012 3947 ;
2044 3874 2198 3936 alter
2278 3874 2443 3953 pulo,
2481 3873 2586 3935 sed
2620 3875 2841 3936 deinde
2872 3875 3091 3937 misere
3121 3874 3182 3936 in
3216 3877 3489 3938 haresim
3522 3876 3815 3956 prolapso,
3842 3877 3923 3941 ob

539 3968 731 4049 quivis
776 3970 915 4030 hinc
964 3976 1188 4028 tantum
1249 3964 1538 4039 intulerit,
1574 3962 1880 4025 Florinum
1932 3964 2194 4025 aulicum
2278 3964 2486 4023 oculos
2519 3965 2775 4042 ponitzut
2805 3964 3041 4027 colendi
3078 3963 3316 4046 utrique
3345 3965 3613 4045 magistri
3640 3967 3926 4030 memoria

538 4058 883 4138 quempiam
916 4056 1120 4131 fuisse,
1156 4056 1258 4135 qui
1299 4072 1532 4115 summa
1576 4052 1732 4133 apud
1768 4052 2193 4132 imperatorem
2277 4051 2513 4113 devium
2545 4053 2618 4113 ad
2660 4053 2967 4133 pristinam
2999 4052 3177 4114 ﬁdem
3210 4063 3541 4120 revocaret.
3572 4057 3763 4119 Verba
3795 4064 3919 4118 tum

539 4149 724 4223 gratia
753 4146 1026 4226 valuerit,
1079 4163 1190 4206 nec
1237 4143 1562 4224 quidquam
1593 4141 1872 4222 amplius.
1907 4140 2059 4203 Sunt
2090 4139 2190 4223 qui
2276 4140 2504 4213 Graece,
2540 4149 2663 4202 tum
2696 4141 2899 4202 Latine
2957 4141 3031 4202 ad
3088 4142 3312 4206 calcem
3364 4144 3567 4224 operis
3618 4147 3921 4208 retulimus

537 4233 828 4298 Irenaeum
861 4234 1110 4298 Joannis
1141 4232 1387 4314 apostoli
1440 4230 1797 4311 discipulum
1857 4231 2092 4311 faciant,
2127 4237 2192 4291 ut
2273 4232 2427 4293 inter
2458 4232 2813 4309 fragmenta.
2848 4230 2922 4292 Et
2950 4238 3013 4292 ut
3068 4229 3375 4313 Polycarpi
3427 4235 3756 4313 praesertim
3788 4253 3917 4297 me-

538 4324 864 4386 Paradinus
884 4323 1029 4398 96,et
1057 4322 1357 4387 Severtius
1371 4318 1445 4396 9",
1467 4338 1585 4380 una
1613 4319 1953 4399 diplomatis
1983 4320 2189 4399 cujus-
2275 4322 2463 4381 moria
2487 4319 2655 4381 cordi
2683 4318 2856 4379 altius
2884 4319 3065 4380 infixa
3096 4320 3369 4403 haereret,
3390 4320 3503 4383 sibi
3535 4324 3665 4405 ipse
3696 4325 3919 4388 exscri-

539 4413 675 4473 dam
727 4412 1074 4474 auctoritate
1121 4411 1277 4482 freti,
1311 4412 1405 4471 cui
1444 4409 1873 4490 subscripsisse
1919 4409 2468 4489 dicuntuersisse
2493 4407 2757 4470 creditur
2786 4407 3109 4471 Eccclesiae
3156 4406 3539 4490 Smyrnensis
3588 4413 3911 4493 epistolam,

539 4501 862 4577 Gregorius
913 4519 1061 4581 papa
1114 4501 1188 4574 V,
1220 4498 1511 4560 Henricus
1560 4517 1665 4561 rex
1711 4497 2087 4577 Burgundiw,
2124 4505 2183 4559 et
2273 4501 2331 4561 in
2360 4518 2475 4579 qua
2506 4497 2769 4577 martyrii
2824 4499 2954 4577 ejus
3009 4498 3253 4561 historia
3286 4500 3566 4574 refertur;
3600 4509 3663 4560 ut
3691 4500 3910 4562 inferre

536 4588 703 4668 Hugo
738 4589 1148 4669 Lugdunensis
1175 4588 1683 4668 archiepiscopus.
1743 4587 1859 4651 Sed
1893 4586 2181 4669 quidquid
2267 4586 2405 4648 licet
2435 4604 2502 4647 ex
2533 4585 2914 4648 adnotatione
2943 4606 3120 4667 quam
3154 4588 3226 4648 ad
3260 4589 3483 4649 calcem
3506 4588 3665 4649 illius
3689 4588 3903 4668 episto-

538 4676 615 4738 sit
658 4678 732 4741 de
764 4678 1113 4758 diplomate,
1146 4687 1480 4758 repugnant
1525 4688 1754 4741 veteres
1814 4696 2046 4758 omnes,
2080 4675 2181 4758 qui
2266 4675 2336 4737 Ite
2356 4676 2579 4756 reperit
2605 4676 2667 4737 in
2694 4694 2836 4737 ntss.
2869 4676 3175 4738 codicibus
3208 4674 3502 4740 Usserius.

534 4763 823 4827 Irenaeum
859 4766 1540 4848 Polycarpi,[LXXVlll]
1572 4787 1690 4829 non
1717 4766 1964 4830 Joannis
1994 4766 2179 4827 disci-
2346 4768 2405 4826 4.
2439 4764 2569 4827 Non
2598 4765 2748 4826 adeo
2781 4774 2977 4827 tamen
3026 4766 3100 4827 ad
3132 4783 3329 4826 sacras
3375 4765 3602 4827 litteras
3648 4767 3902 4831 animum

536 4854 742 4935 pulum
785 4854 968 4917 fuisse
1025 4864 1321 4930 asserunt;
1355 4868 1645 4935 repugnat
1674 4856 1931 4918 Irenaeus
1951 4855 2079 4936 ipse
2105 4852 2180 4929 93,
2268 4855 2547 4936 intendit,
2578 4865 2642 4915 ut
2673 4853 3056 4915 humaniores
3084 4853 3473 4932 negligendas
3503 4854 3616 4917 sibi
3653 4866 3897 4938 putaret.

535 4946 635 5026 qui
668 4945 907 5026 quidem
944 4964 1062 5007 non
1096 4945 1280 5008 semel
1310 4964 1344 5007 a
1373 4945 1733 5017 senioribus,
1768 4947 1865 5027 qui
1886 4944 2186 5025 apostolos
2266 4942 2459 5006 Probe
2483 4944 2823 5007 noveratvir
2839 4942 3898 5024 perspicacissimus,ejusmodistudia

536 5052 860 5116 eorumque
888 5034 1212 5116 discipulos
1243 5034 1521 5096 viderunt
1559 5042 1618 5095 et
1646 5034 1982 5104 audierunt,
2019 5034 2188 5114 plura
2218 5081 2224 5090 .
2268 5051 2388 5094 non
2419 5040 2641 5095 tantum
2668 5034 2740 5094 ad
2771 5030 3072 5108 ingenium
3097 5031 3894 5109 excolendum,firmandum-

534 5122 819 5186 didicisse
868 5141 934 5185 se
963 5125 1271 5204 gloriatur,
1325 5132 1385 5185 at
1441 5140 1733 5202 nusquam
1776 5123 1850 5184 ab
1904 5122 2185 5202 apostoljs
2269 5122 2694 5203 quejudicium
2728 5120 2884 5182 haud
2935 5138 3143 5199 parum
3200 5120 3564 5197 conducere;
3602 5124 3717 5187 sed
3746 5124 3895 5187 etiis

532 5211 703 5291 ipsis;
737 5210 894 5293 quod
922 5231 1249 5295 nunquam,
1274 5210 1323 5273 si
1352 5211 1575 5273 factum
1604 5212 1829 5287 fuisset,
1859 5211 2182 5286 omisisset,
2268 5212 2541 5291 apprime
2555 5208 2891 5297 necessaria
2913 5208 3891 5297 esse,quiethnicoshmreticosque

534 5317 653 5360 non
685 5301 817 5362 leve
847 5303 1211 5379 argumentis
1241 5310 1445 5362 contra
1479 5301 1790 5362 haereticos
1806 5300 1997 5361 allatis
2030 5319 2183 5379 pon-
2267 5300 2580 5375 confutari,
2614 5315 2777 5359 vana;
2808 5295 3145 5385 theologiae,
3180 5297 3560 5382 profanaque
3619 5295 3888 5385 supersti-

535 5386 645 5448 dus
700 5388 840 5450 hinc
895 5392 1229 5455 additurus.
1280 5388 1351 5450 Et
1403 5390 1477 5451 de
1538 5389 1785 5452 Joannis
1833 5388 2185 5471 Apocalypsi
2264 5389 2441 5450 tionis
2471 5384 2921 5466 intelligentiam
2966 5402 3038 5447 ex
3089 5386 3235 5465 ipsis
3290 5387 3573 5470 fontibus,
3606 5401 3885 5473 poetarum

611 5554 669 5598 9‘
691 5557 760 5620 T.
793 5556 845 5619 II
874 5555 1026 5621 Hist.
1061 5560 1305 5633 eccles.,
1342 5579 1401 5640 p.
1425 5559 1526 5623 79.
1611 5558 1667 5601 95
1694 5560 1852 5621 Diss.
1886 5574 1947 5620 ιιι
1979 5558 2039 5619 in
2072 5559 2254 5634 lren.,
2288 5557 2318 5636 ἕ
2348 5559 2408 5635 3,
2445 5556 2522 5617 10
2552 5574 2723 5638 seqq,
2806 5552 2861 5597 9⁸
2888 5553 3023 5619 Lib.
3077 5573 3116 5617 ιι
3146 5554 3301 5621 Hist.
3338 5559 3547 5640 Lugd,
3574 5579 3627 5622 c.
3664 5561 3757 5625 30.
3831 5561 3886 5612 97

531 5646 614 5707 De
643 5645 827 5724 Lugd.
862 5648 1155 5726 archiep.,
1188 5668 1204 5709 ι
1238 5657 1411 5728 part.,
1446 5668 1498 5712 c.
1534 5652 1593 5708 ‘2.
1679 5647 1733 5691 93
1762 5648 1889 5710 Lib.
1926 5664 1986 5727 v,
2020 5665 2073 5707 c.
2106 5650 2208 5722 30,
2242 5667 2301 5709 n.
2339 5651 2397 5708 4.
2483 5643 2540 5687 99
2571 5644 2639 5707 In
2665 5644 2844 5709 Catal.
2881 5652 2939 5705 et
2968 5662 3065 5723 ep.
3116 5646 3218 5726 53,
3242 5648 3322 5709 al.
3355 5647 3455 5723 29,
3491 5650 3564 5711 ad
3600 5649 3812 5714 Theod.
