4022 6462
93 0 1869 111 -πη,

210 446 289 506 $51

820 440 1312 507 DISSERTATIO
1344 444 1422 523 II,
1455 444 1635 507 ΛΒΤ.
1669 443 1721 522 I,
1754 392 1860 504 DE.
1883 392 1951 503 si.
1976 436 2266 503 meum
2297 393 2485 504 VITA
2516 438 2613 502 ET
2644 390 2929 503 GEs'rIs.

3464 388 3602 503 πεῖ

220 575 279 634 ii
314 574 522 636 lucem
562 572 711 633 inde
730 574 991 635 aﬂ'erunt
1020 572 1412 636 Tertullianus
1434 582 1491 635 et
1523 578 1836 639 Eusebius.
1860 584 1900 633 Α
1923 583 2265 654 serpentem
2296 573 2403 635 sub
2434 574 2611 653 hujus
2641 572 2840 634 smculi
2869 573 3047 635 ﬁnem
3071 575 3329 653 agnitam
3361 576 3570 650 fuisse,

215 666 300 724 ξπ
352 662 734 740 conjectura
764 663 1030 722 omnium
1064 671 1223 723 certe
1279 662 1661 743 probabilior.
1698 667 1844 727 Eam

208 754 392 813 uiam
424 761 848 832 proposuerat
872 750 1160 813 Henricus
1174 753 1444 814 Valesius
1466 756 1543 823 15,
1566 753 1624 813 in
1649 754 1845 815 illam-

204 860 279 902 ἒξ
307 840 459 901 satis
497 840 936 921 propendebat
988 841 1155 903 bona;
1185 843 1487 903 memoriae
1516 841 1846 904 Tillemon-

200 932 282 988 ius
306 929 364 978 ’ὃ
395 953 411 1002 ;
456 948 549 989 ne
581 932 790 990 tamen
830 937 1098 991 tueretur
1128 930 1215 991 vir
1240 931 1614 992 doctissimus
1666 950 1847 992 unum

202 1018 782 1087 sbstitit.‘;\'imirum,
810 1018 1433 1099 inquit,Tertullianus
1456 1039 1628 1100 quam
1652 1027 1851 1081 narrat

194 1107 480 1168 Mam
543 1114 798 1168 mutata:
855 1126 890 1168 a
946 1126 1177 1169 summo
1235 1108 1533 1188 pontiﬁce,
1568 1118 1847 1172 monente

98 1244 99 1251 η
195 1196 401 1267 Pasca,
432 1196 807 1271 sententiae,
837 1202 955 1258 tam
977 1205 1138 1258 arcte
1159 1216 1290 1258 cum
1322 1197 1584 1277 ejusdem
1609 1197 1845 1261 Praxeaa

192 1286 365 1347 mi
400 1286 691 1365 colligat,
729 1292 795 1345 ut
830 1293 1152 1365 utrumque
1175 1286 1386 1347 eodem
1416 1293 1681 1366 tempore
1701 1305 1843 1349 con-

384 1374 709 1435 videatur.
745 1373 829 1435 At
860 1381 1088 1435 certum
1116 1382 1205 1434 est
1224 1376 1484 1436 Praxean
1509 1394 1629 1436 non
1655 1393 1845 1437 emer-

190 1464 314 1533 Ξεε,
350 1464 476 1524 nisi
502 1471 653 1543 post
673 1470 1013 1543 utrumque
1035 1462 1431 1545 Theodotum,
1457 1483 1706 1544 quorum
1729 1483 1839 1525 an-

191 1553 370 1628 agnior
398 1552 523 1614 sub
557 1552 830 1615 Victore
861 1552 1124 1633 primum
1146 1552 1305 1615 visus
1325 1562 1434 1616 est.
1456 1554 1646 1615 Alium
1666 1553 1844 1634 igitur

1928 682 1995 724 ac
2015 664 2247 724 tandem
2273 664 2566 736 evulsam,
2584 670 2821 723 auctore
2844 672 3344 745 rerantante,cum
3373 665 3574 727 Victor

1927 750 2251 813 Ecclesium
2282 761 2540 830 regeret,
2574 760 2631 811 et
2661 760 2909 831 uterque
2938 753 3276 813 Theodotus
3299 754 3573 815 emersis-

1929 848 2052 921 set;
2082 840 2254 914 nihil,
2287 850 2445 920 puto,
2481 840 2973 902 aftirmaverimus
2991 843 3146 922 quod
3170 852 3460 922 repugnet
3480 844 3568 905 vel

1929 927 2318 1003 Tertulliano,
2353 930 2443 990 vel
2472 929 2648 990 certis
2678 928 2941 991 historize
2971 930 3385 993 ecclesiasticae
3438 952 3570 994 mo-
3610 1010 3613 1013 ν

1928 1018 2248 1092 numenlis,
2282 1018 2370 1078 vel
2404 1027 2734 1098 temporum
2767 1018 3116 1082 rationibus.
3150 1020 3424 1082 Viderint
3477 1028 3570 1083 ta-

1926 1125 2062 1167 men
2084 1107 2325 1183 eruditi,
2361 1126 2610 1185 quorum
2640 1107 2864 1187 judicio
2913 1111 3285 1188 conjecturas
3340 1118 3571 1173 nostras

1922 1194 2180 1257 libenter
2226 1196 2644 1276 permittimus.
2703 1197 2822 1260 Sed
2875 1197 2949 1258 ad
3000 1198 3483 1279 Lugdunensium
3516 1212 3576 1266 et

1920 1284 2348 1346 Viennensium
2382 1285 2660 1365 epistolas
2690 1286 3030 1350 redeamus.
3612 1364 3615 1368 ὶ

2002 1380 2098 1435 40.
2132 1376 2188 1425 ¹8
2214 1376 2358 1438 Cum
2392 1376 2589 1435 clerus
2619 1383 2676 1435 et
2704 1384 2992 1455 martyres
3022 1376 3219 1437 varias
3268 1378 3481 1457 partim
3511 1378 3573 1440 in

1921 1462 2121 1527 Asiam
2153 1471 2209 1524 et
2235 1464 2545 1543 Phrygiam
2578 1463 2649 1525 ad
2702 1464 2938 1535 fratres,
2975 1467 3185 1544 partim
3218 1465 3465 1527 Romam
3498 1468 3571 1529 ad

1921 1551 2305 1613 Eleutherum
2340 1572 2548 1633 papam
2579 1553 2803 1613 litteras
2833 1554 3212 1633 scripsissent
3238 1576 3253 1629 ;
3279 1558 3569 1618 Irenaeum

188 1660 323 1719 pain
356 1640 686 1703 Victorem
714 1641 1078 1722 episcopum
1110 1644 1438 1706 Romanum
1465 1661 1707 1705 monere
1727 1660 1843 1704 non
1923 1650 2295 1720 rogaverunt,
2330 1650 2392 1702 ut
2423 1660 2520 1703 eas
2553 1660 2683 1723 quae
2711 1642 2781 1703 ad
2813 1642 3197 1704 Eleutherum
3231 1644 3561 1723 dirigeban-

188 1730 340 1807 potuit
368 1734 684 1794 Praxeas.
722 1733 816 1793 Ita
838 1730 929 1791 vir
945 1731 1575 1794 clarissimus.Verum
1601 1732 1841 1811 quidem
1866 1738 1903 1787 B
1928 1739 2043 1811 tur,
2080 1731 2345 1811 perferre
2374 1750 2491 1792 non
2548 1732 2999 1813 dedignaretur,
3034 1745 3092 1794 et
3150 1753 3357 1813 pacem
3416 1735 3571 1798 inter

86 1862 87 1895 ι
189 1828 251 1879 5t
298 1820 397 1880 illa
452 1827 995 1900 consequentera
1048 1818 1409 1881 Tertulliano
1436 1821 1686 1886 referri:
1721 1840 1840 1882 non
1924 1819 2219 1883 Ecclesias
2248 1838 2352 1900 pro
2407 1822 2562 1882 virili
2613 1821 2977 1886 sollicitaret.
3012 1824 3382 1885 Provinciam
3433 1843 3565 1887 cum

186 1920 346 1970 tamen
406 1909 565 1971 hinc
631 1909 853 1971 inferri
888 1926 1066 1988 posse
1126 1917 1323 1988 putem
1355 1910 1563 1972 eodem
1598 1930 1841 1990 prorsus
1924 1909 2116 1971 libens
2144 1909 2500 1990 suscepisset
2556 1911 2963 1972 sanctissimus
2995 1912 3323 1993 presbyter,
3375 1914 3569 1994 profe-

186 2010 425 2077 teznpore
457 1998 856 2076 contigisse;
888 1999 1010 2060 imo
1044 1998 1403 2060 contrarium
1458 2000 1670 2063 suadet
1722 2008 1843 2062 tota
1926 2008 2150 2060 cturum
2187 2008 2469 2079 martyres
2499 2000 2986 2061 commandarunt
3009 2003 3565 2084 pontiﬁci,utsupe-

184 2089 525 2149 narrationis
562 2087 1033 2151 Tertullianicaa
1062 2088 1251 2149 series
1278 2089 1355 2151 47.
1390 2087 1627 2150 Constat
1657 2090 1843 2167 siqui-
1922 2086 2047 2147 rius
2077 2086 2351 2150 vidimus.
2386 2088 2526 2160 Qua;
2556 2108 2692 2150 vero
2723 2108 2899 2151 causa
2928 2090 3105 2151 fuerit
3154 2098 3218 2151 ut
3273 2090 3561 2154 Irenzeum

186 2178 289 2236 ἐξω
312 2175 635 2257 Praxean,
664 2196 808 2238 cum
835 2196 903 2239 ex
928 2177 1070 2239 Asia
1086 2178 1332 2240 Romam
1356 2178 1842 2257 advenit,Roma-
1926 2194 2045 2256 prae
2075 2178 2303 2237 caeteris
2333 2178 2663 2258 delegerint
2697 2198 2831 2240 cum
2861 2179 3080 2252 clerus,
3110 2187 3231 2240 tum
3255 2190 3559 2261 martyres,

186 2283 351 2345 aeque
381 2265 703 2345 episcopo
739 2274 944 2327 auctor
972 2265 1080 2325 fuit
1108 2272 1172 2326 ut
1215 2266 1438 2327 litteras
1468 2267 1630 2346 pacis
1680 2267 1845 2329 datas
1924 2265 2024 2345 qui
2055 2265 2280 2326 litteras
2310 2284 2516 2328 eorum
2540 2269 2788 2331 Romam
2818 2268 3127 2348 perferret,
3149 2269 3472 2330 obscurum
3503 2271 3564 2332 in

186 2354 553 2416 Iontanistis
611 2362 955 2427 revocaret,
1007 2354 1351 2419 catholicam
1384 2354 1589 2432 ﬁdem,
1642 2357 1692 2418 si
1724 2376 1840 2418 non
1923 2353 2353 2433 primisPriina
2374 2355 3566 2439 siquidemfronteintempestivaprorsus
3622 2434 3625 2437 ἤ

188 2446 362 2504 ιώωο
389 2444 719 2518 tenuisse,
756 2443 964 2504 saltem
996 2443 1191 2503 adhuc
1219 2443 1550 2524 simulasse,
1584 2464 1696 2507 nec
1728 2446 1842 2508 nisi
1922 2460 1991 2503 ea
2018 2441 2228 2521 legatio
2259 2443 2682 2520 videtur.Esto,
2704 2448 3009 2526 permagni
3038 2447 3244 2508 fuisset
3278 2449 3567 2511 momenti

191 2535 790 2614 postaliquotannos
813 2532 1253 2609 deprehensum
1278 2532 1838 2601 fuissehzereticum.
1921 2531 1997 2592 de
2048 2550 2190 2610 pace
2238 2531 2630 2594 Ecclesiarum
2680 2534 2834 2613 apud
2893 2554 3188 2596 summum
3222 2538 3561 2617 pontiﬁcem

196 2626 380 2695 Some
396 2624 576 2685 enim
602 2623 794 2683 ﬁdem
823 2631 936 2683 tam
959 2621 1132 2682 facile
1157 2624 1306 2702 apud
1334 2623 1669 2703 pontiﬁcem
1693 2624 1842 2687 obti-
1920 2637 2095 2697 agere
2120 2643 2134 2695 ;
2164 2628 2220 2681 at
2248 2621 2417 2682 alteri
2448 2622 2791 2683 demandari
2817 2625 3115 2701 negotium
3161 2633 3428 2704 poterat;
3454 2627 3565 2686 sal-

200 2712 399 2773 auisset
429 2712 723 2794 perﬁdus
747 2710 1167 2790 hmresiarcha,
1206 2727 1379 2792 quem
1424 2711 1608 2773 turbis
1638 2711 1697 2774 in
1721 2715 1839 2775 Ec-
1922 2716 2042 2769 tem
2108 2725 2231 2769 non
2277 2710 2425 2770 adeo
2480 2729 2694 2788 urgere
2735 2711 3070 2785 videbatur,
3128 2716 3269 2793 quin
3312 2716 3372 2773 in
3405 2715 3565 2776 aliud

202 2800 350 2862 clesia
377 2802 630 2863 ciendis
673 2800 923 2861 studere
962 2808 1325 2879 compertum
1355 2799 1580 2862 fuisset.
1619 2800 1733 2863 Sed
1765 2821 1840 2865 ne
1925 2804 2164 2877 tempus
2195 2799 2563 2860 commodius
2592 2800 2818 2861 diﬁ‘erri
2846 2801 3375 2882 potuisset.Neque
3405 2803 3565 2863 enim

208 2890 487 2970 quidpiam
516 2891 621 2952 hic
658 2888 1022 2967 conjecturis
1044 2888 1349 2966 indulgere
1371 2888 1589 2964 videar,
1616 2890 1844 2951 Tertul-
1926 2888 1985 2947 in
2020 2895 2136 2947 tam
2169 2887 2415 2949 adversa
2438 2897 2768 2970 temporum
2797 2891 3159 2965 conditione,
3196 2892 3473 2953 smviente
3496 2892 3567 2953 in
3618 2960 3619 2965 η

210 2979 399 3039 lianum
433 2981 645 3059 ipsum
694 2978 1045 3039 audiamus:
1102 2976 1590 3058 Fruticaverant,
1650 2978 1843 3059 inquit
1923 2978 2137 3040 Christi
2163 2996 2401 3057 gregem
2431 2979 2866 3060 persecutione,
2902 2980 3138 3041 clericis
3161 2981 3437 3043 omnibus
3467 2982 3559 3043 vel

216 3087 393 3130 etcum
418 3067 911 3140 Praxeanoeﬁic
933 3084 1164 3146 quoque
1182 3069 1844 3149 superseminatce,dor-
1860 3116 1899 3165 ο
1923 3064 1985 3125 in
2013 3066 2243 3127 vincula
2271 3067 2581 3145 conjectis,
2615 3069 2706 3130 vel
2736 3068 2991 3130 latebras
3020 3088 3290 3150 quaerere
3320 3070 3565 3152 coactis,

220 3158 515 3219 aemilius
534 3156 758 3218 multis
772 3154 1842 3234 insimplicitaledoctrinw:traductae
1863 3154 1899 3165 “
1924 3164 2325 3233 opportunum
2358 3164 2484 3216 erat
2502 3165 2564 3216 ut
2591 3155 2850 3218 Irenaeus
2872 3158 3157 3220 Ecclesiae
3176 3160 3358 3221 decus
3382 3178 3449 3221 ac
3472 3178 3566 3221 co-

220 3245 721 3327 lehincperquem
746 3245 900 3306 Deus
914 3243 1306 3324 voluit,etiam
1326 3244 1542 3307 evulsas
1556 3245 1843 3307 videban-
1924 3241 2150 3317 lumen,
2183 3244 2351 3322 cujus
2382 3246 2698 3324 praesentia
2727 3246 2852 3307 suis
2880 3254 3192 3327 tantopere
3226 3248 3566 3311 necessaria

220 3336 865 3415 tar.Deniquecaverat
882 3335 1205 3409 pristinum
1226 3335 1437 3396 doctor
1464 3334 1537 3396 de
1566 3335 1842 3395 emenda-
1924 3339 2068 3407 erat,
2105 3340 2221 3393 tam
2256 3334 2461 3413 procul
2498 3334 2958 3399 mitteretur.His
2975 3338 3302 3401 rationibus
3332 3358 3568 3420 permo—

220 3426 577 3504 uenenith
599 3430 808 3483 manet
830 3423 1289 3502 chirographum
1310 3422 1470 3500 apud
1497 3424 1837 3501 Psychicos,
1924 3428 2017 3481 tus
2037 3421 2113 3482 cl.
2139 3421 2431 3484 Henricus
2462 3422 2731 3486 Valesius
2762 3425 2980 3488 fatetur
3004 3427 3060 3476 19
3091 3428 3333 3508 quidem
3378 3436 3500 3490 tum
3532 3446 3568 3490 a

218 3514 358 3590 apud
378 3532 532 3594 quos
556 3520 734 3590 gesta
757 3528 854 3573 res
874 3520 1000 3587 est;
1028 3511 1246 3573 exinde
1272 3510 1605 3574 silentium.
1636 3513 1714 3573 Et
1737 3530 1842 3575 nos

218 3606 438 3681 quidem
466 3610 686 3683 postea
731 3602 964 3679 agnitio
994 3598 1313 3680 Paracleti,
1351 3608 1529 3680 atque
1550 3601 1839 3683 defensio,

218 3692 493 3765 minuit
513 3710 552 3753 α
576 3689 919 3769 Psychicis.
947 3687 1150 3770 Itaque
1170 3689 1425 3769 primum
1447 3689 1680 3751 steriles
1701 3708 1844 3753 ave-

226 3800 330 3860 nas,
358 3790 421 3842 ut
469 3799 608 3842 cum
670 3778 919 3856 Virgilio
974 3777 1233 3857 loquitur
1280 3779 1697 3853 Tertullianus,
1738 3797 1842 3840 seu

224 3870 401 3931 falsam
427 3868 766 3930 doctrinam
796 3866 1108 3929 seminavit
1150 3866 1424 3937 Praxeas,
1485 3886 1603 3929 non
1648 3868 1842 3948 palam

227 3962 468 4039 quidem,
485 3960 596 4021 sed
616 3959 795 4038 clam,
817 3955 1256 4019 dormientibus
1283 3956 1495 4018 multis
1518 3960 1584 4019 in
1611 3958 1844 4035 simpli-

226 4055 381 4113 citate
415 4050 730 4126 doctrinm,
760 4063 872 4109 nec
898 4044 1099 4107 infelix
1129 4044 1331 4105 lolium
1374 4045 1837 4109 advertentibus.

226 4138 349 4201 Tam
380 4156 589 4219 parum
618 4136 737 4198 sibi
757 4135 831 4197 ab
853 4152 923 4195 eo
949 4133 1226 4195 cavebant
1244 4133 1474 4214 ﬁdeles,
1499 4141 1563 4196 ut
1578 4135 1698 4213 jam
1718 4135 1844 4195 fru-

226 4229 455 4290 ﬁcarent
507 4244 734 4301 avenae,
787 4224 846 4286 id
877 4231 987 4303 est,
1018 4239 1194 4302 prava
1223 4222 1494 4301 dogmata
1525 4223 1844 4285 multorum

1923 3511 2174 3572 Pothino
2206 3512 2584 3591 Lugdunensi
2616 3516 2918 3595 episcopo,
2952 3524 3073 3577 tum
3103 3537 3137 3578 a
3159 3518 3341 3592 clero,
3377 3526 3503 3579 tum
3533 3536 3569 3580 a

1926 3600 2279 3679 martyribus
2309 3602 2682 3679 designatum
2729 3604 2910 3666 fuisse
2942 3604 3230 3667 Irenaeum
3282 3607 3382 3686 qui
3415 3608 3569 3685 lega-

1924 3686 2085 3749 tione
2110 3690 2263 3769 apud
2297 3708 2593 3751 summum
2624 3693 2975 3756 Pontiﬁcem
3010 3694 3483 3774 perfungeretur,
3508 3702 3570 3757 et

1925 3794 1959 3837 a
1988 3778 2340 3857 martyribus
2370 3783 2847 3845 commendatum
2871 3782 3077 3859 fuisse;
3110 3783 3400 3862 expletam
3432 3801 3567 3845 vero

1924 3865 2279 3944 legationem
2306 3878 2500 3947 negat,
2527 3870 2629 3931 sed
2651 3873 3101 3950 superveniente
3125 3871 3359 3933 Pothini
3382 3878 3570 3933 morte

1924 3956 2095 4016 alteri
2122 3955 2302 4019 fuisse
2333 3958 2768 4034 demandatam,
2805 3979 2881 4023 ne
2910 3961 2970 4021 in
3028 3968 3187 4021 tanta
3218 3979 3414 4021 rerum
3448 3959 3567 4022 dif-

1924 4044 2180 4106 ﬁcultate
2210 4063 2316 4106 suo
2376 4048 2671 4128 przecipuo
2728 4050 2955 4111 lumine
2986 4049 3313 4129 privaretur
3335 4049 3572 4110 viduata

1927 4151 2063 4194 mox
2093 4152 2198 4195 suo
2242 4142 2476 4214 pastore
2510 4138 2799 4199 Ecclesia.
2848 4138 3201 4201 Franciscus
3230 4138 3572 4200 Feuarden-

1926 4221 2043 4283 tius
2057 4222 2116 4274 20
2136 4230 2193 4285 et
2216 4224 2543 4286 Halloixius
2568 4227 2617 4269 εί
2667 4236 2872 4307 putant
2900 4226 3217 4301 Irenaeum,
3250 4227 3470 4287 nedum
3493 4225 3570 4286 ad

228 4317 437 4378 animos
460 4321 821 4394 occuparent
860 4312 1324 4392 inﬁcerentque;
1380 4312 1571 4372 donec
1608 4313 1841 4374 tandem
1872 4388 1900 4394 _
1925 4311 2338 4389 Eleutherum,
2372 4315 2475 4375 sed
2511 4322 2569 4375 et
2597 4314 2669 4376 ad
2701 4316 3002 4377 Ecclesias
3029 4314 3185 4376 Asiie
3225 4322 3282 4376 et
3311 4313 3573 4394 Phrygiae

233 4406 562 4484 pateiactum
576 4388 652 4464 sit
666 4404 881 4463 malum
896 4388 1240 4479 semen,per
1260 4400 1608 4479 quemDeus
1623 4403 1838 4475 voluit,
1864 4388 1902 4440 (ἶ
1928 4399 2282 4478 legationem
2313 4400 2534 4462 obiisse
2560 4424 2573 4460 :
2635 4421 2774 4464 cum
2806 4405 2918 4464 hoc
2952 4412 3149 4465 tamen
3200 4388 3569 4480 discrimine,

237 4511 451 4574 nempe,
480 4501 547 4555 ut
596 4492 851 4565 videtur,
913 4507 1016 4570 per
1044 4488 1471 4551 Tertullianum
1498 4490 1715 4571 ipsum,
1749 4494 1849 4574 qui

244 4584 477 4645 nondum
522 4601 558 4643 a
602 4578 924 4663 Cathqjicis
976 4578 1299 4657 defecerat,
1352 4586 1416 4639 ut
1452 4578 1583 4657 ipse
1609 4581 1733 4657 ait;
1795 4589 1852 4643 et

252 4676 471 4735 Prneas
492 4669 847 4753 palinodiam
877 4668 1427 4733 recantaverit.ch
1457 4668 1655 4729 omnia
1674 4670 1851 4733 simul

255 4770 300 4821 et
316 4762 505 4823 eodem
527 4769 793 4840 tempore
811 4757 1125 4837 contigisse
1144 4774 1320 4818 nemo
1337 4756 1447 4817 sibi
1467 4761 1846 4837 persuaserit;

258 4850 423 4929 plures
447 4867 631 4913 annos
662 4848 821 4909 inter
842 4864 1155 4909 avenarum
1178 4844 1847 4922 seminationem,fruti-

256 4942 525 5009 cationem.
585 4935 1058 5019 patefactionem,
1118 4943 1176 4997 et
1216 4936 1453 4998 Praxeae
1484 4935 1845 5016 palinodiam

258 5029 616 5092 intercessisse
663 5042 912 5089 necesse
968 5032 1078 5087 est.
1115 5026 1241 5088 Jam
1294 5042 1433 5103 ergo
1485 5024 1536 5084 si
1583 5025 1847 5089 dicamus

259 5121 477 5183 Praxean
520 5116 841 5179 Eleuthero
908 5114 1091 5176 malas
1140 5121 1300 5175 artes
1361 5114 1845 5178 Montanistarum

261 5208 515 5289 aperuisse
558 5226 714 5269 anno
750 5206 887 5280 I77,
920 5222 1040 5285 quo
1072 5203 1224 5283 passi
1246 5210 1385 5264 sunt
1414 5211 1697 5285 martyres
1727 5205 1850 5266 Lu-

265 5298 573 5378 gdunenses;
608 5305 732 5359 tum
768 5312 874 5376 per
900 5292 1111 5373 viginti
1132 5292 1369 5354 circiter
1387 5309 1577 5354 annos
1600 5292 1854 5355 catholi-

270 5405 367 5449 cam
392 5388 541 5450 ﬁdem
566 5386 975 5453 simulantem,
1012 5381 1265 5443 haeresin
1301 5381 1634 5444 clanculum
1665 5382 1851 5445 disse-

275 5478 486 5554 minasse,
528 5493 780 5559 eamque
816 5475 946 5555 jam
1006 5478 1501 5536 maturescentem
1557 5470 1853 5552 latiusque

1930 4489 2087 4569 quod
2113 4490 2275 4570 prior
2297 4491 2435 4552 velit
2452 4509 2585 4553 eum
2610 4492 2864 4554 Pothino
2886 4493 3078 4554 adhuc
3103 4493 3165 4553 in
3177 4493 3320 4554 vivis
3336 4501 3568 4572 agente,

1931 4580 2078 4639 alter
2107 4585 2239 4659 post
2262 4580 2391 4659 ejus
2408 4597 2477 4641 ac
2496 4588 2843 4641 caeterorum
2869 4590 3186 4663 martyrum
3205 4601 3415 4645 necem
3439 4601 3571 4663 pro-

1933 4666 2154 4728 fectum
2188 4668 2386 4729 fuisse.
2420 4667 2709 4732 Baronius
2737 4669 2994 4752 denique
3024 4679 3226 4734 censet
3280 4672 3572 4735 Irenaeum

1936 4755 2181 4817 missum
2215 4774 2344 4818 esse
2361 4758 2435 4819 ad
2458 4757 2842 4822 Eleutherum
2872 4780 3104 4842 papam,
3137 4769 3193 4823 et
3218 4781 3347 4824 eam
3373 4762 3575 4841 reipsa

1934 4844 2288 4922 legationem
2345 4845 2587 4923 obiisse;
2615 4849 2689 4911 de
2730 4849 2950 4911 Asiana
2976 4858 3174 4913 autem
3201 4849 3575 4931 profectione

1934 4933 2069 4994 silet
2098 4952 2357 5014 prorsus.
2392 4935 2563 4997 Istius
2594 4938 2943 5000 sententiam
2973 4939 3353 5018 amplectitur
3393 4937 3443 4997 is
3474 4936 3576 5016 qui

1932 5040 2141 5084 novam
2174 5023 2495 5086 editionem
2552 5044 2798 5107 operum
2830 5025 2893 5090 S.
2926 5026 3139 5088 Leonis
3169 5044 3337 5107 papas
3364 5042 3575 5104 procu-

1929 5112 2076 5173 ravit
2103 5113 2192 5173 vir
2216 5112 2597 5176 doctissimus
2623 5115 3133 5196 33,1renreumque
3163 5122 3299 5175 ante
3335 5112 3574 5174 Pothini
3646 5170 3649 5171 ν

1932 5208 2367 5284 martyrumque
2400 5211 2651 5265 mortem
2682 5204 3011 5285 profectum
3045 5220 3177 5264 esse
3214 5200 3578 5282 probabilius

1932 5290 2250 5354 existimat.
2281 5291 2433 5365 Quid
2464 5292 2581 5374 ipsi
2607 5312 2677 5355 ea
2705 5293 2779 5354 de
2808 5309 2875 5353 re
2907 5293 3252 5372 sentiamus,
3311 5290 3579 5371 proferre

1932 5380 2133 5446 liceat.

2016 5475 2113 5535 Η.
2147 5468 2218 5533 Et
2247 5469 2485 5552 quidem
2516 5470 2806 5535 Irenaeum
2837 5473 2901 5535 in
2926 5469 3129 5533 Asiam
3173 5475 3232 5532 et
3259 5469 3595 5550 Phrygiam,

331 5638 436 5704 "In
460 5639 661 5705 Adnot.
702 5637 769 5699 in
800 5632 915 5696 lib.
949 5646 990 5691 v
1014 5628 1259 5707 Euseb.,
1295 5648 1345 5692 c.
1379 5629 1439 5705 3,
1524 5628 1577 5673 16
1603 5633 1671 5695 Τ.
1704 5628 1757 5693 II
1787 5627 1940 5695 Hist.
1976 5630 2153 5707 eccl.,
2204 5636 2327 5716 not.
2356 5630 2415 5706 4,
2445 5629 2503 5692 in
2536 5631 2797 5694 Montan.
2885 5627 3118 5716 ‘?_Adv.
3148 5631 3319 5697 Prax.
3354 5631 3577 5710 cap...1.

277 5726 503 5809 “Euseb,
533 5730 581 5797 Ι.
615 5746 679 5805 v,
708 5746 770 5790 c.
798 5724 861 5787 3.
954 5717 1111 5809 “Fin
1139 5717 1375 5809 Notrad
1404 5718 1583 5809 lib._v
1635 5718 1789 5781 Hist.
1821 5718 1991 5809 Eua,
2025 5737 2080 5782 c.
2103 5715 2305 5809 4L”
2332 5720 2402 5809 In
2443 5717 2566 5782 Vit.
2600 5717 2663 5782 S.
2696 5717 2857 5783 Iren.
2892 5718 3123 5800 cperib.
3160 5719 3291 5800 ejus
3320 5718 3578 5800 p‘mﬁxa.

271 5819 303 5870 ¹¹
317 5822 365 5893 In
391 5825 496 5903 Vit,
529 5842 583 5889 ο.
623 5821 683 5887 7.

780 5812 841 5860 ⁸³
869 5811 949 5877 '1‘.
974 5808 1033 5875 II
1061 5826 1198 5873 nov.
1232 5806 1372 5873 edit.
1408 5806 1471 5872 S.
1506 5806 1689 5873 Leon.
1724 5809 1845 5872 Par.

1966 5826 2063 5871 an.
2097 5806 2255 5873 1675
2284 5824 2302 5885 ;
2348 5806 2494 5871 diss.
2523 5822 2586 5887 v,
2620 5826 2674 5874 ο.
2698 5809 2800 5873 43.
