4022 6372
462 290 580 357 183
1237 292 1885 360 DISSERTATIONES
1927 296 2255 360 PRIEVLE
2300 296 2380 359 IN
2424 293 2711 360 IRENIEI
2753 296 3048 361 LIBROS.
3822 294 3982 359 184

461 440 497 485 a
525 422 1022 502 Lugdunensibus
1051 431 1110 486 et
1156 423 1602 488 Viennensibus
1629 429 1882 488 missum
1914 427 2118 502 fuisse,
2146 446 2181 485 A
2206 444 2381 505 quam
2441 426 2515 487 de
2574 428 2834 491 Montani
2864 426 3157 490 vaticiniis
3194 428 3625 508 Lugdunenses
3708 435 3982 507 atque

464 509 914 591 [LXXXllvelin
939 530 1039 574 eas
1058 514 1334 593 regiones
1348 532 1594 595 usquam
1620 515 2113 596 migrasse,gratis
2196 514 2572 577 Viennenses
2598 516 2853 579 tulerant
2884 518 3181 578 sententia
3212 518 3459 580 Romam
3494 515 3982 598 perferenda

461 601 731 677 omnino,
808 602 1088 681 nullaque
1145 612 1649 667 nonumentorum
1692 606 2110 669 historicorum
2196 604 3053 685 quastioduntaxatfuisset,ut
3081 606 3360 685 supponit
3383 606 3980 677 Valesius,non-

460 688 580 751 ﬁde
607 689 1194 753 asseritur.Afﬁrmat
1222 692 1459 773 quidem
1477 692 1767 756 Eusebius
1786 694 1850 745 23
1867 695 2052 758 varias
2082 715 2115 759 a

460 778 842 860 martyribus,
902 798 1037 842 cum
1096 780 1291 843 adhuc
1347 790 1697 845 tenerentur
1744 785 1803 845 in
1835 784 2110 859 vinculis,

458 864 535 927 de
557 885 702 947 pace
730 865 1127 930 Ecclesiarum
1160 869 1414 950 scriptas
1441 870 1624 932 fuisse
1654 871 1958 952 epistolas,
1986 881 2105 933 tum

453 953 529 1041 ad
586 954 797 1018 fratres
826 956 927 1037 qui
958 966 1125 1019 erant
1154 957 1217 1018 in
1275 959 1414 1019 Asia
1467 964 1529 1019 et
1556 958 1828 1041 Phrygia,
1881 969 2004 1021 tum
2034 963 2106 1024 ad

454 1040 841 1107 Eleutherum
876 1065 1087 1127 papam
1126 1067 1142 1120 ;
1176 1048 1427 1109 mortuis
1453 1067 1591 1109 vero
1623 1040 2109 1130 martyribus,qui

456 1134 808 1213 superstites
834 1144 1004 1197 erant
1032 1135 1266 1209 ﬁdeles,
1299 1154 1399 1198 eas
1417 1136 1667 1217 longiori
1691 1138 1774 1199 illi
1797 1157 1865 1201 ac
1886 1139 2107 1217 insigni

453 1220 744 1301 epistola,
780 1243 957 1305 quam
987 1224 1061 1287 ab
1112 1226 1238 1306 ipso
1299 1223 1525 1288 Irenao
1576 1224 1778 1290 Graco
1827 1228 2107 1290 idiomate

454 1310 737 1391 scriptam
768 1312 951 1375 fuisse
977 1312 1339 1375 arbitrantur
1360 1315 1530 1377 multi
1564 1316 1744 1397 (haud
1776 1326 1936 1379 certe
1958 1317 2109 1380 indi-

451 1417 601 1477 gnus
624 1408 713 1462 est
730 1399 879 1463 fetus
892 1403 991 1482 qui
1010 1409 1167 1464 tanto
1195 1403 1316 1465 viro
1338 1404 1651 1488 tribuatur)
1665 1407 1746 1486 ,in
1760 1426 1876 1487 qua
1893 1415 2108 1487 marty-

449 1504 585 1549 rum
617 1490 941 1577 certamina
965 1491 1485 1568 describebantur,
1514 1504 1571 1557 et
1597 1496 1669 1557 ad
1690 1498 1858 1577 cujus
1879 1497 2101 1559 calcem

2198 691 2347 753 nihil
2382 691 2661 773 ponderis
2718 693 2972 755 forsitan
3034 692 3281 755 haberet
3339 696 3469 774 ejus
3508 696 3708 756 ratio.
3766 693 3965 755 Non

2198 781 2353 844 enim
2378 783 2525 845 tanti
2550 783 2834 844 momenti
2849 782 3033 844 fuisse
3050 782 3403 858 videtur,aut
3424 784 3573 846 adeo
3601 783 3971 862 urgebat

2192 870 2517 949 negotium,
2549 870 2692 952 quin
2717 871 2777 931 in
2807 871 2967 932 aliud
2992 879 3226 951 tempus
3248 872 3627 933 commodius
3652 870 3960 932 differ-

2190 958 2267 1039 ri,
2299 972 2402 1021 aut
2432 960 2637 1021 saltem
2669 960 2842 1021 alteri
2873 978 3048 1040 quam
3080 958 3302 1020 Irenaeo
3344 960 3516 1022 facile
3547 958 3956 1022 committi

2191 1047 2504 1127 potuisset.
2537 1047 2705 1111 Unde
2734 1049 2890 1128 quod
2925 1049 2987 1108 in
3017 1054 3132 1108 tam
3166 1047 3508 1109 difficilibus
3538 1047 3953 1109 Ecclesia—

2188 1153 2321 1196 rum
2354 1136 2769 1215 Lugdunensis
2799 1142 2857 1198 et
2890 1135 3249 1196 Viennensis
3270 1137 3644 1216 temporibus
3684 1154 3890 1215 roga
3905 1170 3929 1180 ~-

2188 1230 2283 1284 tus
2315 1224 2491 1285 fuerit
2522 1225 2653 1285 talis
2682 1233 2740 1286 et
2770 1232 2963 1286 tantus
2986 1224 3094 1298 vir,
3122 1233 3186 1285 ut
3214 1222 3606 1286 Eleutherum
3634 1242 3939 1305 papam

2188 1312 2401 1388 adiret,
2438 1314 2581 1374 illud
2610 1314 2815 1394 procul
2839 1313 3020 1375 dubio
3051 1312 3446 1394 demonstrat,
3472 1314 3659 1391 longe
3682 1314 3932 1374 aliam

2187 1409 2365 1478 atque
2398 1403 2642 1483 majoris
2673 1401 2961 1464 momenti
2990 1401 3177 1463 fuisse
3234 1419 3471 1463 causam
3530 1401 3860 1465 adeundi
3905 1422 3926 1477 ;

2188 1510 2570 1575 praesensque
2592 1494 2833 1575 aliquod
2853 1493 2925 1554 ab
2940 1493 3064 1554 istis
3078 1491 3361 1554 Ecclesiis
3381 1493 3780 1575 propulsand
3793 1513 3836 1554 u
3849 1513 3922 1553 m

443 1575 738 1666 judicium
772 1579 848 1641 de
878 1580 1049 1643 novis
1079 1582 1389 1662 prophetis
1418 1584 1711 1661 ferebant,
1763 1575 2097 1666 adjecisse;
2183 1581 2510 1645 discrimen
2535 1591 2863 1645 maturasse
2888 1581 3345 1663 profectionem.
3383 1581 3697 1655 Quidnam
3736 1600 3925 1643 vero

449 1664 558 1728 sed
590 1665 723 1729 illas
752 1666 976 1731 Irenaeo
1006 1671 1248 1732 traditas
1279 1671 1492 1753 fuisse,
1536 1675 1632 1736 vel
1665 1664 1931 1756 rogatum
1965 1696 2099 1738 eum
2183 1670 2271 1732 rei
2309 1670 2509 1751 fuerit,
2541 1671 2697 1734 haud
2724 1672 3000 1751 obscure,
3036 1671 3097 1731 ni
3116 1670 3311 1745 fallor,
3348 1680 3466 1732 tum
3491 1690 3560 1732 ex
3596 1672 3917 1734 historia

450 1772 702 1847 usquam
728 1756 935 1847 fuisse,
967 1766 1031 1819 ut
1059 1758 1122 1820 in
1154 1758 1458 1824 Orientem
1491 1765 1802 1847 perferret,
1836 1784 1947 1828 nec
1978 1767 2097 1829 Eu-
2125 1792 2163 1843 Β
2187 1768 2529 1839 martyrum,
2564 1770 2686 1822 tum
2724 1779 2792 1821 ex
2844 1760 3102 1821 Eusebio
3150 1759 3209 1809 εἴ)
3238 1760 3366 1840 ipso
3398 1768 3457 1822 et
3485 1759 3912 1841 Hieronymo

449 1843 673 1925 sebius,
709 1863 821 1907 nec
849 1846 1001 1908 alius
1031 1849 1346 1930 quisquam
1379 1870 1413 1913 e
1457 1843 1755 1915 veteribus
1786 1843 2096 1917 memorat.

448 1932 651 2011 Longe
679 1932 837 1996 aliud
869 1934 1247 1998 sentiendum
1279 1938 1353 2001 de
1388 1939 1482 2023 iis,
1543 1961 1675 2023 qua
1701 1943 1775 2004 ad
1827 1943 2102 2007 Eleuthe-

446 2038 582 2082 rum
613 2039 823 2113 papain
856 2024 1295 2113 scribebantur,
1329 2028 1619 2110 epistolis.
1680 2031 1826 2113 Has,
1873 2041 1935 2094 ut
1987 2032 2096 2095 Ro-

447 2126 607 2172 mam
635 2110 840 2187 ferret,
870 2111 1162 2177 Irenaum
1198 2135 1439 2196 rogasse
1489 2138 1554 2182 se
1611 2110 1850 2184 disertis
1903 2122 2102 2184 verbis

449 2205 743 2261 testantur
771 2209 1054 2283 martyres
1074 2203 1133 2264 in
1165 2206 1398 2286 scriptis
1420 2207 1493 2269 ad
1514 2209 1793 2272 eumdem
1818 2210 2100 2274 Eleuthe-

444 2304 579 2350 rum
611 2288 671 2349 in
699 2290 905 2352 lrenai
926 2292 1175 2368 gratiam
1202 2297 1950 2363 commendatitiislitteris.
1981 2303 2101 2362 Mo-

446 2392 575 2437 rem
605 2394 743 2469 vero
772 2379 1031 2457 gessisse
1079 2379 1394 2465 lrenaum,
1449 2385 1792 2469 litterasque
1851 2390 2100 2452 Romam

447 2465 762 2557 pertulisse
793 2485 1076 2548 expresse
1106 2472 1322 2534 asserit
1350 2465 1747 2557 Hieronymus
1775 2477 1831 2521 9‘
1860 2498 1874 2540 :
1911 2478 2005 2539 cui
2028 2497 2099 2539 eo

449 2552 638 2647 mojtu
666 2553 776 2617 hac
805 2557 866 2618 in
897 2564 1065 2638 parte
1088 2558 1236 2621 ﬁdes
1251 2552 1713 2647 tribuenda,quo
1736 2567 1944 2630 Roma
1968 2567 2099 2629 diu-

450 2639 678 2730 tissime
734 2652 1160 2719 commoratus,
1211 2659 1272 2712 ut
1306 2652 1490 2730 probe
1523 2639 1688 2718 notat
1718 2655 2100 2718 doclissimus

446 2729 663 2826 Leonis
693 2733 910 2826 editor,
943 2729 1420 2817 scriniorumque
1441 2744 1903 2821 apostolicorum
1927 2745 2101 2826 parti-

446 2837 590 2915 c_eps
618 2821 829 2903 factus,
863 2825 974 2885 hoc
1011 2827 1221 2915 partim
1254 2846 1322 2890 ex
1356 2829 1673 2894 traditione
1706 2834 1898 2915 urbis,
1927 2821 2097 2912 'par-

447 2908 554 2970 tim
586 2926 655 2970 ex
681 2914 1082 3002 monumentis
1102 2914 1297 2978 adhuc
1320 2921 1736 2998 superstitibus
1761 2908 2102 3002 potuit-edi-

447 3016 643 3060 scere.
686 3001 811 3061 Nec
839 3000 1114 3066 dissentit
1145 3003 1439 3068 Eusebius
1465 3029 1479 3066 :
1542 3009 1664 3071 imo
1691 3000 2104 3072 demandatum

2186 1848 2507 1927 colligitur.
2540 1849 2691 1931 Ipsis
2718 1847 3147 1930 persecutionis
3163 1848 3350 1909 initiis
3367 1850 3904 1928 comprehensus

2184 1939 2476 2000 Pothinus
2506 1939 2824 2020 episcopus
2842 1938 3275 2018 Lugdunensis,
3298 1947 3474 2018 atque
3495 1956 3528 1999 a
3549 1938 3903 1999 militibus

2184 2026 2530 2090 immaniter
2557 2036 2840 2109 raptatus,
2874 2025 3323 2108 innumerisque
3347 2026 3534 2107 plagis
3564 2026 3888 2103 affectus,

2186 2133 2341 2193 pene
2370 2116 2655 2178 exanimis
2685 2118 2996 2198 conjectus
3028 2118 3086 2177 in
3131 2133 3458 2196 carcerem,
3495 2115 3684 2177 biduo
3721 2128 3889 2197 post

2187 2222 2260 2267 ex
2276 2204 2617 2267 vulneribus
2639 2206 2898 2288 acceptis
2923 2205 3323 2284 nonagenario
3358 2205 3546 2283 major
3577 2204 3882 2266 animam

2188 2295 2580 2358 exhalaverat.
2617 2295 2681 2358 Si
2710 2296 2933 2357 diutius
2954 2294 3215 2357 antistite
3236 2292 3384 2355 orba
3410 2294 3469 2353 in
3503 2294 3578 2354 iis
3603 2302 3731 2354 tem
3743 2315 3879 2375 po-

2184 2400 2317 2444 rum
2353 2383 2641 2461 angustiis
2678 2384 2886 2446 relicta
2936 2384 3141 2444 fuisset
3167 2380 3453 2457 Ecclesia,
3505 2381 3871 2461 periculum

2184 2471 2395 2534 fuisset
2429 2490 2505 2534 ne
2535 2471 2884 2534 Christiana
2913 2490 3011 2533 res
3043 2476 3102 2531 in
3134 2468 3358 2546 Galliis,
3399 2470 3521 2549 jam
3560 2487 3872 2550 persecu-

2184 2568 2377 2621 torum
2408 2561 2611 2623 furore
2630 2580 2746 2622 non
2767 2579 2973 2642 parum
3006 2559 3676 2635 labefactata,t'unditus
3701 2577 3867 2621 rue-

2181 2656 2343 2709 rent.
2376 2649 2569 2721 Quare
2600 2650 2936 2710 communis
2970 2657 3092 2709 tum
3122 2648 3290 2721 cleri,
3325 2655 3447 2708 tum
3512 2656 3855 2726 martyrum

2182 2738 2329 2797 votis
2359 2737 2623 2798 delectus
2658 2737 2916 2799 lrenaus
2949 2736 3198 2799 Pothino
3222 2736 3537 2799 sufﬁcitur.
3564 2734 3720 2808 Quia
3742 2755 3862 2799 ve-

2181 2844 2248 2886 ro
2305 2836 2404 2887 aut
2461 2827 2773 2901 rarissimi,
2836 2836 2936 2888 aut
2967 2826 3255 2888 nullidum
3287 2833 3459 2887 erant
3514 2823 3575 2885 in
3634 2823 3857 2887 Galliis

2188 2914 2451 2994 episcopi
2498 2916 2747 2994 (nullum
2783 2917 2989 2977 saltem
3021 2916 3095 2975 iis
3156 2914 3521 2994 temporibus
3554 2924 3860 2975 memorat

2190 3001 2483 3064 Eusebius
2504 3004 2917 3085 96,!)equidem
2933 3003 3087 3083 apud
3115 3001 3510 3082 Viennenses)
3531 3003 3631 3083 qui
3652 3003 3852 3064 electo

464 3086 821 3178 legationem
843 3090 1137 3169 expletam
1168 3093 1351 3156 fuisse
1370 3096 1513 3158 satis
1527 3096 1768 3158 silentio
1788 3117 1894 3160 suo
1914 3098 2108 3178 signi-
2129 3091 2168 3141 C
2195 3108 2402 3151 manus
2460 3108 2701 3172 possent.
2756 3094 3087 3173 imponere,
3148 3110 3393 3153 necesse
3439 3091 3549 3150 fuit
3594 3091 3849 3151 Romani

465 3175 643 3268 ﬁcat;
674 3177 722 3238 si
747 3178 1023 3268 effectum
1053 3181 1261 3268 sortita
1289 3202 1407 3245 non
1430 3184 1658 3257 fuisset,
1686 3186 1745 3248 id
1772 3175 2111 3268 proculdu-

465 3262 564 3325 bio
595 3284 712 3327 non
743 3266 1229 3331 omissurus.Non
1259 3274 1750 3336 committendum
1774 3262 1977 3337 autem
2006 3296 2113 3357 pu-

460 3362 608 3444 tem,
640 3361 704 3444 ut
732 3371 768 3415 a
794 3361 967 3418 tanta
1014 3362 1376 3423 auctoritatis
1424 3363 1783 3444 scriptorum
1817 3366 2112 3427 sententia

456 3442 863 3525 disoedamus,
897 3446 1011 3507 nisi
1032 3450 1400 3527 gravissimis
1420 3442 1740 3516 momentis
1764 3473 1832 3517 ac
1855 3455 2110 3516 rationi-

455 3531 589 3625 bus,
640 3550 772 3625 qua
800 3534 1090 3625 certe
1115 3538 1352 3615 desunt,
1379 3539 1749 3623 abducti.At,
1773 3542 1964 3625 inquit
1992 3544 2109 3607 Va-

454 3619 974 3695 lesius,'credibile
992 3645 1110 3687 non
1125 3634 1214 3688 est
1228 3630 1515 3691 Irenaum
1532 3619 2110 3711 Ecclesiam'Lugdu-

457 3729 705 3773 nensem
740 3714 1176 3792 persecutionis
1206 3716 1527 3781 acerbitate
1547 3719 1941 3792 fatiscentem,
1967 3742 2106 3783 suo-

454 3817 570 3880 que
600 3799 897 3863 viduatam
932 3810 1195 3884 pastore,
1228 3806 1513 3869 deserere
1544 3819 1641 3872 aut
1672 3811 1954 3887 voluisse,
2011 3820 2112 3873 aut

452 3888 891 3981 potuisse.__Sed
923 3890 975 3952 si
1003 3892 1291 3956 credibile
1320 3896 1394 3957 sit
1422 3897 1484 3957 in
1511 3898 1585 3959 iis
1617 3906 1953 3981 temporum
1984 3902 2108 3963 cir-

452 3976 835 4070 cumstantiis
852 3985 975 4041 tum
1008 3998 1043 4042 a
1073 3982 1260 4058 clero,
1295 3990 1418 4046 tum
1450 4006 1485 4048 a
1516 3976 1871 4069 martyribus
1891 3991 2017 4070 jam
2050 3991 2109 4052 in

448 4063 682 4128 vincula
708 4068 1017 4147 conjectis,
1049 4070 1269 4152 quibus
1298 4075 1649 4155 propediem
1668 4063 2107 4140 vdenun'tianda

454 4161 615 4217 esset
632 4156 909 4245 capitalis
937 4158 1221 4222 adversus
1256 4180 1360 4223 eos
1386 4161 1503 4226 lata
1550 4166 1865 4245 sententia,
1903 4168 2105 4230 Pothi-

453 4262 532 4337 no
556 4244 648 4306 vel
679 4247 1109 4337 comprehenso
1140 4248 1231 4337 vel
1263 4258 1517 4329 mortuo,
1548 4244 1895 4337 caterisque
1924 4257 2104 4319 cleri-

2195 3180 2492 3258 pontiﬁcis
2520 3201 2696 3260 Opem
2732 3182 3077 3263 implorare,
3128 3189 3248 3241 tum
3285 3189 3524 3260 propter
3563 3179 3845 3240 vicinita-

2196 3276 2338 3343 tem,
2378 3280 2502 3331 tum
2531 3280 2774 3351 propter
2804 3271 3119 3352 potiorem,
3158 3280 3217 3331 ut
3266 3267 3524 3350 loquitur
3552 3266 3836 3344 Irenaus,

2196 3358 2691 3439 principalitatem
2730 3381 2744 3434 ;
2780 3374 2842 3420 ut
2895 3361 3145 3421 viduata
3167 3378 3274 3421 suo
3306 3366 3538 3439 pastore
3567 3356 3847 3418 Ecclesia

2198 3465 2305 3527 per
2332 3448 2600 3527 ejusdem
2628 3448 2835 3511 Irenai
2856 3450 3366 3510 consecrationem
3388 3447 3686 3527 suppetias
3716 3445 3841 3507 fer-

2197 3544 2306 3599 ret.
2334 3538 2441 3599 llic
2471 3557 2609 3618 ergo
2644 3541 2873 3603 Roman
2905 3537 3228 3599 mittendus
3264 3536 3398 3611 fuit,
3456 3544 3534 3610 et,
3579 3544 3641 3595 ut
3684 3534 3843 3596 fere-

2196 3626 2334 3689 bant
2363 3627 2644 3690 Ecclesia
2671 3629 2852 3707 leges,
2909 3627 3034 3706 ejus
3065 3627 3237 3700 lines,
3271 3623 3702 3706 pietas,merita
3730 3624 3839 3684 de-

2195 3716 2375 3797 nique
2405 3717 2724 3779 Eleuthero
2758 3716 3084 3797 probanda.
3133 3713 3380 3795 Hucque
3413 3722 3679 3795 spectant
3708 3714 3841 3794 epi-

2193 3806 2359 3867 stola
2384 3805 2883 3868 commendatitia
2909 3824 3058 3885 quas
3079 3805 3150 3866 ad
3179 3803 3520 3884 pontiﬁcem
3545 3800 3837 3882 scripsere

2196 3911 2498 3975 martyres,
2532 3895 2749 3977 quibus
2774 3894 2980 3957 lrenai
3011 3897 3332 3973 singulare
3351 3909 3470 3972 pro
3506 3893 3731 3954 Christi
3762 3901 3840 3954 tc-

2191 3994 2486 4047 stamento
2525 3986 2801 4048 studium
2838 3981 3624 4063 pradicant,hortanturque
3655 3982 3833 4061 utip-

2192 4090 2324 4135 sum
2349 4076 2584 4136 caeteris
2609 4081 2962 4154 anteponat,
2987 4072 3132 4153 ἔχειν
3155 4094 3214 4128 σε
3245 4073 3403 4129 αὐτὸν
3436 4072 3490 4127 ἐν
3522 4071 3787 4145 πκρκθέσει
3817 4091 3830 4130 :

2190 4183 2266 4226 ne
2297 4165 2494 4225 minus
2520 4174 2723 4225 notum
2770 4162 3179 4244 presbyterum
3210 4163 3285 4221 ad
3347 4160 3688 4239 dignitatem
3718 4160 3834 4240 epi-

2190 4255 2488 4335 scopalem
2532 4253 2785 4315 evehere
2831 4250 3270 4315 dubitaret.Sic
3295 4250 3620 4313 Eusebium
3642 4248 3688 4291 97
3704 4267 3827 4310 cum

454 4332 538 4394 cis
561 4340 667 4427 aut
687 4335 895 4413 captis,
921 4336 1275 4427 autfugatis,
1300 4341 1614 4418 Irenaeum,
1640 4332 2109 4427 metu—perculsa
2129 4357 2174 4410 D
2192 4343 2265 4405 cl.
2299 4332 2518 4404 Leonis
2548 4342 2776 4405 editore
2808 4342 3165 4421 interpretor
3191 4361 3207 4418 ;
3238 4358 3273 4402 a
3302 4360 3418 4421 quo
3465 4348 3655 4400 tamen
3683 4339 3738 4400 in
3760 4357 3824 4399 eo

457 4419 779 4509 etafﬁicta
806 4422 1091 4487 Ecclesia
1151 4434 1267 4488 tam
1327 4432 1753 4509 necessarium,
1808 4419 2105 4499 delectum

455 4507 671 4600 fuisse,
700 4509 799 4590 qui
823 4509 1081 4600 _R_omam
1115 4514 1341 4579 litteras
1390 4521 1679 4600 perferret
1712 4507 1871 4597 {cur
1897 4543 2110 4587 revera

458 4596 776 4693 pertulisse
807 4597 986 4693 ﬁdem
1046 4596 1406 4683 superabit?
1463 4609 1630 4682 Quod
1682 4611 2109 4693 impedimento

456 4684 641 4783 fuisse
700 4687 1423 4783 supponiturquominus
1470 4699 1685 4779 legatio
1728 4684 2109 4783 eipleretur;

454 4772 616 4838 idem
650 4782 708 4838 et
742 4792 878 4839 esse
907 4772 1459 4863 debuit’quominus
1487 4772 1938 4854 dacerneretur.
1965 4772 2108 4855 Cum

457 4863 639 4944 igitur
667 4863 821 4927 hanc
852 4866 912 4928 in
938 4864 1068 4948 ipso
1100 4872 1536 4950 persecutionis
1561 4886 1710 4939 astu
1740 4878 2121 4943 decreverint

459 4953 659 5016 clerus
688 4961 747 5017 et
775 4963 1099 5038 martyres;
1135 4960 1280 5040 quin
1314 4978 1383 5023 ea
1420 4964 1759 5042 perfunctus
1789 4969 1971 5033 fuerit
1999 4970 2118 5033 Ire-

462 5059 649 5120 naus,
683 5060 789 5124 pro
814 5062 1049 5109 summo
1079 5065 1195 5129 quo
1225 5048 1474 5112 invictos
1498 5052 1716 5116 Christi
1732 5057 1984 5122 athletas
2009 5078 2115 5121 co-

462 5129 624 5224 lebat
651 5130 964 5215 obsequio,
1000 5135 1277 5200 saviente
1302 5137 1445 5202 licet
1474 5143 1909 5224 persecutione,
1935 5147 2114 5211 dubi-

463 5218 576 5281 tari
609 5236 724 5281 non
758 5231 976 5302 potest.

2191 4433 2507 4512 dissentio,
2567 4432 2726 4513 quod
2787 4431 3152 4512 probabilius
3200 4439 3368 4511 putet
3420 4436 3558 4490 ante
3610 4428 3823 4489 Pothini

2194 4530 2631 4603 martyrumque
2660 4529 2913 4581 mortem
2964 4519 3039 4579 ad
3070 4518 3453 4585 Eleutherum
3510 4518 3817 4597 profectum

2192 4630 2326 4674 esse
2347 4611 2663 4673 Irenaum.
2695 4611 2905 4691 Neque
2937 4608 3096 4671 enim
3120 4607 3393 4669 obtinere
3425 4625 3458 4667 a
3478 4623 3576 4666 me
3603 4622 3815 4685 possum

2192 4710 2258 4764 ut
2308 4700 2571 4774 credam,
2627 4707 2913 4781 martyres
2963 4717 3073 4760 suo
3101 4698 3297 4758 adhuc
3346 4696 3407 4756 in
3439 4695 3584 4755 vivis
3632 4700 3817 4774 agente

2203 4789 2484 4871 episcopo
2515 4787 2761 4851 Romam
2794 4787 3052 4867 misisse,
3087 4784 3190 4865 qui
3221 4784 3475 4845 necdum
3501 4802 3721 4845 vacuam
3741 4801 3818 4843 se.

2200 4880 2337 4941 dem
2368 4886 2730 4958 capesseret.
2762 4876 2907 4939 Nam
2933 4883 3319 4958 praeterquam
3354 4873 3512 4954 quod
3546 4873 3604 4934 id
3630 4873 3813 4936 Eccle~

2199 4969 2304 5031 sia
2334 4968 2562 5049 legibus
2590 4966 2978 5049 repugnabat,
3011 4965 3140 5042 ipsa
3168 4969 3489 5044 martyrum
3522 4965 3678 5037 Acta,
3703 4982 3814 5043 qua

2197 5060 2381 5121 refert
2404 5057 2698 5121 Eusebius
2727 5054 2803 5130 33,
2838 5055 2912 5116 ad
2961 5052 3262 5115 Ecclesias
3304 5051 3459 5114 Asia
3497 5060 3556 5114 et
3586 5051 3810 5133 Phrygia

2199 5149 2407 5220 missa,
2464 5155 2752 5213 testantur
2790 5144 3105 5206 Pothinum
3151 5143 3395 5203 ineunte
3467 5142 3590 5203 fere
3632 5160 3807 5221 perse-

2198 5239 2435 5301 cutione
2464 5235 2984 5317 comprehensum,
3020 5232 3297 5312 martyrio
3341 5231 3515 5294 vitam
3571 5230 3803 5311 (iniisse;

3956 4856 3981 4897 Ι

544 5306 1118 5409 ‘2;Siq1&deyn§e
1174 5315 1547 5409 sallicitanda
1600 5322 1756 5403 apud
1813 5342 2111 5389 summum
2194 5330 2357 5409 itque
2390 5334 2511 5391 tota
2556 5306 2907 5388 Eusebiana
2957 5306 3315 5384 narrationis
3357 5322 3544 5383 series
3577 5320 3701 5381 satis
3724 5306 3805 5409 in;

467 5394 807 5473 pontiﬁcem
832 5397 1230 5467 Ecclesismm
1259 5394 1657 5472 Orientalium
1714 5430 1883 5496 pace,
1925 5433 2114 5498 eaque
2194 5394 2391 5481 sinuat
2417 5438 2433 5495 ;
2464 5413 2612 5478 adeo
2642 5421 2705 5475 ut
2733 5414 2807 5476 de
2824 5410 3107 5474 mittendo
3125 5409 3373 5474 Romam
3398 5415 3619 5476 lrenao
3638 5407 3803 5471 consi-
3916 5443 3923 5450 -

542 5583 600 5632 ⁸³
626 5585 763 5673 Lib.
791 5608 851 5670 v,
879 5612 935 5660 c.
958 5598 1023 5661 3.
1103 5596 1252 5664 “In
1294 5601 1478 5668 Catsl.
1560 5603 1615 5651 ³⁵
1639 5605 1772 5675 Lib.
1802 5625 1865 5689 ν,
1901 5629 1957 5675 c.
1992 5616 2052 5679 t.

2195 5610 2628 5691 lSib.v,c.6.
2712 5606 3137 5674 "Ibich.
3220 5606 3669 5691 m3Ib.,cap.1.
3738 5590 3742 5593 ’
