4022 6444
112 418 225 479 185

108 568 241 610 an
280 548 602 629 cepisse
634 557 933 630 martyres
953 549 1308 625 referantur,
1320 556 1449 628 post
1471 549 1859 609 memoratam

132 658 195 698 ω
224 638 592 719 episcopi
614 637 713 699 sui
760 645 1043 719 mortem,
1075 647 1140 700 ut
1183 636 1729 718 haecillipraaivisse
1745 634 1856 697 de-

114 728 650 791 :mstretur.5i
678 746 824 789 vero
846 726 1136 790 Eusebius
1159 735 1287 808 post
1304 732 1851 799 commemoratam,

112 814 612 894 ημιλτεηεὶ
634 815 1255 894 legationem,iterum
1278 815 1353 878 de
1385 814 1624 879 Pothini
1640 820 1855 892 morte,

100 907 490 986 ‘sena'que
524 907 596 966 in
647 907 789 985 ejus
810 905 1008 967 locum
1048 903 1468 966 substitutione
1489 911 1643 981 agat;
1673 920 1854 981 argu-

108 1004 303 1055 aento
326 1013 509 1055 non
542 1002 642 1055 est
671 1013 812 1055 eam
834 1002 1021 1054 morte
1044 992 1301 1074 priorem
1323 993 1502 1054 fuisse
1533 1012 1550 1067 ;
1584 990 1689 1053 sed
1720 1007 1855 1052 cum

108 1082 434 1145 Eusebius
471 1082 653 1145 cieri
683 1091 746 1144 et
768 1091 1092 1163 martyrum
1116 1081 1487 1162 epistolas,in
1509 1079 1858 1161 quibusom-

116 1173 198 1232 iia
218 1174 372 1236 hac
408 1171 680 1234 eodem
695 1190 840 1252 ,quo
871 1170 1240 1245 dixi,ordine
1264 1170 1608 1232 referuntur
1633 1167 1859 1230 exscri-

118 1261 347 1323 icudas
382 1260 543 1322 sibi
573 1259 1186 1341 proposuisset.quod
1212 1259 1423 1338 primis
1453 1266 1706 1340 quatuor
1725 1255 1858 1320 libri

126 1351 302 1429 quinti
332 1349 709 1431 capitibus
734 1350 1235 1430 exsequitur;quze
1254 1348 1328 1409 de
1355 1350 1581 1410 Irenaeo
1596 1347 1719 1427 jam
1737 1346 1862 1406 suis

124 1440 315 1500 verbis
344 1440 688 1501 dicturus
707 1446 861 1519 erat,
891 1438 1121 1512 debuit,
1151 1456 1231 1499 ne
1279 1435 1639 1499 narrationis
1695 1434 1858 1496 tilum

133 1528 669 1611 abrumperetﬁn
705 1536 887 1608 caput
915 1534 1141 1589 sextum
1174 1526 1448 1605 rejicere.
1475 1524 1568 1588 Ab
1600 1522 1859 1588 Eusebio

138 1637 243 1678 non
270 1618 590 1681 discedit
627 1617 1074 1696 Hieronymus,
1100 1615 1280 1697 quiin
1312 1615 1463 1676 libro
1495 1614 1584 1676 De
1602 1614 1861 1694 scripto-

142 1706 304 1769 ribus
334 1706 854 1787 ecclesiaeticis,
885 1705 960 1766 de
987 1704 1211 1767 Irenaeo
1265 1705 1343 1765 ita
1390 1702 1653 1784 loquitur
1684 1723 1698 1761 :
1728 1701 1860 1762 Ire-

138 1814 296 1858 καις
333 1795 650 1858 Pothini
669 1794 1070 1875 episcopi,qui
1088 1792 1547 1873 Lugdunensem
1570 1793 1638 1853 in
1659 1788 1864 1853 Gallia

142 1886 387 1963 'egebuf
410 1883 845 1954 Ecclesium,
872 1881 1202 1962 presbyter,
1236 1897 1273 1943 a
1292 1878 1661 1961 martyribus
1690 1881 1858 1957 ejus-

148 1982 263 2034 m
294 1973 424 2036 loci
454 1972 542 2035 ob
580 1972 907 2054 quasdam
936 1970 1226 2033 Ecclesiae
1252 1971 1606 2050 quaestiones
1628 1967 1859 2048 legatus

147 2064 395 2124 Romam
426 2064 717 2136 missus,
754 2059 1124 2139 honoriﬁcus
1151 2076 1326 2139 super
1353 2059 1597 2120 nomine
1636 2074 1743 2119 suo
1770 2056 1855 2127 (id

152 2166 247 2231 est,
284 2152 545 2214 nomini
586 2152 761 2230 ejus,
794 2149 956 2231 quod
1009 2149 1326 2231 paciﬁcum
1368 2155 1563 2228 sonat,
1598 2164 1857 2227 respon-

150 2240 373 2317 dentes)
395 2242 488 2303 ad
516 2238 961 2303 Eleutherum
975 2242 1319 2318 episcOpum
1344 2236 1575 2318 perfert
1591 2235 1854 2299 litteras.

158 2328 358 2391 Postea
377 2330 542 2409 jam
581 2326 869 2390 Pothino
893 2342 1080 2407 prope
1103 2325 1535 2406 nonagenario
1564 2322 1638 2385 ob
1672 2322 1854 2386 Chri-

161 2427 298 2480 stum
331 2418 665 2497 martyrio
694 2422 1009 2491 coronato,
1043 2416 1110 2476 tu
1133 2413 1326 2477 locum
1357 2416 1489 2492 ejus
1536 2412 1858 2474 substitui-

168 2516 269 2571 tur.
292 2505 648 2588 [LXXXII]
704 2503 939 2576 Quibus
990 2502 1186 2565 verbis
1223 2521 1342 2564 non
1374 2500 1631 2563 obscure
1662 2500 1854 2579 signi-

172 2597 287 2658 ﬁcat
314 2597 655 2677 duplicem
683 2593 876 2654 fuisse
905 2591 1218 2670 legationis
1241 2589 1453 2652 Irenaai
1477 2591 1682 2651 finem:
1714 2590 1857 2652 alte-

177 2703 313 2765 tum,
340 2700 636 2764 eumque
662 2681 872 2743 minus
890 2679 1193 2760 prmcipuu
1209 2695 1464 2757 m,quem
1480 2678 1605 2758 jam
1632 2697 1854 2739 memo-

183 2773 524 2849 mimus,ut
538 2773 623 2834 de
638 2768 1014 2851 quibusdam
1031 2767 1311 2829 Ecclesiae
1324 2766 1855 2844 quaestionibusjis

190 2862 446 2923 nimirum
474 2879 625 2942 qua:
660 2858 742 2920 ad
757 2876 941 2918 novas
963 2856 1303 2937 prophetias
1324 2854 1854 2938 spectabant,apud

195 2951 517 3028 pontiﬁcem
553 2954 806 3028 ageret;
838 2945 1091 3008 alterum
1122 2944 1296 3024 longe
1342 2944 1664 3024 potiorem,
1698 2954 1764 3006 ut
1793 2944 1856 3006 in

200 3041 406 3101 Pothini
438 3035 736 3100 defuncti
768 3035 965 3096 locum
999 3033 1482 3108 substitueretur;
1536 3041 1594 3094 et
1624 3051 1752 3095 eam
1779 3032 1854 3095 ob

203 3144 302 3187 rem
315 3125 705 3189 honoriﬁcus
726 3140 914 3202 super
942 3123 1185 3183 nomine
1207 3139 1313 3182 suo
1346 3120 1661 3200 pertulisse
1690 3121 1855 3183 litte-

208 3234 297 3277 ης.
330 3216 531 3279 Priori
560 3210 895 3289 legationis
953 3210 1149 3271 ofﬁcio
1189 3208 1531 3290 perfunctus
1562 3208 1853 3291 Irenaeus,

213 3314 390 3383 postea
415 3302 773 3366 secundum
834 3299 1003 3377 obiit,
1036 3298 1099 3360 in
1155 3298 1390 3359 Pothini
1444 3298 1519 3359 ob
1550 3298 1854 3363 Christum

218 3393 466 3473 martyrio
500 3388 784 3454 coronati
813 3388 1008 3449 locum
1059 3387 1431 3449 substitutus.
1465 3387 1512 3449 A
1543 3406 1660 3469 quo
1682 3394 1710 3451 ?
1740 3388 1858 3449 nisi

221 3479 276 3540 ab
300 3479 659 3552 Eleuthero,
689 3476 765 3537 ad
790 3494 966 3556 quem
999 3475 1357 3537 honorificas
1381 3494 1562 3556 super
1617 3476 1859 3537 nomine

226 3586 309 3628 suo
363 3566 697 3648 pertulerat
740 3563 988 3627 litteras.
1036 3563 1186 3625 lllud
1234 3564 1435 3643 igitur,
1470 3571 1699 3643 postea,
1730 3583 1854 3626 non

224 3656 528 3737 longiorem
545 3654 816 3734 aliquam
842 3651 1127 3733 temporis
1144 3654 1571 3733 moram,quasi
1592 3652 1856 3715 Irenaeus

233 3746 423 3808 litteris
440 3746 704 3807 Romam
725 3741 1060 3823 perlatis,in
1083 3740 1301 3805 Gallias
1316 3742 1504 3823 redux
1526 3744 1586 3803 in
1619 3742 1858 3804 Pothini

232 3834 399 3895 locum
429 3822 788 3895 substitutus
814 3831 1048 3906 fuisset;
1066 3830 1168 3892 sed
1188 3849 1389 3893 rerum
1414 3822 1631 3894 seriem
1664 3831 1855 3911 signi-

237 3924 371 3998 ﬁcat,
403 3939 652 4004 quarum
688 3918 823 3982 aliae
850 3920 997 3982 alias
1027 3919 1229 4001 paucis
1276 3918 1489 3981 diebus
1519 3938 1855 4002 praecesse-

238 4011 358 4073 rint:
379 4011 658 4071 nimirum
691 4010 984 4071 Irenaeum
1019 4009 1276 4088 primum
1309 4006 1713 4070 Ecclesiarum‘
1751 4026 1859 4088 pa-

249 4118 354 4161 cem
384 4098 533 4180 apud
562 4096 954 4159 Eleutherum
1015 4097 1390 4171 sollicitasse,
1446 4105 1568 4158 tum
1618 4094 1861 4158 demum

248 4198 636 4251 consecratum
687 4185 762 4248 ab
792 4204 862 4248 eo
914 4186 1097 4249 fuisse
1142 4186 1510 4267 episcopum,
1548 4185 1608 4247 in
1662 4186 1860 4248 locum

249 4274 450 4338 Pothini
471 4276 758 4339 defuncti.

323 4364 405 4428 l3.
434 4363 618 4428 Unum
649 4372 926 4444 superost
950 4363 1104 4444 quod
1154 4362 1304 4425 forte
1352 4363 1698 4444 scrupulum
1728 4364 1857 4427 cui-

267 4453 394 4531 piam
416 4452 653 4532 injicere
681 4460 858 4533 queat
889 4470 903 4514 :
938 4452 994 4513 id
1021 4451 1295 4513 videlicet
1323 4450 1479 4530 quod
1510 4451 1653 4532 dixi,
1682 4453 1858 4514 raris-

271 4540 416 4601 simas
446 4549 571 4601 tunc
601 4540 912 4619 temporis,
954 4550 1051 4601 aut
1080 4540 1231 4601 forte
1262 4539 1601 4601 nullosdum
1628 4542 1689 4602 in
1719 4539 1864 4605 Gal-

271 4627 517 4690 ltisfuisse
541 4628 877 4709 episcopos,
912 4647 945 4690 a
975 4628 1191 4709 quibus
1220 4647 1506 4690 manuum
1534 4628 1866 4706 impositio-

282 4734 385 4778 nem
409 4716 662 4797 accipere
689 4718 973 4798 potuisset
1016 4717 1298 4782 lrenuzus.
1330 4716 1460 4779 Non
1492 4718 1734 4798 quidem
1767 4718 1865 4781 hic

289 4803 679 4868 celeberrimam
708 4805 783 4867 de
812 4806 1020 4887 primis
1049 4806 1372 4867 Galliarum
1393 4808 1679 4887 apostolis
1708 4825 1865 4889 quae-

290 4892 486 4955 stionem
516 4893 584 4955 ad
609 4913 822 4955 novum
858 4913 1101 4956 examen
1156 4911 1437 4957 revocare
1466 4895 1614 4956 mihi
1643 4895 1703 4957 in
1733 4896 1865 4957 ani-

292 4996 364 5040 mo
386 4992 456 5042 est
481 5002 495 5041 :
522 4982 660 5043 illud
684 4990 906 5044 tantum
944 5001 1215 5045 asserere
1239 4983 1600 5063 liceat,qnod
1626 5002 1692 5045 ex
1726 5003 1865 5046 cer-

294 5068 351 5127 tis
365 5069 782 5153 indubitatisque
801 5076 1201 5133 monumentis
1216 5071 1589 5149 exploratum
1610 5073 1864 5154 videtur,

296 5157 354 5219 Ι.
396 5159 587 5221 Aurelii
643 5160 1008 5242 temporibus
1067 5160 1461 5223 Christianam
1512 5160 1869 5241 religionem

302 5247 506 5307 nondum
525 5248 659 5311 altas
689 5250 1015 5330 ﬁrmusque
1044 5248 1278 5311 radices
1325 5249 1387 5310 in
1418 5247 1622 5312 Galliis
1651 5250 1868 5331 egisse,

302 5334 727 5420 paucissimasque
754 5338 839 5401 ibi
864 5337 1097 5400 Pothini
1130 5347 1186 5399 et
1210 5338 1422 5402 Irenaai
1453 5345 1623 5401 astate
1653 5341 1870 5402 consti-

304 5430 421 5486 tutas
435 5423 584 5487 fuisse
611 5426 988 5509 episcopales
1017 5425 1461 5489 sedes.Certum
1494 5435 1727 5490 est.nec
1756 5447 1867 5493 ne-

305 5520 407 5589 unt
426 5516 659 5579 acerrimi
685 5516 1062 5581 Missionum
1092 5515 1547 5595 apostolicarum
1582 5516 1640 5576 in
1670 5514 1871 5582 Galliis

363 5702 569 5776 ’DcGl.
601 5711 809 5791 και,
842 5726 899 5769 c.
943 5702 1049 5769 40.
1129 5702 1181 5748 ³ο
1205 5704 1243 5767 2
1272 5707 1409 5771 Jun.

800 387 1349 485 .DISSERTATIO,
1375 415 1456 493 ΙΙ,
1489 413 1676 477 ΛΒΤ.
1705 412 1754 492 I,
1787 405 1888 475 DE
1915 411 1978 474 S.
2006 413 2298 479 IRENEI
2327 410 2513 478 VITA
2542 413 2641 477 ET
2671 412 2964 479 GESTIS.

3465 411 3582 477 186

1881 550 1921 601 Α
1943 546 2204 627 patroni,
2240 544 2522 610 Ecclesia;
2537 545 2953 625 Lugdunensis
2974 545 3217 608 exordia
3241 545 3449 608 deberi
3478 544 3583 609 Po-

1938 632 2103 695 thino
2134 636 2440 718 episcopo,
2474 637 2575 718 qui
2606 637 2836 718 primus
2867 635 2926 696 in
2961 653 3030 697 ea
3077 637 3229 697 urbe
3286 634 3587 715 Evangelii

1937 722 2571 806 fnndamentajecit.Si
2602 732 2798 787 autem
2822 724 3031 803 religio
3059 723 3391 787 Christiana
3411 724 3586 803 longe

1940 810 2172 892 lateque
2204 813 2415 875 diffusa
2446 822 2584 876 tunc
2635 813 2848 876 fuisset
2896 812 2959 874 in
3008 812 3237 886 Galliis,
3269 815 3586 894 pluresque

1932 900 2055 979 jam
2090 920 2124 963 a
2148 900 2301 964 Petri
2334 912 2393 965 et
2420 902 2591 966 Pauli
2624 900 2995 983 temporibus
3044 902 3373 964 constitutae
3402 902 3463 963 in
3511 900 3587 963 iis

1938 990 2281 1068 regionibus
2311 992 2679 1072 episcopales
2710 989 2908 1070 sedes;
2960 989 3063 1070 qui
3119 990 3248 1051 ﬁeri
3277 991 3465 1071 potuit
3524 1000 3586 1052 ut

1938 1077 2314 1160 Lugdunum,
2345 1098 2526 1141 unam
2559 1098 2592 1141 e
2625 1078 2925 1160 primariis
2985 1078 3197 1144 Galliae
3228 1078 3585 1155 civitatibus,

1942 1169 2374 1250 metropolitica
2420 1168 2702 1249 dignitate
2759 1168 3166 1249 conspicuam,
3229 1176 3583 1242 mercatura,

1941 1258 2141 1337 populi
2175 1258 2866 1339 frequentia,primorum
2894 1256 3342 1336 magistratuum
3361 1259 3587 1320 Roma-

1943 1365 2151 1408 norum
2183 1347 2544 1409 habitatione
2574 1367 2640 1410 ac
2665 1346 2967 1409 domicilio
2992 1344 3589 1420 celeberrimam,lta—

1948 1434 2158 1516 liaeque
2180 1436 2461 1516 qvicinam,
2491 1436 2694 1498 nullus
2722 1435 2934 1498 adierit
2962 1435 3261 1515 Evangelii
3291 1435 3585 1508 minister,

1942 1512 2140 1587 nullus
2159 1512 2241 1587 ibi
2273 1525 2531 1587 fundarit
2551 1512 3383 1606 Ecclesiam,episcopumque
3415 1523 3586 1585 insti-

1946 1613 2143 1695 tuerit,
2177 1614 2275 1695 qui
2308 1614 2691 1693 amplissimte
2746 1614 2913 1675 urbis
2941 1614 3315 1675 conversioni
3346 1631 3585 1694 operam

1944 1708 2221 1766 navaret?
2246 1701 2374 1764 Non
2398 1703 2602 1784 procul
2626 1702 2772 1764 adeo
2795 1702 3015 1763 distant
3035 1721 3068 1763 a
3097 1701 3382 1781 Lugduno
3400 1702 3585 1763 Vien-

1945 1808 2045 1867 na,
2080 1791 2381 1868 Narbona,
2414 1791 3044 1875 Arelate,Tolosa,etc.
3067 1790 3128 1854 Si
3152 1792 3330 1871 igitur
3362 1809 3448 1854 eae
3481 1808 3587 1852 ur-

1882 1870 1921 1919 B
1944 1880 2050 1943 bes
2074 1882 2197 1961 jam
2228 1889 2364 1943 ante
2394 1870 2713 1943 Pothinum
2765 1870 3104 1962 evangelica
3154 1870 3308 1957 luce,
3343 1880 3586 1962 suisque

1941 1970 2293 2051 praesulibus
2321 1970 2540 2048 gavisae
2582 1970 2852 2049 fuissent
2880 1992 2896 2046 ;
2951 1971 3143 2052 prima
3171 1972 3418 2033 istorum
3446 1988 3589 2032 cura

1940 2079 2069 2122 esse
2098 2059 2481 2131 debuisset,si
2504 2060 2660 2141 quod
2678 2059 3114 2141 ampliﬁcandae
3132 2060 3441 2140 religionis
3470 2054 3587 2119 stué

1940 2148 2100 2210 dium
2153 2156 2393 2227 pectora
2449 2147 2819 2225 incessisset,
2880 2149 3233 2228 Lugdunum
3290 2147 3582 2213 coloniam

1938 2235 2335 2315 Christianam
2369 2237 2690 2313 deducere,
2726 2256 2759 2299 e
2790 2256 2907 2319 qua
2935 2245 3095 2299 tanta
3127 2238 3349 2300 utilitas
3376 2237 3438 2299 in
3466 2240 3583 2300 Ec-

1938 2325 2178 2387 clesiam
2210 2333 2529 2401 manasset;
2565 2345 2677 2388 nec
2709 2343 2955 2388 necesse
3003 2326 3214 2387 fuisset
3242 2325 3581 2401 Pothinum,

1936 2413 2523 2496 Irenaeum,aliosque
2552 2413 2853 2494 Evangelii
2883 2414 3185 2476 ministros
3237 2433 3307 2476 ex
3340 2414 3585 2479 Oriente

1939 2504 2196 2578 mittere,
2231 2504 2330 2585 qui
2362 2521 2491 2564 eam
2554 2503 2763 2566 urbem
2820 2502 3154 2586 vicinasque
3201 2505 3480 2582 regiones
3510 2502 3581 2564 ad

1938 2591 2234 2661 Christum
2257 2599 2696 2654 converterent.
2738 2590 2912 2653 Certe
2935 2594 2982 2653 si
3015 2612 3149 2673 quae
3179 2592 3322 2654 urbs
3350 2591 3586 2653 Pothini

1936 2687 2105 2743 aetate
2125 2681 2426 2762 proprium
2449 2680 2792 2760 episcopum
2816 2680 3038 2742 habere
3053 2680 3376 2761 debuisset,
3396 2681 3582 2741 maxi-

1940 2788 2035 2831 me
2063 2768 2317 2845 Vienna,
2351 2768 2411 2829 in
2464 2787 2578 2849 qua
2628 2769 3010 2831 constitutam
3045 2768 3227 2830 fuisse
3255 2768 3582 2832 Ecclesiam

1938 2876 2007 2919 ex
2040 2858 2213 2921 citata
2239 2865 2561 2939 martyrum
2618 2856 2870 2938 epistola
2912 2856 3137 2938 liquido
3164 2866 3343 2938 patet.
3375 2857 3582 2920 Mirum

1934 2956 2130 3010 autem
2154 2948 2214 3008 in
2246 2953 2369 3008 tota
2396 2965 2467 3008 ea
2511 2945 2785 3027 epistola,
2847 2945 3279 3009 Viennensium
3338 2947 3587 3028 perinde

1935 3045 2114 3117 atque
2137 3035 2621 3116 Lugdunensium
2648 3035 2893 3097 nomine
2924 3035 3587 3117 scripta,Lugdunensis

1875 3175 1915 3225 Ο
1938 3126 2205 3208 episcopi
2237 3126 2655 3204 honoriﬁcam,
2689 3125 3048 3187 Viennensis
3078 3144 3217 3187 vero
3247 3145 3322 3188 ne
3350 3124 3586 3190 levissi-

1939 3237 2095 3280 mam
2120 3218 2358 3299 quidem
2379 3218 2511 3279 ﬁeri
2534 3217 2921 3280 mentionem.
2945 3217 3015 3279 Et
3038 3224 3235 3280 tamen
3260 3237 3379 3279 non
3400 3214 3583 3274 omit-

1938 3307 2079 3368 titur
2098 3316 2253 3369 unus
2275 3325 2307 3368 e
2330 3314 2657 3384 martyrum
2676 3324 2925 3368 numero
2953 3303 3585 3387 Sanctus,Viennensis

1940 3395 2339 3457 diaconus.De
2365 3394 2648 3476 episcopo
2669 3402 2866 3456 autem
2890 3394 3217 3458 Viennensi
3234 3394 3583 3458 altissimum

1940 3483 2160 3565 ubique
2186 3483 2511 3547 silentium.
2547 3482 2829 3545 Scribunt
2861 3484 3288 3564 Lugdunenses
3318 3494 3379 3546 et
3400 3482 3584 3546 Vien-

1935 3592 2177 3652 nenses,
2211 3572 2368 3652 quod
2393 3591 2468 3635 ea:
2509 3580 2770 3651 utraque
2794 3573 3067 3635 Ecclesia
3092 3571 3588 3652 praestantissimi

1935 3664 2240 3741 quique,et
2261 3679 2517 3741 quorum
2538 3662 2810 3722 maxime
2840 3659 3049 3724 labore
3068 3671 3123 3724 et
3148 3662 3461 3724 industria
3492 3678 3585 3721 res

1935 3750 2034 3813 hic
2062 3751 2397 3813 constitutae
2422 3748 2889 3828 fuerant,simul
2920 3766 3126 3812 omnes
3150 3747 3587 3812 tenerentur.Si

1938 3837 2409 3919 praestantissimi
2460 3836 2683 3919 quique
2726 3855 2795 3899 ex
2830 3851 3082 3918 utraque
3110 3838 3375 3900 Ecclesia
3407 3836 3584 3898 simul

1940 3944 2150 3989 omnes
2180 3935 2550 3999 tenerentur,
2585 3926 3012 4005 comprehendi
3043 3926 3249 3988 debuit
3297 3944 3432 3989 cum
3464 3928 3583 3989 Po-

1942 4014 2110 4077 thino
2161 4021 2221 4076 et
2242 4013 2603 4077 Viennensis
2653 4013 2991 4093 episcopus,
3040 4033 3150 4076 nec
3209 4034 3421 4078 nomen
3459 4015 3589 4095 ejus

1943 4103 2335 4185 praetermitti.
2362 4103 2513 4165 Dum
2562 4112 2758 4164 tamen
2792 4103 3413 4183 praestantissimorum
3452 4104 3586 4165 illo-

1937 4204 2075 4253 rum
2107 4192 2350 4255 nomina
2382 4198 2719 4265 recensent,
2750 4191 3208 4269 Lugdunensem
3247 4194 3585 4273 episcopum
3611 4250 3617 4255 .

1944 4298 2061 4343 non
2088 4280 2289 4355 silent,
2316 4278 2670 4341 Viennensis
2699 4296 2775 4339 ne
2799 4277 2996 4339 Verbo
3026 4279 3267 4358 quidem
3300 4281 3589 4343 memine-

1943 4368 2279 4433 runt.Hunc
2308 4366 2597 4449 implicite
2613 4365 2820 4428 saltem
2849 4366 3143 4430 contineri
3164 4372 3283 4430 vult
3310 4369 3585 4432 dactissi-

1880 4470 1924 4520 D
1945 4477 2074 4521 mus
2098 4457 2515 4522 Tillemontius
2545 4455 2704 4514 inter
2736 4455 3252 4535 praestantissimos
3276 4458 3588 4539 illos,quos

1950 4566 2021 4611 ex
2057 4559 2311 4627 utraque
2336 4543 2604 4605 Ecclesia
2657 4545 3123 4626 comprehensos
3151 4548 3587 4629 narratepisto-

1946 4636 2105 4698 la.At
2130 4635 2187 4697 id
2221 4634 2406 4695 miror
2437 4630 2613 4694 etiam
2663 4640 2838 4713 atque
2877 4633 3077 4716 etiam,
3111 4641 3225 4697 tam
3256 4651 3584 4699 accuratam

1951 4721 2427 4804 Lugdunensium
2454 4729 2513 4784 et
2552 4718 2981 4783 Viennensium
3015 4722 3382 4803 diligentiam
3412 4726 3591 4789 fuisse

1948 4831 2088 4891 erga
2116 4812 2572 4891 Lugdunensem
2596 4810 3593 4894 episcopum,utimplicitamentio-

1950 4920 2027 4963 ne
2055 4900 2508 4980 haudquaquam
2540 4898 2821 4975 contenti,
2870 4918 3006 4962 eum
3058 4904 3295 4983 proprio
3349 4902 3593 4985 nomine

1948 4989 2365 5071 appellandum
2397 4989 2760 5064 censueriut;
2786 4989 2873 5050 sic
2890 5007 3028 5050 vero
3050 5007 3153 5050 eos
3176 4990 3466 5050 defecisse
3493 4989 3591 5051 di-

1951 5079 2349 5159 ligentiam,ul
2373 5076 2605 5138 diaconi
2628 5078 2985 5138 Viennensis
3001 5078 3276 5157 explicita
3293 5077 3595 5139 mentione

1950 5166 2398 5248 facta,episcopi
2414 5166 2700 5245 implicite
2724 5166 3075 5227 meminisse
3098 5166 3242 5229 satis
3267 5164 3463 5235 fuerit,
3501 5173 3593 5227 ta-

1950 5256 2066 5319 cito
2098 5273 2343 5337 prorsus
2374 5255 2503 5333 ejus
2532 5255 2775 5314 nomine
2832 5262 2892 5314 et
2920 5253 3129 5332 gradu,
3161 5254 3329 5335 quasi
3363 5253 3452 5317 vel
3480 5252 3590 5315 ob-

1951 5343 2110 5408 scuri
2141 5342 2399 5406 nominis
2419 5343 2595 5404 homo
2612 5340 2938 5413 fuisset,vel
2962 5359 3058 5403 res
3080 5342 3298 5403 nullius
3318 5361 3557 5405 momen

1951 5432 2022 5495 ti.
2056 5430 2380 5512 Gregorius
2406 5428 2776 5493 Turonensis
2801 5426 2856 5471 99
2880 5428 3126 5509 pariter,
3158 5438 3219 5494 et
3247 5429 3375 5492 Ado
3406 5429 3594 5493 Vien-

1953 5521 2154 5583 nensis
2172 5518 2362 5603 3°,qui
2392 5516 2709 5600 epistolam
2742 5516 3032 5595 integram
3066 5520 3350 5601 legerant,
3384 5520 3596 5601 ρι-ωοί.
