4022 6390
457 315 580 389 ’195

1195 345 1199 348 ι
1258 314 1906 382 DISSERTATIONES
1942 314 2093 379 ΡΜ

2173 315 2272 378 ΙιΕ
2313 316 2399 383 ΙΝ
2445 318 2735 383 IRENEI
2778 318 3071 382 LIBROS.

3733 317 3772 394 ,1
3788 313 3904 378 96

464 451 595 531 ejus
611 450 876 512 coercuit
894 451 1174 530 Irenaus,
1205 451 1301 512 cui
1323 450 1478 513 haud
1505 454 1703 514 minor
1729 461 1853 514 erat
1887 447 2093 512 tuenda

2172 453 2468 519 ινωνησίκθ
2525 452 2579 508 ἐν
2636 459 2706 529 τῇ
2758 451 2908 526 Ἀσίᾳ
2987 449 3661 532 Τεσσαρεσκαιδεκατήταις
3720 449 3899 506 ἀπέ-

463 540 626 622 pacis
647 558 819 620 quam
843 539 1207 619 antiquitatis
1238 557 1306 601 ac
1353 539 1688 602 traditionis
1709 540 2115 603 Ecclesiarum

465 649 630 702 cura,
665 629 880 710 scripta
909 629 1190 692 adversus
1223 646 1358 710 eum
1392 628 1662 708 epistola,
1697 649 1871 710 quam
1907 629 2111 692 inscri-

462 721 578 801 psit
601 716 1139 781 Desclzismatellli
1163 735 1303 779 vero
1335 717 1670 799 pontiﬁces,
1705 721 1994 781 Anicetus
2025 719 2113 779 vi-

463 809 702 879 delicet,
737 805 896 883 Pius,
944 805 1229 886 Hyginus,
1261 806 1660 887 Telesphorus
1682 815 1857 888 atque
1888 807 2109 884 Sixtus,

459 898 670 961 eodem
689 894 912 958 Irenao
935 902 1085 956 teste
1102 893 1465 976 59,quamvis
1497 896 1720 959 Pascha
1745 897 1952 960 eadem
1977 916 2110 959 cum

459 986 700 1051 Asianis
721 984 822 1048 die
841 1001 1034 1065 neque
1081 984 1478 1059 celebrarent,
1534 1004 1729 1067 neque
1760 985 2049 1049 celebrari
2080 1006 2114 1050 a

463 1075 587 1138 suis
617 1072 1053 1154 permitterent,
1106 1092 1240 1134 cum
1294 1073 1367 1134 iis
1399 1081 1596 1135 tamen
1622 1093 1825 1154 pacem
1862 1083 1920 1136 et
1945 1095 2112 1138 com-

461 1165 802 1226 munionem
826 1160 1092 1224 studiose
1123 1160 1420 1237 colebant,
1453 1169 1510 1223 et
1537 1181 1760 1224 sacram
1791 1161 2108 1226 Eucharis-

455 1253 594 1314 tiam
615 1271 722 1331 pro
741 1268 906 1310 more
923 1249 1160 1310 illorum
1177 1251 1747 1330 temporumiisdem
1773 1251 2106 1315 mittebant.

452 1339 576 1401 Imo
609 1357 744 1402 cum
789 1338 1144 1418 Polycarpus
1175 1338 1428 1400 Romam
1459 1338 1694 1401 Aniceti
1743 1339 2111 1419 temporibus

457 1429 736 1492 venisset.
771 1426 916 1489 levis
947 1427 1081 1488 aliis
1102 1425 1176 1486 de
1207 1425 1409 1499 rebus,
1469 1427 1662 1489 levior
1713 1428 1787 1489 de
1819 1429 2110 1492 Paschate

455 1521 612 1582 inter
642 1527 960 1596 utrumque
1009 1514 1331 1595 disputatio
1361 1515 1510 1577 fuit.
1544 1517 1830 1579 Anicetus
1865 1517 2108 1598 quidem

455 1608 783 1688 Polycarpo
805 1605 1167 1686 persuadere
1183 1612 1429 1666 conatus
1441 1615 1528 1667 est
1544 1615 1603 1667 ut
1625 1605 1920 1668 Romanos
1936 1607 2108 1688 ritus,

2201 540 2396 599 στειλε.
2430 541 2739 603 Consentit
2765 541 3057 602 Eusebius
3083 540 3167 617 56,
3223 539 3507 620 additque
3558 539 3901 600 Victorem

2198 647 2316 690 non
2337 630 2516 690 totius
2536 629 2694 693 Asia
2714 631 2915 711 modo,
2948 631 3053 692 sed
3087 638 3146 691 et
3169 629 3314 690 alias
3341 627 3624 689 ﬁnitimas
3645 624 3901 690 Eccle-

2197 717 2336 791 sias,
2374 719 2597 781 Ciliciae
2625 718 2923 795 videlicet,
2975 719 3180 798 Syria,
3211 715 3545 779 Seleucidis
3574 723 3633 777 et
3661 715 3896 776 Meso-

2199 807 2470 886 potamia
2501 807 2739 889 proprie
2769 807 2963 883 dicta,
3001 806 3157 868 velut
3185 826 3218 868 a
3241 805 3529 868 catholica
3559 802 3892 866 sententia

2195 895 2827 972 dissentientes,simul
2857 915 3068 959 omnes
3097 916 3132 960 a
3161 894 3468 958 communi
3489 896 3717 956 unitate
3747 891 3889 954 Ec-

2194 985 2394 1048 clesia
2413 996 2722 1068 amputare
2743 995 3016 1049 conatum
3055 986 3259 1060 fuisse,
3286 986 3478 1066 iisque
3500 1003 3605 1066 per
3623 983 3886 1045 litteras

2195 1075 2434 1151 notatis,
2463 1076 2677 1138 fratres
2696 1077 3036 1156 omnes,qui
3060 1073 3451 1155 easregiones
3481 1073 3878 1151 incolebant,

2196 1167 2742 1228 excommunicatos
2758 1165 3041 1239 edixisse,
3073 1166 3272 1245 ἀθρόως
3303 1165 3398 1233 τῆς
3430 1164 3612 1227 Ἀσίας
3643 1163 3876 1235 πάσης,

2194 1261 2321 1330 Φμα
2351 1269 2474 1320 ταῖς
2504 1257 2720 1335 ὁμόροις
2752 1253 3115 1329 Ἐκκλησίαις,
3151 1256 3248 1319 τὰς
3292 1256 3571 1332 παροικίας
3605 1251 3880 1327 ἀποτέμ-

2193 1365 2322 1425 νειν,
2357 1347 2430 1409 ὡς
2462 1344 2881 1425 ἐτεροδοξούσας,
2924 1350 3022 1410 τῆς
3069 1349 3250 1412 κοινῆς
3297 1343 3535 1408 ἑνώσεως
3578 1347 3873 1422 πειρᾶται,

2191 1435 2280 1494 καὶ
2323 1434 2618 1501 στηλιτεύει
2665 1457 2725 1512 γε
2774 1433 2858 1490 διὰ
2903 1434 3255 1513 γραμμάτων,
3304 1433 3693 1501 ἆκοινωνήτους
3751 1429 3872 1507 ἅρ-

2195 1521 2288 1590 δην
2321 1525 2523 1588 πάντας
2553 1524 2672 1587 τοὺς
2719 1523 2895 1580 ἐκεῖσε
2956 1523 3331 1601 ἆνακηρύττων
3379 1519 3656 1600 ἀδελφούς.
3692 1517 3876 1581 Hinc

2194 1612 2564 1693 Epiphanius
2595 1613 2658 1664 57
2687 1613 3120 1675 dissensionem
3152 1610 3555 1673 Ecclesiarum
3588 1625 3869 1685 exagge-

454 1697 810 1777 Polycarpus
829 1693 1078 1756 Aniceto
1098 1699 1162 1754 ut
1204 1693 1452 1756 Asianos
1468 1695 1966 1776 amplecteretur;
1996 1700 2101 1759 sed
2126 1699 2165 1748 Β
2185 1717 2349 1776 rans,
2385 1708 2604 1763 tantam
2635 1701 2819 1763 fuisse
2845 1699 3075 1778 scribit,
3111 1707 3173 1762 ut
3200 1697 3538 1763 Orientales
3567 1695 3641 1759 ab
3665 1695 3865 1758 Occi-

451 1797 667 1851 neutro
717 1784 889 1848 alteri
931 1783 1208 1865 cedente,
1268 1803 1383 1865 pax
1415 1787 1530 1848 cito
1583 1787 1824 1861 coaluit,
1859 1787 2010 1850 adeo
2040 1787 2099 1850 ul

451 1877 713 1958 pontifex
745 1873 1043 1937 Romanus
1066 1873 1453 1936 Eucharistia
1481 1876 1856 1938 celebranda
1886 1896 2102 1942 munus

452 1964 824 2046 Smyrnensi,
847 1963 1200 2026 reverentia
1230 1981 1429 2045 causa,
1465 1966 1856 2030 concesserit.

529 2056 597 2118 21
617 2106 631 2119 .
668 2058 746 2116 Eo
771 2053 900 2116 loco
929 2071 1026 2115 res
1055 2061 1244 2127 erant,
1280 2072 1414 2114 cum
1465 2054 1665 2116 Victor
1695 2054 1978 2118 Ecclesia
1996 2074 2100 2120 re-

447 2145 644 2223 gimen
667 2139 947 2221 suscepit.
984 2139 1092 2202 Hic
1121 2141 1542 2203 decessoribus
1600 2143 1723 2204 suis
1772 2143 1946 2223 paulo
1979 2144 2102 2206 fer-

445 2232 796 2306 vidior,eam
813 2230 1032 2291 rituum
1055 2228 1454 2292 diversitatem
1479 2231 1857 2312 impatienter
1875 2232 2099 2313 ferens,

445 2331 508 2384 ut
530 2339 768 2383 omnem
789 2317 1112 2382 Ecclesium
1136 2317 1209 2380 ad
1232 2337 1415 2380 ullum
1470 2329 1528 2382 et
1555 2319 1831 2382 eumdem
1855 2339 2099 2385 revoca-

446 2408 895 2484 ret,ardentiori
929 2407 1124 2468 studio
1146 2406 1488 2470 elaboravit.
1523 2408 1586 2470 Id
1611 2407 1720 2470 sub
1739 2407 1959 2472 Severo
1990 2411 2099 2472 im-

447 2507 722 2581 peratore
755 2496 1074 2574 contigisse
1125 2495 1334 2558 scribit
1390 2496 1783 2579 Hieronymus
1812 2499 1872 2562 in
1925 2501 2097 2564 Cata-

444 2591 576 2668 logo
597 2590 695 2670 55;
727 2588 787 2651 in
824 2585 1120 2651 Chronico
1163 2603 1303 2647 vero
1361 2588 1617 2666 assignat
1645 2607 1866 2650 annum
1898 2590 1938 2652 4
1967 2591 2097 2669 ejus

446 2675 1086 2760 imperii,Christi196
1113 2671 1188 2734 5‘.
1222 2674 1475 2756 Scripsit
1520 2675 1722 2757 itaque
1767 2676 1972 2740 Victor
2021 2679 2095 2742 ad

447 2768 778 2849 pracipuos
809 2765 986 2827 totius
1007 2763 1288 2826 Ecclesia
1311 2765 1645 2846 episcopos,
1679 2774 1738 2827 ut
1783 2768 2100 2847 provincia

445 2877 568 2919 sua
588 2856 842 2938 synodos
860 2862 1164 2933 cogerent,
1193 2861 1249 2914 et
1284 2853 1342 2914 in
1384 2853 1456 2913 iis
1479 2855 1870 2933 quastionem
1899 2857 2100 2920 disce-

455 2956 715 3027 ptarent,
751 2964 820 3006 ac
849 2961 952 3018 ιιτο
983 2941 1262 3004 Ecclesia
1281 2940 2104 3024 Bomanavotisatquedisci-

2185 1787 2524 1853 dentalibus
2554 1789 2728 1854 divisi
2757 1790 2951 1852 nullas
2976 1808 3011 1852 a
3038 1808 3103 1852 se
3123 1789 3376 1851 invicem
3430 1787 3704 1869 pacificas
3733 1804 3859 1848 ac—

2185 1877 2454 1959 ciperent
2483 1879 2732 1942 litteras.

2265 1971 2364 2030 22.
2403 1968 2661 2032 Laudata
2689 1968 2932 2051 quidem
2963 1965 3208 2030 Eusebii
3230 1967 3412 2028 verba
3435 1965 3523 2028 sic
3549 1965 3865 2045 interpre-

2187 2063 2340 2120 tatur
2373 2055 2666 2133 Valesius,
2702 2066 2764 2120 ut
2787 2057 3040 2138 jactatas
3069 2053 3705 2119 excommunicationis
3736 2055 3865 2114 mi—

2187 2165 2292 2208 nas
2347 2165 2465 2210 non
2530 2157 2750 2216 autem,
2795 2146 3081 2210 vibratam
3164 2142 3864 2208 excommunicationem

2186 2235 2373 2317 ipsam
2408 2255 2478 2298 ex
2510 2237 2582 2299 iis
2613 2237 2742 2300 erui
2773 2255 2948 2318 posse
2979 2243 3165 2315 putet.
3203 2233 3322 2298 Sed
3351 2241 3632 2297 verentur
3653 2233 3753 2295 alii
3791 2242 3867 2294 ut

2186 2325 2330 2387 satis
2358 2327 2684 2389 adverterit
2715 2328 2798 2387 vir
2814 2324 3404 2399 clarissimus,minas
3430 2322 3674 2404 quidem
3704 2330 3858 2384 ante

2183 2415 2500 2476 concilium
2533 2415 2906 2496 Ephesinum
2961 2414 3288 2476 intentasse
3331 2413 3694 2494 pontiﬁcem,
3731 2410 3846 2472 sed

2181 2502 2362 2564 telum
2412 2496 2825 2566 continuisse:
2881 2513 3126 2581 accepto
3179 2509 3374 2563 autem
3435 2499 3676 2562 concilii
3727 2498 3842 2560 de-

2179 2600 2342 2653 creto
2375 2599 2810 2674 exasperatum,
2844 2591 2987 2652 illud
3013 2590 3311 2654 emisisse.
3335 2587 3458 2652 Nec
3488 2587 3701 2659 obstat.
3737 2588 3844 2649 in-

2184 2681 2417 2760 quiunt,
2450 2681 2608 2762 quod
2625 2681 2708 2742 ait
2723 2681 2877 2742 idem
2904 2678 3535 2751 Eusebius,Victorcm
3552 2687 3838 2739 conatum

2183 2767 2359 2830 faisse
2388 2769 2544 2830 Asia
2571 2767 3482 2832 Ecclesiasacommuniunitate
3501 2775 3840 2846 amputare.

2186 2857 2366 2918 Aliud
2401 2857 2560 2918 enim
2593 2866 2721 2920 erat
2750 2876 2852 2922 eas
2885 2858 3184 2921 Ecclesias
3213 2876 3248 2918 a
3279 2857 3520 2939 propria
3547 2854 3845 2936 pontiﬁcis

2185 2947 2633 3024 communione,
2655 2949 2814 3009 aliud
2843 2966 2876 3010 a
2892 2945 3194 3010 communi
3218 2946 3398 3007 totius
3410 2945 3694 3007 Ecclesia
3711 2944 3846 3005 uni-

453 3035 612 3116 plina
639 3035 982 3104 delinirent;
1019 3031 1313 3110 Asiaticis,
1365 3030 1477 3092 nisi
1511 3033 1938 3109 consentirent,
1993 3045 2155 3098 ex-c
2184 3041 2299 3096 tate
2330 3036 2619 3100 rescindi.
2682 3037 2861 3100 Prius
2914 3037 3158 3119 quidem
3217 3036 3358 3098 fecit
3406 3036 3628 3115 Victor,
3661 3033 3846 3114 idque

440 3122 1039 3186 communicationem
1093 3120 1474 3182 denuntians.
1519 3119 1748 3183 Habita
1771 3123 1998 3198 Roma,
2030 3125 2094 3186 in

449 3212 781 3292 Palaestina,
808 3211 868 3272 in
900 3212 1113 3289 Ponto,
1146 3209 1206 3269 in
1239 3209 1573 3285 Osrhoena,
1607 3213 1665 3271 in
1688 3211 1932 3290 Achaia,
1969 3213 2097 3294 plu-

449 3303 736 3383 ribusque
757 3299 890 3361 aliis
921 3301 978 3361 in
1011 3299 1157 3360 locis
1180 3297 1580 3372 concilia,uno
1600 3318 1895 3362 consensu
1921 3310 2097 3383 atque

364 3441 368 3444 .
435 3392 670 3474 judicio
705 3389 1186 3455 Ecclesiasticam
1220 3389 1485 3467 regulam
1506 3390 1800 3453 universis
1819 3393 2096 3457 ﬁdelibus

441 3501 550 3564 per
584 3481 861 3562 epistolas
908 3479 1218 3560 synodicas
1267 3479 1666 3557 tradiderunt;
1708 3500 1784 3543 ne
1815 3482 2097 3546 videlicet

437 3572 552 3636 alia
573 3572 670 3634 die
695 3587 868 3652 quam
900 3568 1207 3631 Dominica
1257 3569 1596 3646 mysterium
1638 3571 2094 3636 resurrectionis

440 3661 682 3724 Domini
714 3680 748 3722 a
800 3659 1048 3721 mortuis
1093 3676 1354 3736 unquam
1409 3659 1836 3721 celebraretur.
1868 3659 2090 3724 Eadem

435 3751 545 3814 fuit
576 3752 750 3814 etiam
785 3748 1082 3812 sententia
1113 3746 1520 3809 Ecclesiarum
1554 3747 1936 3830 Gallia,quas
1963 3749 2092 3813 Ire-

392 3908 395 3910 _
436 3859 599 3903 naeus
627 3839 868 3919 regebat
910 3839 1246 3920 episcopus.
1282 3834 1356 3897 At
1395 3834 1731 3916 Polycrates
1752 3839 2091 3919 Ephesinus

437 3929 778 4010 episcopus,
811 3935 1016 3989 coacto
1047 3925 1399 3988 Asianorum
1433 3925 1848 4006 episcoporum
1877 3929 2086 3991 conci-

435 4019 538 4100 lio,
577 4016 910 4080 minacibus
943 4014 1198 4078 Victoris
1229 4013 1439 4075 litteris
1459 4015 1706 4076 minime
1730 4027 2082 4098 commotus,

433 4108 508 4172 ab
540 4109 782 4190 antiqua
811 4106 1094 4170 Ecclesiae
1123 4123 1246 4167 suae
1303 4105 1736 4166 consuetudine
1767 4105 2084 4170 disceden-

433 4199 574 4262 dum
604 4199 717 4261 sibi
768 4216 887 4260 non
915 4275 917 4277 ι
948 4195 1190 4277 putavit.
1252 4193 1584 4274 Rescripsit
1634 4193 1816 4272 igitur
1845 4197 2084 4261 concilii

2179 3125 2556 3205 apertissime
2587 3126 2660 3188 ab
2692 3126 2950 3190 Eusebio
3007 3126 3404 3206 significatum
3433 3126 3835 3203 contendunt;

2179 3214 2480 3295 posterius
2509 3225 2708 3278 autem
2737 3225 2804 3277 ut
2832 3213 3399 3296 obtineret,scriptis
3428 3211 3642 3274 litteris
3674 3218 3837 3272 nota-

2181 3303 2261 3366 vit
2285 3303 2565 3379 Asianos,
2627 3306 2935 3386 sacrisque
2988 3305 3334 3368 interdictos
3390 3301 3595 3379 edixit,
3653 3309 3715 3362 ut
3753 3299 3826 3362 ab

2179 3408 2388 3454 eorum
2413 3395 2834 3456 communione
2861 3395 3232 3457 abstinerent
3261 3393 3478 3455 cateri.
3505 3391 3618 3454 Sed
3665 3390 3726 3451 in
3757 3407 3830 3452 ea

2175 3483 2494 3560 sententia,
2527 3482 2737 3545 scribit
2764 3483 3160 3565 Hieronymus
3173 3485 3266 3558 58,.
3287 3481 3351 3544 hi
3373 3483 3478 3563 qui
3507 3481 3823 3560 discrepa-

2176 3573 2322 3635 bant
2344 3571 2420 3634 ab
2442 3571 2587 3648 illis,
2604 3571 2823 3636 Victori
2845 3591 2965 3635 non
2982 3574 3285 3635 dederunt
3307 3586 3549 3647 manus;
3575 3570 3825 3651 ejusque

2177 3663 2486 3730 severitas,
2542 3661 2799 3724 Eusebio
2830 3670 2982 3724 teste
3014 3663 3101 3737 59,
3131 3665 3191 3720 οὐ
3241 3663 3371 3719 πᾶσί
3422 3683 3482 3741 γε
3524 3673 3643 3724 τοῖς
3699 3661 3823 3716 ἐπι-

2177 3752 2397 3815 σκόποις
2428 3751 2707 3829 ἠρέσκετο,
2739 3769 2864 3813 non
2915 3751 3190 3814 ancilibus
3235 3751 3461 3828 placuit
3509 3750 3822 3830 episcopis,

2173 3839 2294 3902 imo
2331 3839 2600 3922 pluribus
2614 3840 3229 3921 displicuit.Quamvis
3253 3839 3410 3902 enim
3431 3838 3822 3903 Asiaticorum

2171 3929 2524 3992 sententiam
2551 3938 2611 3992 et
2639 3930 3013 4010 disciplinam
3063 3929 3309 3991 minime
3341 3927 3821 4010 comprobarent,

2172 4017 2480 4080 molestius
2511 4027 2708 4080 tamen
2757 4018 3028 4080 ferebant
3074 4026 3157 4080 tot
3186 4016 3511 4093 Ecclesias,
3547 4015 3622 4077 ob
3652 4034 3817 4097 qua-

2170 4108 2430 4171 stionem
2457 4127 2590 4189 qua
2617 4107 2766 4170 nihil
2796 4108 2867 4171 ad
2895 4108 3074 4170 ﬁdem
3106 4107 3406 4187 attineret,
3441 4105 3513 4168 ab
3534 4106 3819 4170 Ecclesia

2167 4216 2419 4280 corpore
2446 4198 2729 4274 discindi;
2759 4218 2826 4260 ex
2845 4198 3168 4261 ardentiori
3219 4217 3384 4280 papa
3415 4197 3543 4260 zelo
3569 4205 3815 4278 eruptu-

431 4289 524 4379 sui
545 4290 786 4352 nomine
797 4287 880 4379 ad
895 4287 1263 4379 pontiﬁcem;
1285 4282 1659 4379 traditionem
1679 4283 2078 4379 Ecclesiarum
2102 4329 2146 4379 Β
2165 4305 2294 4349 rum
2313 4287 2439 4368 ipsa
2461 4288 2959 4350 consuetudinum
2978 4289 3319 4350 diversitate
3337 4287 3503 4369 pejus
3525 4288 3814 4349 schisma-

429 4378 585 4440 Asia
642 4377 951 4458 erposuit;
1001 4375 1261 4437 ostendit
1315 4393 1348 4435 a
1406 4373 1650 4435 Joannis
1706 4373 2082 4454 evangelista
2102 4373 2139 4379 ⁷
2164 4375 2239 4437 tis
2257 4375 2474 4438 malum
2495 4376 2909 4457 pravidentes.
2941 4376 3133 4450 Quare
3157 4377 3357 4459 plures
3379 4375 3644 4456 epistolis
3676 4393 3807 4438 eum

429 4465 800 4544 temporibus
829 4464 902 4525 ad
929 4483 1093 4524 suam
1120 4483 1307 4544 usque
1325 4469 1555 4524 atatem
1578 4461 1807 4525 Pascha
1824 4480 1940 4524 non
1965 4461 2082 4525 alia

430 4555 528 4617 die
557 4571 733 4635 quam
769 4554 843 4615 14
876 4552 1015 4614 luna
1061 4552 1423 4614 celebratum
1455 4551 1636 4614 fuisse
1675 4550 1746 4613 ab
1779 4551 2076 4628 omnibus,

427 4649 717 4725 quotquot
752 4641 812 4703 in
835 4639 976 4703 Asia
1010 4642 1316 4703 sanctitate
1349 4650 1410 4704 et
1438 4641 1709 4704 doctrina
1727 4642 2072 4719 ﬂoruerant;

427 4751 462 4795 a
489 4749 740 4814 quorum
773 4728 1026 4810 proinde
1081 4730 1346 4793 moribus
1391 4730 1679 4793 recedere
1721 4729 1928 4793 nefas:
1979 4730 2075 4792 his

426 4841 559 4905 qua
588 4819 703 4883 sibi
733 4820 804 4883 ad
839 4826 1131 4882 terrorem
1169 4817 1623 4901 objiciebantur,
1649 4821 1896 4882 minime
1922 4839 2073 4882 con-

423 4911 674 4986 turbari,
706 4929 840 4972 cum
888 4926 922 4970 a
962 4905 1286 4986 majoribus
1339 4907 1672 4984 didicisset,
1729 4909 1852 4972 Deo
1885 4911 2072 4990 magis

423 5019 596 5082 quam
629 4999 975 5063 hominibus
1025 4990 1560 5077 obtemperandum
1602 5016 1757 5060 esse.
1811 5001 2070 5081 Accepta

418 5091 530 5153 hac
561 5089 818 5172 epistola
867 5087 1072 5151 Victor
1119 5086 1320 5166 ἄμετρα
1355 5091 1683 5169 τερμανθείς,
1741 5089 1823 5150 ait
1851 5087 2066 5158 Socra-

419 5190 509 5245 tes
524 5183 610 5256 ὕες,
639 5197 826 5261 supra
851 5179 1092 5241 modum
1116 5177 1436 5239 iracundia
1460 5178 1904 5254 inﬂammatus,
1929 5198 2064 5240 om-

420 5288 528 5332 nes
547 5270 703 5332 Asia
730 5267 1188 5348 Ecclesias,qua
1217 5267 1449 5330 Pascha
1474 5267 1708 5329 decima
1730 5275 1940 5348 quarta
1964 5269 2066 5331 die

420 5358 646 5420 mensis
674 5355 1122 5439 celebrabant,a
1148 5357 1572 5419 communione
1602 5357 1869 5434 rescidit,
1904 5359 2060 5418 ἀκοι-

2161 4466 2437 4528 acerbius
2462 4467 2988 4547 perstrinxerunt,
3037 4466 3316 4546 serioque
3365 4472 3722 4526 monuerunt
3747 4474 3811 4525 ut

2162 4553 2430 4617 fovenda
2463 4553 2961 4636 pacis,charitatis
3012 4563 3071 4618 et
3113 4553 3450 4617 concordia
3484 4551 3803 4628 studiosus,

2159 4651 2518 4724 temperaret
2545 4643 2620 4706 ab
2641 4645 2959 4707 immodica
2992 4644 3407 4711 severitate.ex
3433 4659 3549 4722 qua
3576 4640 3808 4702 emolu-

2157 4731 2344 4795 menti
2373 4752 2602 4814 parum,
2639 4733 2986 4797 detrimenti
3016 4733 3333 4814 plurimum
3382 4729 3442 4791 in
3482 4737 3660 4790 totam
3691 4728 3806 4792 Ec-

2154 4821 2398 4884 clesiam
2429 4823 2816 4886 redundaret.
2849 4823 2966 4888 Sed
2998 4841 3119 4902 pra
3149 4820 3380 4883 cateris
3401 4818 3660 4881 Irenaus
3691 4837 3802 4881 no-

2155 4912 2333 4975 minis
2344 4913 2435 4974 sui
2457 4911 2839 4994 appellationi
2863 4911 3108 4993 pulchre
3128 4908 3798 4990 respondens(etpnm<<

2153 5002 2310 5064 enim
2346 5003 2574 5077 Grace,
2628 5001 2836 5064 Latine
2880 5001 3223 5063 studiosum
3256 5005 3426 5080 pacis
3456 4997 3790 5078 signiﬁcat),

2151 5091 2300 5154 nihil
2333 5091 2528 5172 potius
2558 5091 2787 5166 habuit,
2814 5107 2988 5170 quam
3011 5099 3078 5150 ut
3106 5107 3212 5151 sua
3229 5088 3443 5168 agendi
3471 5087 3703 5148 ratione
3731 5105 3794 5148 se

2150 5181 2315 5263 pacis
2337 5188 2642 5242 auctorem
2679 5178 2976 5260 probaret.
3008 5180 3242 5260 Scripta
3267 5179 3465 5260 itaque
3491 5177 3788 5240 Victorem

2148 5271 2447 5344 convenit,
2480 5289 2548 5331 ac
2579 5269 2822 5331 nomine
2852 5268 3127 5344 fratrum,
3158 5267 3376 5350 quibus
3428 5274 3679 5348 praeerat
3731 5265 3792 5328 in

2147 5359 2337 5424 Gallia
2365 5359 2743 5422 fervidiorem
2771 5358 2903 5438 ejus
2934 5367 3139 5421 astum
3173 5358 3406 5421 fortiter
3437 5364 3496 5420 et
3541 5355 3792 5438 graviter

439 5575 446 5610 ξ
493 5524 552 5578 tt!
579 5523 764 5608 Epist.
796 5525 870 5588 ad
914 5526 1062 5589 Vict.
1105 5543 1242 5608 pap.
1275 5524 1350 5588 ad
1382 5525 1608 5590 calcem
1662 5524 1840 5606 hujus
1867 5525 1978 5609 0p.
2063 5530 2093 5575 ⁵

2172 5530 2212 5594 1.
2267 5529 2496 5608 43,45.
2583 5526 2902 5606 “Euseb.,
2956 5528 2998 5593 ι.
3030 5546 3091 5611 v,
3123 5547 3178 5592 c.
3239 5527 3319 5590 ea
3346 5528 3448 5592 94.
3533 5525 3690 5589 εει.
3729 5541 3782 5589 v.

413 5612 592 5692 Hist.,
627 5635 680 5677 c.
713 5615 838 5690 92.~
898 5616 963 5666 53
989 5616 1033 5678 L
1083 5636 1142 5697 v,
1165 5635 1219 5678 c.
1252 5616 1355 5680 24.
1439 5617 1500 5668 57
1529 5615 1682 5680 Har.
1719 5634 1851 5698 cxx,
1885 5617 2001 5698 59.
2085 5621 2246 5686 381a
2277 5618 2465 5684 Catal.
2549 5619 2614 5670 59
2638 5618 2704 5684 C.
2737 5618 2839 5684 24.
