4022 6396
114 349 235 415 309
1031 358 1530 423 DISSERTATIO
1574 359 1684 424 III.
1738 357 1845 418 DE
1884 354 2187 421 IRENIEI
2222 354 2632 422 DOCTRINA.
3400 350 3520 417 310

110 482 780 563 sistentes,coe’eternos
812 496 872 548 et
902 488 1527 562 consubstantiales,et
1553 487 1614 548 in
1645 488 1781 568 qui-
1806 497 1845 547 Α
1872 486 2415 566 positae,scientiam
2440 494 2699 548 nostram
2725 486 3339 570 plerumqnet‘ugiant.
3364 488 3515 551 Hinc

100 571 232 641 bus,
269 593 399 635 non
437 575 698 642 invitus.
754 577 915 638 nulla
974 579 1330 639 necessitate
1384 586 1645 649 coactus,
1678 576 1785 637 sed
1866 575 2169 635 concludit
2200 576 2444 636 insanos
2475 594 2607 636 esse
2639 576 2969 647 hmreticos,
3001 579 3098 657 qui
3124 589 3404 640 aeternam
3432 578 3517 639 di-

106 660 304 722 seiens
337 673 404 723 et
437 665 677 734 volens,
711 667 910 726 omnia
932 667 1120 729 libere
1141 675 1199 728 et
1218 677 1429 746 sponte
1450 665 1589 726 fecit
1622 683 1635 727 :
1673 683 1787 725 non
1870 664 1991 723 vini
2014 665 2194 726 Verbi
2218 665 3514 748 generationem,aliaqueejusmodiprofun-

106 749 383 831 aliunde,
418 772 546 813 non
584 763 753 815 extra
783 756 1307 834 semetipsum,sed
1343 756 1471 835 ipse
1502 774 1535 816 a
1565 762 1791 815 semet-
1876 751 2120 813 dissima
2154 754 2427 833 mysteria
2458 753 2807 831 investigare
2839 761 2897 815 et
2948 756 3244 836 explicare
3301 756 3515 817 molie-

110 840 260 915 ipso,
298 840 366 901 in
408 842 725 904 voluntate
755 862 883 914 sua,
917 843 976 905 in
1006 843 1200 905 Verbo
1233 853 1291 905 et
1323 843 1629 924 Sapientia
1662 862 1790 925 sua,
1882 838 2130 904 bantur:
2167 843 2226 902 in
2255 861 2445 922 eoque
2474 849 2589 902 tam
2622 842 2876 918 graviter
2897 844 3201 925 labi,quod
3225 844 3521 924 superbiae

118 926 533 991 substantiam
561 938 992 1000 creaturarum.
1029 943 1087 993 et
1116 933 1453 1012 exemplum
1487 934 1794 1007 factorum,
1880 930 2057 1009 typho
2090 930 2251 1006 elati,
2284 931 2435 992 nihil
2468 930 2590 993 Deo
2622 941 3020 1008 reservarent,
3057 934 3163 994 sed
3194 934 3393 996 omnia
3421 942 3514 995 te-

118 1025 171 1075 et
198 1016 469 1094 ﬁguram
506 1018 572 1078 in
606 1020 832 1080 mundo
865 1029 1354 1082 ornamentorum
1387 1020 1707 1101 accipiens,
1732 1024 1792 1081 ut
1880 1036 2043 1079 mere
2070 1020 2325 1080 scrutari
2355 1021 2591 1082 vellent.
2626 1019 2774 1080 Tum
2808 1031 2869 1081 ut
2906 1023 3317 1084 haereticorum
3349 1042 3518 1084 vesa-

118 1104 382 1183 laquitnr
419 1107 533 1168 lib.
592 1124 674 1181 tv,
720 1128 773 1169 c.
811 1113 912 1181 ΞΟ,
950 1128 1008 1170 n.
1050 1112 1103 1172 1.
1140 1111 1225 1172 Ea
1276 1109 1477 1170 omnia
1512 1110 1653 1170 satis
1684 1128 1790 1188 pa-

126 1202 241 1253 tent
272 1213 341 1255 ex
373 1196 971 1276 hactenusallegatis
996 1198 1201 1260 lrenaai
1228 1198 1601 1277 testimoniis,
1635 1197 1788 1259 adeo

120 1293 178 1340 nt
207 1282 429 1343 eadem
466 1283 569 1345 hic
599 1294 877 1364 repetere
912 1286 1059 1346 nihil
1092 1304 1341 1347 necesse
1372 1286 1471 1348 sit.

197 1371 298 1433 61.
336 1370 548 1434 Unum
586 1382 857 1452 superest
887 1373 1368 1454 expendendum.
1424 1391 1499 1434 an
1532 1376 1790 1436 lrenaeus

123 1461 371 1519 extremi
398 1460 628 1538 judicii
655 1461 1085 1538 ignorationem
1119 1462 1268 1524 Filio
1326 1460 1435 1523 Dei
1484 1462 1785 1525 tribuerit.

122 1546 189 1609 Et
208 1548 269 1607 id
295 1550 467 1609 enim
492 1549 877 1610 sanctissimo
899 1550 1139 1630 martyri
1159 1550 1502 1623 ascribitur;
1522 1551 1624 1610 sed
1659 1570 1789 1632 per.

130 1653 327 1713 peram
390 1638 671 1700 omnino.
729 1635 1041 1700 Gnosticos
1091 1638 1330 1718 quidem
1390 1638 1795 1717 perstringens

136 1724 479 1786 aribitlib.
514 1743 582 1801 ll,
618 1747 671 1786 c.
707 1726 805 1805 28,
842 1746 900 1788 n.
938 1728 993 1789 6.
1038 1725 1568 1788 vlrrationabiliter
1597 1736 1791 1789 autem

128 1812 331 1885 inﬂati,
404 1814 719 1875 audaciter
750 1814 852 1875 Dei
904 1816 1179 1894 mysteria
1234 1815 1390 1876 scire
1416 1831 1522 1875 vos
1545 1815 1743 1877 dicitis
1777 1845 1789 1886 ε

132 1903 620 1980 quandoquidem
646 1910 703 1964 et
732 1903 1038 1979 Dominus,
1068 1905 1195 1983 ipse
1225 1904 1409 1965 Filius
1438 1903 1569 1977 Dei,
1598 1904 1791 1984 ipsum

128 1989 335 2066 judicii
354 1991 523 2051 diem
551 2001 610 2051 et
629 1993 833 2052 horam
856 1993 1316 2053 concessitscire
1329 1993 1518 2052 solum
1536 1992 1790 2074 l’atrem,

141 2080 458 2139 manifeste
478 2079 690 2141 dicens
717 2100 730 2142 :
756 2082 839 2140 De
852 2080 950 2142 die
972 2090 1176 2143 autem
1196 2083 1331 2148 illa.
1352 2088 1409 2142 et
1441 2081 1594 2143 hora
1617 2100 1793 2144 nemo

134 2168 261 2237 scil,
297 2186 497 2246 neque
530 2168 743 2242 Filius,
796 2172 920 2230 nisi
974 2169 1154 2231 Pater
1180 2170 1349 2231 solus
1377 2167 1453 2229 ιι.
1512 2174 1571 2232 Si
1618 2172 1796 2249 igitur

138 2255 453 2316 scientiam
474 2256 600 2317 diei
638 2256 797 2316 illius
835 2255 1021 2318 Filius
1051 2276 1166 2317 non
1201 2258 1440 2318 erubuit
1465 2260 1693 2320 rel'crre
1722 2260 1793 2320 ad

144 2344 402 2417 Patrem,
434 2344 537 2405 sed
562 2344 878 2425 dixitquod
900 2364 1100 2407 verum
1146 2356 1259 2416 est;
1294 2365 1487 2426 neque
1516 2367 1622 2408 nos
1651 2366 1793 2409 eru-

144 2433 478 2502 bescamus,
500 2453 632 2513 qttaa
649 2443 785 2493 sunt
803 2438 858 2493 in
879 2435 1302 2514 quaestionibus
1320 2437 1544 2515 majora
1576 2455 1794 2499 secun-

144 2522 277 2580 dum
313 2541 450 2591 nos,
483 2540 797 2583 reservare
859 2522 998 2584 Deo.
1035 2523 1222 2585 Nemo
1255 2525 1415 2585 enim
1454 2543 1634 2605 super
1664 2546 1790 2587 ma-

143 2611 389 2683 gistrum
432 2620 524 2669 est
552 2613 635 2671 ιδ.
698 2634 727 2669 ›
790 2610 900 2673 Ubi
940 2612 1053 2693 ipsi
1084 2611 1189 2672 Dei
1222 2611 1369 2674 Filio
1400 2613 1789 2691 ignorantiam

140 2699 449 2759 ascribere
502 2700 693 2776 prima
749 2700 943 2762 fronte
1000 2702 1231 2761 videtur
1265 2711 1470 2762 auctor
1503 2720 1516 2763 :
1551 2707 1699 2764 adeo
1732 2712 1793 2764 ut

141 2805 280 2870 [ana
340 2789 422 2870 sit
475 2788 712 2870 Georgii
766 2788 1002 2850 Bulli‘6
1031 2790 1269 2860 solutio,
1333 2808 1450 2870 qua
1489 2793 1794 2853 contendit

145 2864 374 2927 Christo
410 2864 659 2928 homini
677 2878 899 2929 tantum
933 2870 1327 2947 ignorantiam
1350 2864 1638 2932 tribuisse
1666 2871 1792 2932 [re—

149 2973 337 3015 neeum
373 2977 386 3018 :
428 2957 528 3018 hic
562 2958 720 3018 enim
756 2959 829 3018 de
861 2959 1008 3019 Filio
1042 2959 1149 3021 Dei
1174 2958 1399 3020 diserte
1429 2961 1563 3037 agit.
1587 2959 1789 3032 Quan-

1877 1107 2034 1166 niam
2071 1110 2257 1183 magis
2286 1127 2355 1169 ac
2380 1108 2563 1186 magis
2596 1109 2936 1184 confundat,
2989 1110 3062 1172 ah
3094 1112 3280 1192 ipsius
3301 1111 3519 1175 Christi

1875 1193 2005 1255 Filii
2039 1193 2149 1255 Dei
2180 1197 2453 1277 exemplo
2482 1208 2893 1276 argumentum
2921 1219 2951 1259 a
2982 1202 3188 1281 majori
3218 1202 3290 1262 ad
3325 1202 3521 1262 minus

1875 1281 2041 1371 petit.
2074 1283 2157 1362 Si,
2191 1282 2383 1364 inquit
2418 1286 2728 1361 Dominus,
2763 1287 2892 1366 ipse
2942 1287 3127 1351 Filius
3175 1289 3283 1353 Dei
3307 1290 3521 1371 judicii

1873 1369 2029 1430 diem
2056 1380 2114 1432 et
2134 1372 2337 1432 horam
2364 1375 2827 1436 concessitscire
2852 1377 3044 1437 solum
3070 1369 3522 1448 Patrem,scien-

1875 1457 2134 1538 tiamque
2165 1460 2285 1521 diei
2332 1461 2490 1522 illius
2521 1462 2707 1524 Filius
2757 1482 2878 1524 non
2911 1465 3148 1527 erubuit
3196 1466 3424 1529 referre
3448 1469 3517 1529 ad

1876 1548 2108 1608 Patrem
2149 1567 2296 1610 :cur
2324 1567 2459 1631 nos,
2491 1549 2597 1611 Dei
2622 1551 2769 1613 Filio
2796 1552 3027 1615 inﬁnite
3060 1555 3342 1630 minores,
3377 1574 3519 1616 eru-

1879 1632 2350 1718 bescamus,quaa
2371 1649 2507 1700 sunt
2538 1640 2596 1700 in
2632 1642 3052 1720 quaestionibus
3071 1643 3292 1722 majora
3311 1663 3522 1707 secun-

1878 1723 2017 1783 dum
2053 1744 2179 1800 nos,
2211 1744 2518 1815 reservare
2548 1728 2715 1790 Deo?
2746 1732 2931 1791 Nemo
2988 1733 3149 1793 enim
3181 1751 3362 1815 super
3388 1752 3518 1797 nta-

1876 1812 2123 1890 gistrum
2161 1823 2270 1878 est.
2305 1814 2431 1887 Qua
2458 1817 2696 1898 quidem
2724 1823 3173 1897 argumentandi
3203 1812 3432 1885 ratione
3460 1824 3519 1886 id

1880 1919 2059 1961 unum
2102 1904 2397 1966 conﬁcere
2451 1906 2573 1966 vult
2629 1917 2870 1969 sanctus
2922 1910 3149 1991 doctor,
3196 1911 3517 1994 Christum,

1877 1992 2227 2053 oeconomiae
2243 1994 2656 2074 causa,judicii
2676 1996 2835 2057 diem
2861 1999 3135 2060 ethoram
3152 1992 3522 2064 concessisse

1878 2095 2034 2141 scire
2056 2082 2244 2141 solum
2296 2082 2524 2143 Patrem
2555 2103 2570 2142 :
2600 2103 2717 2144 non
2749 2091 2909 2165 quod
2942 2086 3070 2167 ipse
3102 2089 3378 2164 nesciret,
3414 2091 3516 2152 sed

1877 2169 2030 2245 quod
2062 2171 2352 2246 ejusmodi
2386 2172 2701 2234 scientiam
2734 2175 2805 2234 ad
2870 2177 3126 2249 Patrem,
3164 2194 3197 2237 a
3225 2196 3341 2256 quo
3392 2181 3520 2259 ipse

1878 2272 2008 2317 eam
2040 2278 2173 2319 cum
2221 2260 2348 2339 ipsa
2389 2260 2695 2322 divinitate
2754 2272 3085 2342 acceperat,
3143 2264 3515 2328 referendam

1878 2364 2012 2410 esse
2043 2348 2240 2422 vellet,
2277 2348 2349 2408 ab
2381 2366 2570 2427 eoque
2600 2349 2882 2411 duntaxat
2911 2364 3364 2432 exspectandam
3389 2376 3521 2418 esse

1877 2434 1995 2495 diei
2027 2435 2186 2495 illius
2217 2436 2512 2497 notitiam.
2570 2435 2848 2508 Quamvis
2900 2441 3055 2501 enim
3090 2460 3218 2502 eam
3251 2444 3378 2523 ipse
3408 2445 3516 2507 ha-

1875 2522 2204 2600 beret,cum
2227 2524 2362 2585 aliis
2393 2534 2589 2586 tamen
2615 2528 3061 2591 communicare
3093 2522 3355 2609 nolebat,
3388 2533 3520 2596 idve

1877 2613 2199 2703 explicare,
2233 2614 2387 2694 quod
2420 2614 2594 2675 Pater
2614 2620 2665 2686 (a
2696 2634 2811 2696 quo
2848 2616 3220 2700 loquebatur,
3255 2630 3311 2681 et
3340 2640 3375 2682 a
3402 2641 3517 2703 quo

1876 2702 2217 2763 mandatum
2239 2712 2576 2782 acceperat,
2609 2705 2749 2783 quid
2776 2706 3024 2781 diceret,
3060 2718 3116 2769 et
3141 2710 3281 2788 quid
3308 2702 3519 2791 lque-

1874 2797 2063 2863 retur,
2097 2798 2159 2849 ut
2182 2791 2261 2851 ait
2284 2792 2452 2854 Joan.
2486 2808 2595 2859 XII.
2646 2794 2747 2872 49)
2781 2795 2963 2856 taceri
2992 2798 3288 2858 voluerat:
3328 2807 3391 2860 ut
3421 2800 3518 2861 ni-

1876 2876 2089 2937 mirum
2125 2879 2396 2956 exemplo
2420 2898 2527 2942 suo
2551 2883 2793 2942 doceret
2814 2884 3081 2963 quaedam
3108 2904 3244 2948 esse
3267 2887 3386 2949 Deo
3412 2888 3515 2950 bu-

1874 2965 2097 3026 militer
2129 2970 2507 3049 reservanda,
2544 2987 2654 3030 nec
2685 2989 2753 3031 ea
2804 2980 3026 3035 temere
3055 2993 3089 3036 a
3118 2974 3291 3037 nobis
3322 2976 3514 3056 eXpli-

146 3064 316 3119 quam
339 3055 399 3105 et
420 3045 566 3136 dum
586 3047 815 3109 Christo
865 3048 1093 3136 homini
1125 3047 1553 3125 ignorationem
1577 3048 1794 3116 ascribi
1814 3070 1853 3118 C
1878 3056 2063 3115 canda
2092 3073 2394 3136 esse.qu33
2425 3045 2581 3118 Deus
2608 3057 2806 3120 abdita
2838 3080 2969 3123 esse
2992 3062 3192 3123 voluit.
3215 3064 3312 3126 Sic
3342 3045 3518 3127 men-

149 3151 316 3208 posse
338 3154 474 3194 cum
501 3134 973 3196 Protestantibus
1009 3138 1206 3196 multis
1240 3144 1438 3199 tuetur
1469 3138 1693 3213 Bullus,
1727 3138 1790 3201 in

1874 3156 1991 3209 tem
2029 3146 2199 3223 paulo
2224 3154 2605 3226 post,nempe
2633 3149 3028 3229 n.8,explicat
3057 3160 3268 3213 auctor
3290 3162 3514 3218 noster:

152 3238 403 3321 euntque
430 3222 1318 3321 sensumlienasunreXplicare
1349 3226 1578 3303 satagit,
1615 3228 1789 3321 aliam
1878 3252 1903 3289 ι
1932 3229 1993 3293 Si
2016 3222 2175 3312 quis,
2216 3222 2321 3300 ait.
2358 3222 2627 3315 exquirat
2660 3222 2922 3314 causam,
2968 3248 3210 3319 propter
3238 3260 3413 3321 quam
3456 3243 3517 3304 in

150 3308 197 3366 ei
218 3308 416 3369 labem
453 3312 740 3402 aspergit.
768 3312 884 3372 Sed
938 3313 1116 3402 missa
1146 3313 1328 3402 haece
1358 3315 1784 3394 controversia,
1870 3308 2147 3382 omnibus
2179 3326 2354 3384 Pater
2377 3308 2825 3387 communicatis
2845 3308 3186 3402 Fi'lio,so.lus
3215 3308 3369 3391 scire
3399 3330 3513 3391 ho-

149 3409 475 3498 quae-extra
505 3398 834 3496 inStitutum
865 3409 973 3473 est,
1026 3401 1168 3498 illud
1202 3401 1459 3463 ﬁdenter
1487 3420 1784 3478 assevero,
1870 3426 1995 3470 ram
2029 3419 2087 3470 et
2116 3410 2274 3472 diem
2294 3431 2327 3471 a
2355 3413 2608 3474 Domino
2641 3398 3044 3476 manifestatus
3070 3425 3183 3492 est;
3203 3435 3397 3498 neque
3417 3436 3513 3498 ap-

148 3488 291 3561 quud
315 3487 588 3566 quisquis
613 3490 1600 3585 praesen.s,quod_nunc_versamus,_
1617 3504 1789 3562 caput
1876 3497 2113 3560 tabilem
2150 3501 2353 3579 magis,
2390 3520 2583 3581 neque
2615 3502 3041 3578 decentiorem,
3069 3487 3180 3566 nec
3208 3487 3338 3566 sine
3361 3487 3517 3585 peri-

153 3592 355 3672 ea,qua
388 3594 495 3655 par
525 3584 633 3649 est,
670 3576 1203 3672 aniini‘attentione
1242 3579 1473 3655 legerit,
1500 3579 1796 3672 totiusque
1877 3588 2012 3649 culo
2059 3576 2328 3663 alteram,
2389 3576 2563 3670 quam
2607 3591 2784 3666 hanc,
2835 3576 3097 3653 inveniat
3124 3593 3186 3653 in
3237 3576 3519 3672 praesenti

154 3660 352 3722 lretsaei
373 3664 899 3762 argumentationis
928 3665 1140 3727 seriem
1176 3674 1497 3762 etscopum
1528 3668 1798 3762 adverte-
1882 3678 2177 3756 (quoniam
2207 3660 2361 3739 enim
2387 3660 2548 3738 solus
2578 3695 2754 3740 verax
2769 3660 3055 3758 magister
3071 3688 3161 3741 est
3175 3660 3510 3762 Dominus):

156 3752 246 3821 rit,
280 3772 311 3849 e
343 3752 1075 3849 vestigioileprtieltendet,~
1091 3754 1311 3849 nullam
1346 3771 1589 3832 prorsus
1619 3756 1792 3835 igno-
1881 3752 1942 3825 ut
1971 3765 2269 3827 discamus
2300 3784 2404 3846 per
2433 3767 2837 3849 ipsum,super
2864 3752 3063 3830 omnia
3095 3788 3226 3831 esse
3254 3752 3509 3832 Patrem.

160 3842 397 3900 nntium
434 3840 526 3900 hic
558 3842 749 3920 aﬂingi
782 3840 1009 3904 Christo
1042 3843 1315 3905 Domino.
1873 3854 2102 3917 Etenim
2137 3840 2349 3935 Pater,
2381 3840 2481 3931 ait,
2514 3857 2713 3935 major
2729 3840 2834 3918 ’τηε
2862 3864 2947 3919 est
2974 3855 3049 3919 ιτ.
3083 3856 3154 3918 Εῑ
3181 3858 3509 3921 secundum

228 3958 324 4017 62.
358 3953 604 4015 Scilicet
627 3955 903 4022 Irenaeus,
938 3965 1000 4017 ut
1046 3957 1190 4032 dixi,
1223 3957 1634 4022 Gnosticorum
1669 3959 1785 4018 im—

1875 3944 2227 4020 agnitionem
2286 3944 2484 4023 itaque
2518 3944 2869 4024 pra-positus
2898 3962 3031 4007 esse
3070 3944 3243 4007 Pater
3270 3964 3508 4008 annun-

157 4044 487 4119 pndentiam
520 4045 893 4125 castigat,qui
922 4064 1082 4108 vanae
1112 4031 1626 4109 scientiailaudem
1651 4065 1786 4126 cap-

1875 4032 2044 4100 tiatus
2076 4040 2165 4093 est
2194 4051 2227 4093 a
2252 4031 2507 4094 Domino
2540 4041 2739 4093 nostro
2768 4034 2840 4093 ad
2872 4033 3008 4107 hoc,
3040 4041 3105 4093 ut
3162 4041 3220 4095 et
3267 4052 3397 4107 nos,
3447 4035 3507 4096 in

158 4140 360 4203 tantes,
386 4134 652 4192 insanam
683 4120 792 4194 sibi
812 4120 898 4194 -de
920 4133 1096 4195 rebus
1126 4133 1573 4213 omnibus,ipsis
1603 4120 1777 4196 etiam
1874 4129 2153 4221 (ιιξεηψιη
2182 4122 2243 4181 in
2271 4121 2461 4221 ﬁgura
2491 4120 2667 4199 huius
2690 4120 2900 4221 {nundi
2932 4138 3158 4221 ευῐηυξν
3187 4122 3507 4221 Ρθτίθξίθω

165 4219 639 4297 profundioribus
686 4220 1029 4284 Christianas
1084 4208 1419 4300 religionis'
1455 4208 1788 4301 mysteriis,
1872 4209 2203 4309 δςίθηῑξδιῐ),
2230 4216 2288 4269 et
2331 4209 2476 4270 tales
2514 4209 2878 4309 ‘quuétiengs
2911 4209 3306 4309 οοηεεᾴδξηιξε
3335 4208 3504 4309 θερί

168 4296 334 4387 quale
366 4318 457 4369 est
486 4309 667 4369 divini
699 4309 879 4372 Verbi
907 4296 1229 4389 generatio:
1282 4296 1642 4382 disserendi,
1675 4329 1786 4370 no-
1814 4383 1843 4389 _
1872 4306 1929 4358 εί
1959 4315 2032 4358 ne
2062 4296 2210 4389 ῗοΐῑθ
2264 4305 2597 4389 (ἰυωτθηξθε
2621 4297 2998 4389 ἒίιίιιξάίξιβπι
3032 4297 3506 4389 Ρδιτίδμίηνθείῧ

164 4383 340 4476 raque
396 4415 596 4458 rerum
649 4406 768 4460 tum
827 4383 1181 4473 divinarum,
1244 4407 1363 4459 tum
1397 4399 1787 4459 humanarum

1875 4403 2030 4462 gare,
2061 4385 2122 4445 in
2154 4392 2376 4445 tantum
2412 4384 2739 4464 periculum
2770 4384 3123 4481 incidamus,
3159 4386 3242 4481 uti
3272 4403 3504 4466 quaera-

170 4470 480 4561 syslemata
515 4506 619 4565 pro
650 4486 890 4548 arbitrio
922 4470 1214 4548 condendi
1256 4486 1552 4546 licentiam
1585 4502 1790 4548 sume-
1872 4490 2027 4543 musa
2059 4490 2130 4532 an
2164 4489 2344 4565 5999"
2374 4473 2561 4565 De“)
2594 4471 2750 4565 3159':
2772 4470 2846 4531 είί
2889 4470 3069 4534 θθυδο
3098 4502 3119 4532 ³
3156 4470 3431 4565 Οδξθννεξ
3445 4473 3508 4533 ί⁰

170 4558 320 4633 bant.
357 4574 469 4637 Ubi
498 4558 637 4635 vero
669 4575 934 4654 probavit
960 4583 1182 4636 certam
1216 4592 1348 4633 esse
1377 4574 1435 4632 in
1462 4571 1791 4650 Scripturis
1872 4578 2161 4654 ιιιιείιυειξιι
2193 4558 2848 4654 Ῑιξίῗηωυῐῐὶὲίιυριίοίίθζ
2875 4561 3365 4654 θδβθτεῖθεεοὴξφ
3396 4563 3508 4624 Ρθι·

167 4662 373 4722 divinis
392 4663 656 4725 veritatis
669 4663 1035 4742 regulam,ad
1061 4680 1237 4741 quam
1262 4662 1345 4721 sic
1364 4661 1510 4739 exigi
1535 4659 1793 4723 debeant

174 4752 696 4831 quastiones,quas
717 4754 789 4813 de
818 4750 998 4812 rebus
1014 4748 1229 4810 divinis
1249 4750 1469 4827 agitare
1491 4748 1630 4808 sinit
1659 4747 1794 4807 reli.

167 4840 277 4919 εἰσ,
303 4848 365 4899 ut
391 4838 462 4899 ab
487 4839 587 4899 illa
617 4858 904 4919 nusquam
942 4839 1261 4899 deﬂectere
1292 4838 1500 4911 liceat;
1532 4834 1793 4896 ostendit

167 4930 325 5007 plura
354 4937 547 4988 tamen
578 4946 709 4989 esse
738 4928 797 4988 in
832 4925 1178 5006 Scripturis,
1211 4925 1347 4986 licet
1376 4942 1446 4983 ex
1480 4939 1613 4983 sese
1646 4939 1787 5001 per-

167 5015 345 5085 fectis,
370 5034 501 5095 quae
527 5024 803 5091 angustos
835 5016 1049 5075 mentis
1079 5020 1293 5072 nostra;
1324 5010 1541 5070 limites
1571 5008 1790 5087 longis-

176 5105 314 5165 sime
342 5112 642 5183 superant,
663 5121 910 5183 quaeque
938 5101 1211 5181 proinde,
1229 5116 1360 5159 cum
1393 5098 1532 5158 sciri
1562 5114 1595 5157 a
1618 5096 1791 5158 nobis

175 5210 283 5253 non
314 5194 557 5272 possint,
593 5194 716 5255 Deo
740 5190 1045 5251 humiliter
1068 5184 1489 5250 committenda
1513 5192 1791 5272 sunt.nec

179 5271 385 5341 temere
413 5280 755 5340 scrutanda.
782 5276 902 5339 Nec
934 5277 1146 5338 mirum
1181 5272 1392 5344 esse,si
1412 5272 1473 5332 in
1504 5271 1790 5351 spiritali-

182 5370 277 5430 bus
302 5378 357 5429 et
378 5367 745 5439 cmlestibus,
777 5384 907 5445 quae
959 5364 1083 5425 sola
1110 5362 1228 5424 ﬁde
1257 5359 1483 5439 percipi
1522 5364 1788 5445 possunt,

1872 4654 2022 4709 trem
2045 4647 2201 4709 scire
2218 4647 2376 4708 diem
2401 4656 2458 4708 et
2477 4646 2707 4726 horam,
2741 4647 2844 4708 sed
2859 4648 3066 4709 solum
3079 4651 3240 4710 scire
3256 4651 3419 4711 diem
3450 4658 3507 4712 et

1874 4734 2085 4797 horam
2097 4755 2133 4795 a
2150 4737 2406 4797 Domino
2422 4736 2879 4812 manifestatum
2892 4752 3036 4810 esse;
3060 4735 3374 4797 Dominum
3399 4735 3504 4814 ju-

1875 4823 2017 4884 dicii
2048 4824 2206 4884 diem
2237 4833 2296 4884 et
2343 4822 2547 4883 horam
2571 4821 2935 4883 concessisse
2965 4826 3121 4884 scire
3168 4823 3355 4883 solum
3388 4825 3505 4885 Pa-

1870 4919 2047 4990 trem,
2080 4919 2195 4974 etc.
2229 4917 2292 4971 2°
2325 4908 2387 4971 S.
2419 4908 2721 4970 doctorem
2753 4910 2943 4991 palam
2977 4911 3268 4989 proﬁteri,
3306 4912 3370 4971 in
3385 4926 3508 4970 om-

1868 5001 2051 5063 nibus
2064 4999 2308 5061 Patrem
2324 5000 2774 5060 communicare
2788 4999 2972 5061 Filio.
3010 4997 3121 5069 Qui
3138 4999 3205 5059 in
3234 4996 3508 5058 omnibus

1873 5088 2313 5149 communicare
2343 5086 2509 5159 dicit,
2546 5086 2696 5147 nihil
2730 5103 2975 5165 prorsus
3006 5084 3248 5164 excipit,
3282 5102 3357 5144 ne
3379 5082 3509 5163 qui-

1873 5176 2007 5238 dem
2042 5175 2351 5238 scientiam
2382 5173 2503 5235 diei
2518 5182 2576 5236 et
2596 5176 2757 5236 horae
2785 5174 3036 5236 extremi
3050 5170 3357 5251 judicii.3°
3385 5176 3508 5232 Au-

1875 5265 2020 5325 ctori
2036 5273 2238 5325 nostro
2252 5263 2616 5342 propositum
2634 5281 2749 5323 non
2762 5262 2945 5323 fuisse
2956 5260 3339 5341 quaestionem
3356 5259 3509 5321 hanc

1876 5371 1946 5414 ex
1977 5351 2241 5432 professo
2300 5359 2685 5430 pertractare,
2742 5366 2818 5411 an
2876 5367 3081 5411 revera
3142 5348 3306 5409 solus
3336 5350 3510 5410 Pater

182 5459 569 5520 caecutiamus:
603 5434 748 5517 cum
781 5434 1045 5533 ipsaeres
1074 5434 1397 5520 naturales,
1426 5434 1537 5507 ὀὗ
1589 5444 1794 5507 oculos
1877 5441 2061 5503 sciret
2089 5439 2250 5502 diem
2280 5447 2337 5500 et
2366 5439 2574 5500 horam
2603 5437 2851 5501 extremi
2873 5436 3111 5517 judicii,
3159 5434 3344 5498 Filius
3367 5452 3506 5498 vero

242 5612 287 5658 ⁸⁸
310 5615 476 5679 lare.
514 5628 648 5688 xnt,
873 5605 923 5651 “
949 5605 1148 5669 Matth.
1181 5622 1244 5679 ι,
1267 5604 1366 5667 24.
1451 5600 1506 5647 ⁸ο
1538 5600 1663 5664 Def.
1699 5601 1804 5668 ﬁd.
1836 5596 1988 5678 Nic.,
2023 5604 2170 5660 sect.
2204 5613 2268 5673 ll,
2295 5614 2348 5659 c.
2377 5612 2435 5669 v,
2483 5596 2513 5675 §
2545 5596 2603 5657 8.
2689 5592 2742 5638 ιτ
2770 5597 2941 5656 Joan.
2972 5611 3097 5676 xxv,
3126 5592 3235 5658 28.
