4022 6376
345 317 460 386 315

1137 329 1785 394 DISSERTATIONES
1825 331 2153 393 PR/EVIE
2197 331 2280 392 IN
2321 333 2608 394 IRENzEl
2651 333 2940 395 LIBROS.

3610 328 3755 397 316

343 456 776 548 Spi_ritu,adest
806 459 1012 523 videre
1034 459 1446 542 omnibus,qui
1478 462 1567 524 vel
1593 461 1892 524 modicum
1923 461 1999 522 de
2019 469 2057 519 A
2083 479 2190 541 per
2217 463 2411 543 angeli
2472 482 2810 526 sermonem
2866 465 3110 528 seducta
3167 473 3280 548 est,
3335 475 3398 528 ut
3441 462 3754 546 effugeret

343 545 586 608 veritate
618 548 947 629 attigerint.
987 551 1122 612 llaec
1155 559 1354 612 autem
1383 569 1504 612 non
1537 551 1999 614 testiﬁcarentur

345 632 666 714 Scripturaa
697 637 772 699 de
802 637 1269 714 eo,si,similiter
1299 647 1362 699 ut
1390 657 1624 719 omnes,
1650 638 1830 701 homo
1863 648 1996 701 tan-

343 733 466 785 tum
498 724 730 788 fuisset.
771 726 887 789 Sed
919 727 1203 808 quoniam
1235 727 1576 808 praeclaram
1618 737 1833 809 praeter
1860 748 1994 792 om-

343 831 452 875 nes
483 814 687 876 habuit
717 817 776 878 in
807 835 873 879 se
899 835 1055 891 eam,
1086 835 1219 898 quae
1265 824 1354 879 est
1381 816 1455 878 ab
1485 817 1774 878 altissimo
1798 821 2001 893 Patre,

341 904 701 985 genituram,
733 906 1018 986 praeclara
1045 914 1242 968 autem
1275 905 1518 968 functus
1543 914 1632 968 est
1657 914 1716 968 et
1745 925 1840 988 ea,
1866 925 1996 987 quae

341 999 532 1054 estex
582 994 856 1074 Virgine,
912 995 1322 1074 generatione,
1378 1003 1631 1076 utraque
1678 994 1996 1077 Scriptura“:

338 1079 557 1143 divinae
579 1082 655 1144 de
677 1101 749 1146 eo
775 1084 1192 1160 testiﬁcantur;
1216 1085 1573 1166 etquoniam
1607 1086 1784 1148 homo
1815 1086 1994 1149 inde-

339 1187 536 1252 corus,
569 1179 627 1232 et
659 1174 1046 1252 passibilis,et
1073 1192 1256 1254 super
1279 1174 1505 1253 pullum
1537 1175 1720 1236 asinae
1746 1174 1989 1254 sedens,

338 1267 506 1319 aceto
539 1270 597 1322 et
622 1261 760 1324 felle
791 1271 1117 1344 potatur,et
1147 1261 1546 1342 spernebatur
1567 1263 1627 1325 in
1661 1263 1902 1345 populo,
1934 1273 1994 1325 et

341 1365 533 1427 usque
561 1350 632 1412 ad
661 1361 909 1413 mortem
933 1351 1270 1414 descendit:
1305 1360 1364 1413 et
1393 1353 1670 1433 quoniam
1702 1351 1993 1414 Dominus

339 1445 671 1512 sanctus,et
687 1441 978 1502 mirabilis
1004 1441 1465 1502 consiliariuset
1489 1441 1742 1503 decorus
1761 1441 1987 1522 specie,

339 1534 398 1584 et
428 1529 586 1589 Deus
615 1529 810 1604 fortis,
850 1548 1034 1612 super
1065 1529 1255 1592 nubes
1283 1531 1530 1592 veniens
1572 1530 1989 1593 universorum

330 1616 546 1696 jurtex,
578 1622 777 1680 omnia
797 1618 871 1679 de
889 1638 960 1682 eo
983 1619 1310 1699 Scriptum
1333 1619 1848 1699 prophetabant...
1881 1617 1992 1682 Hic

336 1702 518 1780 igitur
536 1706 716 1768 Filius
739 1707 844 1769 Dei
867 1708 1153 1772 Dominus
1171 1717 1394 1782 noster,
1419 1707 1712 1770 exsistens
1729 1707 1988 1770 Verbum

2080 551 2288 621 Deum,
2327 552 2708 632 praevaricata
2739 552 2984 616 verbum
3038 555 3190 635 ejus:
3227 555 3308 616 ita
3337 555 3461 618 haec
3503 555 3746 635 tMaria)

2081 655 2190 716 per
2215 640 2547 720 angelicum
2577 659 2917 705 sermonem
2943 643 3338 722 evangelizata
3354 653 3463 716 est,
3488 652 3553 706 ut
3585 662 3752 725 por-

2081 734 2233 790 taret
2261 731 2476 806 Deum,
2511 729 2798 792 obediens
2838 733 2968 812 ejus
2995 732 3198 794 verbo.
3233 731 3304 794 Et
3333 732 3380 793 si
3415 751 3483 794 ea
3512 731 3748 793 inobe-

2079 815 2271 879 dierat
2323 820 2470 893 Deo;
2521 817 2627 880 sed
2688 819 2815 884 haec
2862 838 3037 882 suasa
3068 829 3160 883 est
3188 820 3434 882 obedire
3464 820 3611 895 Deo,
3645 821 3752 882 uti

2077 905 2324 984 virginis
2343 906 2475 968 Eva;
2495 909 2659 987 virgo
2688 913 2738 970 Μ
2752 909 2879 970 aria
2900 910 3072 972 ﬁeret
3086 911 3392 973 advocata.
3417 909 3487 971 Et
3514 927 3754 991 quem-

2077 994 2400 1057 admodum
2435 997 2740 1058 astrictutn
2798 1000 2970 1058 morti
3024 1017 3213 1076 genus
3247 998 3590 1060 .humanum
3625 1017 3755 1078 per

2076 1082 2387 1161 virginem,
2444 1087 2701 1146 salvatur
2758 1103 2868 1166 per
2923 1085 3214 1163 virginem
3265 1108 3278 1150 :
3341 1105 3506 1168 aaqua
3563 1086 3753 1148 lance

2077 1169 2394 1253 [CXXXVI]
2451 1173 2761 1254 disposita.
2809 1172 3116 1252 virginalis
3163 1175 3575 1240 inobedientia
3623 1193 3755 1255 per

2076 1259 2425 1338 virginalem
2459 1261 2888 1325 obedientiam.
2939 1263 3152 1326 Adhuc
3191 1264 3349 1326 enim
3385 1263 3752 1345 protoplasti

2076 1358 2383 1429 peccatum
2416 1368 2523 1431 per
2555 1351 2992 1432 correptionem
3023 1353 3405 1434 primogeniti
3436 1351 3746 1414 emenda-

2076 1437 2298 1500 tionem
2329 1440 2654 1520 accipiens,
2709 1448 2768 1500 et
2813 1441 3115 1521 serpentis
3143 1442 3460 1523 prudentia
3492 1441 3749 1503 devicta

2075 1525 2134 1586 in
2181 1527 2474 1590 columba:
2523 1527 2924 1609 simplicitate,
2969 1531 3220 1593 vinculis
3249 1541 3447 1593 autem
3477 1530 3596 1590 illis
3623 1547 3741 1592 re-

2075 1613 2309 1688 solutis,
2343 1635 2449 1696 per
2477 1636 2609 1698 quae
2637 1617 2856 1696 alligati
2918 1637 3154 1681 eramus
3185 1620 3360 1681 morti
3397 1645 3423 1676 ι
3455 1617 3595 1692 Quae
3625 1637 3743 1700 po-

2077 1703 2332 1766 steriora
2361 1704 2567 1786 verba,
2600 1731 2623 1761 (ι
2664 1714 2723 1766 et
2751 1706 3256 1786 quemadmodum
3289 1707 3600 1769 astrictum
3639 1717 3744 1770 est

337 1791 550 1874 Patris,
576 1802 634 1856 et
664 1795 817 1856 ﬁlius
847 1796 1107 1858 hominis
1142 1819 1154 1854 :
1189 1797 1468 1877 quoniam
1502 1815 1570 1858 ex
1619 1796 1826 1870 Maria,
1859 1816 1990 1878 quae
2014 1793 2052 1844 Β
2073 1793 2309 1874 morti,-
2346 1793 2822 1875 etc.,descripsit
2847 1797 3214 1876 Augustinus
3245 1797 3352 1860 lib.
3385 1814 3403 1859 ι
3430 1804 3586 1860 cont.
3619 1795 3745 1858 Ju-

337 1902 404 1945 ex
462 1886 804 1948 hominibus
859 1887 1114 1950 habebat
1148 1907 1359 1968 genus,
1415 1907 1548 1971 qua:
1595 1896 1656 1951 et
1704 1889 1834 1969 ipsa
1863 1898 1992 1952 erat

334 1973 533 2036 homo.
571 1976 774 2038 habuit
802 1978 1134 2040 secundum
1167 1979 1472 2041 hominem
1508 1978 1982 2057 generationem,

337 2062 524 2125 factus
557 2075 644 2126 est
677 2065 834 2127 ﬁlius
865 2067 1186 2128 hominisa
1225 2067 1395 2130 Clara
1425 2076 1563 2128 sunt
1593 2069 1739 2140 haec,
1775 2067 1988 2128 nullis-

334 2169 450 2230 que
472 2153 638 2214 vanis
657 2153 1071 2215 hazreticorum
1105 2153 1375 2234 suﬂ'ugiis
1390 2153 1986 2217 eludenda.Christus

335 2248 392 2298 et
421 2257 594 2303 verus
628 2243 728 2305 Dei
761 2241 967 2322 Filius,
999 2250 1056 2302 et
1085 2261 1258 2304 verus
1291 2242 1550 2304 hominis
1570 2243 1725 2304 ﬁlius
1761 2264 1775 2302 :
1814 2260 1984 2303 verus

334 2325 518 2402 Deus,
555 2343 796 2412 propter
816 2341 1098 2393 aeternam
1138 2354 1161 2387 α
1197 2331 1270 2394 ab
1294 2333 1582 2394 altissimo
1612 2332 1785 2393 Patre
1808 2332 1984 2411 geni-

331 2423 522 2479 turam
555 2440 570 2492 ς
606 2444 633 2476 ι
670 2438 844 2482 verus
897 2423 1101 2495 homo,
1153 2431 1394 2501 propter
1429 2422 1838 2501 temporalem,
1875 2421 1979 2482 sed

326 2527 353 2564 ι
393 2509 734 2586 praeclaram
751 2528 819 2571 ex
844 2508 1490 2588 Virginegenituramp
1521 2509 1711 2590 inquo
1730 2509 1980 2590 proinde

325 2594 540 2676 duplex
567 2607 772 2659 natura
798 2597 1231 2678 fuerit,duplici
1252 2601 1552 2678 geniturae
1572 2598 1973 2678 respondens,

323 2684 501 2747 unica
525 2703 668 2749 vero
687 2705 944 2767 persona
964 2694 1277 2768 utramque
1320 2696 1586 2747 naturam
1610 2687 1692 2748 sic
1709 2686 1980 2747 afﬁciens

325 2781 384 2834 et
416 2775 800 2857 copulans,ut
829 2795 986 2837 unus
1018 2785 1077 2838 et
1106 2777 1264 2837 idetn
1298 2776 1378 2840 sit
1406 2775 1592 2838 Filius
1619 2776 1722 2839 Dei
1746 2775 1980 2837 etﬁlius

320 2863 793 2944 hominis,unum
829 2864 1090 2926 Verbum
1125 2865 1521 2927 incarnatum.
1547 2865 1695 2926 Hinc
1729 2871 1975 2925 natura-

320 2970 450 3013 rum
481 2954 765 3014 unionem
799 2953 950 3014 adeo
978 2962 1150 3033 urget
1179 2963 1386 3014 contra
1418 2953 1752 3031 haereticos,
1790 2961 1851 3012 ιιι
1880 2952 1976 3013 in-

319 3041 552 3141 terdum
585 3044 932 3141 asserat“),
956 3067 980 3098 α
1011 3042 1296 3141 Verbum,
1316 3042 1415 3122 qui
1446 3060 1688 3120 semper
1718 3042 1976 3102 humano
1996 3093 2036 3141 Ο

318 3131 522 3209 generi
583 3129 772 3204 adest,
833 3132 1063 3192 unitum
1123 3131 1310 3195 fuisse
1359 3140 1419 3192 et
1447 3147 1835 3210 consparsum
1868 3147 1976 3192 suo

324 3221 616 3301 plasmati,
653 3231 712 3280 et
741 3239 979 3282 carnem
1015 3220 1258 3290 factum;
1305 3219 1608 3280 hominem
1639 3235 1778 3278 vere
1808 3236 1976 3280 com-

323 3308 568 3369 mistom
601 3310 796 3370 Verbo
857 3310 986 3372 Dei.
1035 3335 1057 3364 ο
1127 3310 1268 3380 Quaa
1322 3322 1520 3370 tamen
1553 3305 1866 3386 catholice,
1921 3315 1981 3368 et

327 3397 492 3458 salva
523 3415 763 3479 semper
810 3408 1156 3461 naturarum
1219 3398 1626 3469 distinctione,
1658 3396 1818 3457 dicta
1843 3413 1978 3459 esse

332 3488 588 3568 propriis
619 3489 765 3550 locis
795 3489 1186 3551 ostendimus.

399 3577 497 3640 65.
520 3577 590 3639 Et
612 3577 748 3638 hinc
775 3577 953 3638 etiam
989 3577 1185 3638 Maria:
1213 3575 1561 3655 dignitatem
1599 3574 1977 3638 commendat

325 3667 586 3731 Irenazus
607 3666 690 3738 56,
715 3670 872 3748 quod
899 3668 1061 3745 virgo
1080 3683 1458 3746 permanens,
1489 3683 1692 3726 verum
1729 3665 1975 3726 Emma-

320 3755 592 3836 nuel,qui
622 3755 952 3817 substantia
979 3753 1136 3816 Deus
1160 3753 1670 3834 est,pepererit,ct
1693 3762 1754 3812 ut
1776 3771 1975 3814 verum

319 3843 652 3919 hominem,
685 3843 772 3906 sic
803 3855 858 3905 et
882 3861 1083 3904 verum
1111 3841 1296 3904 Deum
1321 3842 1596 3920 genuerit
1627 3862 1643 3922 ;
1674 3860 1975 3922 vanosque

316 3931 1406 4014 Theodotionis,Aquil:£.aliorumque
1437 3930 1756 4012 impiorum
1790 3949 1972 3993 cona-

321 4031 420 4084 tus
449 4021 714 4102 dissipat.
749 4022 846 4102 qui
879 4023 1073 4102 pravis
1121 4020 1562 4101 Scripturarum
1613 4019 1974 4098 interpreta-

325 4111 590 4172 tionibus
617 4112 813 4173 Mariaa
835 4111 1228 4190 virginitatem
1283 4109 1724 4191 oppugnabant.
1757 4107 1909 4170 Hinc
1942 4127 1976 4168 a

323 4199 622 4280 praacipuo
647 4200 748 4261 illo
785 4201 977 4261 Maria:
999 4201 1216 4262 decore
1249 4209 1306 4260 et
1339 4199 1484 4262 illud
1516 4198 1792 4277 accersit,
1817 4197 1973 4277 quod

2072 1879 2229 1943 lian.
2253 1901 2383 1962 cap.
2418 1883 2476 1944 3.

2151 1973 2250 2033 66.
2276 1970 2412 2033 Haec
2445 1971 2598 2032 male
2631 1971 2854 2034 habent
2886 1973 3308 2050 hagiomachos
3354 1991 3587 2036 omnes.
3621 1973 3736 2036 In-

2071 2059 2383 2122 commode
2404 2059 2563 2121 dicta
2595 2069 2800 2139 putant
2825 2062 3368 2144 Magdeburgenses
3396 2062 3594 2125 53.His
3625 2083 3741 2143 pe-

2071 2147 2355 2209 tulantior
2385 2148 2698 2211 Callasius.
2738 2151 2798 2210 in
2833 2150 2956 2211 suis
3009 2151 3082 2212 ad
3121 2159 3485 2232 postremum
3518 2151 3735 2216 Irenaei

2069 2237 2268 2299 locum
2303 2237 2879 2310 adnotationibus,in
2913 2241 3203 2303 Irenaeum
3236 2242 3430 2322 ipsum
3453 2249 3516 2305 et
3544 2251 3742 2315 caates

2067 2343 2166 2384 ros
2201 2329 2424 2399 Patres,
2457 2335 2756 2408 totamque
2788 2327 3113 2390 Ecclesiam
3173 2330 3526 2392 catholicam
3561 2331 3729 2392 furit.

2063 2413 2780 2478 Moderatiorcl.Grabius
2797 2415 3008 2479 lreuaei
3031 2417 3276 2498 quidem
3304 2437 3572 2500 persona:
3595 2436 3733 2500 par-

2063 2503 2170 2578 cit,
2202 2503 2400 2565 verbis
2427 2503 2708 2564 duntaxat
2741 2504 2855 2565 vim
2904 2505 3129 2568 inferre
3188 2507 3418 2569 nititur.
3473 2540 3492 2566 σ
3530 2508 3726 2582 Licet,

2061 2589 2272 2673 inquit,
2331 2593 2610 2653 advocata
2659 2593 2754 2652 hic
2814 2602 3145 2674 patronam,
3214 2625 3238 2657 ι
3295 2615 3427 2678 (ιυω
3476 2615 3583 2677 pro
3631 2596 3730 2660 al-

2062 2688 2190 2740 tera
2249 2681 2602 2753 intercedat,
2661 2681 3040 2761 signiﬁcaret,
3101 2685 3246 2746 nihil
3311 2695 3509 2747 tamen
3540 2684 3615 2747 de
3651 2686 3720 2748 Β.

2063 2769 2250 2833 Maria
2295 2770 2418 2849 jam
2475 2769 2752 2830 defuncta
2822 2789 2952 2832 eam
3040 2773 3312 2855 accipere
3388 2783 3649 2851 cogeret.
3685 2798 3714 2829 ι

2065 2857 2318 2930 Quidni?
2350 2857 2414 2920 Si
2444 2857 2624 2920 Maria
2671 2857 2730 2918 in
2783 2861 2960 2921 terris
2989 2861 3236 2942 degens,
3273 2881 3378 2944 pro
3412 2882 3482 2925 ea
3513 2880 3628 2944 qua
3657 2863 3715 2924 iu

2063 2947 2388 3008 humanum
2423 2965 2612 3026 genus
2643 2949 2927 3010 cltaritate
2986 2950 3292 3030 ﬂagrabat,
3350 2951 3720 3014 mediatricis

2061 3052 2130 3097 ac
2161 3044 2424 3116 patrona;
2458 3054 2706 3097 munere
2761 3037 2961 3100 functa
2989 3049 3102 3120 est,
3135 3059 3203 3101 ac
3238 3059 3342 3121 pro
3375 3041 3718 3103 hominibus

2063 3127 2423 3198 intercessit;
2457 3143 2529 3186 an
2565 3134 2883 3198 mortuam,
2933 3129 3035 3189 sed
3071 3131 3193 3192 Deo
3225 3130 3542 3208 viventem,
3577 3149 3711 3192 cum

2059 3211 2182 3275 Deo
2213 3223 2586 3292 regnantem,
2649 3213 2771 3275 Deo
2831 3214 2945 3296 ipsi
3005 3217 3308 3279 charitatis
3363 3219 3500 3279 fonti
3529 3217 3713 3280 altius

2058 3301 2222 3364 velut
2272 3302 2640 3383 immersam,
2704 3303 2985 3378 charitas,
3037 3326 3188 3387 quae,
3223 3307 3501 3387 .\postolo
3533 3314 3707 3384 teste,

2059 3409 2362 3473 nunquam
2400 3391 2647 3466 excidit,
2681 3391 2768 3452 sic
2824 3393 3064 3472 defecit,
3101 3404 3163 3456 ut
3193 3415 3425 3469 eorum,
3458 3413 3710 3476 quorum

2056 3487 2229 3542 antea
2247 3481 2665 3555 miserebatur,
2701 3498 2946 3562 prorsus
2969 3483 3171 3566 oblita,
3208 3485 3400 3546 nullas
3441 3483 3713 3566 proipsis

2057 3587 2266 3651 preces
2297 3570 2547 3630 fundere
2570 3569 2896 3648 dignetur?
2951 3574 3130 3635 Certe
3161 3591 3337 3635 secus
3373 3573 3546 3652 longe
3569 3591 3714 3634 sen-

2058 3658 2207 3720 sisse
2231 3667 2463 3720 veteres
2482 3677 2690 3719 omnes
2713 3661 3009 3734 Patres,et
3027 3660 3350 3737 Ecclesias,
3387 3663 3621 3743 probat,
3649 3670 3720 3724 ut

2059 3747 2174 3808 alLa
2195 3747 2854 3826 t.aceam,Liturgiarum
2873 3769 2966 3810 om
2978 3751 3138 3811 ninm
3159 3751 3713 3832 antiquissimarum

2058 3837 2394 3898 Graecarum
2409 3837 3070 3919 ,Latiuarumque,quas
3089 3838 3218 3920 ipse
3241 3839 3502 3903 Grabius
3528 3857 3675 3900 vene
3692 3873 3710 3883 -

2059 3925 2291 3986 ratione
2319 3926 2530 4003 dignas
2559 3924 2883 4002 existimat,
2920 3923 3270 4004 consensus;
3305 3929 3366 3989 in
3397 3927 3611 4010 quibus
3641 3927 3710 3992 Β.

2057 4012 2254 4075 Mariae
2269 4014 2554 4075 auxilium
2583 4017 3131 4098 exposcit,ejusque
3158 4019 3393 4080 meritis
3423 4037 3490 4080 ac
3523 4017 3715 4098 preci-

2059 4101 2169 4162 bus
2189 4103 2418 4164 veniam
2444 4113 2846 4182 peccaturum,
2885 4113 2942 4166 et
2967 4107 3258 4168 beneﬁcia
3271 4115 3486 4169 caetera
3515 4107 3713 4187 impe-

2061 4201 2220 4253 trare
2243 4192 2438 4253 studet
2457 4191 2944 4264 Eeclesia.Quare
2964 4195 3214 4276 hujusce
3246 4195 3595 4257 ratiuncula:
3617 4213 3712 4255 va-

321 4293 506 4349 .‘ttater
534 4288 641 4352 Dei
673 4290 846 4356 facta.
881 4297 1095 4350 nostra:
1125 4289 1333 4350 salutis
1366 4289 1556 4368 prima
1587 4297 1716 4369 post
1759 4286 1972 4348 Filium
2062 4281 2304 4342 nitatem
2337 4281 2606 4341 sentiens
2633 4281 2720 4342 vir
2747 4283 2974 4344 clariss.
3007 4284 3195 4346 addit:
3227 4283 3384 4345 «Etsi
3411 4283 3714 4344 conceda-

322 4376 636 4438 mediatrix
669 4377 962 4440 evaserit:
994 4397 1061 4439 ac
1090 4396 1196 4458 per
1227 4379 1358 4457 ejus
1384 4379 1560 4438 ﬁdem
1594 4385 1654 4437 et
1682 4375 1972 4438 obedien-
1997 4370 2040 4419 ι)
2063 4379 2176 4441 tur,
2201 4369 2361 4430 illam
2395 4388 2552 4431 nunc
2585 4387 2690 4449 pro
2731 4370 3005 4433 ﬁdelibus
3035 4373 3177 4433 vivis
3209 4372 3488 4433 universe
3507 4371 3712 4432 consi-

318 4464 484 4537 tiam,
518 4465 769 4527 salutem
801 4485 870 4528 ac
899 4467 1375 4548 redemptionem
1412 4467 1660 4548 adeptos
1707 4484 1814 4526 nos
1844 4482 1976 4527 esse

325 4554 585 4628 asserit;
643 4573 774 4636 quae
833 4555 1196 4618 mcdiatricis
1249 4555 1788 4634 conciliatricisque
1841 4573 1973 4615 cum

318 4639 440 4704 Deo
475 4652 674 4723 partes
730 4651 888 4706 sunt.
927 4671 949 4701 ι
988 4647 1049 4696 57
1107 4645 1622 4718 Quemadmodum
1678 4643 1778 4704 illa
1815 4643 1978 4722 (Eva)

315 4749 509 4793 virum
543 4732 786 4814 quidem
833 4733 1058 4796 habens
1109 4735 1321 4809 Adam,
1359 4737 1518 4814 virgo
1551 4742 1747 4794 tamen
1779 4732 1974 4793 adhuc

317 4822 737 4888 exsistcnS.....
777 4823 1129 4886 inubediens
1161 4825 1329 4898 facta,
1359 4836 1416 4885 et
1436 4823 1577 4904 sibi,
1602 4831 1662 4885 et
1693 4821 1970 4883 universo

313 4913 524 4986 generi
555 4912 814 4975 humano
845 4931 1022 4975 causa
1055 4913 1205 4974 facta
1235 4921 1322 4974 est
1348 4912 1554 4973 mortis
1589 4931 1602 4974 :
1637 4910 1723 4971 sic
1750 4917 1806 4971 et
1837 4909 1969 4970 Ma-

314 4999 401 5059 ria
433 5001 920 5081 praedestinatum
955 5001 1184 5064 habens
1211 5001 1428 5069 virum,
1463 5009 1522 5061 et
1551 5007 1749 5060 tamen
1782 4997 1970 5077 virgo,

315 5085 918 5164 obediens,etsibi,et
949 5091 1228 5151 universo
1258 5088 1464 5167 generi
1498 5088 1756 5149 humano
1793 5103 1972 5146 causa

313 5173 461 5234 facta
491 5188 582 5236 est
611 5177 874 5240 salutis.»
912 5179 986 5240 Et
1005 5188 1214 5256 postea
1242 5196 1255 5231 :
1299 5173 1499 5245 ..ρυοά
1532 5171 1970 5250 alligavitvirgo

317 5258 431 5320 Eva
460 5281 564 5341 per
593 5261 1222 5344 incredulitatem,hoc
1247 5262 1423 5323 solvit
1449 5261 1612 5338 virgo
1650 5259 1835 5321 Maria
1867 5275 1972 5335 per

319 5345 556 5407 ﬁdem.»
593 5349 662 5410 Et
692 5351 772 5412 lib
826 5353 1071 5426 v,c.t9:
1105 5349 1649 5422 «Quemadmodum
1676 5346 1778 5406 illa
1810 5345 1972 5422 (Eva)

2060 4460 2282 4519 deratis
2312 4458 2712 4528 intercedere,
2746 4459 2805 4520 id
2837 4461 2994 4540 quod
3038 4460 3471 4522 moderatiores
3497 4458 3714 4520 Prote-

2059 4547 2338 4606 stantium
2363 4546 2643 4607 doctores
2668 4547 2877 4608 n.erito
2908 4549 3256 4622 admittunt,
3290 4565 3366 4608 ne
3397 4546 3539 4606 inde
3572 4547 3712 4628 qui-

2059 4634 2192 4694 dem
2228 4634 2359 4714 ejus
2394 4634 2687 4696 invocatio
2721 4655 2751 4696 a
2776 4636 3026 4715 singulis
3051 4639 3200 4698 facta
3223 4633 3460 4717 probari
3483 4644 3710 4715 posset;

2059 4725 2216 4803 quod
2250 4724 2565 4798 incertum,
2603 4741 2678 4785 ne
2707 4724 2926 4806 dicam,
2983 4725 3194 4787 falsum
3230 4725 3330 4800 sit,
3362 4725 3587 4799 audiat,
3621 4727 3711 4787 vel

2055 4814 2318 4892 possitne
2346 4811 2556 4873 audire
2579 4814 2754 4874 simul
2789 4822 2872 4874 tot
2909 4815 3069 4877 mille
3102 4815 3410 4876 hominum
3443 4814 3711 4895 compel-

2055 4901 2326 4963 lationes.
2363 4925 2390 4956 ι
2427 4902 2544 4963 Sed
2576 4901 2628 4962 si
2669 4903 3099 4966 moderatiores
3126 4903 3585 4966 Protestantiutn
3607 4902 3711 4964 do-

2053 5001 2270 5067 ctores,
2305 4997 2454 5051 teste
2507 4991 2749 5067 Crabio,
2806 4995 3016 5056 merito
3064 4994 3408 5066 admittunt,
3442 4991 3707 5068 Mariam,

2053 5089 2421 5160 caeterosque
2453 5091 2689 5142 sanctos
2716 5103 2871 5146 nunc
2902 5103 3008 5165 pro
3042 5082 3320 5145 ﬁdelibus
3364 5081 3510 5143 vivis
3569 5083 3706 5143 uni-

2055 5185 2223 5228 verse
2246 5169 2640 5231 consideratis
2671 5170 3076 5244 intercedere;
3108 5172 3427 5233 admittaut
3461 5170 3712 5250 proinde

2053 5276 2300 5320 necesse
2332 5268 2442 5333 est,
2476 5260 2636 5321 nulla
2667 5262 2768 5323 uni
2804 5263 2908 5327 Dei
2941 5271 2999 5324 et
3060 5261 3368 5323 hominum
3399 5260 3712 5323 mediatori

2050 5347 2202 5409 facta
2232 5347 2472 5427 injuria,
2508 5348 2654 5410 alios
2713 5358 2929 5432 praeter
2966 5348 3266 5414 Christum
3297 5346 3708 5428 secundarios,

383 5518 463 5568 '53
483 5521 628 5610 Cap.
663 5523 761 5594 16,
798 5542 861 5583 n.
888 5526 928 5582 6
953 5543 974 5584 :
1006 5523 1264 5603 cap.19,
1305 5543 1368 5585 n.
1401 5524 1464 5586 2.
1546 5519 1611 5573 5⁸
1638 5521 1778 5599 Cap.
1814 5521 1916 5593 2t,
1951 5539 2014 5583 n.
2046 5523 2105 5598 4,
2139 5533 2198 5586 et
2226 5524 2364 5587 alibi
2391 5526 2632 5606 passim.
2715 5529 2779 5581 87
2807 5528 2950 5610 Cap.
2974 5526 3074 5605 22,
3111 5546 3174 5593 u.
3225 5528 3286 5592 4.
3371 5528 3436 5580 58
3463 5527 3705 5603 Centu,

319 5625 446 5686 cap.
488 5605 536 5664 ι.
