4022 6390
158 354 269 417 317
1142 349 1640 413 DISSERTATIO
1684 345 1785 426 ιιι,

1907 347 1916 406 ἶ
1949 344 2231 408 ΙΗΕΝᾹΞΙ
2273 346 2559 408 LIBROS.
3428 343 3497 408 3t
3521 342 3557 406 8

154 490 393 570 ipsique
431 488 745 568 subjectos
778 484 1134 547 mediatores
1181 502 1313 545 esse
1345 501 1539 564 posse,
1575 497 1825 570 quorum
1852 498 1887 535 Α
1911 475 2285 570 sbyterorum
2310 484 2588 570 arguunt;
2622 496 2738 538 non
2783 478 3286 570 contemplantes,
3340 487 3564 570 quanto

154 565 413 657 proinde
445 577 523 638 de
545 565 747 637 salute
804 582 1007 635 nostra
1054 571 1441 635 sollicitorum
1488 568 1828 653 praesidium
1914 565 2101 657 pluris
2119 565 3127 657 sitidiotareligiosusablaspheme
3146 568 3559 657 etimpudente

152 655 486 747 implorare
548 665 754 737 liceat,
814 670 878 723 ut
906 678 1013 741 per
1041 679 1142 723 eos
1171 660 1244 723 ad
1277 659 1665 742 principalem
1697 660 1826 721 Me-
1911 655 2395 747 sophista._Tales
2425 663 2566 717 sunt
2596 662 2793 747 autem
2841 674 3050 747 omnes
3078 655 3427 737 haeretici,et
3455 655 3559 739 qui

152 742 456 816 diatorem
482 761 691 832 pateat
721 767 1025 813 accessus.
1911 761 1976 804 se
1997 742 2131 824 plus
2157 743 2383 825 aliquid
2410 757 2626 824 praeter
2648 743 2958 808 veritatem
2984 745 3252 808 invenire
3271 753 3553 826 putant...

228 844 334 906 67.
365 841 520 915 Sed,
570 843 653 902 ait
682 838 957 917 Grabius,
984 836 1159 899 beata
1208 835 1390 916 Virgo
1443 835 1651 898 audire
1710 853 1827 896 non
1909 832 3550 914 semperquaarentes,etnunquamveruminvenientes»

155 938 355 1011 potest
386 930 577 992 simul
607 938 691 990 tot
733 927 896 989 mille
956 925 1263 987 hominum
1312 924 1824 1006 compellationes.
1909 918 2117 982 Tutius
2148 920 2325 1000 igitur
2356 939 2488 1011 cum
2521 920 2816 1011 religiosis
2836 921 2957 982 illis
2984 921 3184 983 idiotis
3212 920 3551 1003 imperitum

158 1010 455 1097 Sagacem
488 1018 713 1097 virum,
737 1017 909 1095 cujus
937 1033 1008 1076 ea
1036 1014 1347 1075 sitmentis
1375 1014 1556 1089 acies,
1591 1021 1655 1075 ut
1682 1011 1827 1073 bea-
1911 1027 2066 1085 esse,
2102 1028 2210 1071 nec
2243 1010 2540 1071 curiosius
2572 1010 3406 1091 inquirere,quemadmodum
3429 1013 3550 1087 fiat,

165 1118 359 1169 torum
396 1107 655 1168 intimos
685 1103 869 1167 animi
920 1121 1129 1164 sensus
1158 1101 1446 1163 altissime
1479 1101 1827 1183 pervadens,
1912 1098 1997 1161 uti
2029 1116 2237 1180 preces
2269 1107 2500 1161 nostras
2558 1099 2802 1161 audiant
2833 1101 3044 1180 sancti;
3078 1119 3257 1179 quam
3285 1120 3417 1162 cum
3451 1121 3549 1163 va-

157 1207 350 1259 certos
374 1196 611 1257 limites
643 1212 851 1256 eorum
886 1190 1163 1254 audiendi
1196 1210 1265 1252 ac
1306 1190 1702 1269 cognoscendi
1732 1191 1824 1252 fa-
1907 1187 1999 1248 nis
2019 1187 2302 1268 sophistis
2321 1205 2559 1269 semper
2574 1187 2997 1268 quaerentibus,
3034 1198 3092 1250 et
3121 1208 3419 1271 nunquam
3453 1209 3548 1252 ve-

166 1285 370 1347 cultati
402 1283 715 1365 praeﬁnire
758 1280 983 1343 valeat?
1027 1279 1211 1342 Tanta
1262 1298 1378 1341 non
1412 1280 1518 1340 fuit
1546 1278 1827 1341 Ecclesia:
1907 1293 2036 1336 rum
2074 1274 2517 1365 invenientibus
2566 1294 2799 1357 sapere.
2853 1275 3122 1339 Sufﬁciat
3170 1297 3296 1339 rem
3329 1288 3550 1341 certam

162 1393 265 1453 per
287 1363 484 1434 totum
518 1372 756 1448 orbem,
806 1389 1030 1451 perque
1078 1368 1277 1431 omnia
1297 1377 1564 1450 tempora
1593 1368 1826 1430 iliﬂ'usa:
1906 1380 2063 1453 esse,
2088 1373 2148 1427 et
2178 1366 2238 1426 in
2269 1363 2541 1428 Ecclesia
2570 1383 2810 1446 semper
2836 1366 3197 1443 constitisse;
3221 1366 3551 1448 explicandi

168 1450 483 1542 sagacitas,
508 1480 644 1542 qua:
674 1470 912 1521 sanctos
935 1450 1000 1519 et
1030 1475 1200 1519 orare
1233 1475 1340 1538 pro
1363 1457 1619 1531 nobis,et
1649 1474 1682 1517 a
1709 1475 1822 1518 no-
1906 1450 2118 1542 modus
2150 1455 2273 1516 Deo
2296 1453 2756 1515 committendas
2783 1475 2795 1517 :
2824 1472 3157 1535 quanquam
3184 1464 3377 1517 tamen
3399 1475 3548 1518 con-

163 1541 249 1611 bis
279 1541 556 1612 invocari
618 1567 791 1630 posse
838 1548 1056 1623 duxit;
1116 1556 1241 1608 rata
1288 1546 1566 1607 videlicet
1615 1564 1824 1626 preces
1904 1541 2018 1602 suli
2067 1560 2136 1603 ea
2164 1543 2240 1605 de
2269 1561 2334 1604 re
2367 1542 2552 1622 possit
2603 1542 2964 1622 Augustinus
2996 1543 3101 1604 lib.
3152 1544 3234 1605 De
3261 1562 3406 1607 cura
3434 1563 3546 1625 pro

166 1649 393 1701 nostras
426 1638 505 1701 ab
560 1637 634 1699 iis
682 1636 875 1699 audiri
926 1645 985 1698 et
1016 1636 1265 1716 percipi.
1300 1634 1549 1697 Tantum
1600 1634 1823 1714 ingenii
1904 1633 2160 1693 mortuis
2179 1632 2687 1712 gerenda,cap.15
2716 1640 2771 1692 et
2808 1633 3078 1711 16,cujus
3101 1633 3447 1695 modestiam
3482 1635 3545 1695 in

163 1729 437 1789 acumine
458 1745 583 1787 non
601 1726 909 1786 valuerunt
933 1734 1159 1786 veteres
1179 1722 1401 1797 Patres,
1437 1724 1535 1803 qui
1568 1722 1823 1804 plurima
1847 1757 1884 1805 Β
1906 1720 2204 1805 solvendis
2234 1720 2528 1799 eju~modi
2558 1720 2987 1801 quaestionibus
3016 1721 3274 1784 laudabit
3320 1730 3376 1785 et
3404 1722 3544 1785 imi-

164 1835 288 1896 (μη
316 1816 420 1877 hic
451 1823 762 1893 geruntur,
796 1812 984 1875 beatis
1016 1812 1316 1893 explorata
1347 1829 1477 1873 esse
1508 1811 1822 1874 conﬁden-
1850 1804 1871 1805 ί
1904 1804 2123 1868 tabitur
2145 1808 2365 1887 probus
2384 1817 2443 1871 et
2476 1809 2736 1889 prudens
2772 1811 3046 1891 quisque.

166 1916 247 1965 ter
266 1911 688 1965 asseniernnt.
723 1902 895 1965 Certe
942 1920 1154 1962 recens
1185 1919 1302 1961 non
1336 1907 1423 1962 est
1444 1900 1669 1973 Grabii,
1703 1899 1820 1961 imo

164 1992 384 2055 Calvini
407 1999 471 2053 el
493 1990 657 2053 Petri
674 1990 927 2051 Molinaei
962 1988 1243 2068 objectio.
1265 1987 1431 2049 Hanc
1463 1989 1684 2049 dudum
1707 1987 1818 2049 sibi

164 2081 502 2161 proposuit,
568 2079 858 2158 solvitque
917 2077 1270 2139 Severianus
1327 2075 1821 2150 Gabalitanus,in

162 2188 339 2231 serm.
374 2172 414 2231 6
436 2169 525 2230 De
543 2168 757 2229 mundi
776 2167 1032 2246 opiﬁeio,
1068 2176 1213 2229 tom.
1246 2164 1321 2227 VI
1347 2164 1607 2246 Operum
1630 2166 1821 2245 Chry-

164 2258 566 2337 sost.,p.639.
594 2254 819 2336 Nempe
849 2271 983 2318 eum
1009 2252 1279 2333 dixisset,
1314 2253 1626 2315 verissime
1653 2252 1711 2313 id
1745 2252 1821 2315 de

166 2364 226 2407 se
260 2347 604 2408 affirmasse
637 2342 975 2416 S.Mariam,
1000 2342 1256 2405 Beatam
1278 2360 1371 2403 me
1394 2344 1596 2404 dicent
1617 2356 1822 2404 omnes

168 2436 615 2513 generationes,
652 2430 903 2493 subinde
921 2431 1034 2491 hoc
1052 2430 1299 2511 opponit
1322 2428 1431 2490 sibi
1468 2451 1482 2487 :
1517 2455 1540 2484 α
1579 2430 1651 2492 Et
1678 2430 1820 2511 quid

172 2524 332 2583 illam
360 2522 534 2602 juvat
562 2520 742 2593 istud,
796 2519 1053 2598 inquies,
1089 2535 1220 2579 cum
1255 2537 1371 2578 non
1405 2518 1632 2581 audiat?
1666 2542 1695 2575 ι
1719 2516 1826 2580 Cui

170 2613 249 2672 sic
271 2610 648 2690 respondet:
688 2629 716 2666 ι
745 2606 871 2670 Ιηιο
892 2625 1031 2667 vero
1063 2606 1320 2668 maxime
1352 2606 1535 2681 audit,
1570 2624 1640 2669 eo
1668 2608 1824 2687 quod

170 2700 226 2759 in
255 2701 389 2761 loco
417 2707 512 2759 est
543 2695 863 2775 splendido
892 2699 1077 2758 Mater
1097 2695 1328 2770 salutis,
1362 2694 1493 2756 fons
1523 2694 1825 2756 sensibilis

170 2788 341 2849 lucis.
376 2810 406 2842 ι
446 2784 700 2847 Basilius
751 2784 857 2845 lib.
894 2784 975 2844 De
1018 2800 1166 2845 vera
1212 2784 1483 2862 virginit.
1535 2782 1820 2859 virginem

172 2877 291 2939 Deo
324 2882 738 2937 consecratam
771 2873 1076 2943 admonet,
1112 2878 1308 2933 utnon
1334 2880 1559 2933 tantum
1581 2871 1824 2951 angelos

1983 1896 2087 1958 68.
2121 1896 2306 1968 Quam
2340 1913 2545 1976 parum
2571 1906 2693 1960 tnta
2713 1898 2831 1961 sint
2860 1917 3094 1980 ea,quaa
3124 1919 3258 1961 mox
3289 1901 3541 1981 praeclu-

1902 1983 2089 2045 simus
2106 1985 2342 2065 effugia,
2366 1986 2548 2067 probe
2567 1987 2828 2048 sentiens
2848 1986 3205 2065 cl.Grabius,
3238 1989 3394 2052 aliud
3426 1989 3543 2051 sibi

1904 2090 2111 2151 parare
2140 2074 2390 2149 studuit,
2416 2074 2648 2137 caeteris
2672 2083 2867 2137 tamen
2900 2095 3012 2137 nec
3044 2077 3280 2158 melius,
3302 2096 3412 2140 nec
3445 2088 3540 2140 tu-

1904 2160 2039 2225 tius.
2081 2163 2393 2235 Advoeata,
2428 2164 2529 2244 ait,
2564 2182 2633 2224 ex
2682 2162 2887 2227 Graeco
2931 2166 3291 2242 παράκλητος,
3325 2184 3538 2230 conso-

1903 2248 2095 2329 landi,
2131 2270 2244 2311 non
2279 2252 2690 2314 intercedendi
2748 2253 3234 2331 significationem
3269 2255 3377 2317 hoc
3410 2256 3538 2319 loco

1903 2338 2211 2400 manifeste
2236 2339 2437 2415 habet;
2462 2340 2618 2420 quod
2653 2359 2722 2401 ex
2754 2340 3129 2421 quibusdam,
3184 2362 3299 2405 non
3332 2346 3539 2407 lrenazi

1911 2424 2233 2507 ipsius,sed
2266 2426 2617 2489 Tertulliani
2649 2429 3010 2491 testimoniis
3036 2430 3287 2511 probare
3317 2433 3547 2496 nititur.

1911 2516 2080 2579 Unde
2112 2515 2437 2589 concludit,
2472 2518 2845 2597 advocatam,
2880 2518 2938 2578 id
2977 2529 3068 2582 est
3098 2521 3550 2584 consolatricem

1907 2602 2041 2665 Erae
2069 2612 2127 2664 et
2166 2607 2345 2666 totius
2377 2606 2615 2666 humani
2647 2606 2884 2684 generis
2935 2605 3008 2668 ab
3058 2609 3283 2671 Irenaeo
3332 2609 3450 2671 dici
3480 2609 3550 2677 Β.

1908 2690 2236 2770 Virginem,
2302 2692 2441 2773 quia
2498 2694 2624 2755 haec
2678 2695 2801 2755 Deo
2856 2693 3166 2777 obediens,
3223 2698 3551 2762 secundum

1907 2780 2118 2861 Adam,
2151 2781 2506 2843 Salvatorem
2540 2782 2763 2844 mundo
2795 2784 3049 2864 peperit;
3083 2785 3367 2849 sicut‘illa
3418 2789 3549 2852 dia-

1909 2868 2045 2931 bolo
2067 2888 2243 2933 aures
2265 2869 2560 2951 prtebens,
2589 2870 2846 2951 primum
2873 2872 3154 2935 Adamum
3174 2875 3430 2952 seduxit,
3465 2877 3556 2940 in-

172 2973 473 3044 vereatur,
514 2963 620 3023 sed
653 2961 828 3023 etiam
860 2962 1167 3022 hominum
1200 2969 1563 3037 sanctorum,
1596 2980 1665 3023 ac
1712 2960 1822 3023 Pa-
1846 3029 1882 3044 Α
1908 2957 2105 3039 deque
2136 2961 2392 3040 posteris
2443 2959 2609 3021 exitii
2639 2978 2815 3023 causa
2843 2960 2975 3025 fuit.
3010 2961 3125 3025 Sed
3159 2963 3297 3044 quid
3333 2972 3448 3027 tam
3478 2967 3552 3028 ﬁ-

170 3061 324 3115 trum
355 3029 629 3131 spiritus.
665 3070 695 3110 ι
723 3048 793 3110 Et
822 3047 963 3128 quid
994 3048 1228 3137 singula
1258 3029 1685 3117 commemoro,
1725 3048 1822 3110 in-
1844 3029 1884 3080 C
1908 3029 2122 3137 deliter
2136 3029 2429 3129 supponit
2460 3047 2735 3137 Grabius,
2788 3050 3077 3113 Irenaeum
3125 3029 3326 3116 Graece
3355 3053 3552 3137 scrip-

173 3142 319 3223 quit,
405 3138 757 3218 angelorum
825 3136 1297 3198 innumerabiles
1385 3136 1819 3211 multitudines,

175 3248 433 3311 cumque
461 3229 540 3290 iis
570 3237 807 3289 sanctos
837 3228 1073 3288 Patrum
1105 3226 1394 3306 spiritus?
1421 3225 1636 3289 Nullus
1665 3226 1822 3288 enim

175 3337 378 3381 eorum
404 3326 524 3398 est,
558 3316 661 3397 qui
692 3333 809 3378 non
838 3314 1063 3395 ubique
1113 3314 1431 3395 prospiciat
1467 3336 1481 3376 :
1529 3333 1662 3375 cum
1695 3316 1826 3396 ipse

177 3406 413 3488 quidem
447 3405 718 3485 corporis
746 3403 935 3465 oculis
950 3422 1066 3464 non
1085 3405 1825 3485 conspectus,incorporeo

178 3506 370 3557 tamen
430 3494 558 3555 visu
612 3493 688 3555 ad
748 3490 1017 3553 notitiam
1072 3502 1286 3552 cuncta
1312 3492 1819 3572 complectatur.»

178 3584 548 3663 Augustinus
571 3580 982 3653 serm.316,al.
1012 3580 1103 3655 94,
1152 3581 1236 3642 De
1255 3580 1543 3653 diversis,
1578 3579 1827 3661 loquens

180 3674 251 3733 de
279 3672 465 3736 Paulo
498 3678 560 3732 et
599 3670 895 3750 Stephano
930 3688 944 3730 :
984 3692 1012 3723 α
1040 3667 1254 3744 Ambo,
1312 3668 1416 3748 ait,
1457 3668 1538 3729 ibi
1586 3687 1686 3730 vos
1732 3669 1823 3729 vi-

179 3762 352 3842 detis,
410 3759 593 3821 ambo
643 3758 818 3819 modo
873 3776 1212 3818 sermonem
1268 3765 1534 3818 nostrum
1585 3757 1823 3838 auditis,

182 3849 351 3911 ambo
385 3866 494 3928 pro
532 3846 702 3909 nobis
733 3854 962 3909 orate.)
988 3846 1402 3909 Theodoretus
1434 3845 1541 3906 lib.
1575 3862 1698 3919 vm,
1736 3845 1827 3907 De

178 3938 468 3999 curandis
486 3934 839 3999 Grecorum
864 3931 1423 4013 affectionibusmbi
1450 3934 1527 3994 de
1558 3933 1827 4014 martyri-

180 4026 286 4086 bus
304 4028 449 4105 agit,
474 4040 679 4086 eorum
699 4022 915 4083 refellit
935 4040 1226 4097 errorem,
1256 4021 1357 4101 qui
1378 4030 1664 4102 martyres
1688 4041 1823 4084 cre-

178 4113 418 4187 debant,
456 4136 483 4166 ι
517 4112 743 4173 nullum
774 4128 1013 4171 sensum
1064 4128 1272 4171 eorum
1304 4110 1550 4183 habere,
1583 4130 1715 4192 qua;
1763 4112 1821 4173 in

180 4203 346 4263 terris
370 4209 687 4281 geruntur;
725 4224 752 4253 ι
785 4201 942 4278 (μιοὰ
974 4218 1045 4261 ex
1078 4217 1147 4260 eo
1196 4200 1432 4273 refutat,
1474 4223 1495 4254 σ
1533 4200 1691 4281 quod
1723 4200 1822 4261 di-

179 4291 307 4351 vina
321 4289 579 4370 quadam
599 4287 1009 4350 etbeatissima
1026 4288 1085 4349 in
1105 4298 1267 4350 sorte
1288 4289 1591 4349 constituti
1610 4289 1751 4352 sint.
1790 4308 1817 4344 ι

1909 3135 2083 3216 sisse,
2114 3135 2502 3215 παράκλητοςῗ
2533 3137 2900 3218 Πιρὰκλτ,τος,
2929 3138 3143 3221 inquit,
3177 3135 3549 3218 consolandi,

1910 3242 2029 3285 non
2058 3225 2475 3288 intercedendi
2522 3226 3012 3305 signiﬁcatienem
3046 3228 3159 3291 hoc
3198 3229 3326 3292 loco
3358 3233 3551 3295 mani—

1908 3312 2268 3403 festeliabet.
2307 3313 2570 3403 Diceres,
2608 3315 2910 3376 hominem
2963 3314 3165 3379 Graeca
3197 3317 3401 3381 lrenaei
3434 3339 3554 3403 pra:

1909 3402 2431 3492 oculisghabuisse.
2459 3402 2609 3477 Quid
2642 3404 2692 3465 si
2720 3405 3099 3483 contendam,
3131 3408 3292 3470 aliud
3324 3402 3554 3492 quidvis

1907 3490 2219 3572 scripsisse
2239 3489 2716 3573 Irenasum,quod
2738 3489 3552 3576 deprecutriccm,mediatri-

1906 3588 2492 3660 cemacsequestrem
2514 3581 2838 3659 signiticet?
2869 3582 2995 3655 Quo
3025 3595 3373 3662 argumento
3404 3605 3552 3648 con-

1900 3668 2196 3750 jecturam
2241 3669 2391 3731 hanc
2433 3668 2787 3750 [CXXXVII]
2811 3672 3140 3734 confutabit
3168 3674 3449 3736 Grabius?
3480 3680 3556 3739 At

1907 3759 2213 3839 scripserit
2245 3757 2529 3835 Irenteus,
2563 3760 2929 3839 πιρέκλητος,
2989 3762 3145 3823 haud
3180 3764 3547 3844 repugnabo.

1905 3847 2023 3909 Sed
2043 3864 2149 3908 cur
2164 3846 2322 3908 vocis
2369 3849 2542 3928 hujus
2569 3848 3060 3927 significationem
3092 3870 3124 3911 a
3158 3850 3546 3927 Tertulliano,

1908 3942 1967 3996 et
1991 3954 2106 3997 non
2133 3934 2328 4014 potius
2356 3937 2429 3997 ab
2460 3936 2686 3999 Irenaeo
2740 3938 2868 4017 ipso
2891 3940 3066 4017 petit?
3091 3939 3151 3999 Si
3173 3940 3415 4021 quidem
3446 3959 3548 4003 se-

1907 4024 2025 4084 mel
2056 4025 2337 4086 duntaxat
2364 4043 2434 4086 ea
2462 4043 2606 4086 voce
2636 4044 2779 4086 usus
2806 4036 2963 4088 esset
3007 4038 3222 4108 martyr
3240 4029 3549 4090 sanctissi-

1909 4131 2061 4193 mus,
2094 4113 2232 4174 ferri
2261 4124 2559 4195 utcunque
2590 4122 2814 4194 posset.
2847 4116 2922 4177 At
2951 4134 3084 4177 cum
3117 4117 3386 4177 eamdem
3419 4118 3550 4179 aliis

1904 4200 1965 4262 in
1999 4202 2146 4264 locis
2191 4203 2588 4283 usurpaverit,
2647 4222 2754 4265 cur
2783 4222 2853 4265 ea
2906 4222 3023 4265 non
3057 4205 3395 4267 conferebat
3421 4206 3551 4286 ejus

1905 4289 2118 4364 editor,
2154 4297 2216 4351 ut
2243 4291 2566 4370 genuinum
2590 4293 2750 4353 vocis
2797 4310 3037 4353 sensum
3062 4293 3135 4354 ab
3163 4292 3388 4356 [renaao
3419 4294 3548 4370 ipso

180 4376 467 4459 Denique,
499 4388 567 4437 ut
597 4376 848 4437 citantlis
879 4377 1149 4438 Patribcs
1180 4378 1357 4437 tinem
1380 4375 1614 4456 faciam,
1647 4395 1816 4438 eum-
1845 4390 1887 4440 υ
1905 4386 2158 4458 peteret,
2182 4377 2591 4461 Irenaeumque
2618 4399 2688 4442 ex
2740 4380 2964 4443 Irenaeo
3019 4382 3364 4464 explicaret?
3415 4382 3544 4454 Lib,

182 4470 312 4527 dem
334 4483 601 4527 errorem
618 4465 898 4527 refellens
919 4464 1242 4545 Gregorius
1259 4466 1430 4541 Magn
1443 4464 1545 4527 .lib
1558 4482 1656 4527 .xn
1680 4466 1812 4529 Μο-

181 4555 291 4615 ml.
322 4574 453 4633 cap.
481 4559 581 4627 49,
606 4554 814 4615 eodem
840 4561 1190 4631 argumento
1227 4554 1691 4634 probat,animas
1718 4555 1815 4615 di-

182 4643 322 4705 vina:
354 4644 506 4704 lucis
536 4660 606 4704 ac
634 4642 929 4703 felicitatis
951 4652 1281 4721 compotes,
1307 4660 1506 4703 rerum
1536 4643 1819 4704 humana-

182 4750 334 4806 rum,
366 4750 513 4811 quas
543 4732 698 4792 scire
745 4733 1006 4811 ipsarum
1057 4732 1327 4810 interest,
1359 4731 1667 4792 scientiam
1700 4751 1819 4793 non

179 4820 404 4899 fugere;
443 4843 466 4874 ι
504 4819 966 4900 quiaquazintus
996 4819 1429 4900 omnipmentis
1447 4819 1548 4881 Dei
1577 4820 1816 4881 clarita-

182 4919 296 4970 tem
323 4909 723 4981 vident,uullo
757 4908 934 4968 modo
966 4909 1334 4970 credendum
1368 4916 1479 4982 est,
1512 4910 1651 4987 quia
1679 4909 1822 4970 foris

178 4998 249 5058 sit
298 4996 526 5077 aliquid
555 4997 711 5076 quod
744 4996 1045 5076 ignorent.
1093 5018 1120 5055 ι
1184 4996 1280 5059 Sic
1311 4997 1647 5059 sentiebant
1679 4997 1821 5059 boni

178 5086 254 5147 illi
285 5086 505 5164 idiota,
560 5084 894 5146 Christiana
942 5085 1326 5164 simplicitate
1381 5096 1439 5147 et
1486 5086 1821 5147 humilitate

178 5174 369 5247 rudes,
398 5173 485 5235 sic
508 5173 858 5253 credebant,
882 5172 969 5235 sic
992 5174 1120 5235 aliis
1153 5174 1511 5255 persuadere
1543 5176 1815 5237 niteban-

182 5272 285 5323 tur.
316 5260 379 5325 Si
437 5279 579 5325 τοι-ο
640 5262 1002 5343 imperitiam
1062 5281 1270 5325 eorum
1302 5278 1510 5339 arguat
1540 5264 1817 5337 Grabius,

182 5350 512 5413 meminerit
531 5350 606 5411 ab
633 5348 859 5413 Irenaeo
886 5351 951 5403 59
978 5352 1202 5414 dictum
1238 5373 1253 5410 :
1295 5350 1442 5421 «Qui
1472 5353 1821 5433 relinquunt

183 5441 527 5520 preconium
550 5438 861 5515 Ecclesiae,
912 5440 1273 5521 imperitiam
1305 5448 1642 5503 sanctorum
1676 5460 1819 5521 pre-

245 5626 295 5673 ⁸⁵
332 5627 508 5705 lren.,
541 5627 653 5697 ιιι).
690 5644 754 5705 v,
786 5644 843 5691 c.
887 5626 987 5703 Ὦ,
1022 5647 1084 5692 n.
1118 5628 1179 5691 2.

1900 4469 2226 4541 tu,c.l8,n.
2248 4470 2307 4542 7,
2340 4470 2548 4530 scribit
2579 4471 2895 4533 Gnosticos
2927 4471 3338 4533 existimantes
3369 4471 3545 4534 Chri-

1901 4564 2058 4618 stum
2093 4558 2289 4636 specie
2322 4567 2492 4619 tenus
2524 4559 2825 4621 hominem
2859 4560 3176 4634 exstitisse,
3201 4561 3390 4624 adhuc
3416 4580 3549 4623 esse

1904 4643 2012 4705 sub
2044 4644 2226 4707 veteri
2257 4646 2658 4722 damnatione,
2691 4673 2717 4703 ¢
2744 4648 3191 4712 advocationem
3217 4650 3548 4731 praebentes

1906 4744 2211 4813 peccato,n
2250 4735 2309 4795 id
2341 4746 2430 4796 est
2465 4760 2487 4790 ι
2525 4737 2794 4807 tutelam.
2830 4739 3549 4818 patrocinium,defensio-

1907 4840 2068 4882 nem.
2106 4845 2129 4880 ι
2166 4821 2387 4884 Eodem
2419 4842 2597 4887 sensu
2650 4826 2732 4887 ait
2762 4825 2865 4887 lib.
2901 4844 2981 4900 1v,
3020 4846 3074 4887 c.
3109 4826 3207 4905 34,
3242 4846 3298 4886 η.
3334 4828 3393 4889 4ε
3433 4851 3458 4881 α
3487 4828 3545 4889 Si

1903 4910 2355 4989 aliquisJudaais
2385 4913 2828 4975 advocationem
2860 4914 3543 4996 praestans,erectionem

1904 5005 2027 5062 tem
2038 5000 2279 5080 pli,quae
2298 5010 2675 5082 posteaquam
2696 5002 2755 5063 in
2779 5003 3137 5083 Babylonem
3173 5002 3546 5081 transmigra-

1902 5092 2115 5161 verint,
2168 5094 2318 5149 facta
2348 5098 2439 5151 est
2489 5091 2597 5151 sub
2632 5090 2983 5171 Zorobabel,
3017 5101 3076 5152 et
3114 5089 3542 5152 discessionem

1902 5177 2128 5258 populi,
2155 5196 2286 5258 qua:
2307 5179 2456 5240 facta
2478 5188 2565 5241 est
2588 5190 2719 5260 post
2747 5180 3116 5262 septuaginta
3146 5197 3358 5259 annos,
3392 5180 3549 5241 dicat

1901 5266 2014 5327 hoc
2044 5284 2177 5327 esse
2208 5286 2423 5329 novum
2455 5266 2932 5347 Testamentum,
2966 5276 3306 5346 cognoscat,
3342 5292 3373 5326 ι
3424 5277 3541 5330 etc.

1898 5354 2000 5416 Sic
2028 5363 2085 5415 et
2113 5352 2218 5417 lib.
2255 5371 2341 5429 ιιι,
2374 5374 2429 5418 c.
2458 5360 2566 5430 I3,
2604 5376 2663 5417 ιι.
2698 5360 2734 5419 8
2762 5375 2776 5419 :
2824 5381 2852 5412 α
2879 5357 2985 5428 Qui
3010 5356 3425 5418 contradicunt
3444 5376 3545 5419 sa-

1900 5440 2007 5503 luti
2042 5443 2585 5507 Adamadvocatos
2611 5463 2674 5505 se
2703 5444 2999 5526 serpentis
3029 5453 3088 5505 et
3108 5445 3314 5508 mortis
3337 5456 3539 5509 osten-
