4022 6382
237 325 368 386 337

1165 330 1658 396 DISSERTATIO
1700 325 1810 397 III,
1858 313 1958 379 DE
2001 313 2291 386 IREN/EI
2332 324 2754 389 DOCTRINA.

3524 325 3642 390 338

238 466 374 517 tum
405 459 794 524 collectivum
816 482 935 524 non
957 465 1213 546 sit,quod
1233 473 1392 527 certe
1409 463 1775 526 Eucharistia
1790 468 1913 522 non
1930 455 1976 508 Α
1995 457 2261 546 quamvis
2282 459 2546 537 corporis
2572 457 3092 521 Christixvirtutem
3120 478 3226 540 per
3242 461 3618 525 communica

237 555 360 623 est,
404 548 596 610 altera
623 568 694 612 re
723 559 999 632 tanquam
1031 561 1194 633 parte
1215 562 1485 617 constare
1516 553 1902 631 dicitur,quae

236 635 474 699 absens
507 648 571 700 et
606 645 771 700 extra
791 641 977 719 ipsam
1000 641 1095 704 sit.

324 725 436 787 86.
471 729 604 790 Nec
650 730 848 789 minus
891 729 1114 792 absuda
1146 732 1331 793 altera
1353 730 1693 810 explicatio,
1727 748 1901 810 quam

236 814 555 875 asciscere
587 814 704 876 sibi
729 816 806 876 cl.
829 815 1046 879 Grabio
1077 818 1719 898 placuit.Praeterquam
1747 817 1901 897 quod

234 902 414 963 enim
451 905 866 966 commentitia
890 905 991 968 illa
1014 907 1258 983 virtus,a
1276 907 1709 970 recentioribus
1732 925 1907 968 exco-

238 990 439 1068 gitata
464 992 788 1074 ministris,
819 995 925 1056 toti
954 1003 1112 1058 retro
1139 997 1470 1078 antiquitati
1505 997 1701 1076 ignota
1741 1016 1902 1058 sem-

241 1097 366 1149 per
395 1080 530 1160 fuit,
569 1099 639 1143 ac
669 1101 744 1143 ne
781 1084 871 1144 vel
900 1084 1260 1147 levissimum
1297 1087 1541 1166 quidem
1571 1085 1749 1148 habet
1770 1086 1904 1146 fun-

239 1167 613 1231 damentum
647 1171 708 1232 in
740 1171 1041 1254 Scriptura
1073 1184 1132 1236 et
1175 1174 1462 1248 Palribus;
1517 1184 1908 1255 praeterquam

249 1257 420 1335 quod
456 1259 785 1321 absurdum
804 1271 890 1323 est
919 1280 1186 1325 asserere
1218 1283 1462 1344 corpora
1486 1263 1911 1343 nostraali,nu-

243 1346 384 1407 triri
419 1357 482 1408 et
532 1351 736 1427 augeri
782 1351 998 1414 virtute
1049 1353 1298 1431 quadam
1326 1373 1360 1414 a
1387 1353 1610 1415 Christi
1662 1370 1910 1432 corpore

243 1443 558 1515 separata;
594 1456 664 1498 ea
694 1447 850 1501 stare
878 1441 1038 1501 nulla
1058 1442 1288 1504 ratione
1316 1449 1506 1522 potest
1533 1460 1666 1502 cum
1696 1439 1904 1508 Irenmi

241 1543 439 1604 scopo
465 1532 524 1584 et
554 1537 926 1604 argumento,
962 1531 1234 1609 superius
1272 1530 1576 1611 expositis;
1610 1548 1723 1590 nec
1767 1530 1904 1590 hinc

243 1614 485 1674 inferre
518 1634 780 1693 unquam
809 1619 997 1696 potuit
1024 1622 1086 1682 S.
1119 1619 1325 1680 doctor
1353 1627 1473 1680 tum
1497 1619 1782 1680 unionem
1805 1619 1902 1698 hy-

1986 551 2109 606 tum
2138 545 2254 607 sibi
2276 564 2510 608 sacrum
2544 564 2758 626 panem
2790 545 3105 626 accipiant,
3127 565 3198 611 ea
3218 555 3418 612 tamen
3447 549 3520 612 ab
3549 551 3640 612 in-

1987 633 2097 694 sita
2130 634 2243 696 sibi
2275 635 2615 715 corruptela
2647 634 2825 696 eximi
2855 653 2974 696 non
3007 645 3276 715 possunt,
3301 641 3413 700 nec
3437 638 3635 700 minus

1990 721 2239 802 proinde
2271 723 2663 804 peritura.Sic
2688 725 2856 784 vanis
2883 723 3119 802 effugiis
3148 726 3274 787 suis
3296 727 3645 788 armamini-

1989 811 2525 873 strantCalviniani
2556 811 2852 873 haereticis
2897 811 3164 874 omnium
3224 813 3644 894 proﬂigatissi-

1989 898 2124 974 mis,
2162 905 2220 960 et
2249 901 2530 963 Ecclesiae
2543 902 2746 961 Patres
2778 903 3123 962 insanorum
3146 901 3454 964 hominum
3479 922 3647 966 more

1988 1006 2121 1048 cum
2155 987 2229 1049 iis
2258 988 2613 1050 dimicantes
2643 1008 2853 1069 campo
2887 989 3177 1052 inferunt.

2069 1077 2165 1139 87.
2203 1076 2388 1149 Quam
2420 1096 2558 1140 vero
2584 1078 2788 1142 efﬁcax
2818 1079 2966 1140 illud
2999 1082 3339 1157 argumenti
3365 1087 3618 1160 genus,‘e

1996 1165 2207 1227 merito
2253 1166 2517 1246 quidem,
2553 1167 2919 1229 existimaret
2947 1151 3227 1246 Irenteus,
3283 1151 3648 1233 demonstrat

1994 1253 2150 1333 quod
2184 1273 2253 1315 eo
2284 1257 2499 1334 saepius
2527 1255 2810 1318 adversus
2868 1255 3180 1320 Gnosticos
3211 1267 3434 1336 utatur,
3468 1259 3643 1321 illos-

1993 1361 2108 1421 que
2139 1343 2209 1403 ad
2243 1342 2678 1406 Eucharistiam
2710 1362 2830 1405 non
2873 1345 3060 1406 semel
3102 1355 3403 1426 provocet,
3437 1366 3644 1411 eorum

1994 1448 2232 1492 errores
2262 1431 2376 1493 hoc
2400 1431 2517 1493 telo
2551 1433 2916 1494 conﬁxurus.
2952 1432 3178 1496 Eodem
3211 1435 3316 1497 lib.
3343 1455 3416 1507 tv,
3453 1456 3506 1500 c.
3539 1436 3639 1511 33,

1988 1537 2047 1578 n.
2082 1518 2142 1593 2,
2197 1520 2322 1598 jam
2373 1521 2502 1594 cit.,
2554 1521 2941 1583 Marcionitas
2976 1523 3283 1598 refellens,
3336 1526 3438 1606 qui
3494 1524 3642 1587 duos

1988 1607 2132 1668 deos
2163 1607 2483 1689 ﬁngebant,
2520 1610 2774 1672 alterum
2808 1609 3056 1685 bonum,
3116 1611 3356 1675 Patrem
3407 1614 3642 1677 Domini

245 1695 1011 1778 postaticamVerbi’divini
1041 1727 1174 1768 cum
1207 1709 1466 1768 humana
1491 1706 1709 1768 Christi
1739 1695 1903 1767 natu-
1929 1730 1966 1778 Β
1989 1695 2194 1766 nostri.
2230 1697 2484 1758 alterum
2517 1698 2760 1778 malum,
2824 1699 3027 1760 mundi
3082 1701 3381 1778 opiﬁcem,
3427 1702 3643 1782 probat

245 1807 337 1856 ra,
403 1797 534 1850 tum
599 1809 910 1871 corporum
974 1805 1304 1858 nostrorum
1377 1795 1900 1858 resurrectionem.

251 1903 276 1928 π
307 1879 568 1949 Nostra,
602 1879 811 1958 inquit,
846 1883 1137 1944 sententia
1165 1903 1503 1945 consonans
1533 1890 1622 1944 est
1668 1883 1904 1944 Eucha-

245 1965 402 2034 stim,
448 1974 505 2026 et
535 1966 906 2031 Eucharistia
932 1990 1134 2033 rursus
1186 1975 1497 2034 conﬁrmat
1547 1971 1905 2034 sententiam

247 2053 876 2120 nostram.0ﬁerimus
907 2062 1061 2120 enim
1089 2063 1210 2123 Deo
1245 2081 1373 2142 quae
1407 2069 1543 2123 sunt
1567 2061 1723 2139 ejus.
1748 2083 1774 2115 »
1808 2077 1906 2120 res

244 2143 540 2204 videlicet
569 2144 641 2205 ab
673 2164 744 2206 eo
775 2147 1062 2220 conditas,
1126 2171 1146 2200 ι
1175 2156 1576 2227 congruenter
1631 2165 1902 2208 commu-

249 2232 502 2291 nionem
538 2241 597 2293 et
627 2235 905 2297 unionem
943 2237 1643 2318 praedicantes;-quarum
1675 2253 1900 2315 rerum,

247 2320 498 2398 (μικςοῖ
518 2322 608 2382 An
639 2323 899 2402 spiritus,
935 2344 1037 2387 seu
1068 2327 1283 2388 animm
1313 2329 1583 2388 humanae
1611 2344 1745 2386 cum
1778 2342 1903 2386 car-

253 2409 367 2468 ne?
401 2408 521 2470 Sed
553 2410 762 2472 harum
793 2431 991 2475 rerum
1023 2416 1300 2476 unionem
1337 2424 1394 2476 et
1418 2415 1899 2476 communionem

259 2516 378 2556 non
415 2499 708 2572 negabant
737 2502 1119 2564 Gnostici.An
1148 2503 1376 2564 virtutis
1397 2502 1612 2565 Christi
1636 2501 1902 2582 corporis

259 2606 394 2644 cum
453 2588 636 2664 pane?
686 2587 800 2650 Sed
853 2591 988 2670 quid
1031 2592 1156 2652 hmo
1186 2592 1257 2652 ad
1289 2591 1496 2653 Irenaai
1528 2608 1796 2670 scopum,
1831 2609 1902 2651 ex

261 2676 657 2736 Eucharistia;
685 2677 800 2738 ﬁde
829 2680 1253 2742 conﬁrmantis.
1291 2680 1442 2760 quod
1471 2687 1647 2740 antea
1679 2677 1899 2757 proba-

262 2773 449 2840 verat,
484 2763 784 2826 Christum
809 2785 940 2830 esse
970 2769 1155 2848 ipsius
1189 2769 1393 2830 mundi
1425 2767 1794 2829 fabricatoris
1824 2767 1899 2828 ﬁ-

260 2851 432 2919 lium,
465 2851 527 2911 id
578 2861 670 2913 est
722 2853 982 2917 Verbum
1019 2859 1146 2937 ejus
1197 2857 1485 2936 ?Ergone
1533 2855 1669 2936 quia
1723 2856 1902 2915 virtus

261 2939 481 3000 Christi
510 2943 776 3019 corporis
802 2945 1002 3005 unitur
1033 2965 1164 3007 cum
1201 2945 1519 3024 pane,hinc
1551 2943 1758 3004 conﬁci
1794 2962 1901 3022 po-

262 3028 640 3088 test‘ferbum
668 3049 800 3090 cum
822 3051 1118 3112 corporea
1145 3035 1360 3096 Christi
1396 3040 1602 3094 natura
1633 3031 1903 3092 substan-

262 3117 477 3175 tialiter
507 3118 735 3178 unitum
767 3121 950 3182 fuisse
973 3129 1001 3184 ?
1031 3121 1156 3183 Imo
1186 3122 1380 3202 potius
1411 3121 1773 3182 contrarium
1807 3120 1900 3180 in-

1990 1784 2143 1863 quod
2180 1785 2295 1845 nisi
2325 1784 2614 1847 Dominus
2646 1787 2833 1867 ipsius
2864 1787 3074 1848 mundi
3110 1790 3440 1852 conditoris
3460 1791 3643 1853 Filius

1989 1873 2085 1946 sit,
2129 1894 2152 1930 a
2187 1873 2408 1952 injuste
2441 1875 2618 1954 hujus
2648 1875 3175 1956 conditionis,quae
3194 1885 3286 1942 est
3313 1880 3642 1942 secundum

1987 1980 2116 2040 nos,
2145 1963 2446 2041 accipiens
2481 1982 2716 2043 panem,
2748 1983 2921 2026 suum
2956 1983 3175 2045 corpus
3229 1987 3362 2030 esse
3393 1969 3644 2031 conﬁte-
3741 1961 3743 1964 ﬁ

1989 2049 2178 2129 batur,
2209 2059 2266 2112 et
2298 2059 2834 2132 temperamentum
2866 2052 3066 2114 calicis
3089 2072 3258 2116 suum
3290 2057 3642 2135 sanguinem

1989 2139 2357 2201 conﬁrmavit
2415 2165 2440 2195 n
2477 2140 2603 2213 Quo
2647 2140 2888 2220 quidem
2946 2153 3296 2220 argumento
3352 2145 3445 2207 vel
3492 2139 3638 2208 nihil

1990 2246 2232 2306 prorsus
2274 2229 2475 2306 efﬁcit,
2509 2230 2599 2292 vel
2658 2230 2808 2292 illud
2860 2232 3199 2295 certissime
3245 2234 3636 2314 demonstrat,

1985 2315 2286 2378 Christum
2317 2317 2399 2379 ita
2446 2337 2662 2398 panem
2693 2337 2866 2381 suum
2899 2339 3034 2382 esse
3065 2340 3311 2402 corpus,
3354 2332 3414 2386 et
3434 2325 3637 2388 vinum

1986 2424 2152 2466 suum
2183 2423 2313 2466 esse
2337 2407 2685 2484 sanguinem
2736 2407 3076 2471 confessum
3129 2428 3264 2473 esse
3308 2419 3371 2476 et
3415 2415 3637 2475 conﬁr-

1986 2511 2202 2566 masse,
2237 2501 2298 2554 ut
2320 2512 2390 2554 ex
2421 2494 2606 2556 altero
2636 2494 2748 2555 sibi
2771 2513 2976 2558 verum
3026 2515 3272 2576 corpus,
3323 2518 3395 2561 ex
3446 2501 3635 2564 altero

1983 2599 2189 2644 verum
2222 2582 2592 2660 sanguinem,
2627 2601 2766 2644 vera
2795 2584 3110 2665 utriusque
3158 2589 3552 2650 conversione
3582 2597 3642 2651 et

1987 2670 2472 2732 transmutatione
2528 2670 2759 2741 fecerit;
2825 2681 2883 2733 et
2951 2672 3090 2734 inde
3143 2675 3429 2753 injustam
3480 2676 3629 2751 fore,

1984 2756 2144 2837 quod
2175 2774 2272 2817 res
2293 2757 2365 2817 ab
2397 2758 2513 2819 alio
2544 2759 2835 2833 conditas,
2866 2767 2926 2822 et
2957 2760 3066 2822 sub
3117 2761 3361 2824 alterius
3411 2763 3635 2826 ditione

1985 2845 2225 2924 positas,
2249 2864 2389 2908 suas
2419 2864 2552 2908 esse
2580 2848 2737 2909 dicat
2765 2855 2824 2909 et
2856 2848 3092 2912 efﬁciat.
3125 2850 3188 2910 Si
3208 2850 3368 2912 enim
3384 2869 3454 2913 eo
3475 2851 3632 2914 dun-

1987 2942 2141 2994 taxat
2169 2952 2349 2995 sensu
2373 2935 2640 2998 Christus
2663 2952 2877 3016 panem
2909 2956 3124 3018 corpus
3169 2957 3344 2999 suum
3377 2957 3509 3002 esse
3537 2940 3635 3002 di-

1984 3023 2156 3096 xerit,
2191 3023 2347 3102 quod
2375 3022 2430 3084 ei
2459 3023 2726 3104 corporis
2752 3025 2843 3086 sui
2873 3024 3156 3088 virtutem
3180 3027 3497 3108 impertire
3527 3047 3634 3090 vo-

1987 3113 2185 3188 luerit;
2213 3132 2333 3175 non
2365 3115 2550 3193 magis
2582 3133 2797 3194 panem
2835 3115 2908 3177 ab
2932 3116 3045 3179 alio
3077 3125 3342 3180 creatum
3379 3118 3491 3181 sibi
3523 3121 3632 3182 tri-

265 3205 464 3266 tulerit
504 3204 834 3279 Gnosticus,
864 3181 922 3269 et
953 3181 1721 3290 dixeritzrqucmadmodum
1744 3181 1964 3269 ChrLC
1990 3202 2138 3278 buit,
2173 3181 2660 3284 suumquevfac'it,
2688 3223 2863 3285 quam
2896 3207 3176 3287 princeps
3204 3207 3452 3272 alterius
3469 3209 3633 3290 prin-

265 3293 334 3350 s'i
369 3312 587 3372 corpus
613 3295 670 3354 in
691 3294 1054 3358 Eucharistia
1075 3317 1208 3358 cum
1246 3318 1394 3378 pane
1423 3298 1622 3358 unitur
1643 3296 1908 3358 efﬁcacia

266 3389 454 3452 tenus,
493 3401 610 3441 non
643 3401 732 3462 re,
773 3385 858 3444 sic
891 3384 1150 3447 Verbum
1187 3386 1455 3448 divinum
1482 3404 1615 3446 cum
1653 3386 1905 3446 Domino

267 3479 467 3530 nostro
501 3470 727 3532 unitum
759 3471 938 3535 fuisse
979 3473 1299 3536 efﬁcientia
1354 3483 1524 3535 tenus
1556 3482 1612 3534 et
1664 3472 1901 3546 virtute,

269 3577 379 3616 non
414 3556 759 3630 substantia;
803 3562 1070 3641 quaeipsa
1090 3570 1215 3624 erat
1248 3563 1564 3641 impiorum
1597 3560 1905 3621 hominum

267 3645 580 3719 sententia,
606 3664 779 3723 quam
809 3647 962 3710 bene
1002 3669 1135 3710 cum
1188 3649 1576 3712 Eucharistim
1605 3649 1723 3710 ﬁde
1753 3666 1901 3708 con-

267 3733 488 3793 sentire
523 3735 732 3795 merito
757 3738 1226 3799 contendissent.
1262 3738 1442 3816 Igitur
1471 3737 1585 3798 nisi
1605 3738 1732 3798 haec
1748 3736 1898 3797 fuis-

266 3832 353 3880 .-et
387 3820 594 3881 [renaei
623 3828 676 3881 et
701 3825 1124 3886 catholicorum
1149 3828 1416 3888 omnium
1452 3823 1894 3897 ﬁdes,Verbum

268 3909 531 3968 divinum
563 3909 623 3968 in
657 3911 1024 3975 Eucharistia
1054 3914 1520 3976 substantialiter
1563 3913 1718 3973 uniri
1764 3930 1899 3974 cum

266 3997 336 4056 iis
365 4017 497 4077 quae
527 4015 560 4056 a
587 3995 708 4059 Deo
738 4001 978 4062 condita
1007 4010 1168 4076 sunt,
1203 4021 1358 4082 pane
1390 4002 1620 4064 scilicet
1652 4009 1709 4062 et
1738 4000 1898 4080 vino,

268 4105 378 4144 non
411 4085 651 4165 quidem
685 4087 742 4148 in
776 4089 1012 4169 propria
1043 4090 1372 4151 substantia
1401 4090 1568 4170 panis
1591 4098 1647 4150 et
1667 4088 1787 4149 vini
1807 4106 1903 4148 re-

271 4173 775 4248 manentibus,sed
793 4189 926 4239 vere
941 4180 1343 4240 transmutatis
1373 4182 1428 4240 in
1449 4178 1667 4242 Christi
1689 4194 1905 4256 corpus

1988 3291 2136 3370 cipis
2168 3299 2301 3371 typo
2329 3292 2572 3369 signatae
2607 3293 2950 3364 monetae,in
2982 3295 3229 3373 gratiam
3259 3295 3631 3359 subditorum

1989 3398 2058 3440 ea
2083 3381 2402 3454 utentium,
2434 3381 2690 3460 pretium
2748 3389 3038 3457 statuens,
3071 3384 3188 3444 imo
3248 3385 3444 3464 majus
3499 3404 3634 3448 esse

1981 3467 2421 3548 jubens,quam
2451 3471 2527 3530 sit
2559 3471 2619 3530 in
2651 3487 2722 3530 ea
2741 3470 2986 3548 regione
3007 3470 3070 3532 in
3100 3489 3216 3551 qua
3251 3491 3394 3534 cusa
3421 3473 3520 3549 sit,
3554 3475 3632 3536 il-

1989 3557 2103 3617 lam
2135 3557 2248 3618 sibi
2277 3557 2543 3618 vindicat
2570 3566 2960 3638 usurpatque.
3015 3559 3195 3632 Quasi
3252 3578 3416 3636 vero,
3474 3562 3632 3642 quod

1985 3647 2116 3724 quis
2148 3645 2380 3723 signum
2417 3645 2714 3726 quoddam
2749 3665 2854 3725 pro
2883 3647 3126 3710 arbitrio
3183 3647 3474 3725 instituat,
3507 3669 3624 3732 quo

1984 3734 2272 3794 excitatus
2301 3733 2598 3813 quidpiam
2631 3735 2894 3797 conferat
2928 3736 3404 3812 utentibus,hinc
3423 3737 3633 3803 inferri
3709 3777 3712 3788 ι

1985 3821 2169 3901 possit
2195 3840 2330 3882 eum
2355 3839 2482 3883 rem
2529 3821 2714 3902 illam,
2759 3843 2934 3903 quam
2966 3825 3028 3886 in
3065 3825 3300 3904 signum
3349 3826 3630 3900 instituit,

1983 3911 2098 3971 sibi
2125 3908 2473 3972 vindicare?
2506 3911 2624 3972 Sed
2677 3911 2824 3972 illud
2859 3921 3146 3992 praterea
3193 3914 3506 3978 observata
3526 3916 3626 3979 di-

1984 3999 2331 4078 gnissimum
2356 4007 2466 4069 est,
2499 3998 2814 4080 Irenaeum,
2846 4001 3320 4083 quotiescunque
3349 4005 3634 4067 Euchari-

1985 4087 2112 4148 stia:
2138 4086 2561 4167 meminit,non
2597 4087 2952 4168 simpliciter
2974 4089 3271 4153 afﬁrmare
3302 4089 3596 4154 Christum

1988 4193 2198 4254 panem
2225 4193 2398 4236 suum
2430 4193 2667 4256 corpus,
2695 4175 2897 4238 vinum
2927 4195 3098 4240 suum
3116 4179 3468 4258 sanguinem
3494 4199 3630 4243 esse

271 4271 320 4318 et
344 4265 974 4345 s:mguinem,pessime
1000 4267 1405 4329 caholicorum
1432 4285 1667 4328 causam
1687 4266 1908 4346 egisset
1980 4263 2218 4332 dixisse;
2252 4263 2357 4325 sed
2388 4263 2463 4324 iis
2493 4264 2736 4326 vocibus
2765 4266 2963 4328 studio
2993 4275 3052 4328 et
3075 4284 3315 4348 semper
3344 4269 3450 4345 uti,
3491 4288 3629 4353 «pa-

271 4350 678 4431 lrenaeusSic,
707 4353 869 4414 addit
899 4357 988 4416 vir
1019 4366 1279 4430 sanctus,
1304 4356 1605 4417 offerimus
1635 4359 1757 4419 Deo
1778 4371 1910 4433 quae

271 4451 400 4499 sunt
438 4442 584 4518 ejus,
613 4443 863 4502 utetiam
894 4445 1395 4508 resurrectionem
1420 4445 1612 4506 carnis
1645 4453 1701 4505 et
1726 4442 1906 4524 spiri-

274 4537 360 4587 tus
377 4530 1032 4612 conﬁteamur,haecque
1058 4544 1260 4595 nostra
1276 4533 1572 4594 sententia
1591 4552 1657 4593 ex
1685 4533 1910 4594 Eucha-

277 4617 429 4676 ristia
454 4618 687 4698 [CXLV]
705 4622 1112 4682 conﬁrmetur.
1134 4625 1256 4684 Cur
1282 4622 1396 4682 ita?
1425 4623 1514 4683 An
1543 4621 1700 4700 quod
1727 4622 1909 4683 Chri-

276 4714 390 4764 stus
411 4709 676 4784 corporis
704 4709 792 4769 sui
822 4710 1100 4770 virtutem
1138 4710 1296 4790 pani,
1331 4710 1434 4790 qui
1491 4709 1661 4770 nobis
1691 4709 1750 4769 in
1783 4712 1909 4772 Eu-

277 4794 546 4856 charistia
580 4797 924 4875 porrigitur,
959 4799 1291 4878 impertiat?
1325 4798 1442 4860 Sed
1479 4804 1704 4859 tantum
1745 4798 1914 4860 abest

280 4891 334 4939 ut
362 4883 500 4945 hinc
528 4884 811 4962 probetur
840 4888 1035 4947 carnis
1067 4895 1285 4948 nostrae
1313 4887 1694 4958 resurrectio,
1729 4896 1789 4947 ut
1811 4906 1912 4968 po-

279 4969 390 5029 tius
450 4989 580 5031 eam
625 4974 822 5034 acrius
870 4974 1220 5054 impugnare
1271 4975 1528 5054 potuerit
1572 4974 1910 5039 haereticus.

279 5054 533 5126 Quemad
548 5059 784 5120 modum
821 5061 1001 5123 enim.
1029 5061 1264 5136 dixerit,
1298 5060 1566 5124 Christus
1591 5061 1651 5120 in
1680 5058 1914 5121 Eucha-

281 5143 436 5206 ristia
471 5147 560 5206 sui
606 5150 876 5228 corporis
925 5149 1197 5211 virtutem
1243 5151 1688 5211 communicatis
1747 5149 1908 5228 pani,

283 5232 429 5296 hunc
456 5243 650 5296 tamen
678 5241 909 5317 propria
931 5238 1042 5298 sibi
1065 5238 1230 5317 panis
1250 5236 1577 5298 substantia
1597 5255 1712 5297 non
1726 5236 1906 5312 exuit;

282 5332 331 5383 et
349 5324 1026 5402 quemadmmlum,licet
1048 5345 1219 5389 suum
1238 5344 1370 5388 esse
1394 5343 1611 5404 corpus
1636 5326 1915 5388 conﬁtea-

283 5418 387 5482 tur,
424 5413 482 5474 in
512 5413 813 5492 proprium
865 5423 1061 5477 tamen
1103 5432 1320 5492 corpus
1371 5422 1760 5474 transmutare
1793 5431 1910 5475 non

282 5510 483 5578 potest,
512 5501 668 5582 quod
698 5503 839 5566 nihil
872 5505 985 5566 sibi
1015 5525 1082 5567 ex
1111 5504 1322 5567 vitiata
1346 5511 1403 5563 et
1421 5501 1783 5582 corruptioni
1807 5501 1908 5563 ob-

282 5591 446 5651 noxia
478 5591 724 5652 materia
748 5594 1040 5657 asciscere
1071 5593 1279 5674 possit;
1299 5592 1383 5654 sic
1399 5607 1648 5669 corpora
1678 5599 1899 5672 nostra,

1983 4371 2119 4413 nem
2170 4369 2343 4412 suum
2376 4371 2590 4433 corpus
2621 4372 2774 4434 esse,
2809 4354 3011 4417 vinum
3042 4375 3215 4418 suum
3271 4358 3624 4437 sanguinem

1990 4459 2122 4503 esse
2165 4441 2469 4503 confessus
2513 4449 2628 4523 est,
2662 4443 3088 4522 confirmavit,»
3131 4453 3280 4520 et,ut
3309 4445 3512 4511 Graece
3541 4447 3635 4512 lo-

1991 4529 2191 4612 quitur
2213 4529 2319 4591 lib.
2352 4547 2414 4604 ν,
2449 4549 2502 4592 c.
2536 4533 2630 4610 11,
2676 4533 2736 4588 τὸ
2791 4534 2896 4590 ἀπὸ
2951 4534 3048 4602 τῆς
3103 4537 3323 4603 κτίσεως
3355 4538 3632 4617 ποτ-ἥρων,

1993 4620 2135 4694 αἷμα
2166 4617 2302 4675 ἴδιον
2329 4619 2670 4700 ὡμολὸγησε,
2720 4623 2808 4678 καὶ
2858 4624 2948 4679 τὸν
2982 4624 3086 4680 ἀπὸ
3134 4630 3234 4692 τῆς
3286 4628 3506 4690 κτίσεως
3536 4633 3636 4704 ἄρ-

1993 4730 2105 4782 τον,
2130 4707 2267 4762 ἴδιον
2299 4713 2452 4782 σῶμα
2484 4707 2910 4790 διεϐεϐαιώσατο,
2965 4733 2989 4768 α
3026 4708 3161 4773 eum
3214 4713 3486 4789 calicem,
3536 4714 3639 4794 qui

1997 4803 2082 4857 est
2113 4813 2146 4856 a
2175 4801 2445 4858 creatura
2469 4815 2501 4869 ⁵ι
2538 4806 2682 4868 (non
2740 4815 2914 4859 suum
2950 4823 2977 4855 ιο
3014 4798 3319 4881 duntaxat,
3360 4810 3424 4862 ut
3467 4801 3642 4863 vertit

1995 4885 2316 4963 interpres,
2371 4884 2476 4944 sed
2525 4883 2688 4962 ἴδιον)
2715 4904 2728 4947 :
2760 4885 3070 4966 preprium
3111 4889 3462 4966 sanguinem
3489 4907 3637 4952 con-

1995 4972 2186 5034 fessus
2208 4978 2320 5046 est,
2350 4979 2408 5033 et
2436 4989 2570 5034 eum
2605 4990 2841 5051 panem,
2878 4975 2976 5054 qui
3003 4982 3094 5036 est
3114 4994 3148 5037 a
3179 4983 3474 5051 creatura,
3508 4994 3642 5056 pro-

1997 5061 2188 5140 prium
2220 5078 2434 5140 corpus
2469 5060 2858 5137 conﬁrmavit,
2883 5087 2910 5118 n
2949 5064 3329 5140 asseveravit,
3352 5065 3643 5129 certiores

1997 5167 2105 5209 nos
2129 5147 2286 5209 fecit.
2321 5147 2446 5220 Qua
2471 5147 2710 5228 quidem
2744 5149 3026 5229 loquendi
3057 5152 3290 5215 ratione
3331 5155 3643 5234 perspicue

1995 5237 2216 5299 indicat
2244 5235 2504 5299 Irenaeus
2525 5255 2654 5299 rem
2677 5237 2905 5300 creditu
2935 5239 3371 5318 difﬁcillimam,
3396 5261 3643 5325 quasque

1999 5326 2176 5389 ﬁdem
2209 5343 2328 5387 non
2356 5327 2681 5402 obtineret,
2717 5326 2834 5388 nisi
2890 5327 3183 5407 Christus,
3218 5330 3347 5412 ipsa
3398 5331 3639 5413 veritas,

1995 5435 2232 5477 omnem
2262 5415 2648 5504 dubitationis
2678 5435 2884 5479 ansam
2903 5418 3064 5483 clare
3083 5427 3142 5483 et
3164 5430 3370 5503 aperte
3387 5423 3641 5504 loquen-

1991 5504 2065 5565 do
2099 5503 2602 5584 prmcideretﬁpse
2633 5523 2775 5566 vero
2798 5515 3039 5570 sanctus
3067 5509 3276 5574 doctor
3307 5503 3636 5575 dubitatio-

1989 5611 2125 5655 nem
2140 5593 2455 5672 illam,quae
2467 5611 2536 5655 ex
2553 5593 2680 5674 ipsa
2696 5594 3089 5665 rei,mentium
3107 5599 3500 5664 humanarum
3515 5619 3622 5683 cap
