4022 6366
497 306 611 370 347
1279 316 1830 380 DISSEltTATION
1844 322 1930 381 ES
1974 321 2085 381 PR.

2373 324 2423 383 N
2470 324 2755 387 lREN/El
2804 325 3092 388 LIBROS.
3797 323 3953 387 348

495 447 674 502 stram
707 443 1102 507 substantiam
1138 456 1195 508 et
1224 449 1740 512 conservationem
1772 453 2042 528 tendere,
2076 471 2143 513 ac
2166 463 2202 510 Α
2229 452 2428 515 videas
2460 455 2678 531 solum,
2713 473 2918 516 verum
2950 455 3127 519 etiam
3160 465 3222 518 ut
3247 464 3475 535 tangas,
3512 463 3572 517 et
3602 456 3670 517 in
3702 464 3776 517 te
3806 456 3954 517 ha-

496 548 606 627 per
634 548 714 627 οξ.
733 549 842 627 nos
860 535 1110 627 corpori
1140 535 1720 627 Dominidpsiusque
1748 539 1982 621 spiritui
2010 543 2149 603 uni-
2234 540 2397 604 beas.
2438 566 2462 602 ο
2498 542 2571 605 Et
2599 552 2801 623 postea
2833 564 2848 605 :
2879 568 2907 601 ι
2940 544 3140 608 Multae
3198 552 3417 607 matres
3466 550 3601 627 post
3653 553 3957 627 partum

494 618 874 715 ri,etChristi
897 641 1206 715 corpus_ac
1239 618 1475 689 Christo
1506 618 1949 710 concorporeos
1972 631 2146 707 efﬁci,
2230 630 2363 693 aliis
2393 618 2998 695 nutricibusinfantes
3019 632 3337 709 dederunt;
3360 618 3516 715 quod
3541 618 3679 715 ipse
3699 633 3963 695 facere

496 715 557 803 u_t
576 710 786 803 asserit
813 713 1077 803 Joannes
1107 713 1513 803 Damascenus
1547 714 1653 778 lib.
1686 734 1768 798 ιν,
1806 718 1890 781 De
1918 719 2035 797 ﬁde
2055 738 2148 782 or—
2230 719 2441 794 noluit,
2474 720 2579 782 sed
2610 720 2853 801 proprio
2879 739 3135 803 corpore
3168 739 3277 782 nos
3319 710 3448 802 alit,
3473 729 3532 783 et
3564 710 3713 783 'sibi
3752 739 3956 781 con—

494 796 657 861 thnd.
685 816 745 888 c_.
788 800 879 859 14.
915 798 1059 872 Quae
1091 802 1229 882 quid
1262 802 1335 864 ab
1368 802 1575 866 Irenaai
1608 796 1803 867 verbis
1847 806 2147 882 differant,
2222 808 2437 887 jungit,
2469 796 2651 888 atque
2681 796 3072 888 conglutinat.
3113 831 3134 861 ι
3192 808 3310 872 Alii
3338 796 3478 872 vero
3526 812 3781 883 Patres,
3821 817 3954 870 at-

493 904 567 946 ne
597 886 837 967 quidem
872 889 1128 952 Grabius
1159 892 1285 971 ipse
1316 891 1552 955 dixerit.
1575 893 1644 955 Et
1674 903 1871 957 tamen
1903 897 2151 960 sanctis-
2228 886 2648 958 tendentes—ad
2682 886 2823 959 eum
2851 898 3151 960 carnalem
3185 895 3581 960 manducandi
3613 897 3943 963 modum.

491 974 660 1036 simis
703 976 1001 1068 Patribus.
1063 980 1393 1060 acerrimis,
1450 981 1578 1061 ipso
1632 982 1849 1046 fatente
1888 984 2010 1047 viro
2040 986 2145 1067 cl.,
2229 1002 2403 1065 quem
2435 984 2552 1047 sibi
2583 985 2991 1066 Capharnaitai
3021 985 3344 1067 ﬁngebant,
3376 1005 3491 1068 quo
3513 1004 3656 1049 caro
3692 985 3950 1047 denti-

493 1064 1171 1156 transsubstantiationis
1211 1070 1772 1149 propugnatoribus,
1804 1073 1928 1135 haec
1957 1064 2148 1156 neque
2229 1071 2341 1133 bus
2369 1082 2625 1151 secatur,
2663 1064 2950 1153 gustatur,
3006 1082 3064 1136 et
3114 1064 3177 1135 in
3226 1064 3601 1137 stomachum
3637 1074 3944 1154 trajecta

490 1152 768 1244 absurda,
805 1173 1003 1236 neque
1033 1155 1217 1237 impia
1245 1157 1621 1221 videbantur.
2052 1152 2070 1156 ⁷
2229 1159 2543 1240 digeritur,
2582 1152 2877 1223 interdum
2912 1170 3202 1242 negarunt
3229 1161 3449 1225 Christi
3472 1181 3697 1244 corpus
3721 1152 3763 1224 ἁ
3796 1181 3943 1222 no-

572 1242 670 1303 95.
706 1242 770 1332 Si
799 1262 932 1324 quae
963 1244 1038 1305 sit
1066 1245 1359 1307 catholica
1388 1246 1462 1307 de
1487 1248 2148 1313 transsubstantiatione
2230 1247 2322 1309 bis
2344 1267 2449 1312 ore
2484 1249 2869 1332 manducari;
2904 1259 2962 1313 et
2994 1251 3205 1313 merito
3227 1250 3495 1332 quidem,
3528 1242 3593 1313 ut
3621 1250 3945 1330 abjectas

492 1329 640 1391 ﬁdes
666 1331 811 1393 satis
842 1333 1210 1413 exploratum
1243 1334 1463 1398 Grabio
1496 1335 1727 1410 fuisset,
1761 1356 1794 1398 a
1824 1338 2151 1417 puerilibus
2234 1336 2493 1417 vilesque
2525 1329 3054 1419 Capharnaitarum
3103 1329 3268 1402 ideas
3299 1358 3332 1401 e
3364 1329 3629 1402 ﬁdelium
3677 1329 3943 1399 animis

490 1418 1301 1501 ejusmodiobjectationibus
1323 1424 1963 1507 temperasset.Corpus
1984 1429 2150 1491 Chri-
2234 1424 2583 1489 evellerent.
2612 1418 2740 1488 Imo
2762 1427 2943 1489 iidem
2971 1430 3178 1491 Patres
3204 1429 3377 1489 modo
3399 1425 3937 1509 asserunt,modo

490 1516 580 1597 ste
602 1526 705 1570 ore
734 1510 1105 1587 manducari,
1141 1512 1251 1574 hoc
1279 1531 1521 1575 carnem
1580 1528 1850 1576 nostram
1898 1516 1997 1588 ali.
2033 1536 2149 1578 nu-
2234 1522 2473 1593 negant,
2533 1516 2754 1579 Christi
2802 1535 3017 1597 corpus
3065 1516 3328 1591 comedi;
3376 1536 3487 1579 nec
3546 1526 3763 1578 tamen
3820 1517 3934 1577 vel

494 1596 645 1669 triri,
682 1598 908 1676 augeri,
944 1608 1086 1680 etc.,
1122 1608 1237 1661 tam
1283 1620 1443 1677 vere,
1478 1621 1653 1683 quam
1702 1604 1799 1685 pie
1854 1604 2151 1668 afﬁrmare
2233 1622 2458 1681 secum,
2494 1606 2587 1668 vel
2618 1624 2754 1667 cum
2784 1596 2921 1667 aliis
2947 1613 3227 1686 pugnant,
3265 1604 3383 1666 nisi
3431 1605 3589 1687 apud
3648 1604 3929 1667 Protes—

494 1693 810 1764 potuerunt
840 1689 1030 1749 sancti
1062 1691 1290 1762 Patres,
1330 1700 1650 1771 potuerunt
1678 1702 1736 1754 et
1767 1712 2013 1773 negare,
2044 1714 2149 1775 pro
2235 1699 2449 1765 tantes,
2481 1694 2582 1775 qui
2607 1704 2873 1756 monstra
2902 1695 3015 1756 sibi
3065 1695 3409 1773 conﬁngere
3432 1694 3728 1775 gestiunt.
3765 1694 3928 1773 qui-

491 1775 745 1865 diversis
768 1795 917 1855 quas
950 1778 1248 1856 praedictis
1288 1780 1532 1842 vocibus
1583 1782 1998 1862 subjiciebant,
2035 1803 2146 1846 no-
2175 1807 2209 1855 ,ι
2234 1779 2343 1841 bus
2376 1791 2641 1844 terreant
2668 1782 3002 1865 imperitos.

489 1862 770 1925 tionibus.
820 1866 964 1927 Cum
998 1867 1213 1929 Christi
1243 1888 1455 1949 corpus
1478 1889 1614 1932 vere
1639 1872 1880 1947 quidem
1913 1881 1974 1934 et
1997 1873 2145 1935 sub-
2309 1870 2410 1933 96.
2444 1870 2570 1933 Duo
2622 1862 2774 1932 sunt
2821 1880 3017 1934 tamen
3076 1890 3210 1953 quae
3239 1871 3317 1933 cl.
3349 1869 3570 1932 Grabio
3602 1869 3921 1949 gratulari

488 1953 844 2016 stantialiter
896 1973 1157 2035 praesens
1217 1958 1275 2018 in
1338 1959 1712 2022 Eucharistia
1744 1960 1913 2023 nobis
1976 1962 2145 2025 exbi-
2230 1958 2558 2021 debeamus
2615 1959 2890 2021 Alterum
2916 1972 3031 2032 est,
3063 1959 3218 2041 quod
3270 1960 3527 2038 ingenue
3571 1958 3918 2020 confessus

489 2041 846 2119 beatur,non
875 2052 1071 2107 tamen
1101 2045 1213 2107 sub
1246 2066 1314 2108 ea
1344 2048 1613 2110 sensibili
1644 2050 1841 2111 carnis
1870 2050 2144 2113 humanae
2228 2050 2301 2109 sit
2324 2048 2385 2109 in
2418 2049 2573 2110 notis
2603 2048 2679 2109 ad
2710 2047 2819 2111 lib.
2854 2066 2910 2109 tv
2957 2048 3169 2111 Irenzei
3199 2067 3329 2130 cap.
3366 2048 3439 2108 Π
3470 2055 3532 2108 et
3564 2047 3661 2123 l8,
3699 2047 3782 2109 al.
3823 2047 3916 2111 32

487 2132 699 2206 forma,
726 2152 901 2214 quam
934 2135 1179 2212 gestavit
1212 2135 1270 2196 in
1305 2137 1484 2198 terris
1511 2138 1759 2217 degens,
1796 2141 1900 2201 sed
1930 2140 2143 2202 alienis
2228 2138 2409 2215 et34,
2443 2145 2672 2199 certum
2708 2155 2864 2213 esse,
2906 2136 3224 2211 Irenaeum,
3267 2155 3335 2198 ac
3367 2154 3599 2211 omnes,
3633 2154 3913 2217 quorum

480 2221 797 2302 speciebus
824 2231 1184 2305 contectum;
1220 2225 1331 2287 hoc
1363 2245 1397 2287 a
1430 2226 1599 2288 nobis
1632 2228 1999 2309 manducari,
2028 2230 2141 2291 hoc
2224 2228 2447 2305 scripta
2494 2225 2807 2300 habemus,
2866 2228 3095 2306 Patres,
3147 2224 3432 2305 apostolis
3482 2227 3604 2285 sive
3632 2243 3910 2297 eoaevos,

481 2328 618 2371 caro
654 2318 856 2373 nostra
904 2312 981 2373 ali
1031 2320 1089 2373 et
1146 2314 1359 2377 nutriri
1389 2325 1552 2377 recte
1582 2316 1821 2390 dicitur,
1846 2327 2139 2397 quatenus
2222 2313 2350 2374 sive
2393 2314 2659 2394 proxime
2718 2313 3137 2388 succedentes,
3176 2330 3408 2375 sacram
3445 2312 3904 2391 Eucharistiam

476 2401 600 2488 sub,
622 2398 940 2488 speciebus
973 2402 1101 2463 istis
1131 2402 1318 2464 latens
1342 2423 1445 2466 ore
1470 2407 1735 2485 corporis
1758 2407 2134 2488 cxcipitur,in
2220 2420 2327 2481 pro
2349 2419 2493 2463 vero
2524 2421 2594 2464 ac
2625 2402 2866 2483 proprie
2897 2402 3057 2466 dicto
3080 2420 3246 2463 nova;
3268 2400 3417 2481 legis
3447 2402 3745 2464 sacriﬁcio
3776 2402 3899 2463 ha-

481 2486 763 2570 [CXLIX]
792 2492 1162 2551 stomachum
1199 2493 1510 2575 trajicitur,
1535 2504 1709 2575 atque
1735 2495 1795 2556 in
1826 2486 1952 2577 ipsa
1981 2516 2132 2577 sym-
2218 2491 2447 2567 buisse;
2481 2509 2593 2553 nec
2645 2510 2853 2553 eorum
2901 2491 3100 2567 verba,
3133 2489 3343 2552 Irenaai
3400 2490 3759 2571 praesertim,
3814 2492 3897 2551 ad

480 2578 615 2639 bola
639 2586 694 2639 et
729 2580 986 2658 species,
1022 2579 1237 2661 quibus
1268 2581 1482 2645 Christi
1506 2602 1723 2664 corpus
1746 2585 2131 2665 tegitur,cor-
2216 2579 2510 2641 sacriﬁcia
2538 2580 2831 2661 spiritalia
2862 2580 3061 2641 cordis
3105 2580 3367 2661 contriti,
3401 2579 3713 2655 orationis,
3750 2581 3896 2642 lau-

479 2686 674 2748 poreze
703 2668 1133 2749 actiones,quai
1168 2671 1639 2734 manducationis
1670 2674 1977 2736 intellectu
1994 2692 2133 2735 con-
2216 2668 2330 2737 dis,
2364 2668 2685 2747 gratiarum
2721 2668 2998 2744 actionis,
3032 2676 3091 2730 et
3111 2668 3544 2742 beneﬁcentiae,
3577 2688 3711 2749 quae
3745 2688 3891 2730 om-

477 2757 761 2829 tinentur,
819 2758 1099 2839 hancque
1152 2770 1619 2841 consequuntur,
1678 2763 1793 2823 vim
1827 2782 1991 2823 suam
2024 2781 2133 2825 ex-
2219 2756 2279 2817 ni
2302 2757 2457 2818 aetati
2491 2766 2548 2817 et
2582 2758 2695 2836 legi
2721 2758 3062 2819 communia
3093 2757 3708 2838 fuerunt,detorqueri
3740 2777 3881 2837 pos—

479 2855 676 2910 erunt.
709 2846 789 2907 Ex
824 2867 942 2928 quo
974 2849 1133 2909 enim
1187 2849 1243 2909 id
1280 2858 1561 2931 tanquam
1613 2852 1729 2913 ﬁde
1759 2861 2011 2933 certum,
2047 2852 2130 2913 uti
2217 2865 2307 2922 se;
2342 2846 2447 2907 sed
2478 2846 2550 2907 de
2588 2865 2736 2907 nova
2766 2846 2914 2909 Novi
2957 2844 3351 2920 Testamenti,
3406 2863 3596 2926 eaque
3627 2855 3885 2908 externa

476 2955 684 2998 revera
706 2937 1428 3019 est,supponitur,panem
1462 2941 1546 3002 sic
1577 2941 1637 3001 in
1670 2940 1888 3003 Christi
1912 2960 2131 3021 corpus
2214 2934 2539 3008 oblatione,
2576 2953 2753 3012 quam
2811 2933 3104 3014 legalibus
3151 2934 3413 2995 externis
3462 2936 3709 3014 Opponit
3756 2933 3852 3007 Ire
3878 2972 3891 2980 -

476 3025 765 3097 converti.
798 3033 861 3086 υι
888 3034 1084 3087 tamen
1118 3038 1395 3089 maneant
1425 3048 1659 3109 semper
1717 3030 1925 3091 eadem
1962 3031 2129 3110 panis
2213 3042 2397 3099 naeus,
2432 3023 2819 3103 intelligenda
2843 3043 2996 3097 esse,
3032 3024 3189 3105 quod
3212 3022 3617 3087 verissimum.
3650 3023 3718 3085 Et
3742 3023 3889 3085 hinc

475 3113 1075 3196 species,eodemque
1098 3135 1344 3196 prorsus
1363 3120 1537 3179 modo
1559 3138 1769 3180 sensus
1796 3119 2063 3181 afﬁciant]

2296 3111 2458 3172 .theri
2482 3122 2540 3172 et
2576 3110 2813 3174 Calvini
2840 3130 3104 3174 errorem
3129 3112 3476 3191 insectatur,
3511 3111 3614 3192 qui
3662 3111 3884 3173 adver—

476 3222 545 3263 ac
576 3202 625 3264 si
659 3201 827 3282 panis
874 3203 1071 3282 reipsa
1115 3204 1375 3283 adesset;
1411 3224 1657 3268 necesse
1688 3216 1797 3286 est,
1834 3208 2126 3286 quemad-
2149 3199 2187 3219 “
2218 3218 2318 3261 SUS
2348 3199 2671 3280 Publicam,
2728 3209 2793 3262 υί
2820 3212 2984 3262 recte
3016 3199 3245 3281 Ρτοδαῑ,
3275 3199 3626 3262 universalis
3654 3200 3880 3262 E6018-

479 3290 723 3352 modum
755 3291 944 3352 oculis
982 3292 1297 3354 exhibetur
1320 3294 1474 3355 idem
1502 3294 1796 3375 color,qui
1827 3297 1993 3375 prius
2010 3305 2135 3357 erat
2216 3289 2319 3350 Sile
2368 3289 2700 3351 doctrinam
2750 3298 2939 3370 atquaa
2970 3290 3220 3371 praxim,
3259 3306 3436 3369 quam
3488 3288 3588 3349 illa
3615 3298 3688 3349 ab
3718 3306 3871 3370 apo-

480 3379 674 3459 panis,
708 3379 792 3441 sic
821 3388 879 3441 et
900 3400 986 3453 os,
1014 3381 1246 3461 dentes,
1284 3382 1568 3461 linguam,
1614 3383 1868 3463 palatum
1901 3392 1959 3446 et
2006 3394 2129 3446 slo-
2216 3377 2677 3458 stolis,apostoli
2708 3377 2781 3439 ab
2810 3378 2939 3459 ipso
2968 3378 3201 3441 Christo
3238 3377 3432 3439 edocti
3481 3385 3865 3458 acceperunt,

478 3468 752 3529 machum
785 3468 992 3530 eadem
1019 3471 1247 3532 ratione
1280 3471 1459 3546 afﬁci,
1493 3491 1562 3533 ac
1590 3472 1891 3534 aﬁ'ecisset
1935 3474 2127 3553 panis,
2214 3468 2624 3547 insurgentes,
2656 3468 3118 3549 perspicuasque
3150 3486 3217 3530 ac
3250 3467 3431 3529 nullis
3471 3467 3865 3548 sophistarum

476 3564 521 3617 si
557 3556 893 3633 mansisset;
932 3576 998 3619 ac
1032 3558 1285 3638 proinde
1317 3580 1417 3621 eas
1442 3580 1651 3622 omnes
1684 3561 1973 3637 acliones,
2000 3582 2130 3642 qua:
2214 3556 2441 3619 artibus
2476 3556 2807 3619 eludendas
2838 3559 3163 3631 Patrum,et
3187 3556 3396 3619 Irenzei
3415 3556 3705 3637 imprimis
3732 3575 3870 3618 sen-

473 3645 994 3708 manducationem
1028 3647 1389 3710 comitantur
1416 3658 1517 3710 aut
1564 3660 2033 3731 consequuntur,
2067 3651 2127 3711 in
2214 3646 2452 3721 tentias,
2487 3657 2587 3707 aut
2617 3645 2972 3708 insolentius
3013 3654 3490 3719 contemnentes,
3522 3652 3621 3707 aut
3649 3646 3867 3708 misere

473 3736 707 3812 species
749 3734 909 3815 ipsas
936 3737 1483 3817 exerceri,perinda
1511 3758 1580 3800 ac
1610 3740 1667 3799 in
1699 3759 1909 3819 panem
1932 3739 2126 3820 ipsum
2213 3735 2842 3807 obscurantes,verum
2883 3753 2951 3797 ac
2985 3736 3231 3797 unicum
3266 3754 3433 3797 novae
3455 3734 3603 3813 legis
3632 3734 3862 3798 sacriﬁ-

473 3831 901 3884 exercerentur
928 3824 976 3884 si
1009 3834 1371 3903 superesset.
1401 3827 1523 3889 Hoc
1552 3827 1843 3907 siquidem
1876 3838 2127 3908 stupen-
2214 3824 2372 3885 cium
2403 3832 2728 3886 concutere
2778 3823 3070 3887 nituntur.
3116 3823 3386 3903 Integras
3443 3824 3521 3886 cl.
3561 3823 3669 3885 viri
3698 3831 3865 3887 notas

474 3910 535 3972 di
566 3911 727 3972 illius
749 3912 962 3974 divinae
992 3914 1272 3993 potentia;
1298 3915 1475 3977 simul
1509 3925 1687 3997 atque
1711 3915 1990 3979 bonitatis
2012 3916 2127 3978 mi»
2213 3912 2287 3973 ad
2318 3912 2543 3973 calcem
2577 3911 2775 3992 operis
2800 3910 3218 3993 reperies.Sed
3246 3912 3468 3974 utinam
3494 3920 3552 3974 et
3579 3913 3689 3975 hoc
3717 3913 3863 3973 veri-

471 3999 661 4062 raculi
688 4020 824 4080 pars
853 4019 1063 4081 magna
1099 4012 1211 4065 est.
1273 4004 1422 4076 Quia
1476 4024 1613 4065 vero
1663 4005 1879 4068 Christi
1910 4024 2129 4087 corpus
2210 4000 2314 4087 lati
2347 4000 2756 4062 testimonium
2785 4001 3047 4080 ingenue
3098 4000 3242 4065 dare
3294 4000 3594 4075 voluisset,
3625 4002 3859 4063 eosdem

473 4088 791 4167 speciebus
820 4088 942 4151 illis
974 4091 1358 4170 conjunctum
1392 4103 1519 4156 est:
1554 4095 1708 4174 quod
1769 4114 1885 4155 non
1919 4096 1985 4157 ﬁt
2015 4095 2131 4157 nisi
2209 4086 2435 4163 Patres,
2471 4090 2571 4169 qui
2632 4097 2745 4149 tam
2804 4088 3037 4151 diserle
3096 4090 3396 4151 aﬁirmant
3441 4088 3856 4153 Eucharistiam

471 4175 532 4237 in
563 4178 797 4257 species
830 4186 886 4240 et
916 4196 1087 4241 sacra
1118 4181 1469 4262 symbola,in
1500 4184 1695 4263 ipsum
1728 4192 1925 4244 tamen
1955 4184 2125 4247 Chri-
2212 4194 2342 4238 esse
2374 4195 2579 4238 verum
2613 4195 2682 4238 ac
2712 4178 2955 4256 proprie
2988 4177 3213 4239 dictum
3247 4196 3413 4240 novae
3439 4178 3586 4258 legis
3634 4180 3854 4240 sacriﬁ-

472 4266 548 4326 sti
578 4286 797 4347 corpus
827 4267 936 4327 sub
972 4268 1043 4330 iis
1074 4269 1263 4331 lati-ns
1294 4272 1423 4332 ﬁeri
1453 4272 1670 4333 dicitur
1701 4293 1716 4333 :
1772 4272 2038 4352 quamvis
2071 4274 2125 4332 in
2212 4265 2522 4337 ciummon
2547 4267 2741 4326 minus
2768 4282 3054 4346 expresse
3085 4284 3356 4329 asserere
3386 4267 3657 4330 eamdem
3687 4265 3853 4328 victi-

470 4357 612 4444 hoc,
640 4358 755 4419 alia
813 4360 1047 4421 ratione
1099 4380 1216 4422 non
1268 4371 1637 4433 exerceatur.
1688 4383 1866 4444 quam
1901 4363 2036 4442 quia
2066 4363 2123 4423 in
2210 4372 2532 4435 mam,quw
2559 4354 2621 4444 in
2650 4373 2753 4416 ara
2784 4357 2983 4416 crucis
3016 4364 3269 4419 mactata
3297 4356 3474 4437 est",
3506 4378 3529 4408 ι
3562 4374 3664 4437 pro
3688 4355 3851 4417 nobis

471 4443 742 4533 symbola
772 4456 1115 4515 exercetur.
1139 4450 1355 4530 quibus
1386 4452 1621 4530 tegitur.
1658 4443 1757 4515 Sic
1808 4452 1909 4533 qui
1937 4451 2125 4513 homi-
2209 4444 2429 4533 iterum,
2478 4443 2538 4505 in
2589 4443 2702 4533 hoc
2761 4448 3042 4525 mysterio
3082 4462 3268 4506 sacrae
3296 4444 3612 4533 oblationis
3641 4444 3846 4506 immo-

472 4531 570 4592 nis
600 4534 954 4620 vestimenta
986 4538 1193 4615 tetigit;
1226 4540 1529 4603 hominem
1590 4531 1851 4620 tetigisse
1881 4540 2122 4619 dicitur,
2151 4532 2344 4620 “lari.
2388 4532 2530 4612 Ejus
2573 4532 2794 4613 quippe
2835 4534 2921 4593 ibi
2961 4550 3177 4614 corpus
3224 4532 3500 4613 sumitur,
3541 4533 3668 4613 ejus
3718 4551 3846 4596 caro

471 4619 740 4701 quamvis
790 4621 920 4701 ipsa
978 4605 1237 4687 hominis
1295 4647 1535 4691 carnem
1577 4605 1839 4692 vestibus
1881 4605 2122 4692 contec-I
2150 4605 2269 4689 Din
2307 4605 2507 4701 ρορῖιιὶ
2538 4605 2789 4682 Sil-illam
2827 4605 3104 4701 Ρπῑίιωῖ,
3139 4620 3271 4701 eius
3299 4605 3705 4703 εδηευῖείηοη
3725 4623 3842 4702 ,ἰδίη

474 4716 590 4770 tam
622 4709 968 4771 immediate
999 4731 1112 4773 non
1148 4714 1422 4794 tetigerit.
1484 4718 1566 4779 Eo
1616 4738 1795 4781 sensu
1864 4717 2125 4781 Joannes
2211 4716 2271 4774 in
2300 4731 2509 4775 manus
2541 4712 2899 4792 inﬁdelium,
2937 4714 3044 4774 sed
3066 4713 3126 4774 in
3159 4732 3262 4775 ora
3281 4712 3543 4774 ﬁdelium
3573 4713 3839 4776 funditur.

472 4795 803 4875 Chrysost.,
842 4816 1018 4878 quem
1052 4820 1185 4863 cum
1222 4802 1377 4865 bona
1435 4804 1634 4867 Grabii
1698 4807 1869 4868 venia
1901 4806 2123 4868 nostris
2209 4800 2332 4863 Hoc
2373 4819 2504 4863 esse
2548 4800 2695 4863 illud
2752 4818 2975 4882 corpus
3012 4801 3193 4863 clavis
3223 4802 3541 4877 conﬁxum,
3574 4812 3631 4864 et
3657 4804 3842 4883 ﬂagris

475 4886 654 4947 etiam
714 4887 1135 4968 adjungemus,
1190 4893 1399 4952 scribit
1447 4894 1653 4955 homil.
1686 4895 1855 4957 83in
1917 4896 2117 4955 Ma-tb.
2208 4910 2448 4964 caesum,
2503 4891 2617 4952 hoc
2674 4908 2890 4971 corpus
2943 4889 3003 4951 in
3043 4908 3283 4952 crucem
3335 4900 3553 4965 actum,
3587 4891 3691 4953 hoc
3717 4910 3839 4955 esse

473 4973 778 5036 Christum
832 4975 1025 5054 ipsum
1088 4978 1149 5038 in
1202 4978 1573 5041 Eucharistia
1611 4983 1791 5060 tangi,
1828 4982 2037 5059 videri,
2068 4991 2124 5043 et
2208 4980 2352 5041 illud
2386 4996 2624 5059 corpus,
2681 4978 2839 5059 quod
2897 4979 3004 5041 fuit
3042 4986 3440 5054 cruentatum,
3469 4980 3623 5061 quod
3652 4980 3839 5044 lancea

475 5062 844 5148 manducari.
897 5086 920 5119 α
958 5063 1123 5134 Quod
1160 5067 1337 5126 modo
1369 5067 1598 5141 dicunt,
1643 5069 1863 5148 inquit,
1913 5071 2121 5131 vellem
2208 5086 2580 5147 percussum,
2633 5075 2690 5128 et
2735 5067 3029 5130 salutares
3078 5068 3276 5129 emisit
3334 5068 3527 5132 fontes
3583 5070 3833 5134 universo

475 5147 724 5239 formam
776 5159 836 5239 et
867 5150 1132 5229 speciem
1166 5152 1317 5230 ejus,
1353 5153 1562 5212 vellem
1596 5147 1942 5217 vestimenta
1971 5158 2121 5235 ipsa,
2206 5154 2337 5216 orbi
2378 5163 2693 5231 terrarum,
2750 5174 2932 5216 unum
2960 5156 3200 5236 quidem
3247 5156 3579 5239 sanguinis,
3603 5158 3828 5221 alterum

476 5234 689 5328 vellem
733 5236 1182 5328 calceamenta“
1206 5240 1441 5328 videret
1480 5239 1675 5318 ipsum
1707 5243 1893 5317 vides,
1930 5234 2121 5322 ipsum
2204 5261 2340 5303 vero
2370 5261 2538 5323 aqua:
2572 5261 2586 5305 :
2620 5242 2682 5303 id
2734 5244 2892 5325 quod
2950 5234 3039 5306 est
3092 5244 3156 5306 in
3205 5234 3417 5327 calice,
3450 5234 3582 5309 esse
3607 5246 3661 5309 id
3686 5249 3826 5328 quod

480 5321 925 5415 tangisnipsum
949 5324 1219 5386 comedis
1268 5324 1647 5415 Vestimenta
1670 5328 1802 5406 ejus
1822 5321 2126 5391 desideras
2206 5328 2380 5391 ﬂuxit
2404 5321 2442 5391 ὁ
2470 5321 2792 5393 latere-Et
2825 5340 3109 5393 sexcenta
3134 5330 3253 5394 alia
3280 5321 3602 5414 ejusmodi,
3641 5321 3829 5415 quibus

486 5405 729 5466 videre“!
785 5409 915 5486 ipse
959 5428 1097 5473 vero
1144 5430 1209 5474 se
1264 5414 1451 5493 ipsum
1484 5412 1593 5474 tibi
1617 5405 1875 5491 tradidit,
1917 5425 2125 5480 utnon
2207 5415 2320 5479 sibi
2357 5416 2531 5479 facile
2562 5417 2925 5497 persuadeat
2953 5405 3429 5503 quotusquisque
3456 5405 3678 5484 veritati
3711 5422 3827 5485 sin-

562 5556 617 5600 ’⁷6
647 5557 820 5639 Greg.
854 5561 1027 5642 Mag.,
1060 5566 1105 5649 Ι,
1134 5583 1191 5629 tv
1222 5570 1402 5646 Dial.,
1437 5588 1565 5651 cap.
1600 5570 1698 5633 58.
1728 5570 2053 5654 Chrysost.,
2087 5576 2262 5641 Hom.
2294 5575 2376 5638 Ἃ
2404 5576 2465 5638 in
2501 5575 2522 5639 1
2556 5574 2694 5639 Cor.
