4022 6396
164 326 296 391 349

1118 324 1612 390 DISSERTATIO
1656 320 1758 391 IIl,
1811 322 1905 381 DE
1949 320 2235 381 IRENA‘JI
2280 321 2690 383 ItOCTRINA.

3466 300 3583 369 350

162 472 321 518 cere
354 459 637 541 studeat,
666 476 846 539 quam
880 466 1105 521 certum
1130 465 1217 518 est
1263 454 1523 537 antiquis
1579 454 1920 516 omnibusA
1944 472 2082 534 pum
2118 473 2131 516 :
2207 479 2233 508 α
2267 456 2396 518 Hoc
2449 452 2755 541 dilectioni
2814 460 2927 512 tuae
2986 448 3407 541 signiﬁcamus,
3467 442 3583 501 duo

162 544 483 608 Partibus
540 546 984 611 Eucharistiam
1036 564 1168 609 esse
1212 563 1414 607 verum
1474 542 1856 613 sacriﬁcium,

162 644 297 693 tam
327 633 574 697 iisdem
633 635 925 717 liquidum
972 642 1031 696 et
1086 635 1453 715 exploratum
1492 648 1647 712 esse,
1698 630 1856 693 idem

163 720 330 783 illud
381 741 622 805 corpus
642 724 799 807 quod
829 724 990 787 cruci
1018 723 1251 786 affixum
1303 731 1415 796 est,
1447 739 1587 784 vere
1611 739 1681 782 ac
1708 720 1857 781 sub—

168 813 567 894 stantialiter
592 813 706 877 sub
736 813 1050 894 speciebus
1072 813 1238 894 panis
1268 819 1326 873 et
1348 811 1469 894 vini
1490 826 1772 894 praesens,
1796 809 1857 894 i_n

166 908 243 951 eo
283 893 615 955 sacriﬁcio
648 888 849 956 offerri
868 912 937 955 ac
959 888 1265 955 incruenta
1284 888 1853 953 rationeimmolari.

252 979 379 1043 97.
419 981 708 1045 Alterum
741 982 901 1063 quod
933 981 1146 1046 Grabio
1193 979 1477 1060 gratulari
1506 978 1849 1053 debeamus,

169 1076 267 1129 est
329 1071 509 1151 quod
573 1070 881 1134 Albertino
926 1070 1169 1134 Claudio
1220 1069 1469 1149 aliisque
1496 1066 1857 1130 Calvinianis

170 1158 541 1231 candidior,
579 1160 754 1239 plane
783 1168 836 1222 et
866 1170 1072 1239 aperte
1100 1159 1369 1231 fateatur,
1397 1157 1747 1220 catholicam
1781 1155 1856 1216 de

174 1248 532 1324 praemia
567 1249 717 1310 reali
750 1257 805 1309 et
836 1247 1494 1310 transsubstantiatione
1524 1245 1854 1307 doctrinam

174 1331 374 1413 longe
395 1336 809 1416 antiquiorem
825 1355 1051 1409 esse,ac
1070 1335 1309 1417 majoris
1320 1341 1379 1396 et
1399 1332 1736 1395 vetustioris
1756 1350 1857 1393 au-

174 1423 491 1485 ctoritatis
522 1424 870 1502 patrociniis
917 1423 1175 1503 gloriari,
1206 1442 1381 1504 quam
1423 1422 1716 1500 ﬁngerent
1744 1419 1830 1480 illi

173 1509 408 1573 Cl.viu‘i
428 1512 621 1574 verba
638 1512 1051 1575 observatione
1063 1511 1347 1589 singulari
1367 1510 1708 1590 dignissima
1724 1526 1858 1570 cum

178 1597 597 1680 sint,iutegra
614 1601 1076 1683 referam.prout
1107 1601 1263 1663 edita
1284 1601 1563 1679 leguntur
1582 1598 1642 1660 in
1665 1598 1862 1660 Adno-

176 1688 531 1751 tationibus
594 1690 655 1751 in
712 1689 920 1753 Irenzei
959 1690 1065 1754 lib.
1096 1708 1158 1771 ν,
1189 1709 1323 1771 cap.
1360 1689 1419 1769 ἓ,
1473 1688 1613 1751 edit.
1640 1686 1858 1754 Οκυηη

1948 562 1972 598 α
2007 542 2226 606 Christi
2249 559 2499 623 corpora
2520 560 2629 603 nos
2657 540 2856 604 dicere
2881 557 2998 601 non
3028 554 3201 618 posse
3224 557 3241 608 ;
3262 534 3364 598 sed
3400 548 3580 593 unum

1947 654 1975 687 ι
2008 638 2095 692 est
2120 631 2303 712 ipsius
2334 622 2572 712 corpus.
2600 632 2673 694 Et
2702 630 2860 692 sicut
2883 627 3079 689 infans
3109 645 3178 687 ex
3212 622 3461 685 muliere
3486 638 3587 680 ua-

1947 741 1972 777 ι
2008 727 2126 801 tus,
2161 719 2457 800 perfectus
2489 727 2599 793 est;
2632 719 2819 780 edens
2850 725 3045 778 autem
3072 722 3131 776 et
3151 713 3363 775 bibens
3394 725 3580 787 auge-

1948 829 1972 864 α
2012 806 2124 869 scit
2171 806 2424 870 naturali
2481 807 2778 879 facultate,
2831 814 2889 866 et
2937 805 3080 866 licet
3132 806 3430 877 augescat,
3468 814 3583 856 non

1948 918 1969 951 ι
2010 904 2206 957 tamen
2233 896 2349 957 duo
2396 894 2733 957 efﬁciuntur
2781 911 3053 973 corpora,
3100 889 3205 951 sed
3237 905 3417 983 unum
3451 892 3580 983 est;

1945 1008 1973 1040 α
2007 984 2193 1046 multo
2223 984 2408 1062 magis
2442 992 2801 1065 superventu
2825 980 3095 1064 Spiritus.
3114 978 3299 1039 sancti
3331 978 3499 1065 panis
3528 979 3587 1032 et

1945 1096 1972 1127 α
2005 1071 2209 1134 vinum
2259 1060 3107 1153 in'superaugmentationem,
3162 1068 3234 1129 εἰς
3271 1060 3579 1153 initiatam.

1946 1185 1971 1215 α
2006 1161 2270 1241 corporis
2300 1146 2514 1223 Christi
2536 1146 2714 1221 unum
2739 1160 2801 1220 fit
2824 1163 3127 1236 corpus,et
3151 1171 3270 1215 non
3295 1146 3571 1241 duo.»A_t-

1940 1267 2054 1330 que
2078 1234 2158 1309 ita
2180 1256 2238 1310 et
2267 1250 2324 1310 in
2356 1249 2610 1329 capitulo
2630 1250 2801 1309 dicta;
2822 1234 3086 1336 epistolae
3115 1242 3322 1336 sufﬁxo
3354 1237 3482 1336 bac.
3509 1234 3583 1295 de

1939 1326 2005 1399 re
2026 1337 2307 1418 loquitur.
2339 1326 2516 1398 Istam
2549 1336 2727 1415 igitur
2777 1326 3130 1396 sententiam
3162 1326 3586 1423 Irenzeifuisse

1939 1415 2426 1506 haud'existimo,
2462 1425 2615 1506 quod
2644 1425 2912 1507 quaedam
2944 1415 3584 1511 transsubstantiationi

1945 1515 2112 1595 Panis
2159 1515 2217 1575 in
2250 1502 2433 1575 totum
2479 1502 2816 1595 'personale-
2840 1520 2896 1574 et
2938 1510 3325 1595 gloriﬁcatum
3366 1502 3584 1595 Clujsti

1944 1589 2180 1682 corpus,
2206 1603 2439 1665 coalitus
2458 1589 2519 1666 in
2550 1605 2733 1664 altare
2762 1589 3156 1682 descendens,
3193 1593 3427 1676 qualem
3457 1589 3577 1651 Ro-

1945 1677 2120 1743 mana
2149 1682 2415 1745 Ecclesia
2469 1684 2677 1756 credit,
2719 1700 2899 1762 supra
2930 1699 2989 1760 p.
3042 1677 3179 1756 327,
3232 1692 3358 1754 seq.
3394 1687 3582 1762 oppo-

175 1794 321 1857 με.
357 1778 493 1841 399
528 1799 546 1838 :
580 1778 894 1852 «Quaenam
922 1780 1103 1859 igitur
1120 1758 1351 1859 Irenaai,
1387 1758 1497 1840 nec
1525 1796 1641 1838 non
1664 1778 1856 1838 haere-
1882 1821 1920 1870 Β
1945 1772 2090 1870 εἱῐει,⁸
2132 1778 2190 1870 et
2234 1772 2480 1870 alteram
2524 1758 2968 1870 substantialem
2992 1763 3414 1870 mutationem,
3447 1758 3583 1870 licet

172 1850 459 1928 ticbrum
514 1850 653 1947 ejus
678 1871 785 1929 aevi
822 1850 1118 1932 sententia
1165 1850 1438 1944 fuerit',ex
1472 1866 1566 1947 iis,
1609 1884 1739 1946 qua;
1759 1866 1856 1927 hic
1882 1850 1973 1921 ua
2005 1860 2183 1940 priori
2216 1861 2462 1922 multum
2505 1860 2819 1932 diversam,
2880 1850 3577 1947 excludere__videantur,

175 1962 235 2014 et
297 1955 801 2035 praecedentibus
844 1957 1319 2020 adnotationibus
1367 1956 1681 2029 edisserui,
1715 1955 1858 2016 satis

176 2044 350 2108 clare
410 2052 603 2124 patet,
659 2065 729 2109 ac
778 2047 1106 2110 certissime
1166 2054 1421 2120 constat,
1481 2044 1646 2105 illum
1700 2044 1854 2105 haud

178 2137 423 2215 minus,
459 2153 640 2215 quam
671 2135 896 2197 dictum
932 2144 1039 2212 est,
1091 2135 1166 2197 de
1214 2134 1521 2197 tremendo
1563 2132 1851 2194 Euchari-

177 2222 317 2283 stize
344 2225 641 2302 mysterio
661 2224 1281 2301 credidisse,-scilicet
1302 2241 1513 2304 panem
1540 2239 1852 2283 consecra-

178 2316 343 2391 tum,
379 2312 609 2373 virtute
640 2313 835 2375 carnis
864 2312 1083 2375 Christi
1128 2312 1435 2394 praeditum
1465 2328 1618 2377 esse.
1648 2310 1855 2389 sicque

179 2414 411 2479 reapse
443 2415 692 2463 carnem
738 2401 956 2464 Christi
987 2420 1137 2463 esse.
1180 2426 1205 2457 α
1255 2399 1517 2464 Ulterius
1537 2416 1677 2460 vero
1712 2414 1854 2477 pro-

178 2504 474 2563 gressum
498 2490 894 2569 Irenaeum,“
916 2489 1316 2571 eidem,quam
1349 2486 1620 2568 Cyrillus
1646 2487 1857 2548 Huic-'0-

180 2575 979 2657 solymitanusﬁregorius
1008 2576 1602 2659 Nyssenus,Joannes
1636 2574 1864 2635 Dama-

183 2681 440 2738 sceuus,
474 2664 714 2745 aliique
737 2668 992 2744 fortasse
1016 2671 1228 2748 plures
1260 2676 1526 2737 tenuere,
1554 2662 1864 2725 sententia:

187 2750 507 2837 addictum
525 2752 729 2825 fuisse,
742 2774 858 2815 non
875 2758 1123 2836 puto.Hi
1133 2763 1352 2837 quippe
1373 2753 1653 2835 persuasi
1664 2759 1859 2817 erant,

190 2835 491 2916 Spiritum
552 2849 822 2902 sanctum
877 2835 1104 2906 ccelitus
1144 2835 1656 2913 descendentem,
1714 2848 1869 2920 pani

198 2935 327 2979 non
352 2920 536 2982 modo
552 2922 835 2983 virtutem
860 2927 1124 3004 corporis
1142 2924 1372 2987 Christi
1392 2920 1860 3005 communicare,

1940 1939 2215 2030 quodque
2241 1950 2299 2010 in
2326 1950 2544 2011 nullius
2569 1949 2789 2011 [remeo
2822 1946 3019 2016 coaevi,
3055 1951 3153 2005 aut
3177 1939 3412 2003 Nicaano
3435 1952 3579 2034 con-

1938 2024 2076 2099 cilio
2105 2024 2460 2120 antiquioris
2485 2039 2675 2103 Patris
2716 2034 3117 2099 monumentis
3134 2038 3339 2120 apeate
3368 2024 3584 2120 tradita

1937 2126 2213 2203 legatur:
2249 2112 2435 2189 'sicuti
2490 2146 2600 2189 nec
2665 2135 2870 2208 postea
2921 2118 3334 2208 universaliter
3366 2115 3426 2175 in
3470 2112 3580 2174 Ec-
3682 2182 3685 2183 ν

1938 2213 2114 2274 clesia
2148 2215 2254 2275 fuit
2283 2226 2550 2296 recepta;
2583 2216 2686 2277 sed
2721 2214 2792 2276 ab
2823 2212 2958 2274 aliis
3009 2207 3303 2278 Patribus,
3342 2220 3584 2284 praeser-

1939 2302 2041 2361 tim
2072 2302 2391 2380 Africanis,
2444 2304 2808 2365 contrarinm
2869 2308 3159 2363 assertum
3194 2302 3375 2376 patet,
3412 2299 3586 2380 PIOU‘

1940 2390 2198 2467 theologi
2229 2378 2682 2454 Protestantium
2716 2391 2953 2453 abunde
2993 2386 3334 2469 probarunt.
3376 2405 3397 2438 ι
3434 2378 3579 2441 Hac-

1944 2484 2117 2539 tenus
2170 2478 2443 2562 Grabius,
2493 2500 2565 2542 ex
2618 2482 2785 2559 cujus
2830 2477 3024 2539 verbis
3081 2471 3411 2562 certissime
3441 2486 3583 2562 con-

1946 2574 2083 2642 stat,
2115 2556 2447 2648 przesentiai
2474 2570 2653 2631 realis
2684 2556 2741 2630 et
2770 2558 3441 2648 transsubstantiationis
3467 2556 3580 2648 do-

1947 2644 2199 2716 ctrinam
2248 2658 2594 2737 posterioris
2620 2657 2727 2719 aevi
2785 2656 2965 2717 fetum
2998 2672 3115 2714 non
3148 2667 3302 2723 esse,
3330 2644 3433 2707 sed
3456 2644 3579 2724 jam

1949 2743 2153 2806 saltem
2213 2746 2450 2807 concilii
2492 2745 2716 2809 Niczeni
2765 2742 3131 2824 temporibus
3161 2744 3355 2824 natam
3389 2740 3446 2794 et
3474 2752 3580 2824 ag-

1946 2834 2278 2911 nitam,non
2309 2834 2382 2896 ab
2415 2836 2825 2914 unodeinceps
2839 2820 2937 2895 aut
2966 2823 3283 2901 altero,sed
3310 2841 3344 2884 a
3365 2820 3579 2914 Cyrillo

1944 2911 2792 3003 Hierosolymitauo,Gregorio
2824 2919 3348 2998 Nysseno,loanne
3367 2911 3579 2973 Dama-

190 3007 409 3088 sicque
437 3009 717 3071 eumdem
751 3013 980 3074 ratione
1018 3013 1359 3094 qualitatum
1381 3020 1631 3089 mutare;
1665 3010 1769 3072 sed
1804 3004 1862 3076 et
1941 3012 2412 3093 scenoaaliisque
2442 3014 2692 3075 fortasse
2728 3010 3019 3094 pluribus»
3052 3004 3322 3070 Patribus
3353 3020 3576 3094 propu-

194 3095 404 3157 divina
429 3098 905 3181 potentiaipsam
925 3089 1054 3179 ejus
1073 3101 1478 3164 substantiam
1508 3103 1575 3163 in
1604 3120 1854 3163 carnem
1876 3166 1913 3181 η
1939 3108 2178 3178 gnatam
2200 3089 2501 3164 fuisse.An
2534 3110 2648 3163 tam
2682 3089 2882 3181 aperta
2913 3099 2985 3161 cl.
3015 3094 3215 3161 Grabii
3246 3089 3578 3181 testiﬁcatio

198 3166 647 3266 transmittare,
680 3166 817 3267 quae
864 3166 1091 3253 Christi
1137 3207 1281 3252 caro
1310 3190 1409 3272 sit,
1441 3198 1499 3251 et
1547 3210 1678 3252 cum
1727 3190 1849 3265 illa,
1874 3166 1913 3215 Ο
1938 3166 2173 3251 caeteris
2192 3190 2659 3251 Protestantibus
2674 3166 3366 3272 probetur,haudscio.ld
3386 3198 3575 3272 unum

200 3290 335 3349 quae
358 3291 437 3334 ex
463 3272 802 3355 B.Virginis
842 3287 1007 3339 utero
1039 3278 1279 3359 prodiit,
1312 3296 1379 3340 ac
1409 3279 1570 3341 cruci
1616 3278 1848 3355 sufﬁxa,

199 3360 469 3442 indeque
524 3363 584 3425 in
664 3365 874 3427 ccelum
933 3366 1161 3429 sublata
1214 3369 1312 3439 sit,
1367 3367 1577 3430 eadem
1606 3368 1706 3429 ﬁat
1748 3387 1854 3448 per

200 3449 517 3523 ἰπιύξησιν,
554 3453 829 3535 quodque
861 3455 1136 3516 eumdem
1185 3456 1460 3536 spiritum
1508 3455 1641 3517 vita:
1670 3456 1729 3517 in
1787 3476 1851 3518 se

201 3538 450 3614 habeat;
507 3539 678 3602 sicuti
711 3545 898 3622 panis,
933 3564 1108 3625 quem
1139 3543 1416 3607 Servator
1444 3545 1503 3606 in
1535 3545 1707 3606 terris
1743 3565 1849 3607 co-

206 3626 424 3700 medit,
453 3627 509 3687 vi
535 3630 815 3692 naturalis
837 3632 1051 3693 caloris
1085 3633 1146 3694 in
1197 3650 1439 3695 carnem
1491 3632 1621 3711 ejus
1652 3641 1850 3695 verte-

208 3714 403 3787 batur,
440 3724 500 3776 et
524 3725 726 3779 noster
759 3719 926 3799 panis
947 3721 1330 3799 quotidianus
1372 3721 1433 3781 in
1465 3721 1850 3783 substantiam

210 3802 484 3885 corporis
503 3806 917 3869 nostritransit
948 3827 961 3870 :
989 3808 1144 3889 quod
1177 3828 1391 3890 corpus
1414 3828 1447 3869 a
1482 3809 1653 3871 nobis
1680 3809 1856 3871 hodie

208 3900 505 3970 gestatum
533 3892 689 3954 idem
721 3895 943 3958 dicitur
976 3914 1110 3958 cum
1144 3896 1266 3972 illo,
1303 3897 1362 3957 in
1394 3915 1510 3978 qno
1553 3906 1689 3958 ante
1720 3897 1854 3978 plu-

211 3998 305 4040 res
334 3998 534 4042 annos
582 3983 796 4044 versati
825 4003 1050 4060 sumus,
1109 3986 1388 4066 quoniam
1420 3984 1626 4046 eadem
1659 3986 1858 4047 anima

1934 3276 2081 3349 scio,
2115 3278 2222 3338 hac
2252 3280 2435 3340 semel
2468 3270 2726 3340 admissa
2757 3272 3267 3358 suppositione,ab
3298 3270 3433 3333 imis
3453 3270 3581 3330 fun-

1935 3365 2231 3427 damentis
2247 3384 2585 3429 succussam
2632 3368 2892 3429 funditus
2938 3383 3113 3427 ruere
3130 3381 3258 3425 eam
3283 3358 3574 3441 hypothe-

1933 3453 2251 3534 sim,quam
2274 3461 2356 3518 tot
2374 3455 2931 3532 machinationibus,
2962 3452 3183 3514 artibus
3204 3458 3260 3512 et
3276 3445 3578 3511 laboribus

1937 3550 2257 3603 extructam
2278 3544 2507 3622 erigere
2528 3546 2717 3606 conati
2740 3545 2970 3606 fuerant
2994 3538 3363 3616 Albertinus,
3398 3535 3573 3598 Clau-

1937 3630 2317 3710 dius,aliique
2330 3633 2698 3695 recentiores
2721 3632 2967 3693 ministri
2996 3650 3007 3692 :
3031 3630 3240 3709 dogma
3260 3626 3335 3687 de
3353 3642 3573 3703 corpo-

1935 3719 2043 3780 rali
2068 3717 2285 3782 Christi
2306 3724 2616 3800 praesentia
2632 3723 2692 3784 in
2709 3720 3096 3785 Eucharistize
3114 3721 3483 3780 sacramento
3496 3720 3576 3784 ,et

1938 3807 2591 3893 transubstantiatione,
2643 3811 2797 3892 apud
2853 3810 3091 3872 Latinos
3142 3804 3400 3893 primum
3457 3808 3513 3862 et
3542 3818 3579 3893 a

1939 3898 2261 3960 Paschasio
2287 3890 2587 3963 Radberto
2620 3890 3006 3980 excogitatum
3042 3915 3197 3958 nono
3217 3890 3574 3967 saaculo,sub

1940 3985 2209 4064 ejusdem
2242 3989 2443 4050 saeculi
2476 3992 2649 4052 tinem
2682 3990 2913 4051 animos
2952 3985 3215 4047 ﬁdelium
3250 3980 3576 4064 pervadere

214 4076 547 4147 vegetatur,
571 4068 712 4131 licet
739 4071 1041 4152 particulae
1070 4075 1198 4152 ejus
1228 4091 1468 4154 prorsus
1513 4073 1631 4135 sint
1658 4074 1857 4137 diver-
1942 4074 2207 4153 cupisse,
2242 4094 2310 4137 ac
2342 4078 2575 4140 tandem
2609 4078 2843 4140 decimo
2869 4076 3083 4138 saeculo
3119 4072 3339 4152 ubique
3369 4070 3432 4129 in
3467 4068 3575 4154 ch

216 4174 315 4230 sae,
340 4164 407 4219 et
431 4157 595 4219 nulla
623 4158 770 4221 forte
797 4180 866 4221 ex
925 4153 1556 4241 prioribussuperstes
1585 4163 1855 4227 exsistat.
1940 4163 2118 4225 clesia
2149 4164 2355 4226 Latina
2408 4166 2761 4241 obtinuisse;
2793 4168 2996 4230 Graaca
3026 4160 3267 4223 interim
3300 4158 3359 4219 in
3394 4153 3574 4217 veteri

218 4246 369 4335 hege
423 4253 552 4335 post
608 4247 804 4328 Cyrilli
870 4248 1237 4313 Catechesim
1272 4268 1327 4311 IV
1382 4251 1854 4332 Mystagogicam,
1940 4260 1999 4311 et
2048 4252 2199 4313 avita
2254 4252 2625 4317 Calvinistica
2670 4257 2789 4317 ﬁde
2840 4258 3284 4335 perseverante.
3319 4245 3379 4309 Si
3414 4244 3572 4305 enim

217 4332 481 4424 Gregorii
499 4335 1093 4414 NysseniOrationem
1111 4339 1541 4403 Catecheticam
1558 4358 1852 4419 magnam,
1937 4336 2216 4400 Grabium
2247 4342 2579 4413 audiamus,
2614 4345 2700 4407 vel
2733 4332 2877 4424 ipsis
2928 4339 3139 4402 concili
3167 4334 3390 4399 Nicaeni
3420 4342 3576 4394 tem-

217 4441 347 4533 c‘ajp.
411 4422 514 4494 37,
574 4431 647 4533 et.
686 4424 1033 4525 Damasceni
1094 4428 1223 4533 .lib,
1267 4445 1323 4490 tv
1374 4429 1450 4533 de
1507 4427 2213 4533 Qrthodamaoporibus,
2240 4432 2331 4492 vel
2366 4435 2540 4531 paulo
2595 4422 2772 4514 post,
2807 4434 3022 4530 lucem.
3052 4428 3281 4529 aspexit
3309 4423 3579 4525 doctrina

218 4512 334 4589 ﬁde
389 4530 522 4593 cap.
577 4514 673 4583 14,
721 4515 969 4595 ejusque
1016 4516 1322 4597 epistolam
1381 4517 1454 4578 ad
1515 4512 2270 4594 Zachariam”praesentize
2298 4519 2478 4581 realis
2498 4512 3262 4588 ettranssubstantiationis,
3298 4513 3578 4595 priusque

224 4601 549 4691 Doarorum
578 4601 921 4681 episcopum
982 4606 1227 4667 Joannis
1273 4605 1623 4668 Damasceni
1657 4608 1859 4682 verba,
1942 4602 2162 4666 ercis
2195 4615 2352 4681 nota,
2385 4628 2560 4688 quam
2612 4610 2856 4691 Latinis,
2907 4608 2979 4670 ab
3036 4607 3151 4669 illis
3193 4604 3267 4667 ad
3311 4608 3420 4665 bos
3452 4620 3578 4660 ma-

226 4705 408 4778 eaqne
426 4688 634 4751 Latine
662 4708 834 4751 versa
862 4691 1075 4767 solum,
1109 4692 1411 4756 brevitatis
1439 4712 1636 4771 causa,
1657 4695 1810 4757 dabo
1846 4721 1860 4764 ;
1948 4710 2124 4755 nasse
2162 4696 2413 4758 videtur.
2485 4698 2614 4761 Jam
2673 4688 2851 4778 igitur
2901 4694 3206 4759 cismarini
3248 4692 3577 4757 Calvinista}

226 4772 357 4855 [CL]
381 4778 928 4868 «Quemadmodum
955 4781 1307 4843 naturaliter
1325 4782 1491 4863 panis
1513 4802 1619 4861 per
1637 4783 1861 4862 cibum,
1950 4800 2157 4844 novam
2189 4803 2321 4846 esse
2372 4805 2525 4862 eam,
2577 4807 2654 4868 qu
2676 4772 2752 4849 «in
2787 4797 3039 4857 tuemur,
3084 4783 3434 4844 sententiam
3468 4778 3579 4838 ob-

232 4886 256 4921 ι
290 4873 347 4956 et
377 4864 573 4956 vinum
608 4875 666 4928 et
696 4886 847 4947 aqua
871 4886 976 4947 per
993 4870 1267 4949 potnmin
1288 4871 1654 4933 comedentis
1672 4890 1740 4934 ac
1761 4873 1855 4934 bi-
1931 4872 2177 4951 jectent,
2215 4881 2391 4935 totam
2452 4864 2781 4938 Ecclesium
2843 4895 2946 4956 per
2983 4874 3179 4955 priora
3203 4880 3334 4931 octo
3366 4867 3579 4929 saecula

230 4976 252 5005 ι
287 4951 475 5015 beatis
529 4972 747 5035 corpus
794 4965 850 5016 et
900 4958 1245 5032 sanguinem
1302 4958 1709 5033 immutantur,
1742 4979 1855 5022 nec
1938 4961 1998 5021 in
2030 4961 2367 5024 Calviniana
2394 4965 2509 5026 ﬁde
2549 4951 2906 5026 concordem
2932 4951 3228 5042 jactitent,
3266 4958 3581 5019 societates

233 5066 256 5094 ι
286 5060 496 5123 corpus
521 5042 775 5106 alterum
811 5044 977 5122 ﬁunt,
1001 5056 1180 5126 atque
1210 5064 1245 5107 a
1280 5047 1476 5126 priore
1498 5047 1684 5129 ipsius
1718 5066 1849 5110 cor-
1936 5068 2145 5112 omnes
2160 5050 2485 5115 Orientales
2517 5054 2676 5115 nulla
2700 5054 3022 5115 etiamnum
3047 5050 3157 5110 hac
3207 5048 3264 5109 in
3289 5055 3449 5128 parte
3480 5066 3583 5104 no-

234 5154 257 5184 σ
286 5148 423 5211 pore
442 5130 766 5194 diversum:
788 5132 874 5194 sic
896 5134 1315 5214 propositionis
1343 5135 1531 5215 panis,
1560 5154 1628 5198 ac
1650 5136 1851 5198 vinum

231 5242 253 5273 ι
285 5228 338 5281 et
360 5237 515 5301 aqua
535 5238 646 5301 per
676 5220 867 5281 sancti
898 5222 1149 5302 Spiritus
1198 5222 1630 5286 invocationem
1653 5234 1714 5286 at
1742 5226 1853 5287 ad-

234 5335 253 5359 ι
283 5307 809 5385 ventum,mirabili
837 5309 1010 5371 modo
1050 5311 1111 5372 in
1141 5311 1359 5375 Christi
1380 5331 1595 5394 corpus
1619 5322 1677 5375 et
1707 5331 1853 5375 san-

234 5420 255 5449 ι
282 5399 511 5476 guinem
563 5403 899 5473 vertuntur,
950 5416 1061 5460 nec
1110 5408 1247 5461 sunt
1271 5401 1414 5474 duo,
1447 5400 1554 5463 sed
1584 5421 1766 5463 unum
1798 5418 1857 5471 et

236 5505 256 5542 ι
281 5486 455 5551 idern.
489 5512 520 5544 ι
548 5487 792 5551 Rursus
818 5484 878 5546 in
913 5486 1087 5567 epist.
1119 5489 1215 5552 ad.
1248 5488 1589 5553 Zachariam
1614 5489 1854 5571 episco-

1935 5139 2127 5202 vitatis
2157 5139 2289 5202 labe
2319 5143 2745 5203 contaminatas
2803 5140 3089 5203 audacter
3128 5138 3441 5206 aﬁirment;
3476 5153 3577 5193 va-

1936 5226 2247 5289 nissimum
2296 5240 2694 5292 commentum
2755 5248 2858 5308 pro
2939 5225 3111 5288 nobis
3160 5235 3217 5287 et
3269 5221 3577 5284 nobiscum

1935 5316 2138 5397 Cyrilli
2167 5317 2709 5400 Hierosolymitani,
2748 5315 3021 5395 Giegorii
3066 5313 3336 5395 Nysseni,
3371 5313 3553 5375 Dama

1937 5404 2125 5483 sceni,
2172 5405 2476 5487 (qualium,
2541 5415 3021 5487 quantorumque
3071 5403 3392 5475 virorum!)
3423 5401 3580 5464 alio-

1938 5512 2195 5575 rumque
2213 5497 2469 5573 fortasse
2490 5497 2765 5577 plurium
2798 5502 2960 5555 certa
2990 5500 3049 5557 et
3078 5491 3435 5558 inconcussa
3467 5510 3579 5555 au-
