4022 6372
485 334 593 397 351

493 555 567 615 tis
593 555 827 619 assecla
858 558 1133 622 Grabius.

1268 339 1914 402 DISSERTA'I‘IONES
1958 336 2279 403 PHzEVIJ‘J
2325 339 2401 401 IN
2448 336 2735 402 IRENASI
2779 339 3070 402 LIBROS.

488 470 761 529 ctoritate
817 469 1133 546 dissipabit
1188 470 1491 533 recentior
1539 472 2359 552 Calvinianidogma-Aﬁeri
2410 490 2626 550 corpus
2682 471 2928 552 Christi,

3822 332 3986 397 35:J

3012 472 3213 534 vinum
3267 481 3466 533 autem
3526 468 3986 547 sanguinem

2230 561 2449 624 Christi
2479 561 2589 623 ἠε
2642 559 2751 623 Dei
2806 559 2991 622 verbo
3045 559 3483 624 sanctiﬁcatum
3539 575 3817 639 panem
3896 558 3986 617 in

572 645 677 709 98.
709 645 825 709 Sed
856 666 1070 711 vereor
1117 666 1194 711 ne
1223 648 1311 710 vir
1338 649 1416 711 cl.
1454 649 1671 730 pedem
1704 649 1883 731 paulo
1913 650 2149 729 longius
2230 648 2341 712 Dei
2361 647 2545 712 Verbi
2572 668 2788 730 corpus
2809 648 3195 712 transmutari
3214 650 3301 713 78:
3324 674 3352 706 ι
3376 650 3461 711 sic
3479 648 3541 710 hi
3556 646 3976 719 afﬁrmant,

491 733 644 795 forte
697 754 873 815 quam
925 738 1209 800 voluisset
1266 737 1585 819 protulisse
1638 756 1703 801 se
1743 738 1976 819 dolens,
2013 747 2144 800 tan-

491 821 628 884 dem
660 823 979 905 aliquando
1010 827 1237 889 referre
1276 827 1438 887 velit.
1473 826 1612 888 Hmc
1644 828 1804 888 enim
1839 828 2022 889 unica
2047 846 2149 890 sa-

492 912 633 996 lutis
650 920 888 975 aeternae
906 933 1069 996 spes,
1095 916 1208 977 hoc
1246 916 1437 977 solum
1469 915 1671 978 Grabii
1692 915 1831 978 ﬁdei
1849 916 2146 979 columen.

502 1025 527 1054 α
563 1001 721 1080 quod
752 1002 813 1063 in
837 1004 1062 1065 nullius
1096 1007 1321 1066 Irenaeo
1356 1004 1560 1075 coaevi,
1598 1013 1699 1066 aut
1730 1006 1979 1068 Nicamo
2012 1026 2153 1067 con-

493 1089 631 1151 cilio
662 1092 1015 1173 antiquioris
1040 1092 1229 1154 Patris
1264 1094 1669 1154 monumentis
1700 1104 1906 1171 aperte
1937 1094 2179 1165 tradita,

496 1178 724 1257 legatur
751 1179 1017 1242 Romana
1047 1182 1121 1243 de
1171 1183 1487 1262 praesentia
1528 1183 1700 1257 reali,
1736 1192 1795 1244 et
1836 1182 2148 1247 transsub-

495 1269 877 1331 stantiatione
906 1271 1203 1343 doctrina,
1232 1272 1385 1332 sicut
1442 1291 1552 1334 nec
1591 1284 1796 1351 postea
1836 1271 2147 1333 universa-

498 1356 637 1419 liter
685 1359 746 1419 in
778 1358 1047 1421 Ecclesia
1076 1359 1182 1421 fuit
1233 1367 1496 1442 recepta,
1550 1362 1653 1422 sed
1685 1361 1759 1422 ab
1790 1360 1923 1422 aliis
1950 1360 2150 1423 Patri-

497 1445 630 1523 bus,
686 1449 1021 1527 praesertim
1072 1449 1386 1520 Africanis,
1440 1454 1801 1513 contrarium
1852 1458 2148 1512 assertum

501 1543 719 1614 pateat.
760 1561 781 1590 »
818 1536 932 1599 Sed
968 1539 1110 1619 quid
1142 1540 1192 1601 si
1245 1539 1388 1600 falsa
1422 1539 1497 1600 sit
1524 1558 1592 1601 ea
1616 1538 1998 1619 suppositio?
2032 1541 2155 1602 Nec

501 1623 661 1683 enim
694 1625 845 1687 adeo
874 1627 1130 1689 ﬁdenter
1162 1646 1497 1709 proponere
1528 1628 1764 1690 videtur
1782 1626 2058 1699 Grabius,
2095 1635 2157 1687 ut

499 1719 661 1773 extra
692 1733 931 1776 omnem
965 1716 1354 1779 dubitationis
1385 1718 1573 1779 aleam
1611 1718 1858 1797 positam
1885 1735 2017 1779 esse
2049 1734 2154 1797 pu-

500 1806 608 1873 tet;
643 1805 799 1881 quod
830 1804 971 1865 satis
1005 1804 1275 1869 indicant
1307 1826 1398 1887 ea,
1426 1807 1641 1888 quibus
1675 1806 1881 1881 utitur,
1919 1804 2103 1867 verba
2135 1828 2150 1868 :

509 1916 533 1945 α
570 1890 817 1953 ulterius
850 1912 1231 1973 progressum
1263 1898 1551 1957 lrenazum
1605 1915 1720 1955 non
1756 1906 1893 1977 puto
1930 1914 1942 1957 :
1979 1896 2153 1956 istam

501 1980 855 2041 sententiam
910 1982 1116 2044 Irenaei
1165 1984 1350 2046 fuisse
1390 1986 1546 2046 haud
1598 1984 1908 2056 existimo;
1949 2008 1973 2037 ιι
2027 2002 2157 2063 quae

501 2069 809 2132 hominem
842 2073 1096 2151 privatas
1128 2073 1466 2153 opiniones,
1528 2073 1630 2136 sed
1684 2073 1858 2152 paulo
1891 2071 2160 2132 timidius

503 2160 904 2237 proferentem
926 2162 1198 2223 nonnihil
1224 2162 1385 2224 olere
1435 2162 1729 2223 videntur.
1764 2160 1916 2233 Quid
1952 2162 1998 2221 si
2034 2160 2160 2222 Ire-

505 2267 690 2323 meus,
755 2250 896 2331 quid
929 2252 977 2311 si
1033 2252 1304 2313 Justinus
1351 2254 1591 2332 Martyr,
1629 2251 1849 2331 aliique
1900 2250 2158 2313 concilio

504 2336 744 2399 Nicaeno
767 2341 1153 2420 antiquiores,
1192 2340 1350 2402 idem
1397 2360 1530 2402 cum
1564 2340 1782 2419 Cyrillo
1810 2339 2158 2419 Hierosoly-

502 2427 750 2508 mitano,
782 2427 1069 2510 Gregorio
1125 2430 1414 2511 Nysseno,
1446 2439 1504 2492 et
1533 2430 1671 2492 aliis
1718 2428 2044 2489 si‘nserint?
2075 2428 2159 2495 De

502 2514 728 2578 Irenaeo
758 2536 885 2579 rem
921 2519 1312 2580 certissimam
1347 2538 1480 2580 esse
1525 2519 1768 2580 cordato
1799 2518 1983 2579 cuivis
2014 2534 2154 2596 per-

503 2605 838 2667 suadebunt
893 2625 987 2687 ea,
1027 2627 1156 2688 qum
1215 2608 1490 2688 superius
1545 2607 1924 2687 adduximus,
1973 2624 2154 2683 argu-

503 2702 729 2757 menta.
764 2695 835 2756 Et
874 2697 1160 2777 quidquid
1196 2698 1503 2759 cavilletur
1534 2696 1810 2771 Grabius,
1849 2704 2006 2757 tanta
2036 2694 2154 2755 sal-

503 2792 647 2864 tem,
699 2792 763 2845 ut
793 2793 955 2865 puto,
997 2806 1112 2847 non
1164 2788 1277 2848 erit
1309 2788 1467 2848 illius
1498 2786 1738 2866 ﬁducia,
1776 2794 1835 2845 ut
1887 2802 2158 2845 asserere

500 2872 717 2934 audeat
750 2891 845 2947 ea,
880 2893 1011 2955 quae
1042 2877 1169 2955 ipse
1203 2878 1260 2936 in
1295 2876 1656 2937 contrarium
1711 2874 1955 2954 piotert,
1987 2872 2154 2933 illum

501 2961 881 3024 certitudinis
911 2964 1157 3042 gradum
1191 2969 1481 3045 attigisse,
1509 2965 1609 3045 qui
1642 2981 1880 3022 omnem
1916 2979 2157 3041 prorsus

509 3049 941 3113 dubitationem
992 3056 1232 3129 eximat.
1296 3054 1369 3117 Ut
1406 3054 1587 3131 igitur
1617 3051 1826 3111 demus
1879 3049 2058 3123 (absit
2086 3052 2209 3109 ιιιο

512 3140 935 3223 concedamus)
972 3146 1137 3205 suam
1170 3143 1486 3208 Grabianis
1510 3138 1877 3219 argumentis
1893 3146 2165 3199 constare

514 3228 1017 3315 probabilitatem,
1067 3254 1139 3295 an
1202 3252 1317 3295 una
1363 3230 1775 3313 probabilitate
1833 3226 1940 3287 niti
1972 3235 2169 3306 potest

508 3316 687 3377 homo
742 3319 946 3380 salutis
1000 3341 1123 3384 sua:
1177 3340 1402 3389 amans,
1459 3327 1522 3379 ut
1578 3319 1640 3379 in
1697 3335 1763 3377 re
1822 3315 2059 3376 maximi
2092 3315 2161 3374 all

506 3405 758 3469 salutem
806 3427 1089 3472 aeternam
1144 3409 1450 3489 momenti,
1536 3424 1568 3470 a
1625 3405 1929 3468 communi
1985 3403 2168 3464 totius

506 3494 672 3557 orbis
703 3496 975 3560 doctrina
1028 3500 1345 3570 desciscat,
1397 3516 1570 3579 quam
1619 3496 1752 3577 ipse
1809 3492 2167 3573 antiquissi-

507 3602 764 3663 morum,
830 3608 949 3650 non
995 3590 1194 3661 unius,
1246 3598 1346 3650 aut
1376 3587 1645 3667 alterius,
1708 3584 1816 3646 sed
1879 3581 2165 3662 plurium,

507 3693 835 3758 eorumque
868 3699 981 3740 non
1019 3679 1207 3739 inﬁmi
1234 3678 1517 3755 nominis,
1544 3675 1777 3737 Patrum
1805 3673 2169 3732 auctoritate

507 3764 710 3827 fultam
770 3766 1078 3846 agnoscit;
1129 3767 1265 3829 aliis
1324 3766 1531 3828 saltem
1581 3761 1882 3840 Patribus,
1918 3767 2019 3820 aut
2044 3776 2167 3819 non

509 3864 717 3933 aperte
749 3859 1430 3934 contradicentibus,aut
1456 3876 1526 3918 ea
1547 3850 2001 3922 afﬁrmantibus,
2036 3867 2169 3930 qua)

507 3963 625 4004 non
660 3947 739 4007 ita
769 3948 996 4011 difﬁcili
1029 3949 1262 4028 negotio
1295 3948 1366 4008 ab
1395 3948 1490 4018 iis,
1524 3946 1621 4027 qui
1651 3942 1752 4004 uni
1783 3940 2029 4002 student
2059 3956 2164 4028 ve-

504 4035 689 4116 ritati,
725 4038 1008 4117 explicari
1042 4026 1317 4119 queant?
1364 4037 1606 4100 Certum
1645 4039 1734 4093 est
1784 4029 1945 4091 enim
2002 4026 2167 4119 nulla

508 4125 747 4187 Patrum
782 4117 1121 4190 testimonia
1143 4127 1293 4187 adeo
1326 4133 1553 4205 aperta,
1581 4122 1739 4182 clara
1765 4128 1822 4180 et
1853 4117 2168 4199 perspicua

504 4214 706 4276 atl‘erri
734 4235 910 4296 posse
931 4234 966 4275 a
995 4215 1672 4293 Protestantibus,atque
1698 4227 1806 4270 nos
1836 4208 2164 4296 aﬂ'erinius.

504 4294 871 4368 Auctoritate
928 4304 1170 4385 quidem
1231 4304 1558 4365 Africanum
1589 4319 1643 4361 ιη
1676 4299 1948 4385 Patrum,
1986 4294 2042 4355 id
2075 4300 2168 4385 est

2178 1680 2215 1729 Β

2238 759 2262 794 α
2298 755 2454 815 eam,
2488 739 2550 800 in
2589 757 2703 819 qua
2728 757 2833 819 per
2863 737 3195 801 orationem
3218 737 3383 801 verbi
3409 755 3444 798 a
3471 737 3738 801 Christo
3781 753 3983 816 pro-

2234 826 2368 888 fecti
2390 829 2593 907 gratia;
2622 835 2759 889 sunt
2788 834 2953 898 actae,
2989 827 3355 905 alimoniam,
3412 824 3732 889 incarnati
3762 823 3983 885 illius

2235 918 2374 979 Jesu
2422 926 2483 978 et
2521 935 2763 979 carnem
2798 926 2857 978 et
2907 916 3257 996 sanguinem
3316 935 3450 979 esse
3474 917 3584 977 79:
3654 914 3972 975 mistum

2234 1006 2508 1077 calicem,
2543 1014 2604 1067 et
2652 1006 2871 1068 factum
2928 1025 3141 1087 panem
3193 1006 3586 1087 percipientia
3645 1003 3962 1065 verbum

2236 1095 2361 1167 Dei,
2437 1094 2567 1156 ﬁeri
2625 1094 3080 1171 Eucharistiam,
3142 1096 3495 1175 sanguinem
3550 1103 3613 1155 et
3682 1094 3968 1171 corpus

2235 1183 2449 1245 Christi
2475 1183 2559 1247 80.
2575 1208 2597 1240 ι
2621 1183 3135 1256 Quemadmodum
3154 1184 3237 1246 illi
3257 1182 3960 1264 pronuntiant,panem

2236 1276 2297 1335 et
2324 1273 2528 1334 vinum
2562 1273 3018 1334 consecratione
3049 1280 3311 1353 peracta,
3348 1303 3371 1334 ι
3414 1270 3767 1352 spectanda
3802 1287 3961 1329 non

2234 1378 2367 1422 esse
2402 1369 2681 1441 tanquam
2721 1380 2934 1443 panem
2994 1361 3247 1435 nudum,
3285 1370 3344 1422 et
3387 1360 3588 1421 vinum
3622 1358 3898 1420 nudum
3935 1380 3956 1435 ;

2236 1468 2452 1530 corpus
2474 1451 2636 1512 enim
2661 1469 2797 1512 esse
2820 1459 2878 1512 et
2904 1451 3257 1529 sanguinem
3290 1449 3535 1524 Christi,
3555 1448 3957 1512 secundum

2236 1539 2425 1618 ipsius
2447 1540 2686 1603 Domini
2718 1558 2806 1601 vel
2826 1539 2900 1600 ba
2927 1541 2981 1591 8|
3011 1559 3027 1617 ;
3077 1558 3291 1621 panem
3325 1538 3785 1601 sanctiﬁcatum
3817 1554 3959 1616 per

2239 1628 2483 1690 verbum
2520 1629 2626 1693 Dei
2657 1637 2715 1691 et
2746 1630 3101 1704 orationem,
3133 1628 3327 1691 statim
3359 1627 3542 1691 Verbi
3589 1626 3656 1688 in
3685 1644 3953 1705 corpus

2240 1720 2642 1799 transmutari,
2701 1718 2856 1781 sicut
2912 1718 3131 1780 dictum
3181 1726 3271 1779 est
3302 1736 3336 1779 a
3364 1716 3564 1779 Verbo
3600 1740 3614 1775 :
3658 1717 3801 1777 Hoc
3836 1731 3949 1783 est

2236 1823 2671 1885 rorpusmeum
2695 1807 2753 1856 89
2781 1827 2825 1867 ει
2860 1807 2944 1867 sic
2964 1807 3097 1867 ethi
3118 1805 3308 1886 palam
3329 1805 3668 1879 enuntiant,
3706 1821 3937 1883 «eum,

2237 1894 2297 1954 in
2330 1914 2448 1975 quo
2474 1897 2675 1973 gratiae
2692 1905 2837 1957 acta:
2859 1904 3017 1971 sunt,
3042 1914 3280 1976 panem,
3313 1894 3538 1968 vinum,
3564 1903 3625 1955 et
3655 1909 3935 1973 aquam,

2240 2003 2357 2045 non
2381 1993 2446 2045 ut
2473 2003 2853 2047 communem
2880 2004 3119 2066 panem,
3157 2003 3351 2063 neque
3372 2000 3768 2045 communem
3801 2000 3937 2061 po—

2242 2082 2362 2133 tum
2396 2074 2573 2149 sumi,
2610 2075 2716 2136 sed
2770 2083 2831 2135 ut
2883 2074 3168 2137 incarnati
3201 2075 3341 2137 Iesu
3370 2088 3615 2134 carnem
3665 2078 3731 2132 et
3765 2089 3933 2131 san-

2242 2167 2482 2241 guinem
2510 2165 2603 2238 8'5;
2644 2186 2668 2220 ι
2702 2182 2863 2239 eum,
2904 2191 2927 2219 (ι
2962 2164 3066 2244 qui
3121 2181 3155 2223 a
3209 2172 3368 2224 terra
3401 2170 3490 2222 est
3521 2160 3723 2241 panis,
3762 2177 3929 2239 per-

2243 2252 2561 2332 cipientem
2618 2253 3051 2314 invocationem
3085 2250 3216 2327 Dei,
3269 2252 3392 2330 jam
3443 2268 3562 2310 non
3619 2266 3927 2310 commu-

2245 2359 2378 2401 nem
2417 2359 2629 2419 panem
2661 2360 2815 2419 esse,
2850 2340 2955 2402 sed
3002 2340 3464 2412 Eucharistiam,
3524 2355 3596 2399 ex
3671 2335 3926 2397 duabus

2245 2429 2405 2507 [CLI]
2441 2429 2621 2491 rebus
2651 2438 3047 2500 constantem,
3103 2438 3339 2489 terrena
3390 2434 3450 2487 et
3477 2424 3718 2487 caelesti
3744 2424 3838 2500 84,
3885 2449 3916 2480 ι

2241 2537 2492 2599 corpore
2528 2518 2797 2579 videlicet
2850 2517 3070 2580 Christi
3113 2536 3144 2577 e
3175 2525 3415 2578 terrena
3442 2515 3695 2576 materia
3753 2533 3918 2575 con-

2241 2618 2428 2683 creto,
2454 2615 2515 2669 et
2554 2608 2752 2670 Verbo
2778 2608 2884 2670 Dei
2914 2608 3054 2669 huic
3107 2605 3470 2688 hypostatice
3501 2605 3694 2668 unito.
3733 2604 3915 2667 Sicut

2240 2696 2322 2757 illi
2354 2697 2588 2766 docent,
2631 2698 2899 2758 «Christo
2931 2696 3062 2778 ipso
3093 2697 3180 2757 sic
3201 2696 3563 2773 afﬁrmante,
3598 2704 3780 2775 atque
3811 2695 3907 2756 di-

2241 2796 2413 2847 rente
2443 2785 2515 2847 de
2550 2805 2699 2865 pane
2733 2804 2747 2849 :
2786 2786 2908 2846 Hoc
2944 2793 3026 2846 est
3070 2801 3291 2864 corpus
3321 2801 3546 2853 meum,
3580 2781 3899 2845 neminem

2240 2873 2527 2953 deinceps
2558 2875 2731 2936 aude:
2752 2893 2783 2935 e
2812 2872 3085 2934 dubitare
3114 2891 3127 2935 :
3162 2872 3372 2933 eodem
3402 2888 3642 2951 quoque
3668 2871 3906 2932 conﬁr-

2244 2975 2440 3023 mante
2467 2972 2525 3023 et
2556 2962 2792 3024 dicente
2820 2981 2832 3025 :
2866 2964 2981 3026 Hie
3020 2970 3109 3024 est
3160 2961 3409 3039 sanguis
3444 2977 3630 3040 meus,
3663 2958 3903 3020 nullum

2248 3051 2375 3112 fore
2408 3053 2506 3132 qui
2529 3052 2848 3125 dubitet,et
2869 3052 3028 3113 dicat
3050 3070 3167 3111 non
3185 3066 3317 3112 esse
3337 3048 3500 3110 illius
3521 3048 3900 3127 sanguinem:

2250 3141 2347 3220 qui
2380 3159 2590 3221 aquam
2626 3140 2947 3221 aliquando
3001 3138 3244 3201 mutavit
3270 3138 3331 3199 in
3359 3137 3585 3209 vinum,
3620 3139 3680 3198 in
3737 3135 3902 3200 Cana

2249 3229 2781 3309 Galilaaa:,dignum
2806 3247 2937 3291 esse
2969 3229 3065 3290 cui
3093 3226 3594 3306 credamus,quod
3613 3224 3808 3285 vinum
3832 3225 3899 3286 in

2249 3319 2597 3396 sanguinem
2627 3318 3060 3393 transmutavit;
3094 3316 3195 3397 qui
3224 3315 3295 3376 ad
3331 3315 3561 3395 nuptias
3579 3330 3902 3394 corporeas

2250 3406 2527 3468 invitatus
2547 3406 2908 3486 stupendum
2924 3405 3271 3467 miraculum
3296 3410 3573 3483 operatus
3594 3400 3898 3482 est,multo

2254 3495 2437 3571 magis
2467 3511 2684 3572 corpus
2706 3502 2771 3554 et
2808 3494 3161 3569 sanguinem
3195 3511 3370 3552 suum
3404 3491 3540 3551 ﬁliis
3570 3488 3767 3571 sponsi
3796 3488 3902 3550 de-
3979 3534 3989 3541 -

2250 3582 2409 3642 disse
2438 3582 2845 3643 conﬁtendum
2868 3600 3001 3643 esse
3031 3599 3044 3644 :
3082 3599 3264 3661 quare
3295 3598 3430 3641 cum
3464 3578 3626 3639 omni
3654 3584 3896 3639 certitu-

2251 3671 2391 3732 dine
2414 3690 2629 3751 corpus
2662 3679 2719 3730 et
2748 3671 3097 3748 sanguinem
3126 3668 3347 3732 Christi
3367 3666 3720 3729 sumendum
3739 3684 3895 3741 esse;

2252 3778 2386 3820 nam
2421 3759 2529 3820 sub
2563 3758 2785 3839 specie,
2820 3761 2873 3816 ἐν
2917 3763 3086 3834 τύπῳ,
3151 3761 3325 3840 panis
3370 3757 3544 3818 datur
3571 3774 3800 3837 corpus,
3833 3765 3897 3817 et

2250 3848 2361 3910 sub
2378 3849 2582 3929 specie
2606 3849 2723 3908 vini
2752 3847 2928 3909 datur
2945 3846 3485 3929 sanguiszqunmvis
3518 3864 3722 3907 sensus
3753 3862 3892 3906 con-

2250 3938 2497 3999 trarium
2529 3937 3014 4015 suggerat,ﬁdem
3048 3949 3246 4000 tamen
3279 3936 3635 3998 conﬁrmare
3653 3934 3885 4011 debere,

2253 4044 2325 4087 ex
2353 4033 2522 4105 gestu
2552 4043 2677 4086 rem
2705 4025 3090 4106 judicandam
3126 4045 3247 4087 non
3303 4043 3457 4105 esse,
3517 4022 3657 4104 quin
3702 4022 3888 4103 potius

2247 4116 2586 4175 certissima
2614 4114 2754 4190 ﬁde,
2790 4123 2849 4175 et
2878 4119 3026 4177 citra
3063 4114 3497 4175 dubitationem
3531 4109 3882 4174 credendum

2248 4223 2405 4275 esse,
2440 4203 2654 4266 Christi
2686 4222 2900 4283 corpus
2931 4214 2990 4265 et
3018 4204 3368 4283 sanguinem
3403 4200 3575 4262 nobis
3605 4199 3818 4277 dari65;
3848 4223 3876 4255 ι

2246 4293 2746 4373 quemadmodum
2784 4312 3037 4373 «corpus
3065 4291 3429 4363 Christi,Dei
3460 4287 3640 4353 Verbi
3666 4286 3883 4349 inhabi-

503 4390 874 4471 Tertulliani,
908 4376 1242 4471 Augustini,
1293 4401 1350 4454 et
1399 4388 1660 4453 Facundi
1714 4382 2163 4448 Hermiauensis
2187 4382 2467 4456 Dtatione
2499 4378 2572 4441 ad
2595 4381 2850 4442 divinam
2885 4388 3338 4471 transmutatum
3366 4387 3456 4471 est
3500 4376 3823 4457 dignitatem
3861 4401 3876 4456 ;

504 4478 793 4556 gloriatur
818 4482 1101 4563 Crabius;
1165 4483 1271 4543 sed
1331 4483 1376 4542 si
1420 4482 1620 4559 legere
1669 4494 1787 4537 non
1841 4474 2160 4563 pigeat_to_—

507 4576 668 4627 mum
700 4559 1232 4649 IlIPerpetuitatis
1261 4567 1660 4650 ﬁdei,Gailice
1687 4564 1979 4643 scriptum
2013 4559 2167 4650 (Gal-

513 4654 624 4718 lice
653 4657 878 4738 quippe
907 4648 1020 4720 Scit
1060 4659 1149 4720 vir
1178 4648 1441 4739 doctus),
1475 4658 1525 4718 si
1558 4655 1691 4736 quis
1733 4652 1915 4714 animi
1948 4648 2170 4711 candor

507 4745 607 4818 sit,
644 4763 854 4807 vanam
905 4766 1040 4809 esse
1072 4738 1489 4827 gloriationcm
1545 4744 1660 4804 cito
1715 4738 2168 4802 animadvertet.

591 4833 691 4898 99.
726 4833 972 4898 Interim
1005 4855 1143 4897 vero
1174 4836 1457 4915 Cyrillum
1481 4828 2089 4908 Hierosolymitanum
2113 4830 2171 4886 et

506 4924 861 5001 Gregorium
890 4928 1224 5007 Nyssenum
1257 4943 1392 4985 cum
1423 4922 1655 4985 Justino
1689 4917 1999 5007 etIrenaeo
2032 4934 2172 4975 con.

511 5011 681 5091 ferat,
716 5022 773 5074 et
829 5003 1071 5095 quo'alii
1122 5012 1195 5074 ab
1251 5012 1364 5072 illis
1413 5010 1690 5071 diﬁ‘erant
1742 5003 1902 5095 dicat
1936 5005 2088 5081 ipse,
2122 5009 2173 5070 si

512 5091 1243 5175 possit.Que'madmodum
1269 5099 1430 5159 enim
1458 5103 1734 5158 asserunt
1762 5091 1870 5168 illi,
1905 5118 1927 5147 α
1963 5108 2171 5168 panem

513 5195 571 5244 et
621 5187 821 5249 vinum
876 5190 1291 5253 Eucharistiaz,
1356 5194 1493 5247 ante
1550 5198 1781 5243 sacram
1839 5177 2171 5237 invocatio-

514 5292 649 5333 nem
702 5278 1021 5339 adoraudaa
1058 5273 1394 5346 Trinitatis,
1448 5288 1659 5351 panem
1713 5284 1847 5327 esse
1878 5264 2162 5325 etvinum

515 5374 769 5442 merum;
806 5376 1046 5444 peracta
1075 5383 1218 5426 vero
1247 5359 1642 5430 invocatione,
1677 5370 1891 5433 panem
1924 5352 2164 5432 quidem

2244 4482 2404 4531 recte
2432 4489 2588 4531 nunc
2618 4488 2854 4551 quoque
2884 4472 2990 4534 Dei
3021 4469 3198 4532 verbo
3229 4468 3653 4530 sanctiﬁcatum
3678 4483 3878 4545 panem

2243 4559 2490 4621 credere
2520 4577 2626 4619 nos
2657 4559 2714 4620 in
2741 4560 2845 4619 Dei
2881 4559 3057 4621 Verbi
3092 4577 3309 4636 corpus
3325 4553 3875 4630 transmutare,etin

2244 4648 2390 4709 illud
2423 4648 3189 4723 trunselementarieorum,
3217 4663 3349 4728 quae
3375 4649 3680 4725 apparent,
3711 4651 3872 4704 natu-

2248 4754 2374 4795 ram
2403 4735 2526 4792 86.»
2564 4733 2660 4796 Sic
2690 4744 2749 4796 et
2778 4736 2838 4796 hi
2871 4730 3519 4815 praedicantgquemad
3532 4729 3750 4790 modum
3773 4747 3876 4809 per

2254 4824 2502 4886 verbum
2563 4823 2668 4885 Dei
2725 4843 2861 4886 caro
2890 4824 3076 4885 factus
3110 4824 3280 4886 Jesus
3315 4818 3587 4885 Christus
3632 4820 3876 4881 Servator

2258 4920 2482 4986 noster,
2541 4921 2600 4973 et
2658 4931 2899 4975 carnem
2959 4921 3018 4974 et
3066 4909 3419 4991 sanguinem
3453 4905 3654 4969 salutis
3678 4911 3872 4969 nostra;

2258 5019 2437 5062 causa
2461 5000 2689 5082 habuit;
2719 5003 2795 5063 ita
2826 5018 3063 5082 quoque
3109 5018 3264 5078 eam,
3290 4997 3353 5058 in
3396 5013 3512 5076 qua
3541 5012 3644 5075 per
3668 4992 3867 5055 oratio-

2257 5109 2395 5151 nem
2412 5091 2574 5151 verbi
2603 5090 2677 5151 ab
2701 5089 2830 5170 ipso
2853 5089 3097 5170 profecti
3113 5088 3315 5167 gratiae
3343 5093 3481 5148 sunt
3518 5090 3655 5145 actae
3676 5082 3865 5143 alimo-

2256 5178 2728 5258 niam,incarnati
2755 5178 2915 5240 illius
2941 5177 3084 5241 Jesu
3116 5185 3173 5238 et
3193 5192 3434 5238 carnem
3463 5180 3525 5234 et
3554 5170 3863 5247 sanguinem

2247 5284 2377 5329 esse
2409 5269 2652 5331 edoctos
2683 5286 2791 5329 nos
2820 5285 2955 5329 esse
2985 5268 3073 5345 87;
3109 5292 3135 5322 ι)
3193 5264 3520 5335 Christum,
3565 5284 3593 5316 «
3625 5258 3859 5341 calicem,

2251 5357 2351 5436 qui
2384 5367 2567 5419 estex
2596 5377 2666 5420 ea
2722 5365 3018 5437 creatura,
3088 5373 3219 5437 quae
3274 5360 3364 5441 est
3406 5348 3717 5413 secundum
3742 5365 3859 5425 nos,

591 5522 644 5608 '{7
675 5525 878 5602 Cyrill.
909 5528 1233 5603 Hierosol.,
1300 5525 1544 5590 Catech.
1587 5530 1607 5582 ι
1668 5522 1905 5608 Mystag.
1960 5518 2015 5561 73
2042 5518 2218 5599 Greg.
2277 5527 2382 5599 M.,
2441 5524 2604 5591 Orat.
2637 5529 2821 5604 cath.,
2882 5544 3017 5608 cap.
3048 5526 3153 5588 37.
3181 5522 3236 5569 ’⁷9
3268 5517 3855 5608 ΙιιειίιιηῆιΑροιιι.

519 5604 573 5648 ⁸ο
600 5607 783 5687 Ιτθηῖ,
843 5613 887 5672 ῐ.
922 5631 985 5686 v,
1040 5636 1093 5678 c.
1126 5622 1185 5686 2,
1222 5636 1280 5677 n.
1318 5620 1374 5674 3.
1431 5615 1480 5658 ει
1514 5608 1718 5689 Cyrill.
1781 5606 2106 5687 HierosoL,
2161 5609 2447 5675 Cathech.
2485 5630 2541 5674 IV
2581 5614 2757 5692 Myst.
2807 5613 2862 5659 89
2891 5604 3069 5695 Greg.
3104 5613 3203 5695 N.,
3253 5612 3355 5676 cit.
3413 5606 3467 5652 ⁸³
3494 5607 3715 5679 Justin.,
3766 5605 3854 5678 cit,

515 5695 568 5739 8⁸
599 5701 728 5762 lren
761 5746 777 5776 ,
815 5701 857 5760 ι.
896 5717 973 5773 ιν,
1010 5721 1061 5763 c.
1099 5707 1195 5780 18,
1233 5725 1291 5764 ιι.
1326 5706 1362 5763 5
1434 5702 1488 5744 ⁸⁵
1517 5697 1715 5777 Cyrill.
1752 5695 1873 5756 Cat.
1908 5714 1981 5757 iv.
2044 5696 2095 5738 ⁸³
2126 5700 2160 5759 G

2248 5719 2297 5776 ις.
2336 5700 2403 5761 Ν.
2441 5704 2520 5764 cit
2603 5703 2655 5746 ⁸⁷
2685 5706 2899 5766 Justin.
2938 5705 3040 5767 cit.
