4022 6376
182 301 292 367 381

617 308 735 368 FR.
787 307 1131 369 \VALCHII
1177 308 1272 370 DE
1319 307 1789 370 AUTHENTIA

1923 308 2226 373 BRORUM
2274 310 2559 372 IRENrEI
2619 313 2792 374 ΑΙ)ῑᾶ
2843 309 3132 374 ΗΕΗΕΞ.

3458 306 3574 371 382

179 434 296 525 bus
313 454 510 525 novus
527 436 936 525 perseverabit
979 438 1181 512 homo,
1207 455 1448 518 semper
1473 455 1621 499 nova
1643 437 1850 499 confa-
1873 449 1910 496 Α
1935 437 2146 502 Irenaei
2177 460 2410 504 errores
2441 442 2769 524 probando,
2803 463 2958 521 eam,
3005 459 3178 525 quam
3230 442 3292 506 S.
3338 440 3577 520 martyri

177 523 398 586 bulans
427 524 658 588 Deo.Et
679 526 960 608 quoniam
981 527 1106 588 haec
1123 544 1362 606 semper
1380 526 1845 607 perseverabunt

177 614 314 677 sine
347 614 493 688 fine,
557 615 740 678 Isaias
789 616 870 676 ait
919 614 1028 690 sic,
1063 624 1178 678 etc.
1223 615 1298 677 Et
1343 614 1840 696 quemadmodum

176 701 519 782 presbyteri
548 704 777 776 dicunt,
809 713 948 766 tunc
982 704 1083 785 qui
1113 703 1273 781 digni
1303 703 1525 764 fuerint
1558 703 1840 765 caelorum

173 792 663 866 conversatione,
700 792 842 854 illuc
877 791 1232 868 transibunt,
1291 791 1351 852 id
1385 800 1494 867 est,
1531 791 1591 853 in
1622 792 1841 857 cenios;

172 879 270 940 alii
303 888 434 942 tnte
469 880 728 961 paradisi
760 881 995 943 deliciis
1026 889 1306 952 utentur;
1338 880 1439 941 alii
1469 889 1668 944 autem
1700 899 1842 962 spe-

173 968 516 1031 ciositatem
569 969 820 1031 civitatis
879 968 1321 1050 possidebunt:
1374 969 1594 1050 ubique
1645 977 1842 1032 autem

169 1056 334 1118 Deus
387 1057 714 1138 videbitur,
778 1069 836 1120 et
891 1057 1391 1140 quemadmodum
1455 1058 1619 1138 digni
1669 1065 1844 1120 erunt

171 1145 450 1206 videntes
469 1164 631 1208 eum.
655 1149 804 1208 Esse
824 1156 1020 1210 autem
1045 1147 1385 1209 distantiam
1419 1147 1573 1210 hanc
1602 1147 1840 1210 habita-

172 1234 354 1295 tionis
378 1253 592 1296 eorum
627 1235 728 1316 qui
757 1243 994 1298 centum
1018 1233 1614 1311 iructificaverunt,et
1636 1253 1840 1298 eorum

171 1322 274 1401 qui
303 1323 648 1403 sexaginta,
678 1333 736 1385 et
764 1343 967 1386 eorum
1003 1324 1101 1404 qui
1127 1325 1686 1404 tringinta;quorum
1714 1325 1840 1406 qui-

172 1411 394 1473 damin
417 1413 639 1474 cmlum
666 1414 1170 1484 assumentur,alii
1196 1415 1253 1476 in
1280 1414 1553 1494 paradiso
1585 1432 1839 1476 conver-

172 1499 496 1575 sabuntur,
533 1501 634 1562 alii
679 1501 739 1562 in
768 1502 1003 1564 civitate
1035 1501 1469 1577 inhabitabant;
1501 1511 1558 1565 et
1605 1512 1841 1584 propter

173 1588 289 1650 hoe
318 1588 548 1652 dixisse
593 1589 941 1665 Dominum,
1003 1591 1212 1652 multas
1263 1609 1396 1652 esse
1421 1591 1574 1672 apud
1606 1593 1837 1654 Patrem

177 1678 556 1741 mansiones.
583 1700 612 1738 )
651 1679 798 1742 Mira
831 1681 955 1742 haec
979 1688 1036 1740 et
1070 1680 1306 1741 insolita
1337 1680 1628 1761 parabolae
1655 1680 1836 1742 semi-

176 1769 402 1848 nantis,
437 1777 497 1829 et
527 1767 821 1830 variarum
854 1769 914 1830 in
947 1769 1132 1830 altera
1181 1770 1294 1830 vita
1324 1769 1697 1831 mansionum
1731 1789 1836 1833 ex-

181 1856 461 1932 plicatio;
481 1857 611 1919 hac
637 1857 794 1919 enim
819 1857 1034 1918 referri
1049 1857 1119 1918 ad
1143 1859 1388 1919 alteram
1421 1858 1734 1929 vitam,seu
1764 1858 1836 1920 ad

174 1947 685 2007 resurrectionem
718 1945 1379 2026 secundam,postquam
1403 1947 1694 2008 innovatis
1712 1947 1836 2026 jam

177 2034 333 2096 coelo
377 2043 439 2095 et
472 2043 635 2096 terra
689 2034 848 2097 Deus
907 2035 1217 2098 manifeste
1241 2034 1537 2096 videbitur
1565 2054 1598 2100 a
1629 2035 1835 2112 beatis,

175 2126 470 2188 orationis
531 2135 842 2190 contextus
901 2125 1215 2208 pchpicue
1272 2128 1662 2188 demonstrat.
1719 2127 1837 2190 Sed

175 2214 312 2288 ista,
346 2225 416 2278 ut
469 2223 530 2277 et
577 2215 692 2278 alia
722 2235 851 2296 qua:
880 2216 1081 2296 retuli,
1132 2215 1281 2276 nanti
1312 2223 1471 2292 sunt,
1509 2235 1655 2295 quos
1687 2234 1835 2276 con-

178 2305 360 2365 traxit
411 2307 676 2367 lrenazus
734 2323 803 2366 ex
856 2305 1040 2368 nimia
1096 2306 1154 2366 in
1204 2305 1478 2367 seniores
1509 2305 1838 2385 illos,quos

175 2391 518 2455 identidem
548 2393 707 2468 citat,
765 2395 1163 2473 veneratione,
1196 2403 1254 2456 et
1283 2392 1500 2455 acriori
1527 2393 1838 2455 haereticos

180 2482 578 2562 impugnandi
609 2483 826 2544 studio.

260 2571 402 2632 123.
441 2572 678 2635 Dudum
711 2572 991 2635 exsolevit
1023 2591 1090 2635 ea
1121 2571 1346 2634 terreni
1367 2571 1585 2633 Christi
1616 2571 1833 2646 fabula,

180 2668 241 2720 ut
263 2670 440 2722 vocat
458 2660 1060 2740 Hieronymus.Hanc
1095 2671 1290 2725 tamen
1312 2663 1436 2722 suis
1462 2679 1494 2721 e
1523 2660 1842 2723 ruderibus

179 2749 503 2810 excitatam
536 2749 863 2812 instaurare
921 2751 1124 2812 nititur
1157 2752 1234 2812 cl.
1269 2749 1560 2824 Grabius;
1595 2769 1714 2811 non
1744 2750 1841 2810 di-

183 2847 351 2900 recte
384 2838 654 2918 quidem,
682 2839 842 2901 nulla
870 2840 1162 2920 siquidem
1219 2847 1575 2919 argumenta
1606 2858 1736 2900 eam
1781 2841 1842 2900 in

186 2944 313 2988 rem
338 2927 588 3006 profert:
625 2929 796 3010 ecqui
827 2930 1093 3009 proferre
1127 2928 1465 3008 posset,nisi
1495 2928 1839 3004 straminea,

184 3024 250 3074 ut
281 3017 412 3094 ipse
447 3015 759 3096 loquitur?
805 3018 920 3081 Sed
959 3019 1086 3099 pias
1117 3026 1176 3080 et
1223 3016 1485 3078 eruditas
1503 3018 1838 3080 doctissimi

185 3105 570 3165 Feuardentii
601 3116 769 3168 notas
799 3108 1173 3180 exseribens,
1210 3125 1312 3169 eas
1337 3106 1556 3187 ubique
1581 3107 1837 3186 maligno

1924 527 2122 591 intulit
2151 529 2454 612 injuriam,
2481 541 2564 594 tot
2593 531 2831 594 ﬁctilios
2863 533 2921 593 in
2949 529 3434 594 adnotationibus
3452 529 3576 590 suis

1926 616 2310 697 impingendo
2331 620 2940 702 compensare?Quam
2961 640 3125 702 aequa
3145 619 3568 698 compensatio!

1925 705 2294 789 dignissima,
2329 728 2460 789 quae
2491 710 2804 773 Grabianis
2838 710 2992 770 notis
3016 708 3359 770 coronidem
3384 707 3574 787 impo-

1925 803 2116 858 neret.
2149 795 2403 877 Operam
2456 798 2670 859 lusisse
2731 818 2824 859 me
2875 808 3166 879 putarem,
3201 800 3249 858 si
3281 797 3386 859 has
3417 796 3572 857 scrio

1923 886 2288 950 refellendas
2318 890 2708 972 susciperem.
2767 891 3182 954 Chiliastarum
3227 887 3574 950 ratiunculas

1924 986 2062 1037 sunt
2107 997 2254 1057 quas
2295 979 2394 1042 alii
2444 988 2562 1041 tum
2625 989 2874 1060 vcteres,
2907 989 3028 1040 tum
3061 978 3424 1042 recentiores
3443 977 3568 1056 jam

1927 1063 2161 1142 penitus
2206 1067 2652 1144 contriverunt;
2712 1076 2770 1128 et
2816 1068 2866 1130 si
2914 1067 2975 1128 id
3005 1066 3078 1128 ab
3130 1067 3214 1128 eis
3245 1065 3566 1145 praestitum

1925 1163 2099 1230 neget
2127 1153 2402 1230 Grabius,
2436 1155 2572 1219 ideo
2607 1165 2800 1235 negat,
2838 1157 2978 1236 quia
3007 1157 3094 1217 vel
3128 1157 3329 1233 legere
3359 1153 3566 1234 piguit,

1927 1241 2013 1302 vel
2034 1243 2235 1306 animo
2275 1245 2400 1324 jam
2465 1246 2749 1308 invisibili
2803 1247 2905 1306 illo
2962 1245 3375 1309 Chiliastarum
3439 1243 3570 1303 loco

1921 1329 2495 1412 oberrantelegit.1d
2532 1345 2733 1397 tamen
2765 1335 3031 1396 acl.viro
3065 1331 3564 1395 dissimulandum

1923 1438 2040 1480 non
2067 1424 2309 1496 erat,sic
2341 1423 2399 1484 in
2426 1443 2554 1486 eam
2588 1426 2810 1487 abiisse
2839 1424 3190 1487 sententiam
3238 1422 3437 1484 saaculi
3469 1439 3566 1481 se-

1923 1509 2099 1570 cundi
2122 1512 2348 1586 Patres,
2386 1512 2486 1593 qui
2513 1513 2586 1574 (le
2617 1521 2768 1575 statu
2799 1514 3127 1575 animarum
3155 1526 3286 1592 post
3320 1519 3568 1572 mortem

1921 1597 2242 1678 quidquam
2267 1601 2502 1682 scriptis
2519 1602 2712 1663 adhuc
2729 1601 3153 1682 superstitibus
3169 1600 3563 1680 reliquerunt,

1922 1695 1984 1771 ut
2001 1688 2253 1750 candide
2273 1691 2886 1771 monuerintlustinus
2908 1691 2965 1751 in
2983 1689 3235 1771 Dialogo
3258 1707 3390 1752 cum
3426 1687 3567 1766 Try-

1916 1768 2120 1845 phone
2153 1788 2284 1849 pag.
2319 1771 2458 1846 306,
2497 1770 2639 1833 edit.
2675 1771 3039 1834 Morellianze
3069 1768 3258 1833 Paris.
3299 1771 3472 1838 1636,
3511 1776 3568 1828 et

1923 1857 2180 1919 Irenazu:
2207 1878 2355 1940 capp
2413 1862 2481 1922 3t
2541 1869 2596 1920 et
2629 1859 2726 1932 32,
2762 1861 2900 1921 huic
2941 1877 3304 1939 rcpugnasse
3335 1857 3563 1919 πολλοὺς

1921 1948 2009 2002 καὶ
2051 1949 2157 2003 τῶν
2214 1950 2308 2016 τῆς
2369 1954 2596 2028 καθκρὰς
2647 1952 2733 2006 καὶ
2763 1948 3003 2012 εὗσεϐοϋς
3035 1949 3200 2006 ὄντων
3243 1953 3565 2027 [picturath

1922 2035 2166 2116 γνώμης,
2207 2058 2230 2091 ι
2278 2036 2496 2098 multos
2543 2037 2718 2099 etiam
2775 2057 2806 2099 e
2865 2035 3238 2107 Christianis,
3273 2034 3373 2114 qui
3405 2052 3566 2113 purae

1925 2122 2153 2202 piasque
2176 2131 2315 2184 sunt
2345 2125 2719 2200 sententiam
2747 2127 2860 2199 vel,
2898 2132 2960 2185 ut
2991 2124 3254 2204 loquitur
3279 2121 3559 2195 Irenaeus,

1929 2234 1950 2265 ι
1978 2212 2264 2290 quosdam
2297 2231 2362 2274 ex
2398 2213 2489 2274 his
2519 2215 2619 2294 qui
2648 2224 2927 2294 putantur
2953 2221 3112 2274 recte
3143 2210 3492 2273 credidisse.
3532 2233 3562 2266 ι

1921 2299 1970 2360 Α
2001 2299 2269 2379 pluribus
2293 2301 2575 2383 deinceps
2604 2311 2807 2383 aperte
2829 2303 3173 2384 impugnata
3205 2319 3336 2362 cum
3359 2299 3560 2370 fuerit,

1922 2387 2060 2449 licet
2089 2408 2122 2449 a
2143 2390 2643 2470 quibusdam.nec
2673 2391 3037 2471 ignobilibus
3065 2389 3348 2452 Ecclesiae
3373 2388 3563 2449 Patri-

1921 2476 2031 2538 bus
2065 2482 2772 2561 propugnata,pra3valuit
2803 2499 3044 2560 semper
3073 2479 3131 2540 id
3162 2479 3317 2559 quod
3344 2479 3466 2558 jam
3503 2477 3562 2536 in

1924 2567 2188 2629 Ecclesia
2217 2570 2507 2630 catholica
2536 2569 2771 2632 obtinet
2803 2569 3036 2647 dogma.

2008 2658 2143 2719 1%.
2179 2657 2294 2720 Sed
2329 2660 2564 2720 tandem
2609 2659 2746 2720 huic
2777 2656 3183 2721 dissertationi
3208 2655 3341 2717 finis
3371 2656 3565 2736 impo-

1925 2746 2178 2808 nendus.
2207 2747 2549 2809 Breviorem
2592 2765 2724 2808 esse
2757 2746 3153 2827 voluissem,si
3177 2744 3461 2807 licuisset.
3494 2746 3566 2806 At

1924 2834 2250 2913 longiorem
2285 2836 2554 2898 fecerunt
2583 2843 2702 2896 tum
2735 2836 3024 2898 intricata:
3054 2837 3316 2896 locorum
3353 2834 3559 2895 inulto~

1924 2941 2054 2984 rum
2091 2924 2630 3006 difficultates,quas
2663 2925 3042 3006 paucioribus
3062 2924 3256 2985 verbis
3279 2923 3563 2985 elucidari

1925 3017 2238 3075 commode
2268 3033 2384 3075 non
2419 3023 2730 3094 poterant;
2793 3022 2914 3074 tum
2973 3013 3327 3092 importunae
3357 3011 3564 3073 Prote-

1919 3102 2299 3177 stantium,ae
2322 3103 2621 3183 in’primis
2653 3103 2865 3184 nuperi
2886 3103 3090 3165 lrenasi
3115 3101 3364 3164 editoris
3394 3100 3564 3162 cavil-

182 3192 364 3254 dente
397 3195 685 3274 corrodit,
717 3196 1097 3277 insinuatque
1154 3195 1370 3276 passim
1400 3195 1614 3258 anullo
1646 3196 1836 3258 solide

1923 3189 2194 3266 lationes,
2232 3210 2400 3274 quas,
2435 3211 2510 3254 ne
2541 3192 2758 3253 nostris
2786 3191 3029 3253 auribus
3057 3191 3402 3271 obstrepere
3433 3211 3563 3269 per-

183 3280 551 3342 confutatam
567 3283 852 3345 hactenus
869 3286 1053 3347 fuisse
1076 3303 1205 3346 eam
1228 3283 1688 3346 Millenariorum
1707 3304 1838 3346 sen-

181 3370 461 3444 tentiam,
495 3370 789 3454 facileque
819 3373 1036 3434 difflari
1067 3392 1134 3434 ea
1161 3373 1605 3453 omnia,quibus
1637 3373 1836 3454 impu-

181 3467 427 3537 gnatur,
473 3469 864 3537 argumenta;
927 3462 1046 3522 imo
1099 3480 1303 3542 parum
1337 3461 1503 3521 abest
1533 3461 1674 3541 quin
1705 3480 1832 3524 eam

180 3547 297 3626 ipsi
356 3547 594 3611 Christo
644 3556 704 3610 et
759 3549 1041 3630 apostolis
1090 3550 1223 3629 ejus
1251 3559 1554 3628 acceptam
1586 3551 1829 3612 referat.

183 3637 361 3699 Forte
381 3639 719 3698 necessaria
740 3637 956 3700 Grabio
982 3638 1216 3700 videtur
1231 3655 1296 3700 ea
1322 3637 1544 3718 fabula,
1577 3658 1690 3718 qua
1714 3639 1832 3701 fut-

185 3724 375 3786 ciatur
433 3744 646 3788 novum
703 3727 844 3788 illud
897 3726 1119 3790 Calvini
1178 3735 1236 3788 et
1283 3726 1644 3788 asseclarum
1707 3727 1836 3807 ejus

186 3814 425 3892 dogma,
467 3824 704 3876 sanctos
759 3816 1024 3877 invocari
1083 3834 1190 3877 nec
1226 3833 1421 3894 posse,
1457 3834 1566 3876 nec
1589 3815 1833 3890 debere,

186 3912 392 3979 utpote
420 3906 516 3985 qui
539 3905 598 3966 in
621 3905 771 3967 caelo
789 3906 1054 3967 nondum
1075 3906 1356 3984 degentes
1379 3923 1515 3984 prec
1527 3923 1587 3964 es
1610 3913 1839 3966 nostras

185 3993 395 4055 audire
457 4003 777 4074 nequeant.
837 3993 1089 4072 Dignum
1151 4001 1310 4056 certe
1344 3993 1555 4055 fabulae
1584 3993 1836 4054 fulcrum

186 4082 371 4143 altera
403 4081 600 4144 fabula
653 4091 766 4147 est.
805 4083 897 4146 An
931 4084 1004 4144 el.
1061 4083 1182 4144 virt-
1232 4083 1466 4144 animus
1510 4093 1635 4145 erat
1665 4101 1838 4145 veros

1919 3289 2147 3355 gerent,
2184 3280 2509 3342 dissolvere
2531 3299 2727 3360 operae
2763 3281 3014 3362 pretium
3049 3281 3176 3340 fuit.
3211 3284 3354 3343 Cum
3405 3280 3562 3342 enim

1919 3367 2212 3446 ejusmodi
2265 3369 2604 3432 hominibus
2631 3370 2930 3451 antiquius
2981 3370 3129 3431 nihil
3155 3369 3352 3442 fuerit,
3387 3389 3561 3450 quam

1917 3466 1977 3518 ut
2019 3466 2192 3519 tanta:
2248 3459 2618 3520 auctoritatis
2666 3459 3151 3539 antiquitatisque
3208 3459 3559 3538 scriptorem

1919 3545 2137 3607 misere
2168 3547 2526 3628 discerptum
2561 3547 2631 3608 ad
2692 3558 2890 3627 partes
2946 3566 3080 3608 suas
3130 3548 3458 3621 traherent,
3503 3556 3568 3608 ut

1921 3646 2079 3696 tanta
2110 3635 2168 3698 S.
2205 3635 2434 3697 doctori
2468 3637 2639 3700 fieret
2673 3636 3254 3716 injuria,sinendum
3281 3656 3396 3696 non
3426 3637 3560 3697 fuit.

1894 3724 1980 3784 'Si
2003 3725 2142 3805 quid
2177 3725 2337 3785 aliud
2371 3725 2428 3785 in
2459 3725 2663 3786 lrenaei
2692 3726 2962 3786 doctrina
2991 3726 3424 3787 observandum
3457 3747 3561 3787 oc-

1921 3817 2236 3888 currat,ve|
2264 3814 2317 3873 id
2354 3816 2411 3874 in
2447 3815 2600 3876 notis
2627 3815 2806 3876 textui
2827 3813 3112 3894 subjectis
3129 3814 3561 3887 adnotavimus,

1921 3912 1979 3964 et
2007 3903 2107 3963 ubi
2137 3920 2286 3979 opus
2307 3903 2418 3964 fuit
2447 3903 2891 3978 illustravimus,
2929 3904 3017 3963 vel
3049 3921 3117 3964 ex
3159 3902 3229 3962 iis
3259 3921 3390 3983 qua:
3420 3903 3564 3964 hac-

1921 4003 2092 4056 tenus
2122 3994 2379 4056 diximus
2410 3995 2580 4058 facile
2612 3995 3024 4076 explicabitur.

926 4369 1278 4494 CHR.
1363 4369 1750 4495 GUIL.
1838 4371 2070 4494 FR.
2155 4367 2813 4495 WALCHII

1413 4620 2204 4707 COMMENTATIO
2275 4602 2347 4672 (α)

915 4803 1001 4860 DE
1050 4814 1378 4865 .tt‘eBNTIA
1419 4801 1778 4862 LIBRORUM
1817 4803 2445 4877 IRENIELADVERUS
2485 4803 2817 4864 HERESES

265 5068 777 5150 Consilium,quod
805 5069 1044 5148 cepi,tle
1077 5071 1191 5132 tide
1215 5070 1680 5148 auctoritathue
1707 5070 1834 5130 lre—
1859 5068 2045 5139 DQuo
2074 5069 2263 5148 major
2290 5069 2448 5130 enim
2482 5079 2565 5131 est
2589 5089 2631 5130 rc
2659 5089 2788 5131 rtnn
2821 5072 3432 5149 praestantiSsitnarum
3467 5087 3558 5130 cu-

194 5157 296 5218 nei
327 5158 506 5239 paulo
527 5161 859 5221 accuratius
895 5178 1091 5220 coram
1127 5159 1290 5220 vobis
1333 5158 1696 5238 disputandi,
1734 5175 1835 5218 na-

197 5257 306 5307 tum
359 5265 494 5308 esse
535 5247 745 5310 lubens
780 5250 966 5311 fateor
1013 5268 1081 5309 ex
1122 5267 1326 5311 vener.
1375 5249 1584 5309 Joann.
1613 5247 1832 5309 Salom.

197 5334 436 5399 Semleri
469 5335 830 5416 infringendi
885 5357 1014 5398 eam
1049 5337 1564 5415 labefactandique
1597 5335 1833 5396 studiis.

265 5499 348 5578 fa)
370 5496 516 5560 Haec
536 5499 984 5578 commentatio,
1039 5518 1072 5561 a
1097 5497 1444 5561 doctissimo
1469 5494 1739 5578 Walchio
1773 5495 1834 5555 in

197 5575 476 5642 Societate
529 5577 710 5658 Regia
738 5579 1145 5658 scientiarum,
1187 5578 1557 5657 Gottingeusi
1592 5575 1836 5658 recitata

196 5658 246 5723 d.
276 5677 324 5723 τι
353 5660 513 5740 Aug.
546 5655 1011 5738 MDGL‘LXXIV,
1033 5657 1184 5741 typis
1210 5655 1490 5741 expressa
1520 5663 1610 5719 est
1630 5655 1690 5716 in
1714 5658 1833 5720 No-

1922 5157 2039 5235 pia,
2072 5175 2218 5236 quas
2245 5176 2318 5220 ex
2359 5159 2566 5220 Irenzei
2617 5158 2786 5220 libris
2837 5179 2902 5220 se
2933 5159 3215 5230 didicisse
3245 5159 3406 5219 omni
3440 5159 3560 5218 fere

1923 5256 2192 5324 tempore
2241 5247 2573 5323 gravissimi
2627 5247 2735 5308 viri
2770 5247 2959 5308 testati
2993 5256 3152 5320 sunt,
3204 5265 3423 5328 quasve
3455 5265 3561 5306 nos

1919 5334 2029 5412 ipsi
2062 5353 2128 5394 ex
2162 5337 2372 5396 eodem
2403 5337 2563 5396 fonte
2589 5338 2825 5398 haurire
2856 5337 3180 5416 pergimus;
3208 5355 3277 5396 eo
3302 5336 3561 5396 sanctius

1917 5494 2002 5574 vis
2058 5495 2502 5556 commentariis
2559 5494 2872 5557 Societatis
2929 5496 3129 5574 Regia:
3176 5493 3556 5557 scientiarum

1917 5572 2202 5654 Gotting,
2230 5583 2372 5640 tom.
2409 5574 2476 5648 V,
2509 5576 2768 5656 (lotting.
2811 5575 2961 5639 1⁸7Ἰὸ
2991 5572 3154 5639 EDIT.
