4068 6362
314 353 420 419 561

1361 358 1666 422 CONTRA
1707 351 2074 419 HEBESBS
2114 354 2344 440 LIBER
2387 353 2697 422 PRIMUS.

3578 351 3695 415 562

314 496 449 548 εἶναι
503 491 662 548 δυάδα
706 493 790 566 (1)
831 494 1220 568 ἀνο.ὁμαστον,
1266 494 1334 558 ἧς
1373 492 1434 548 τὸ
1465 491 1559 567 μέν
1589 513 1640 547 τι
1684 488 1944 547 καλεῖσθα

2053 485 2683 565 nominabilem,cujus
2709 484 2951 565 quidem
2980 486 3206 566 aliquid
3219 489 3414 548 vocari
3443 485 3694 548 Inenar-

324 570 617 658 qAéP'Yi't-‘Cw,
682 583 744 638 τὸ
799 580 853 638 δὲ
910 583 1102 659 Σιγήν,
1167 570 1402 638 ἸΕπειτα
1439 579 1496 637 ἐκ
1539 580 1735 646 ταύτης
1780 575 1964 640 δυάδος

317 667 559 749 δευτέραν
613 669 772 727 δυάδα
821 669 1234 750 προεεϐλῆσθαι,
1279 670 1346 737 ἧς
1392 671 1454 725 τὸ
1508 668 1604 744 μέν
1661 691 1711 724 τι
1757 666 1964 745 Πατέρα

315 759 582 833 ὀνομάζει,
627 761 688 816 τὸ
731 757 787 814 δὲ
831 759 1136 830 Ἀλήθειαν,
1184 758 1281 815 Ἐκ
1310 756 1365 814 δὲ
1405 763 1503 824 τῆς
1546 755 1791 827 τετράδος
1832 756 1964 812 ταύ-

314 869 410 914 της
484 851 934 928 καρποφορεϊσθαι
1021 849 1189 927 Λόγον
1251 849 1339 904 καὶ
1409 847 1584 925 Ζωὴν,
1647 836 1964 924 ’Ἄνθρωπον

315 936 398 992 καὶ
453 935 772 1003 Ἐκκλησίαν
810 955 824 970 ’
887 939 1030 994 εἶναι
1092 959 1148 993 τε
1203 937 1402 1004 ταύτην
1443 934 1669 1014 ὀγδοάδα
1716 934 1958 1013 πρώτην.

316 1028 411 1083 Καὶ
454 1025 562 1082 ἀπὸ
619 1027 716 1100 μὲν
757 1033 848 1083 τοῦ
893 1026 1062 1105 Λόγου
1111 1027 1201 1082 καὶ
1255 1025 1350 1093 τῆς
1381 1030 1532 1092 Ζωῆς
1564 1023 1689 1080 δέκα
1717 1022 1962 1097 δυνάμεις

313 1113 454 1192 λέγει
512 1113 928 1192 προῗεὸλῆσθαι,
983 1116 1157 1178 καθὼς
1214 1115 1632 1193 προειρήκαμεν.
1722 1110 1857 1169 Ἀπὸ
1907 1108 1964 1166 δὲ

311 1213 400 1262 τοῦ
478 1201 780 1281 Ἀνθρώπου
857 1205 944 1260 καὶ
1010 1205 1109 1270 τῆς
1189 1200 1508 1270 Ἐκκλησίας
1577 1199 1800 1280 δώδεκα,
1888 1202 1963 1255 ὧν

313 1291 433 1365 μίαν
486 1290 570 1365 (2)
624 1293 932 1348 ἀποστᾶσαν
989 1293 1077 1348 καὶ
1133 1292 1519 1370 ὑστερήσασαν,
1591 1290 1691 1356 τὴν
1761 1288 1961 1354 λοιπὴν

311 1380 674 1458 πραγματείαν
717 1380 792 1458 (3)
848 1383 1192 1446 πεποιῆσθαι,
1252 1368 1454 1458 "0900;
1498 1368 1554 1435 τε
1601 1375 1687 1434 δύο
1715 1376 1958 1452 ὑπέθετο,

309 1466 400 1523 ἕνα
457 1467 554 1542 μὲν
607 1466 798 1542 μεταξῦ
853 1477 947 1527 τοῦ
997 1471 1155 1528 Βυθοῦ
1197 1469 1284 1524 καὶ
1312 1475 1407 1524 τοῦ
1429 1467 1618 1524 λοιπώ
1649 1464 1959 1544 Πληρώμα-

310 1578 419 1630 τος,
492 1554 782 1635 διορίζοντα
869 1558 988 1619 τοὺς
1055 1558 1340 1636 γεννητοὺς
1441 1558 1639 1620 Ᾱῖὠνας
1695 1554 1801 1610 ἀπὸ
1871 1560 1960 1610 τοῦ

311 1645 596 1723 ἆγεννήτου
627 1646 856 1721 Πατρόςο
891 1645 1068 1725 ἕτερον
1099 1643 1153 1701 δὲ
1197 1647 1290 1702 τὸν
1340 1646 1653 1726 αγορίζοντα
1698 1643 1840 1716 αὐτῷ
1871 1641 1962 1719 (4)

310 1735 403 1802 τὴν
447 1733 652 1814 μητέρα
708 1735 813 1790 ἀπὸ
865 1741 958 1791 τοῦ
1019 1733 1424 1813 Πληρώματοςι
1457 1736 1552 1791 Καὶ
1597 1734 1688 1789 τὸν
1738 1732 1961 1811 Χριστὸν

2048 576 2258 652 rabile,
2285 577 2445 639 aliud
2477 585 2673 638 autem
2699 575 2900 654 Sigen.
2921 577 3061 637 Post
3087 576 3299 637 deinde
3322 596 3393 638 ex
3414 577 3525 638 hac
3542 576 3693 638 dua-

2048 665 2231 740 litate,
2251 665 2571 728 secundam
2602 663 2952 726 dualitatem
2983 664 3286 739 emissam,
3333 666 3504 744 cujus
3531 665 3694 726 aliud

2047 754 2287 835 quidem
2334 753 2569 816 Patrem
2587 760 2780 827 vocat,
2814 751 2974 814 aliud
3006 761 3201 815 autem
3233 753 3585 815 Aletheiam.
3611 754 3697 816 Ex

2047 843 2158 905 hac
2203 851 2400 905 autem
2445 841 2895 921 quaternatione
2950 840 3291 903 fructiﬁcari
3363 839 3563 921 Logon
3637 849 3697 905 et

2044 931 2224 1012 Zoen,
2255 931 2605 1011 Anthropon
2653 937 2710 992 et
2757 928 3106 992 Ecclesiam.
3133 931 3280 992 Esse
3310 939 3506 992 autem
3540 931 3695 996 hanc

2045 1019 2486 1082 octonationem
2545 1018 2905 1099 primam.Et
2933 1037 2968 1079 a
2995 1018 3154 1097 Logo
3203 1019 3446 1100 quidem
3480 1029 3538 1082 et
3577 1019 3694 1082 Zoe

2044 1109 2251 1172 decem
2285 1111 2530 1171 virtutes
2546 1107 2690 1169 dicit
2712 1107 2984 1188 emissas,
3013 1108 3167 1169 sicut
3189 1100 3694 1188 praediximus.Ab

2042 1199 2349 1278 Anthropo
2373 1205 2570 1258 autem
2601 1205 2657 1256 et
2685 1195 2954 1258 Ecclesia
2997 1215 3102 1274 χιι,
3155 1206 3213 1259 et
3266 1197 3482 1278 quibus
3515 1216 3693 1260 unam

2042 1285 2138 1347 55
2172 1285 2584 1350 discedentem
2614 1293 2673 1345 et
2699 1284 3065 1365 destitutam,
3106 1285 3402 1366 reliquam
3434 1285 3692 1365 disposi-

2045 1377 2266 1438 tionem
2323 1375 2562 1437 fecisse.
2616 1373 2930 1435 Terminos
2988 1382 3184 1436 autem
3220 1374 3367 1435 duos
3396 1373 3688 1436 adhibet:

2041 1482 2225 1526 unum
2258 1462 2499 1544 quidem
2523 1462 2679 1523 inter
2708 1463 2961 1541 Bythum
2985 1470 3044 1523 et
3066 1461 3340 1524 Pleroma
3374 1463 3691 1543 (6),deter-

2045 1553 2368 1614 minantem
2397 1553 2483 1633 (7)
2517 1559 2686 1612 natos
2703 1551 2931 1613 [Eones
2961 1550 3033 1612 ab
3059 1551 3277 1612 infecto
3308 1550 3506 1626 Patre;
3540 1551 3693 1613 alte-

2040 1658 2171 1703 rum
2188 1657 2333 1703 vero
2348 1647 2724 1722 separantem
2744 1639 2982 1700 illorum
3013 1649 3262 1702 matrem
3281 1658 3316 1700 a
3335 1640 3689 1703 Pleromate.

2042 1729 2112 1792 Et
2135 1729 2434 1793 Christum
2466 1739 2665 1792 autem
2697 1746 2817 1789 non
2849 1728 2925 1789 ab
2953 1729 3068 1803 his,
3095 1731 3195 1808 qui
3227 1738 3365 1789 sunt
3388 1729 3449 1788 in
3482 1728 3694 1792 Plero-

311 1821 364 1878 δὲ
391 1825 487 1879 οὒκ
543 1824 649 1879 ἀπὸ
689 1829 796 1878 τῶν
861 1823 917 1879 ἒν
965 1830 1042 1898 τῷ
1093 1822 1420 1902 Πληρώματι
1478 1823 1694 1879 Αἱώνιον
1760 1817 1950 1899 προϐε-

2046 1827 2223 1893 mate,
2245 1817 2536 1881 Eonibus
2557 1817 2865 1890 emissum,
2892 1815 2996 1878 sed
3034 1817 3439 1881 matremforis
3457 1818 3690 1890 factam,

310 1909 559 1990 ϐλῆσθαι³
615 1909 752 1967 ἀλλὰ
804 1912 908 1970 ὑπὸ
949 1917 1050 1980 τῆς
1101 1914 1301 1992 μητρὸς
1351 1911 1451 1977 ἔξω
1478 1909 1791 1989 γενομένης,
1825 1910 1961 1965 κατὰ

309 2002 405 2066 τὴν
457 2001 680 2078 γνώμην
740 2000 821 2077 (5)
877 2003 984 2056 τῶν
1031 2002 1345 2079 κρειττόνων
1373 1999 1768 2067 ἀποκεκυῆσθαι
1829 1999 1962 2072 μετὰ

310 2095 460 2153 σκιᾶς
496 2111 661 2152 τινος.
699 2090 798 2147 Καὶ
825 2096 1008 2146 τοῦτον
1069 2090 1186 2164 μὲν,
1231 2089 1324 2145 ἅτε
1380 2087 1567 2166 ἅῤῥενα
1624 2089 1956 2167 ὑπάρχοντα,

309 2177 657 2252 ἀποκοψαντα
700 2176 790 2257 ἀφ’
823 2179 1011 2234 ἑαυτοῦ
1040 2179 1138 2244 τὴν
1185 2178 1360 2257 σκιὰν,
1408 2175 1732 2255 ἀναδραμεῖν
1787 2177 1860 2238 εἰς
1900 2177 1961 2231 τὸ

308 2265 578 2343 Πλτῆρωμα
613 2282 628 2296 ⁹
680 2267 778 2334 τὴν
831 2264 885 2321 δὲ
942 2265 1149 2343 μητέρα
1206 2265 1614 2345 ὑπολειφθεῖσιν
1671 2267 1806 2340 μετὰ
1868 2270 1963 2331 τῆς

307 2360 479 2426 σκιᾶς,
542 2353 911 2428 κεκενωμένην
959 2375 1016 2410 τε
1069 2359 1168 2420 τῆς
1200 2359 1564 2427 πνευματικῆς
1596 2354 1955 2424 ὑποστάσεως,

306 2442 478 2520 ἕτερον
544 2445 654 2499 υἱὸν
714 2443 1126 2520 προενέγκασθαι
1167 2460 1183 2476 ⁸
1270 2444 1362 2498 καὶ
1417 2449 1600 2498 τοῦτον
1660 2442 1801 2498 εἶναι
1872 2443 1962 2498 τὸν

314 2533 665 2610 Δημιουργξιν,
721 2531 780 2586 ὃν
836 2533 922 2587 καὶ
989 2531 1386 2610 παντοκράτορα
1446 2529 1591 2609 λέγει
1660 2537 1765 2586 τῶν
1816 2532 1957 2586 ὑπο-

2044 1906 2376 1970 secundum
2410 1906 2762 1968 memoriam
2797 1904 3137 1993 meliorum,
3170 1906 3404 1969 enixam
3444 1923 3577 1968 esse
3607 1907 3689 1986 (8)

2044 2014 2179 2057 cum
2215 1996 2469 2077 quadam
2500 1993 2812 2056 umbra.Et
2843 1995 3003 2056 hunc
3034 1994 3299 2076 quidem,
3321 1996 3536 2078 quippe
3559 2014 3693 2057 cum

2045 2092 2202 2147 esset
2225 2083 2547 2155 masculus,
2580 2082 2910 2144 abscidisse
2963 2102 3000 2145 a
3045 2084 3366 2164 semetipso
3397 2085 3690 2158 umbram,

2045 2181 2103 2234 et
2133 2190 2470 2252 regressum
2504 2173 2566 2233 in
2596 2171 3250 2248 Pleroma(9).Matrem
3264 2181 3460 2234 autem
3483 2173 3693 2234 subre-

2046 2262 2244 2322 lictam
2277 2261 2391 2323 sub
2421 2259 2632 2322 umbra
2658 2259 2800 2335 (10),
2840 2268 3178 2321 evacuatam
3210 2270 3405 2322 autem
3438 2261 3691 2340 spiritali

2043 2349 2394 2430 substantia,
2429 2349 2680 2410 alterum
2715 2348 2906 2409 ﬁlium
2953 2349 3257 2411 emisisse:
3286 2357 3343 2410 et
3373 2349 3532 2411 hunc
3559 2367 3690 2412 esse

2047 2438 2630 2518 Demiurgum,quem
2647 2438 3188 2516 etomnipotentem
3201 2438 3614 2510 diciteorumtl
3634 2440 3688 2519 1)

2043 2546 2176 2609 qua:
2199 2527 2254 2588 ei
2279 2524 2989 2606 subjacent.Coemissum
3004 2535 3197 2588 autem
3219 2526 3272 2588 ei
3301 2535 3358 2587 et
3386 2527 3688 2588 sinistrum

1574 2633 1796 2692 BILLII
1839 2632 2441 2694 INTERPRETATIO.

315 2724 497 2774 tutum
528 2719 945 2782 aecomodavit,
985 2718 1057 2774 ad
1108 2720 1260 2776 hunc
1297 2717 1531 2776 modum
1562 2718 1748 2777 docet.
1782 2719 1984 2777 Statuit
2042 2721 2194 2776 enim
2225 2719 2516 2774 binarium
2552 2717 2856 2787 quemdam
2914 2731 3063 2786 esse,
3101 2719 3199 2788 qui
3231 2719 3394 2776 nullo
3456 2721 3692 2778 nomine

311 2792 556 2855 exprimi
591 2792 768 2860 possit
801 2809 814 2861 ς
847 2789 1012 2861 cujus
1042 2790 1221 2861 altera
1251 2804 1382 2860 pars
1411 2790 1690 2846 Arrhetus
1714 2799 1963 2861 vocetur,
1998 2791 2176 2848 altera
2205 2790 2356 2860 Sige.
2391 2789 2592 2861 Postea
2629 2802 2707 2861 ex
2731 2789 2839 2846 hoc
2870 2789 3095 2845 binario
3126 2790 3369 2847 alterum
3398 2790 3690 2848 binarium

316 2867 501 2914 ortum
533 2858 686 2926 esse,
728 2860 892 2931 cujus
919 2858 1142 2928 partem
1174 2858 1409 2917 alteram
1443 2861 1688 2924 Patrem,
1732 2860 1967 2918 alteram
1998 2858 2303 2918 Veritatem
2362 2858 2629 2930 appellat.
2670 2858 2751 2915 Ex
2782 2861 2890 2915 hoc
2929 2873 3103 2929 porro
3154 2861 3519 2930 quaternario
3558 2862 3692 2918 Ser-

319 2943 542 3002 monem
582 2942 638 2987 et
682 2931 879 2993 Vitam,
915 2931 1216 2987 Hominem
1249 2940 1305 2988 et
1333 2931 1643 2987 Ecclesiam
1676 2931 1856 2989 editos
1887 2947 2030 2989 esse.
2064 2936 2237 3002 Atque
2268 2931 2416 2987 hanc
2446 2944 2571 2986 esse
2602 2931 2842 2999 primam
2881 2931 3215 3002 ogdoadem.
3261 2932 3331 2987 Et
3358 2932 3588 3002 quidem
3620 2948 3689 2990 ex

317 2998 592 3074 Sermone
633 3011 686 3074 et
719 3002 830 3074 vita
875 3003 1073 3057 decem
1107 3003 1339 3059 virtutes
1374 3002 1738 3072 proﬂuxisse,
1770 2998 2256 3074 quemadmodum
2287 3002 2561 3074 superius
2589 2998 2884 3074 diximus:
2919 2998 2988 3056 ex
3023 3001 3266 3074 Homine
3292 2998 3483 3074 autem
3511 3010 3565 3059 et
3593 3003 3688 3058 Ec-

317 3073 480 3143 t-lt-sta
534 3073 834 3128 duodecim
867 3089 881 3128 :
914 3088 945 3128 e
983 3074 1191 3143 quibus
1223 3071 1414 3135 unam.
1455 3087 1585 3130 cum
1623 3074 1694 3129 ab
1733 3071 1975 3131 aliorum
2009 3085 2162 3130 coetu
2195 3088 2320 3143 sese
2349 3072 2706 3143 removisset,
2739 3071 3046 3143 reliquum
3077 3072 3368 3143 negotium
3409 3072 3683 3130 effecisse.

315 3140 502 3217 lloros
537 3143 774 3217 insuper
807 3143 950 3217 duos
991 3141 1172 3207 ﬁnxit,
1217 3157 1395 3217 unum
1427 3144 1575 3200 inter
1612 3143 1943 3217 Bythumret
1972 3145 2259 3217 reliquum
2289 3142 2552 3217 Plero_tna
2585 3140 2965 3217 interjectuin,
3009 3140 3341 3217 progenitos
3368 3145 3580 3217 {Bonas
3616 3146 3688 3202 ab

313 3226 421 3280 mg.
446 3215 568 3269 nito
602 3213 764 3270 Patre
795 3214 1237 3284 distingui-mem
1275 3230 1288 3270 :
1326 3215 1567 3270 alterum
1599 3213 1809 3280 autem,
1842 3214 2073 3272 illorum
2097 3213 2350 3272 'tnatrem
2383 3229 2413 3284 a
2445 3213 2766 3270 Pleromate
2802 3213 3186 3270 dirimentem.
3222 3215 3372 3282 Quin
3404 3216 3687 3273 Christum

314 3295 478 3338 etiam
520 3298 635 3340 non
674 3285 746 3341 ab
779 3285 850 3340 iis
882 3283 1186 3351 Ailo’nihus.
1225 3286 1321 3354 qui
1355 3285 1412 3340 in
1448 3286 1758 3342 l’leromate
1787 3286 1978 3343 sedem
2009 3287 2240 3349 habent,
2283 3283 2624 3354 productum
2655 3285 2853 3354 fuisse,
2886 3299 3082 3341 verum
3114 3300 3144 3340 a
3181 3293 3360 3342 matre
3392 3287 3552 3342 illinc
3584 3302 3685 3343 ex-

310 3362 492 3429 clusa,
548 3355 865 3429 Secundum
898 3358 1195 3429 meliorum
1233 3355 1706 3429 recordationem,
1743 3371 1864 3429 non
1898 3357 2021 3413 sine
2061 3356 2305 3429 quadam
2339 3356 2560 3419 umbra,
2599 3365 2982 3424 procreatum.
3014 3358 3197 3426 Atque
3225 3357 3384 3414 hunc
3425 3357 3681 3428 quidem,

310 3433 368 3480 ut
398 3427 496 3494 qui
539 3428 830 3482 masculus
858 3435 1024 3487 esset.
1061 3427 1248 3482 excisa
1281 3442 1310 3483 a
1337 3441 1399 3480 se
1448 3427 1652 3484 umbra
1692 3426 1760 3482 ad
1794 3427 2052 3484 Pleroma
2080 3426 2401 3485 recurrisse
2436 3441 2450 3483 :
2491 3434 2730 3482 matrem
2768 3435 2958 3483 autem
2989 3441 3102 3482 una
3141 3441 3272 3482 cum
3305 3426 3506 3484 umbra
3542 3429 3679 3484 reli-

305 3505 478 3570 ctam,
525 3511 591 3552 ac
632 3497 918 3566 spirituali
945 3497 1271 3570 substantia
1315 3497 1594 3561 orbatam,
1634 3497 1874 3570 alterum
1906 3497 2101 3570 tilium,
2143 3497 2461 3562 extulisse;
2494 3504 2663 3566 atque
2720 3499 3031 3570 hupcesse
3073 3496 3464 3570 Demiurgum,
3509 3514 3682 3569 quem

305 3567 473 3622 etiam
505 3582 732 3640 eorum,
766 3582 903 3640 quas
941 3568 1048 3638 ipsi
1079 3568 1334 3638 subjecta
1363 3578 1516 3634 sunt,
1555 3569 1892 3638 principem,
1925 3583 1992 3626 ac
2023 3569 2173 3626 velut
2201 3570 2604 3640 imperatorem
2637 3582 2761 3640 esse
2787 3567 2942 3624 dicit.
2977 3568 3115 3624 Cum
3163 3583 3232 3624 eo
3261 3567 3434 3638 porro
3469 3567 3686 3640 produ-

305 3650 337 3690 c
366 3651 461 3692 um
495 3638 666 3694 etiam
699 3637 877 3712 fuisse
913 3637 1210 3695 sinistrum
1264 3637 1580 3712 principem
1613 3640 1777 3696 tradit
1813 3663 1824 3696 :
1857 3643 1912 3696 in
1946 3655 2061 3712 quo
2089 3639 2360 3695 nimirum
2389 3637 2442 3712 ei
2475 3652 2604 3694 cum
2639 3637 2754 3712 illis
2783 3640 3071 3708 convenit,
3103 3640 3210 3712 qui
3253 3637 3503 3697 Gnostici
3535 3641 3682 3699 falso

307 3719 741 3779 nuncupantur,
772 3710 840 3765 de
872 3712 1082 3781 quibus
1111 3719 1300 3780 postea
1334 3708 1704 3768 disséremus.
1737 3713 1804 3766 At
1834 3708 2191 3768 vero'Jesum
2224 3708 2510 3766 interdum
2542 3710 2771 3779 quidem
2803 3723 2874 3764 ex
2913 3725 3004 3778 eo,
3036 3708 3136 3782 qui
3163 3711 3234 3766 ab
3265 3726 3464 3767 eorum
3498 3720 3682 3769 matre

309 3838 553 3913 quente,
576 3833 910 3913 eptaipvog
929 3835 1089 3894 unde
1117 3837 1436 3913 utrumque
1466 3853 1580 3893 uno
1629 3833 1810 3896 verbo
1836 3834 1941 3894 (le-

2107 3833 2190 3907 (5)
2226 3834 2472 3907 Γνώμην,
2510 3835 2738 3909 Μνήμην
2771 3832 2913 3911 legit
2942 3832 3150 3895 Billius
3191 3853 3325 3894 cum
3359 3835 3545 3896 veteri
3577 3836 3677 3896 in-

305 3910 612 3987 )‘t‘nivt't,ab
640 3911 880 3994 antiquo
900 3910 1584 3994 interpreteexpressum
1614 3913 1942 3994 est.Billi_us
2025 3914 2783 3994 ιεῐρτειεμιοιιγνώμηνμι
2813 3910 2887 3972 sit
2918 3930 3286 3994 sensus,eam
3312 3914 3370 3974 in
3401 3917 3684 3977 recorda-

308 4009 444 4074 vero
503 3998 665 4074 putat
721 3993 881 4052 hunc
935 3992 1172 4070 legisse,
1233 3992 1356 4072 ἔφη.
1391 3992 1700 4056 Existimat
1750 3992 1946 4074 potius
2026 3992 2186 4074 tione
2212 3992 2365 4074 beati
2395 3992 2559 4074 illius
2591 4001 2806 4074 status,
2840 4011 2958 4073 quo
2988 4011 3115 4074 non
3142 3993 3272 4054 sine
3302 4012 3514 4072 magno
3566 3995 3680 4056 do-

303 4069 680 4152 l‘earsonius,
711 4083 968 4133 veterem
995 4069 1402 4152 interpretem,
1438 4091 1590 4147 eam,
1620 4069 1793 4152 quam
1819 4074 1946 4151 ipse
2030 4073 2156 4133 lore
2185 4072 2444 4146 carebat,
2482 4072 2777 4150 ejusmodi
2809 4069 2991 4133 fetum
3027 4069 3675 4152 edidisseAt'yvoSpnv,

305 4151 466 4228 legit,
501 4168 708 4234 vocem
743 4152 988 4234 minime
1012 4151 1398 4234 intellexisse,
1427 4151 1682 4234 ideoque
1707 4153 1948 4214 omisis-
2033 4153 2623 4234 notitiam,eumdem
2658 4152 2829 4212 habet
2865 4170 3104 4213 sensum
3134 4174 3146 4216 :
3173 4171 3353 4234 quare
3385 4151 3531 4214 nihil
3554 4173 3682 4216 mu-

301 4250 388 4308 re,
422 4231 575 4308 quod
609 4233 664 4290 id
699 4231 858 4291 salvo
889 4249 1066 4292 sensu
1098 4232 1418 4309 ﬁeriposse
1451 4231 1691 4310 putavit.
1733 4235 1945 4294 Vetus-
2035 4232 2281 4296 tandum
2314 4248 2554 4292 censeo.

305 4309 593 4370 lissitnam
626 4311 803 4388 igitur
833 4310 1175 4382 lectionem,
1208 4310 1373 4371 addit
1402 4309 1489 4372 vir
1534 4312 1940 4383 doctissimus,

301 4390 491 4470 sentio
510 4390 1195 4470 fuisseﬁinpovpdpnsevﬁt
1212 4391 1458 4453 fortasse
1479 4390 1552 4452 ab
1575 4391 1702 4470 ipso
1718 4391 1943 4453 Irenaeo

305 4469 624 4551 profectam
651 4490 663 4527 :
691 4488 823 4551 nam
848 4469 1158 4551 ξήροιθορεϊν
1182 4469 1357 4551 idem
1374 4469 1706 4551 significare
1724 4479 1939 4551 potest,

298 4548 452 4625 quot!
485 4548 724 4628 aliquid
748 4548 1254 4626 enarrai'eﬁngat;
1287 4548 1509 4622 λέξεσιν,
1548 4559 1610 4610 ut
1641 4548 1829 4613 Graeci
1856 4550 1944 4611 lo-

302 4627 595 4705 quuntur.’
639 4627 912 4700 Grabius,
965 4637 1067 4691 aut
1120 4630 1502 4708 ἐξηροφόρησεν
1533 4631 1936 4703 retinendum,

299 4715 396 4790 aut
423 4708 470 4790 si
503 4709 612 4790 hoc
644 4709 819 4790 nimis
840 4708 1052 4770 durum
1077 4707 1368 4790 videatur,
1393 4710 1779 4790 ἐληροφόρησεν
1801 4729 1934 4790 cum

304 4787 512 4869 \:ossio
538 4787 848 4869 legendum
883 4798 1065 4869 putat;
1100 4808 1220 4869 non
1239 4787 1428 4869 solum
1445 4787 1598 4869 quod
1623 4787 1940 4852 hteclevis-

297 4864 442 4950 sima
471 4871 544 4926 sit
579 4864 953 4950 mutatio,sed
985 4878 1037 4929 et
1072 4868 1226 4950 quod
1247 4867 1361 4950 sub
1381 4864 1558 4930 linem
1577 4870 1750 4950 hujus
1766 4870 1894 4950 capi
1914 4905 1934 4918 ο

296 4944 371 5004 tis
404 4956 686 5027 sequatur
713 4949 1060 5028 exclamatio
1084 4944 1106 5010 ἶ
1123 4947 1450 5028 ὧὶηρολόγοι
1469 4944 1740 5028 sopierat!
1777 4968 1810 5010 0
1825 4944 1933 5028 iic-

289 5042 476 5108 pones
525 5029 844 5108 sophisttr!
873 5027 938 5108 Si,
977 5028 1117 5108 quid
1145 5027 1626 5108 doctissimorum
1672 5027 1932 5090 virorum

296 5105 1341 5187 conjecturisadﬁdcreliceret,legere
1373 5117 1461 5168 sat
1490 5125 1774 5180 amarem,
1809 5109 1933 5165 ἐκε-

296 5186 751 5268 νοφιρντισενς-νθξ
795 5187 1235 5268 ἒλτιροφιέ›νησεν;
1271 5187 1361 5247 Ιιῖο
1409 5187 1700 5267 siquidem
1762 5207 1936 5250 voces

297 5263 466 5343 paulo
499 5266 684 5342 magis
713 5263 934 5329 Graecae
965 5263 1108 5328 mihi
1138 5266 1428 5328 videntur.

377 5355 389 5410 (
401 5343 678 5428 1)-Δυ-εἱδα,
713 5348 838 5403 Ttvz'
869 5365 935 5428 ex
958 5346 1142 5408 veteri
1161 5346 1487 5428 interprete
1512 5345 1648 5407 addi
1669 5346 1790 5408 vult
1815 5346 1936 5409 Bil-

293 5420 425 5504 lius.
453 5425 570 5504 S_ed
597 5443 799 5504 parum
836 5427 1040 5488 refert.

374 5503 455 5586 (2)
635 5506 757 5586 μζαν
783 5506 1064 5585 Sophiam
1098 5504 1348 5586 scilicet,
1372 5523 1504 5586 quae
1523 5504 1934 5585 intempestiva

290 5582 628 5664 curiositate
660 5582 1051 5664 ducta,'pene
1083 5585 1277 5661 periit.

363 5665 450 5740 (3)
475 5666 582 5746 Τῂν
614 5662 808 5730 λοιπὴν
840 5662 1222 5743 πραγματείαν,
1282 5662 1424 5724 Eam
1456 5664 1764 5738 nimirum,
1798 5683 1929 5746 qum

287 5749 446 5802 extra
474 5743 742 5803 Plerotna
772 5751 882 5805 est.
1799 5768 1809 5778 ι

365 5822 446 5901 (4)
482 5828 653 5896 Αὖτῷ.
689 5821 841 5902 Lege
860 5828 1028 5883 αὐτῶν
1056 5841 1188 5884 cum
1222 5831 1338 5886 vet.
1372 5824 1711 5904 interprete.

2108 4313 2188 4390 (6)
2219 4311 2299 4374 Et
2334 4311 2640 4374 Plcroma.
2674 4311 2842 4374 Adde
2877 4330 2945 4373 ex
2975 4310 3080 4373 Gr.
3113 4319 3172 4374 et
3203 4311 3505 4393 reliquum
3534 4313 3676 4377 Ple-

2023 4410 2222 4454 νοηια.

2109 4473 2185 4552 (7)
2219 4471 2908 4551 Determinantem.Legi
2939 4472 3198 4548 mallem,
3225 4471 3674 4536 disterminan-

2025 4557 2160 4623 tem,
2189 4569 2363 4631 quam
2389 4554 2921 4616 determinantem.

2107 4631 2195 4711 (8)
2225 4631 2342 4694 Sed
2369 4644 2622 4694 matrem
2677 4634 2833 4710 foris
2883 4632 3191 4711 factum...
3243 4635 3494 4695 enixam
3527 4650 3669 4694 esse.

2025 4709 2268 4792 (supple
2290 4712 2589 4792 eum.)Sic
2619 4709 2986 4773 restituimus
3010 4713 3220 4792 partim
3237 4731 3305 4773 ex
3325 4711 3432 4774 cod
3447 4711 3637 4774 .Voss.
3655 4761 3670 4788 ,

2020 4791 2232 4870 partim
2281 4808 2349 4851 ex
2381 4793 2535 4855 aliis.
2571 4791 2676 4853 Ille
2711 4792 2906 4867 habet,
2943 4791 3208 4854 matrem
3265 4800 3465 4853 autem
3511 4792 3674 4868 foris

2016 4872 2244 4952 factum
2283 4913 2324 4930 ..
2357 4875 2607 4934 enixam
2650 4890 2768 4933 esse
2802 4872 3002 4952 (quam
3034 4870 3350 4952 lectionem
3380 4879 3674 4952 eorruptze

2019 4949 2315 5031 editorum
2362 4951 2599 5013 lectioni
2653 4949 3359 5031 longe'prazponendatn,
3383 4949 3666 5012 Grabium

2017 5029 2172 5090 haud
2204 5039 2472 5092 secutum
2500 5033 2680 5095 fuisse
2709 5029 3025 5108 miramur)
3058 5048 3070 5092 :
3110 5030 3502 5109 expuugimus
3531 5048 3668 5090 vero

2018 5109 2368 5192 particulam
2404 5121 2626 5186 autem,
2662 5121 2864 5192 utpote
2893 5111 3280 5192 superﬂuam,
3305 5128 3415 5170 nec
3445 5109 3506 5192 in
3537 5128 3664 5170 om-

2017 5189 2193 5280 nibus
2213 5190 2386 5252 codd.
2417 5188 2766 5280 exstantem,
2797 5188 3024 5252 retenta
3047 5188 3332 5280 particUla
3360 5188 3666 5268 sed,quam

2017 5269 2236 5329 habent
2265 5289 2473 5331 omnes
2506 5272 2673 5334 editt.
2709 5290 2840 5332 cum
2873 5269 3094 5331 nostris
3128 5287 3269 5329 mss.

1955 5398 1998 5447 Β
2028 5444 2040 5447 Α
2065 5446 2072 5447 7
2095 5349 2177 5447 (‘9')
2209 5349 2283 5447 [fit
2317 5351 2636 5447 Pteroma‘.’
2677 5351 2762 5413 Ita
2793 5369 2926 5411 cum
2976 5349 3192 5447 Qreliio
3220 5348 3568 5447 reponimus
3597 5366 3665 5438 ex

2017 5428 2192 5567 cpdd.
2218 5429 2478 5567 glﬁrom.
2507 5442 2563 5493 et
2588 5433 2758 5492 Voss.
2795 5448 2901 5510 pro
2932 5430 3010 5491 ad
3043 5428 3344 5502 Pleroma,
3380 5436 3443 5488 ut
3475 5437 3562 5491 est
3603 5428 3663 5490 in

2017 5525 2152 5567 ans
2181 5527 2214 5567 e
2262 5529 2277 5567 ι
2341 5557 2353 5567 .

2016 5508 2386 5743 Μιξῗὸῗὲξῶ
2418 5588 2630 5651 umbra
2678 5588 2760 5649 Ex
2789 5587 2953 5651 Graec
2985 5588 3140 5666 lege,
3175 5606 3309 5651 cum
3339 5591 3576 5652 umbra.

2093 5670 2184 5742 (ll
2273 5667 2743 5743 Omnipotentem
2775 5686 3008 5730 eorum.
3042 5669 3251 5730 Melius
3283 5669 3576 5730 vertisset:

2093 5670 2142 5742 (l
2168 5667 2223 5743 l)
2273 5667 2743 5750 Omnipotentem
2775 5686 3008 5730 eorum.
3042 5669 3251 5730 Melius
3283 5669 3554 5730 vertisset
3575 5669 3662 5729 in-

2009 5750 2728 5828 terpres,omnipotentcm
2763 5751 2831 5810 in
2870 5766 2960 5824 ea,
2975 5750 3057 5810 vel
3088 5751 3660 5830 supremumDomi-

2007 5845 2151 5888 num
2185 5845 2419 5890 eorum.
