4096 6414
190 464 197 471 _
301 382 453 446 1265
1052 458 1053 461 η
1528 382 1998 444 FRAGMENTA
2044 384 2443 449 GNOSTICA.

1052 458 1053 461 η
1528 396 1998 444 FHAGMENTA
2044 396 2443 449 UNUSTIUA.
3519 396 3675 462 1266

478 518 949 595 Fragmentum
981 515 1133 578 libri
1175 531 1354 578 xxm.
1387 549 1465 561 —
1493 514 1595 576 Ea:
1624 512 1972 578 Clementia
1997 510 2435 579 Alexandrini
2464 519 2837 584 Stromatum
2873 521 2978 584 lib.
3015 538 3103 605 1v,
3131 541 3290 604 pag.
3326 523 3464 588 506.

369 649 679 718 Βασιλείδης
722 649 777 706 δὲ
825 651 879 707 ἐν
934 657 1011 725 τῷ
1069 652 1292 725 εἰκοστῷ
1349 651 1508 730 τρίτῳ
1547 657 1654 707 τῶν
1706 647 1942 725 Ἐξηγη-

2046 732 2059 736 _
2106 648 2396 736 Basilides
2417 660 2611 714 autem
2631 655 2689 715 in
2707 653 2990 717 vicesimo
3014 655 3189 718 tertio
3210 658 3680 736 Eaegetiwrum

289 740 471 820 τικῶν,
531 741 646 818 περὶ
716 744 822 796 τῶν
877 741 1013 795 κατὰ
1063 740 1124 795 τὸ
1183 739 1464 818 μαρτύριον
1542 737 1938 813 καλαζομένων,

2027 732 2103 822 de
2129 735 2204 796 iis
2233 739 2335 817 qui
2366 741 2644 821 martyrio
2678 743 3022 822 puniuntur,
3057 744 3150 807 his
3194 732 3391 808 verbis
3419 747 3545 809 hac
3577 747 3673 809 di-

289 833 478 892 αὗταῖς
509 826 677 894 λέξεσι
721 826 844 884 τάδε
884 827 1004 908 ἔχει
1038 844 1052 857 ⁸
1108 850 1136 882 α
1181 830 1330 903 Φημὶ
1356 829 1455 906 γὰρ
1483 829 1567 902 τὸ,
1600 828 1787 883 ὁπόσοι
1816 827 1942 882 ὓπο-

2027 821 2108 913 cit
2129 842 2143 886 :
2177 849 2202 879 α
2223 824 2364 890 Dico
2396 821 2926 913 enim,quicunque
2945 833 3218 894 incidunt
3238 834 3298 895 in
3319 833 3518 896 dictas
3534 834 3680 896 afﬂi-

288 919 533 975 πίπτουσι
578 929 703 981 ταῖς
764 915 1077 995 λεγομέναις
1142 915 1402 992 θλίψεσιν,
1456 914 1576 983 ἤτοι
1617 914 1939 995 ἡμαρτηκό-

2026 909 2273 1002 ctiones,
2306 915 2509 996 utique
2546 909 2677 979 cum
2736 909 3149 1000 imprudentes
3178 921 3239 982 in
3287 921 3402 984 alia
3433 930 3678 1002 peccata

288 1028 373 1069 τες
429 1009 486 1062 ἒν
540 1003 724 1069 ἄλλοις
795 1003 1137 1068 λανθάνοντες
1210 1005 1556 1083 πταίσμασιν,
1646 1005 1718 1069 εἷς
1787 1005 1941 1059 τοῦτο

2026 997 2176 1079 lapsi
2203 1000 2448 1081 fuerint,
2483 1007 2555 1066 ad
2591 1008 2702 1068 hoc
2725 997 2945 1069 bonum
2969 1008 3371 1085 deducuntur,
3404 997 3677 1089 benigni-

286 1093 503 1172 ἴὶγονται
543 1095 606 1150 τὸ
635 1094 829 1171 ἀγαθὸν
860 1094 1195 1173 χρηστότητι
1226 1101 1319 1150 τοῠ
1348 1093 1715 1172 περιάγοντος·
1750 1090 1886 1148 ἄλλα
1916 1088 1937 1130 ί

2026 1093 2142 1149 tate
2172 1093 2300 1166 ejus
2321 1093 2419 1171 qui
2441 1093 2702 1156 adducit.
2729 1096 2845 1159 Sed
2871 1097 3114 1159 omnino
3137 1098 3311 1159 aliam
3334 1097 3409 1160 ob
3434 1088 3674 1160 causam

285 1183 339 1249 ἒξ
383 1181 562 1240 ἄλλων
593 1181 762 1246 ὅντως
806 1181 1207 1260 ἐγκαλούμενοι,
1260 1181 1354 1238 ἵνα
1398 1182 1474 1257 μὴ
1529 1183 1603 1244 ὡς
1659 1178 1937 1238 κατάδικοι

2026 1174 2080 1234 in
2109 1178 2207 1254 jus
2258 1189 2560 1262 vocantur,
2588 1203 2662 1245 ne
2705 1184 3001 1263 patiantur
3042 1193 3105 1247 ut
3127 1185 3353 1265 judicio
3407 1186 3675 1264 damnati

286 1271 371 1329 ἐπὶ
426 1285 619 1337 κακοῖς
692 1270 1139 1349 ὁμολογουμένοις
1196 1271 1399 1328 πάθωσι
1434 1287 1450 1303 ⁸
1492 1269 1627 1345 μηδὲ
1669 1267 1937 1348 λοιδορού-

2026 1275 2269 1356 propter
2320 1288 2388 1330 ea
2418 1289 2547 1351 quae
2579 1274 2732 1335 mala
2785 1291 2917 1336 esse
2947 1284 3170 1335 certum
3204 1282 3296 1337 est
3330 1295 3346 1356 ;
3382 1293 3576 1356 neque
3611 1283 3677 1337 ut

286 1382 434 1435 μενοι
491 1362 565 1424 ὡς
613 1360 643 1415 ὃ
689 1361 886 1439 μοιχὸς
930 1359 966 1428 ἢ
1008 1363 1037 1415 'o
1070 1359 1279 1438 φονεὺς,
1327 1356 1445 1415 ἀλλ’
1503 1358 1584 1414 ὅτι
1640 1360 1938 1437 Χριστιανοὶ

2026 1353 2176 1442 male
2206 1357 2512 1420 audientes
2545 1360 2791 1439 perinde
2821 1370 2994 1442 atque
3018 1361 3271 1438 adulter,
3312 1353 3396 1425 vel
3429 1353 3676 1424 homici-

283 1454 572 1530 πεφυκότες
608 1464 622 1479 ⁸
660 1446 790 1528 ὅπερ
819 1448 1004 1510 αὐτοὺς
1036 1448 1424 1526 παρῆγορήσει,
1457 1444 1485 1487 9
1541 1444 1676 1522 μηδὲ
1705 1446 1938 1526 πάσχειν

2026 1440 2118 1511 da,
2149 1445 2253 1505 sed
2284 1446 2440 1526 quod
2472 1447 2588 1508 sint
2610 1457 2817 1510 natura
2840 1440 3158 1512 Christiani
3186 1471 3200 1510 :
3236 1452 3392 1528 quod
3428 1451 3666 1531 quidem

283 1535 485 1597 δοκεῖν.
554 1534 663 1594 Κᾶν
707 1537 784 1612 μὴ
824 1536 1149 1613 ἡμαρτηκὼς
1208 1532 1255 1589 δ’
1313 1533 1452 1597 ὅλως
1485 1557 1564 1597 τις
1610 1533 1699 1590 ἐπὶ
1741 1536 1803 1590 τὸ
1834 1555 1939 1590 πα-

2026 1546 2125 1590 eos
2153 1531 2236 1593 ita
2264 1535 2582 1616 recreabit,
2620 1546 2677 1599 ut
2710 1555 2787 1599 ue
2816 1538 3129 1599 videantur
3156 1538 3400 1617 quidem
3433 1538 3572 1616 pati.
3607 1539 3673 1599 Si

276 1628 403 1681 θεῖν
463 1623 708 1702 γένηται,
783 1625 1002 1681 σπάνιον
1087 1622 1205 1701 μὲν,
1268 1620 1387 1679 ἀλλ’
1447 1620 1562 1678 οὐδὲ
1618 1621 1768 1685 οὗτος
1825 1620 1942 1678 κατ’

2027 1636 2164 1681 vero
2192 1622 2251 1682 in
2282 1622 2561 1703 aliquem,
2595 1626 2693 1705 qui
2725 1627 2963 1688 omnino
2997 1645 3116 1688 non
3145 1627 3497 1707 peccaverit,
3532 1644 3675 1707 per-

283 1710 576 1780 ἒπιὸουλὴν
632 1711 907 1788 δυνάμεως
973 1734 1022 1768 τι
1066 1712 1329 1792 πείσεται,
1385 1710 1522 1767 ἀλλὰ
1563 1712 1822 1789 πείσεται,
1870 1710 1942 1773 ὡς

2030 1709 2334 1787 pessiones
2356 1711 2720 1785 incumbant,
2751 1716 2904 1795 quod
2938 1715 3179 1795 quidem
3211 1724 3300 1777 est
3318 1733 3561 1791 rarum;
3598 1723 3674 1776 ta-

283 1800 492 1881 ἔπασχε
519 1804 617 1856 καί
660 1802 722 1857 τὸ
751 1802 943 1871 νήπιον
990 1801 1052 1856 τὸ
1094 1798 1278 1858 δοκοῦν
1306 1803 1424 1883 Δοὐχ
1480 1799 1872 1876 ἡμαρτηκέναι.
1912 1820 1937 1856 ι

2029 1814 2164 1858 men
2197 1816 2273 1861 ne
2320 1800 2371 1861 is
2399 1801 2639 1881 quidem
2696 1802 2918 1883 aliquid
2951 1803 3229 1883 patietur,
3289 1822 3359 1865 ex
3390 1803 3611 1883 paratis
3640 1821 3676 1865 a

286 1878 691 1965 Εἵθήὑποϐὰς,
727 1888 888 1945 πάλιν
918 1887 1152 1968 ἐπιφέρει
1186 1907 1202 1923 ⁸
1240 1910 1269 1943 κ
1305 1878 1395 1952 ἐξ
1416 1878 1515 1944 οὗν
1562 1890 1623 1944 τὸ
1665 1889 1855 1958 νήπιον
1883 1885 1942 1942 οὐ

2029 1887 2370 1965 magistratu
2394 1878 2650 1964 insidiis,
2675 1890 2780 1952 sed
2795 1878 3059 1972 patietur
3079 1901 3142 1954 ut
3160 1910 3365 1973 passus
3382 1878 3477 1954 est
3501 1910 3669 1972 puer,

282 1945 729 2057 προημαρτηκθς,
788 1977 824 2046 ἢ
867 1945 1091 2056 ἐνεργίῦς
1150 1977 1249 2053 μὲν
1279 1945 1731 2057 οὒχνὴμαρτηκὸςι
1764 1974 1933 2049 οὐδὲν,

2026 1976 2121 2054 qui
2139 1976 2447 2039 videbatur
2462 1979 2611 2041 nihil
2631 1945 2933 2059 peccasse.
2947 1945 3211 2044 nDeindre
3234 1980 3406 2062 paulo
3429 1945 3680 2043 inferius

281 2069 344 2123 ἓν
394 2067 563 2140 ἑαυτῷ
608 2064 714 2144 [τῷ
740 2064 786 2143 ³]
845 2063 900 2120 δὲ
942 2067 1003 2122 τὸ
1060 2065 1358 2143 ἄμαρτῆσαι
1402 2065 1558 2145 ἔχον,
1618 2065 1747 2123 ἐπὰν
1802 2066 1941 2120 ὑπο-

2026 2063 2364 2144 subjungit:
2404 2090 2430 2123 σ
2466 2068 2626 2130 Sicut
2660 2086 2796 2147 ergo
2820 2086 2967 2148 puer
2995 2068 3094 2149 qui
3112 2076 3286 2131 antea
3314 2087 3434 2129 non
3466 2085 3674 2149 pecca-

284 2152 462 2230 ϐληθῇ
502 2158 581 2227 τῷ
620 2157 835 2228 παθεῖν,
897 2155 1252 2234 εὗεργετεῖταί
1305 2175 1388 2232 τε,
1445 2152 1620 2210 πολλὰ
1669 2151 1942 2233 κερδαῖνον

2026 2151 2237 2226 vit,aut
2265 2163 2398 2237 actu
2425 2154 2661 2236 quidem
2694 2155 2846 2217 nihil
2878 2155 3278 2237 peccavit.sed
3309 2154 3486 2237 habet
3515 2157 3591 2237 iu
3609 2174 3677 2219 se

282 2240 515 2298 δύσκολα
548 2260 564 2275 ⁸
613 2243 804 2298 οὕτωσὶ
855 2241 943 2317 δὴ,
990 2241 1088 2297 κᾶν
1142 2241 1345 2304 τέλειος
1390 2238 1557 2316 μηδὲν
1613 2240 1941 2319 ἡμαρτηκὼς

2027 2234 2311 2313 peccandi
2344 2234 2716 2313 potestatem,
2750 2234 2972 2297 cum'in
3002 2234 3415 2317 perpessiones
3436 2235 3676 2298 incide-

282 2331 426 2409 ἔργῳ
453 2329 622 2409 τύχη,
655 2331 847 2410 πάσχῃ
869 2328 925 2386 δὲ
981 2332 1070 2387 καὶ
1097 2330 1263 2406 πάθη,
1296 2329 1456 2389 ταύτὸ
1486 2327 1672 2386 ἔπαθεν
1702 2329 1943 2408 ἐμφερῶς

280 2425 363 2492 τῷ
391 2419 566 2492 νηπίῳ
594 2436 608 2452 ⁸
643 2416 789 2497 ἔχων
818 2418 914 2494 μὲν
943 2418 998 2474 ἐν
1030 2419 1200 2493 ἑαυτῷ
1241 2420 1302 2474 τὸ
1328 2416 1715 2496 ἁμαρτητικὸν,
1773 2417 1945 2496 ἀφορ-

283 2508 394 2584 μὴν
436 2505 492 2562 δὲ
548 2506 677 2586 πρὸς
733 2508 794 2562 τὸ
848 2506 1220 2585 ἡμαρτηκέναι
1276 2507 1353 2581 μὴ
1401 2503 1600 2581 λαϐὼν,
1629 2505 1732 2584 οὐχ
1756 2505 1937 2583 ἡμάρ-

279 2616 443 2652 τανεν
478 2610 495 2627 ⁸
557 2593 689 2652 ὥστ’
721 2595 825 2676 οὐχ
876 2595 1018 2670 αύτῷ
1059 2596 1121 2652 τὸ
1164 2596 1240 2671 μὴ
1297 2594 1599 2673 ἆμαρτῆσαι
1642 2591 1935 2671 λογιστέον,

288 2675 385 2748 Ὠς
436 2683 536 2761 γὰρ
594 2685 622 2740 ὁ
694 2690 952 2764 μιχεῦσαι
1023 2681 1187 2740 θέλων
1249 2682 1446 2762 μοιχός
1513 2685 1650 2755 ἔστι,
1710 2679 1808 2737 κᾶν
1848 2687 1941 2737 τοῦ

282 2778 575 2851 μοιχεῦσαι
634 2772 710 2847 μὴ
760 2772 1018 2853 ἒπιτύχῃ,
1083 2773 1172 2828 καὶ
1226 2773 1254 2828 ὁ
1300 2772 1522 2837 ποιῆσαι
1578 2771 1734 2849 φόνον
1775 2768 1941 2826 θέλων

280 2858 601 2940 ἁνδροφόνος
631 2859 763 2935 ἐστὶ,
792 2859 889 2917 κᾶν
915 2862 992 2938 μὴ
1036 2859 1255 2928 δύνηται
1287 2866 1530 2941 φονεῦσαι
1565 2876 1580 2892 ⁸
1641 2858 1830 2915 οὖτωσὶ
1886 2856 1940 2913 δὲ

279 2949 375 3006 καὶ
426 2950 516 3004 τὸν
546 2948 916 3028 ἀναμάρτητον
946 2951 1005 3006 ὃν
1046 2948 1214 3029 λέγω,
1243 2948 1332 3005 ἐὰν
1365 2946 1466 3004 ἴδω
1494 2948 1796 3027 πάσχοντα,
1844 2944 1941 3006 κᾶν

286 3034 460 3113 μηδὲν
489 3036 526 3113 ᾗ
566 3039 731 3094 κακὸν
774 3038 1095 3118 πεπραχὼς,
1127 3039 1292 3095 κακὸν
1320 3036 1422 3117 ἐρῶ
1448 3042 1525 3110 τῷ
1551 3035 1720 3093 θέλειν
1762 3035 1941 3114 ἆμαρ-

280 3125 489 3187 τάνειν,
534 3123 696 3183 Πάντ’
727 3125 830 3205 ἐρῶ
870 3127 970 3205 γὰρ
1041 3124 1267 3202 μᾶλλον,
1329 3126 1365 3194 ἢ
1413 3127 1576 3182 κακὸν
1604 3126 1665 3182 τὸ
1693 3135 1942 3203 προνοεῖν

2024 2321 2123 2394 rit,
2158 2322 2411 2383 afﬁcitur
2435 2322 2821 2395 beneﬁcio,ut
2840 2322 2940 2404 qui
2963 2323 3150 2386 multa
3167 2324 3430 2385 lucretur
3450 2324 3667 2387 ardua:

2026 2409 2106 2470 ita
2137 2413 2335 2491 etiam,
2369 2411 2420 2473 si
2444 2412 2742 2492 perfectus
2771 2429 3007 2493 quoque
3032 2411 3133 2493 qui
3162 2418 3293 2473 actu
3342 2411 3491 2472 nihil
3521 2411 3673 2474 forte

2025 2498 2378 2577 peccaverit,
2402 2502 2690 2579 patiatur
2719 2507 2777 2563 et
2797 2517 3004 2580 passus
3023 2500 3224 2575 fuerit,
3247 2517 3452 2580 passus
3475 2508 3565 2560 est
3584 2499 3672 2560 si-

2024 2585 2246 2648 militer
2275 2594 2451 2668 atque
2473 2607 2639 2668 puer;
2673 2587 2734 2649 in
2766 2606 2830 2651 se
2860 2588 3103 2669 quidem
3134 2588 3362 2650 habens
3388 2587 3678 2669 peccandi

2026 2683 2398 2755 potestatem,
2416 2685 2474 2740 et
2493 2684 2689 2739 tamen
2704 2696 2822 2738 non
2837 2684 3082 2758 accepta
3099 2676 3408 2739 occasione
3428 2694 3676 2758 peccau-

2024 2765 2105 2839 di,
2142 2783 2258 2826 non
2295 2766 2589 2846 peccavit:
2623 2766 2772 2827 adeo
2807 2774 2875 2827 ut
2903 2765 3015 2846 ipsi
3060 2772 3370 2846 acceptum
3400 2765 3673 2828 referen—

2025 2854 2165 2915 dum
2198 2873 2312 2915 non
2346 2854 2441 2931 sit,
2463 2853 2621 2935 quod
2647 2874 2764 2916 non
2784 2854 3136 2937 peccaverit.
3161 2852 3668 2927 Quemadmodum

2025 2944 2182 3004 enim
2235 2943 2336 3024 qui
2366 2944 2486 3005 vult
2533 2943 2890 3006 adulterium
2919 2943 3253 3025 admittere,
3299 2951 3389 3004 est
3415 2942 3677 3029 adulter,

2026 3032 2255 3095 etiamsi
2283 3051 2396 3093 non
2422 3040 2820 3113 consequatur
2833 3033 3077 3096 effectus
3099 3052 3115 3109 ;
3144 3038 3202 3094 et
3224 3037 3397 3093 850
3426 3032 3530 3113 qui
3550 3031 3674 3093 vult

2025 3121 2247 3183 caedem
2281 3122 2499 3197 facere,
2532 3120 2853 3202 homicida,
2880 3119 3111 3182 etiamsi
3145 3138 3263 3181 non
3293 3119 3478 3199 possit
3505 3120 3671 3183 occi-

283 3213 416 3292 ἐρῶ.
450 3232 480 3272 )
541 3214 658 3270 Εἶθ’
714 3212 937 3293 ὑποϐὰς,
994 3217 1082 3271 καὶ
1129 3216 1248 3294 περὶ
1288 3215 1382 3271 τοῦ
1435 3213 1619 3292 Κυρίου
1674 3210 1935 3292 ἄντικρυς,

2026 3211 2208 3271 dere:
2244 3209 2323 3271 ita
2346 3209 2522 3272 etiam
2584 3228 2718 3271 eum
2751 3227 2925 3289 quem
2957 3208 3092 3270 dico
3124 3227 3244 3269 non
3291 3226 3587 3288 peccasse,
3624 3217 3681 3278 si

282 3305 365 3365 ὡς
420 3302 536 3377 περὶ
594 3302 868 3380 ἀνθρώπου
898 3302 1042 3382 λέγει
1079 3319 1094 3334 ⁸
1136 3326 1165 3360 α
1211 3301 1338 3360 Ἐὰν
1388 3303 1590 3378 μέντοι,
1623 3300 1938 3380 παραλιπὼν

282 3389 506 3453 τούτους
537 3387 772 3456 ἅπαντας
813 3391 936 3453 τοὺς
978 3390 1194 3471 λόγους,
1238 3388 1396 3457 ἔλθης
1444 3391 1531 3446 επὶ
1570 3391 1631 3446 τὸ
1679 3388 1943 3471 θυσωπεῖν

284 3499 385 3555 με,
417 3477 502 3533 διὰ
556 3477 857 3556 προσώπων
896 3468 1079 3556 τινῶν,
1140 3468 1189 3536 εἷ
1213 3479 1392 3559 τύχοι,
1437 3477 1609 3556 λέγων
1641 3494 1656 3511 ⁸
1695 3468 1753 3535 Ὀ
1797 3475 1946 3534 δεῖνα

283 3570 380 3623 οὖν
422 3563 681 3642 ἥμαρτεν,
740 3567 900 3624 ἔπαθε
942 3569 1042 3647 γὰρ
1095 3570 1123 3624 ὁ
1151 3565 1303 3624 δεῖνα
1337 3586 1355 3604 ο
1387 3566 1475 3627 ἐὰν
1506 3566 1600 3642 μὲν
1631 3564 1941 3644 ἐπιτρέπῃς,

283 3656 397 3732 ἐρῶ
430 3672 448 3691 ⁸
494 3657 609 3735 Οὐχ
650 3653 854 3735 ἥμαρτε
896 3655 1016 3736 μὲν,
1046 3655 1230 3732 ὅμοιος
1259 3653 1313 3711 δὲ
1349 3659 1416 3724 ἦν
1445 3656 1521 3730 τῷ
1547 3654 1812 3733 πάσχοντι
1843 3675 1946 3719 νη-

282 3743 423 3818 πίῳ.
495 3744 553 3800 Εἰ
622 3743 803 3818 μέντοι
875 3743 1216 3825 σφοδρότερον
1274 3742 1546 3800 ἐκϐιάσαιο
1599 3744 1690 3798 τὸν
1759 3739 1941 3819 λόγον,

282 3832 418 3911 ἐρῶ,
464 3829 757 3910 ἄνθρωπον,
807 3831 973 3889 ὅντιν’
1006 3833 1069 3888 ἂν
1111 3831 1409 3908 ὀνομαίσης,
1461 3829 1732 3910 ἄνθρωπον
1775 3829 1942 3903 εἶναι,

282 3919 494 3976 δίκαιον
545 3918 601 3975 δὲ
658 3920 750 3976 τὸν
823 3923 953 3977 Θεὸν
991 3940 1004 3954 ⁸
1070 3922 1307 3999 Καθαρὸς
1362 3921 1462 3999 γὰρ
1534 3918 1722 3994 οὐδεὶς,
1768 3917 1945 3997 ὥσπερ

2023 3299 2226 3361 videro
2258 3298 2558 3380 quidpiam
2612 3298 2751 3380 pati,
2788 3297 3016 3359 etiamsi
3070 3297 3219 3359 nihil
3253 3296 3389 3358 mali
3444 3297 3673 3375 fecerit,

2026 3390 2245 3450 malum
2267 3389 2485 3464 dicam,
2507 3405 2576 3448 eo
2598 3386 2752 3468 quod
2784 3387 2927 3449 velit
2944 3404 3216 3468 peccare.
3241 3385 3487 3459 Quidvis
3516 3386 3677 3448 enim

2028 3477 2219 3538 dicam
2239 3477 2452 3555 potius,
2474 3493 2648 3556 quam
2673 3474 2885 3536 malam
2910 3473 3363 3555 providentiam.
3394 3498 3419 3529 ι»
3445 3473 3677 3537 Deinde

2028 3565 2298 3645 inferius,
2329 3571 2531 3643 aperte
2562 3580 2797 3643 quoque
2826 3564 2901 3623 de
2947 3562 3197 3624 Domino
3230 3561 3375 3623 dicit
3401 3569 3677 3642 tauquam

2031 3654 2105 3714 de
2136 3654 2415 3714 homine:
2439 3676 2464 3706 α
2498 3649 2601 3713 Sin
2624 3659 2819 3713 autem
2844 3651 2936 3712 his
2958 3650 3234 3713 omnibus
3257 3650 3672 3730 praetermissis

2027 3741 2260 3803 veneris
2289 3750 2354 3801 ut
2384 3758 2477 3801 me
2508 3739 2734 3820 pudore
2765 3739 3116 3813 confundas,
3149 3737 3453 3800 adducens
3481 3747 3675 3800 certas

2029 3847 2335 3912 personas,
2359 3826 2521 3889 verbi
2548 3846 2721 3889 causa
2746 3845 2760 3889 :
2786 3827 2894 3889 Hic
2917 3844 3057 3906 ergo
3083 3826 3369 3909 peccavit,
3397 3827 3493 3889 hic
3515 3827 3674 3888 enim

2028 3930 2116 3980 est
2146 3936 2351 3999 passus
2378 3937 2394 3992 ;
2427 3917 2476 3976 si
2507 3917 2807 3996 permittas
2827 3916 3090 3996 quidem,
3117 3915 3309 3976 dicam
3336 3935 3350 3974 :
3377 3913 3506 3976 Non
3530 3933 3674 3996 pec-

282 4008 420 4065 εἶπε
451 4029 558 4086 τις,
589 4008 694 4067 ὰπὸ
736 4008 920 4086 ῥύπου.
956 4030 979 4065 ι

2027 4007 2176 4070 cavit
2204 4005 2468 4086 quidem,
2503 4004 2605 4065 sed
2637 4013 2764 4065 erat
2793 4004 3008 4066 similis
3041 4022 3250 4085 puero,
3283 4007 3382 4085 qui
3416 4003 3674 4084 patieba-

284 4105 416 4158 tur.
450 4092 567 4158 Sed
598 4094 650 4158 si
675 4096 1088 4159 vehementius
1118 4114 1355 4175 urgeas,
1387 4095 1604 4168 dicam,
1637 4111 2054 4180 quemcunque
2087 4095 2392 4158 hominem
2416 4093 2837 4170 uominaveris,
2872 4112 3009 4156 eum
3042 4112 3174 4155 esse
3208 4092 3537 4169 hominem,
3581 4094 3680 4174 ju-

283 4191 451 4247 stum
482 4191 677 4246 autem
705 4183 935 4247 Deum:
972 4185 1192 4251 Nullus
1237 4187 1402 4249 enim
1432 4192 1518 4247 est
1547 4184 1841 4266 mundus,
1873 4195 1938 4248 ut
1967 4186 2111 4249 dixit
2138 4184 2453 4265 quispiam,
2489 4200 2527 4245 α
2556 4182 2781 4249 sordet.
2825 4206 2847 4240 ι

280 4319 495 4383 Aliud
521 4318 831 4383 Basilidis
859 4318 1339 4401 fragmentum.
1375 4354 1456 4401 -_-_-
1483 4319 1588 4381 Ea:
1620 4317 2056 4401 Origenis_lib_.
2087 4334 2125 4380 v
2155 4314 2600 4401 Commentliu
2644 4315 2838 4395 Epist.
2871 4317 2950 4380 ad
2971 4319 3177 4392 Rom.,
3223 4332 3366 4397 cap.
3400 4331 3467 4396 v,
3514 4323 3672 4377 tom.

1380 4399 1436 4461 II
1460 4417 1615 4481 pag.
1648 4396 1791 4478 530,
1825 4398 1973 4459 edit.
2011 4396 2392 4460 Basileensis
2420 4397 2599 4459 15⁸71.

378 4503 522 4584 Ego,
555 4504 1070 4587 iuquit(Pauzus),
1103 4514 1369 4569 mortuus
1402 4523 1574 4568 sum:
1601 4502 1947 4584 coapitenim
1967 4499 3100 4583 Dquit,Apostolus,quiaergovivebam
3113 4497 3680 4587 sinelegealiquan.

285 4593 445 4656 mihi
459 4594 582 4673 jam
600 4595 862 4675 reputari
893 4586 1350 4675 peccatum.Sed
1368 4595 1494 4657 haec
1516 4591 1805 4657 Basilides
1823 4607 1943 4651 non
2025 4591 2243 4654 dozhoc
2273 4597 2385 4658 est,
2420 4595 2741 4666 antequam
2770 4591 2835 4648 in
2856 4588 3016 4649 istud
3036 4605 3256 4669 corpus
3284 4586 3584 4656 venirem,
3616 4589 3684 4650 in

287 4680 614 4744 advertens
643 4683 719 4744 de
747 4683 877 4762 lege
904 4683 1160 4745 naturali
1189 4683 1411 4746 debere
1440 4677 1797 4761 intelligi,ad
1821 4678 1944 4739 iue—
2025 4697 2155 4742 eam
2175 4677 2431 4757 speciem
2450 4678 2720 4755 corporis
2748 4677 2903 4750 vitri,
2931 4693 3065 4756 quas
3082 4676 3190 4738 sub
3209 4676 3340 4757 lege
3362 4692 3487 4738 non
3506 4685 3682 4752 esset,

281 4778 430 4851 ptas
450 4777 509 4831 et
536 4771 746 4851 impias
780 4770 1010 4833 fabulas
1026 4790 1366 4833 sermonem
1396 4769 1784 4851 apostolicum
1818 4774 1943 4827 tra-
2023 4767 2264 4848 pecudis
2298 4764 2545 4847 scilicet,
2574 4767 2671 4827 vel
2700 4769 2856 4827 avis.
2907 4766 3025 4827 Sed
3058 4784 3175 4826 non
3208 4765 3470 4845 respexit
3517 4765 3592 4826 ad
3622 4764 3684 4826 id

279 4858 401 4932 xit,
437 4857 499 4919 in
531 4859 984 4940 Pythagoricum
1016 4860 1230 4940 dogma
1259 4882 1273 4919 :
1299 4859 1358 4921 id
1389 4865 1501 4932 est,
1534 4856 1694 4938 quod
1733 4855 1948 4917 animae
2031 4853 2186 4937 quod
2210 4853 2563 4932 sequitur,id
2590 4861 2679 4914 est
2700 4855 2838 4918 :Sed
2859 4854 2965 4916 ubi
2983 4855 3143 4917 venit
3162 4853 3684 4934 mandatum,pec-

278 4948 360 5010 in
387 4945 503 5009 alia
529 4955 707 5028 atque
747 4948 862 5011 alia
908 4967 1159 5030 corpora
1203 4947 1690 5012 transfundantur
1733 4962 1804 5007 ex
1833 4943 1950 5005 hoc
2033 4952 2239 5010 catum
2270 4943 2495 5005 revixit
2526 4944 2580 5016 ὃ,
2611 4950 2727 5003 etc.

280 5036 565 5117 Apostoli
595 5036 755 5099 dicto
786 5044 1035 5101 conatur
1063 5047 1356 5102 astruere.
1415 5037 1591 5100 Dixit
1633 5033 1821 5110 enim,
1850 5032 1950 5093 in-

1903 5149 1982 5162 —

1511 5194 1991 5294 FRAGMENTA
2035 5223 2465 5290 EPIPHANIS.

632 5366 735 5428 Ea:
766 5367 877 5431 lib.
910 5371 998 5435 De
1034 5368 1307 5451 justitia,
1337 5384 1446 5449 ap.
1495 5364 1883 5429 Clementem
1913 5357 2127 5439 Alcen,
2171 5359 2278 5422 lib.
2311 5376 2376 5422 ιιι
2409 5362 2727 5442 Stromat.,
2754 5379 2909 5443 pag.
2943 5358 3059 5423 428
3088 5365 3147 5422 et
3173 5377 3346 5441 seqq.

384 5495 541 5575 Λέγει
587 5500 738 5562 οὗτος
788 5498 843 5555 ἐν
898 5510 977 5578 τῷ
1037 5504 1163 5582 Περὶ
1204 5498 1559 5571 δικαιοσύνης,
1604 5494 1702 5562 τὴν
1744 5490 1942 5550 δικαιο-

2118 5489 2780 5572 Is(Ephiphanes)dicit
2791 5492 2850 5553 in
2866 5491 3017 5554 libro
3027 5494 3113 5555 De
3109 5492 3394 5571 justitia.
3401 5490 3687 5574 justitiam

384 5654 405 5698 ι
435 5655 612 5736 Lege,
646 5653 804 5717 ἀλλὰ.
891 5657 924 5710 3
949 5659 1145 5733 Adde,
1179 5660 1338 5720 ὥστε.
1425 5655 1453 5701 3
1480 5652 1626 5719 Dele
1657 5650 1816 5714 hunc
1846 5647 2182 5713 articulum.
2269 5651 2297 5694 ι
2326 5652 2433 5714 Job
2464 5669 2584 5729 xxv,
2617 5655 2677 5727 4,
2709 5654 2875 5734 juxta
2932 5650 3081 5717 LXX
3188 5654 3221 5704 ³
3280 5653 3455 5716 Rom.
3489 5669 3589 5729 vn,
3623 5652 3686 5718 9.
