4096 6458
389 412 546 475 1267

1283 415 1675 477 ΑΡΡΕΝΒΙΧ
1719 418 1821 478 AD
1864 413 2204 489 QUINQUE
2272 412 2560 474 ΙΗΕΝιΕΙ
2604 413 2892 475 LIBROS.

3626 418 3645 471 t
3662 410 3781 473 268

386 549 490 611 Dei
520 569 653 612 esse
677 552 990 632 quamdam
1016 570 1149 612 cum
1173 551 1506 633 aequalitate
1526 554 2031 614 communionem.

2119 545 2278 611 σύνην
2332 552 2424 602 τοῦ
2469 553 2599 603 Θεοῦ
2667 547 2944 603 κοινωνίαν
3001 548 3118 603 τινα
3161 552 3301 604 εἰναι
3355 548 3474 623 μετ’
3507 548 3777 615 ἰσότητος.

393 663 415 695 α
454 639 699 720 Ᾱῧῳιοιο
720 641 960 721 quidem
986 647 1146 701 certe
1172 641 1387 702 caelum
1412 641 1808 722 undequaque
1826 651 2032 705 exten-

385 746 541 808 sum,
576 737 752 789 totam
797 737 1010 789 terram
1042 729 1296 791 circuitu
1348 748 1456 790 suo
1488 731 1942 810 complectitur:
1979 740 2038 792 et

385 836 499 877 nox
548 835 617 878 ex
651 836 818 897 aequo
847 817 1048 878 stellas
1104 836 1314 878 omnes
1348 819 1637 881 ostendit:
1688 826 1747 881 et
1773 819 1896 881 diei
1926 839 2037 881 au-

385 913 610 967 ctorem
645 915 705 969 et
725 908 874 968 lucis
906 916 1155 987 patrem,
1184 908 1393 983 solem,
1420 906 1575 970 Deus
1611 929 1679 970 ex
1702 910 1816 972 alto
1847 930 2043 991 requa-

383 994 500 1055 lem
532 996 766 1057 diffudit
794 1014 975 1077 super
994 1004 1207 1058 terram
1244 999 1299 1059 in
1334 1016 1543 1058 omnes
1571 998 1673 1078 qui
1693 1008 1936 1079 possunt
1958 1000 2038 1060 vi-

383 1082 527 1143 dere
558 1083 663 1159 (illi
694 1092 890 1145 autem
922 1103 1130 1145 omnes
1160 1086 1554 1147 communiter
1581 1086 1832 1168 vident),
1882 1108 2030 1169 quo—

383 1172 539 1232 niam
574 1192 689 1233 non
721 1173 1013 1235 discernit
1041 1174 1306 1247 divitem,
1339 1174 1430 1235 vel
1462 1178 1902 1256 pauperem,vel
1935 1197 2034 1258 po-

382 1261 504 1342 puli
540 1262 1254 1343 principem,insipientes
1284 1264 1942 1344 etsapientes,feminas
1975 1277 2032 1329 et

382 1350 696 1435 masculps,
725 1351 972 1425 liberos,
995 1370 1198 1413 servos
1227 1373 1243 1423 ;
1269 1352 1373 1413 sed
1402 1371 1779 1433 nequesecus
1804 1355 1941 1417 facit
1969 1356 2030 1419 in

381 1438 591 1501 brutis.
647 1446 790 1504 Cum
836 1448 1034 1502 autem
1085 1440 1147 1501 in
1177 1442 1373 1503 omnia
1407 1444 1750 1520 animantia,
1787 1444 1940 1508 bona
1972 1458 2034 1509 et

383 1531 637 1609 mala,ex
655 1547 823 1609 aequo
842 1530 1034 1609 ipsum
1056 1532 1753 1607 communemdiﬂ‘uderit
1776 1535 2031 1598 :ﬁrmam

380 1633 448 1677 ac
477 1617 722 1678 solidam
758 1618 938 1679 efﬁcit
960 1619 1275 1699 justitiam,
1322 1639 1455 1681 cum
1488 1640 1662 1682 nemo
1690 1624 1872 1702 possit
1901 1625 2032 1705 plus

381 1704 622 1779 habere,
657 1724 852 1787 neque
876 1708 1110 1769 auferre
1138 1728 1171 1769 a
1201 1709 1563 1790 proximo,ut
1589 1710 1717 1791 ipse
1748 1704 1915 1775 illius,
1937 1714 2032 1775 lu-

2121 658 2147 689 σ
2188 622 2341 697 ’Ἱσὸς
2373 656 2433 712 γε
2456 656 2537 690 τοι
2568 638 2905 716 πανταχόθεν
2935 635 3169 702 ἐκταθεὶς
3200 622 3441 715 ούρανδς,
3473 636 3658 711 κύκλῳ
3684 638 3779 706 τὴν

2118 725 2221 798 γῆν
2265 722 2502 801 περιέχει
2558 729 2732 780 πᾶσαν
2767 744 2781 758 ·
2829 725 2917 780 καὶ
2966 725 3169 789 πάντας
3212 726 3247 793 ἡ
3279 722 3365 791 νὺξ
3409 724 3598 792 ἐπίσης
3655 725 3778 781 ἐπι-

2120 808 2377 866 δείκνυται
2408 812 2528 873 τοὺς
2586 812 2804 892 ἀστέρας
2838 832 2855 848 ο
2906 814 2997 868 τὸν
3026 811 3081 869 δὲ
3114 819 3211 880 τῆς
3243 813 3445 893 ἡμέρας
3479 812 3651 871 αἴτιον
3694 816 3781 870 καὶ

2123 896 2325 977 πατέρα
2378 905 2471 956 τοῦ
2527 902 2723 980 φωτὸς,
2784 900 2961 979 ἥλιον,
3010 903 3038 957 6
3110 902 3239 964 Θεὸς
3297 900 3509 981 ἐξέχεεν
3580 901 3777 958 ἄνωθεν

2122 984 2241 1041 ’ίσον
2286 987 2372 1042 ἐπὶ
2429 989 2528 1065 γῆς
2593 987 2755 1044 ἅπασι
2802 1002 2919 1050 τοῖς
2976 987 3192 1065 βλέπειν
3249 988 3580 1065 δυναμένοις’
3643 992 3693 1046 οἱ
3721 988 3776 1046 δὲ

2118 1080 2271 1151 κοινῇ
2326 1076 2518 1140 πάντες
2572 1076 2857 1153 βλέπουσιν
2892 1094 2904 1107 '
2953 1076 3068 1135 ἐπεὶ
3099 1078 3177 1154 μὴ
3220 1076 3468 1158 διακρίνει
3499 1078 3772 1159 πλούσιον,

2116 1164 2151 1231 ἢ
2202 1163 2427 1239 πένητα,
2499 1166 2536 1234 ἢ
2594 1164 2764 1242 δήμου
2819 1164 3080 1247 ἄρχοντα,
3127 1164 3356 1246 ἄφρονάς
3408 1188 3467 1224 τε
3525 1168 3611 1223 καὶ
3652 1166 3774 1230 τοὺς

2115 1259 2455 1332 φρονοῦντας,
2516 1253 2756 1335 θηλείας,
2814 1253 3061 1333 ἄρσενας,
3135 1254 3459 1333 ἐλευθέρους,
3506 1253 3723 1318 δούλους
3757 1271 3770 1284 ·

2114 1339 2231 1397 ἀλλ’
2292 1340 2407 1400 οὐδὲ
2449 1350 2555 1399 τῶν
2585 1342 2799 1421 ἀλόγων
2840 1344 2984 1423 παρὰ
3032 1350 3190 1401 τοῦτο
3221 1357 3459 1401 ποιεῖται
3502 1364 3577 1404 τι,
3641 1350 3775 1400 Πᾶσι

2114 1427 2169 1485 δὲ
2228 1428 2416 1498 ἐπίσης
2473 1445 2591 1496 τοῖς
2650 1432 2806 1504 ζώοις
2864 1434 3041 1489 κοινὸν
3104 1433 3256 1491 αὐτόν
3309 1432 3506 1512 ἐκχέας
3553 1431 3772 1514 ἀνωθεν,

2113 1518 2335 1597 ἀγαθοῖς
2378 1542 2435 1576 τε
2488 1523 2567 1577 κεὶ
2618 1521 2861 1602 φαύλοις,
2895 1520 3230 1590 δικαιοσύνην
3260 1522 3510 1599 ἐμπεδοῖ,
3545 1519 3772 1598 μηδενὸς

2114 1605 2398 1683 δυναμένου
2450 1608 2639 1666 πλεῖον
2683 1609 2853 1690 ἔχειν,
2916 1609 3054 1687 μηδὲ
3103 1612 3441 1691 ἀφαιρεῖσθαι
3485 1613 3575 1667 τὸν
3624 1610 3771 1678 πλε,-

2115 1697 2247 1772 σίον,
2290 1694 2363 1752 ἵν’
2423 1699 2578 1763 αὐτὸς
2634 1702 2695 1755 τὸ
2763 1699 3007 1757 κάκείνου
3061 1708 3173 1779 φῶς
3230 1699 3582 1764 διπλασιάσας
3637 1700 3769 1780 ἔχῃ,

381 1811 512 1854 cem
539 1773 1159 1874 habeat'duplicntam.
1185 1773 1283 1859 Sol
1303 1796 1437 1857 facit
1459 1773 1737 1859 dmnibus
1757 1773 2032 1862 animan-

2119 1773 2316 1848 ”Ηλιος
2373 1788 2554 1849 κοινάς
2599 1788 2795 1868 τροφὰς
2847 1788 3000 1859 ζώοις
3032 1788 3227 1844 ἅπασιν
3258 1786 3565 1845 ἀνατέλλειν
3594 1785 3645 1869 θ,
3689 1788 3770 1844 δι-

381 1881 544 1941 tibus
567 1884 906 1944 communia
936 1885 1151 1945 exoriri
1184 1885 1561 1959 nutrimenta,
1595 1890 1895 1950 communi
1924 1891 2030 1970 ju-

380 1969 540 2031 stitia
566 1988 639 2032 ex
675 1990 842 2051 aaquo
876 1972 1012 2034 data
1070 1974 1383 2037 omnibus:
1412 1983 1471 2035 et
1497 1975 1568 2036 ad
1612 1996 1680 2037 ea
1735 1997 1865 2058 qum
1894 1969 2032 2040 sunt

379 2058 716 2138 hujusmodi
746 2060 1025 2123 similiter
1039 2082 1103 2124 se
1137 2064 1313 2126 habet
1336 2082 1521 2142 genus
1542 2064 1720 2127 boum
1742 2077 1802 2128 ut
1824 2067 2025 2140 boves,

380 2155 439 2208 et
467 2167 639 2209 suum
672 2157 733 2209 ut
791 2168 945 2232 sues,
1003 2160 1060 2212 et
1111 2152 1306 2213 ovium
1363 2163 1425 2213 ut
1478 2172 1638 2227 oves,
1687 2167 1748 2219 ut
1799 2158 2030 2239 reliqua

379 2236 599 2299 omnia.
628 2238 861 2300 Justitia
918 2240 1075 2300 enim
1110 2239 1171 2300 in
1203 2241 1276 2301 iis
1305 2251 1547 2321 apparet
1604 2236 2021 2307 communitas.

380 2325 607 2387 Deinde
638 2346 747 2407 per
787 2330 1272 2392 communitatem
1305 2331 1581 2393 similiter
1612 2334 1812 2395 omnia
1840 2337 2024 2397 semi-

376 2424 594 2475 n‘antur
621 2417 946 2477 secundum
971 2437 1157 2496 genus
1187 2436 1385 2495 suum;
1419 2429 1475 2480 et
1506 2441 1822 2484 commune
1846 2426 1999 2486 nutri

377 2510 639 2563 mentum
672 2506 1029 2584 permissum
1044 2515 1132 2567 est
1154 2508 1317 2568 humi
1352 2511 1729 2586 pascentibus
1738 2513 2026 2591 jumentis

376 2590 673 2667 omnibus,
721 2595 1076 2656 etomnibus
1107 2615 1174 2657 ex
1202 2616 1369 2677 aequo
1398 2615 1410 2660 :
1448 2607 1648 2677 utpote
1676 2590 1829 2679 quod
1866 2604 2027 2665 nulla

375 2681 504 2758 lege
534 2680 1048 2763 circumscriptum
1082 2684 1178 2759 sit,
1234 2686 1365 2765 ejus
1395 2697 1589 2747 autem
1624 2690 1724 2768 qui
1754 2689 1931 2751 donat
1957 2712 2023 2753 ac

368 2768 539 2857 jubet
565 2768 1370 2851 liberalitate,cunvenienter
1393 2775 1543 2835 adsit
1572 2777 2023 2857 omnibusjusti-

374 2851 475 2919 tia.
508 2856 622 2920 Sed
654 2878 849 2941 neque
868 2880 997 2940 quae
1017 2861 1092 2924 ad
1115 2864 1554 2941 generationem
1589 2851 1876 2945 spectant,
1914 2870 2020 2930 ha-

372 2945 515 3007 bent
544 2952 821 3028 scriptam
848 2949 1063 3029 legem,
1097 2966 1255 3013 esset
1276 2953 1434 3013 enim
1467 2953 1687 3015 abolita
1711 2976 1725 2988 ·
1765 2977 1830 3017 ex
1855 2976 2021 3039 aequo

372 3043 566 3095 autem
591 3037 888 3098 seminant
916 3057 1126 3099 omnes
1157 3048 1214 3100 et
1233 3043 1835 3118 generant.habentes
1858 3037 2024 3106 inna-

2118 1874 2396 1941 καιοσύνης
2451 1896 2508 1930 τε
2561 1877 2657 1941 τῆς
2686 1882 2868 1943 κοινῆς
2897 1875 3098 1938 ἅπασιν
3128 1876 3317 1943 ἐπίσης
3349 1875 3586 1943 δοθείσης
3624 1897 3637 1909 ·
3686 1879 3774 1934 καὶ

2113 1963 2186 2024 εἰς
2243 1964 2309 2019 τὰ
2378 1966 2589 2020 τοιοῦτα
2642 1966 2782 2041 βοῶν
2804 1964 2954 2043 γένος
2979 1966 3177 2041 ὁμοίως
3209 1967 3407 2044 γίνεται
3438 1968 3513 2031 ὡς
3546 1968 3596 2022 αἱ
3624 1967 3768 2043 βόες⁶

2111 2053 2198 2107 καὶ
2243 2052 2401 2126 συῶν,
2436 2054 2508 2116 ὡς
2540 2056 2587 2109 οἱ
2635 2054 2753 2116 σύες
2791 2071 2804 2084 ’
2854 2056 2944 2110 καὶ
2971 2051 3278 2132 προϐάτων,
3310 2056 3382 2120 ὡς
3410 2055 3476 2110 τα
3506 2054 3769 2134 πρόϐατα,

2113 2142 2197 2197 διαὶ
2240 2140 2306 2196 τά
2362 2140 2524 2198 λοιπά
2571 2140 2741 2198 πέντα
2776 2159 2789 2173 ⁸
2846 2141 3154 2209 δικαιοσύνη
3199 2145 3300 2222 γὰρ
3332 2142 3386 2198 ἐν
3418 2144 3609 2207 αὐτοῖς
3640 2144 3771 2200 ἀναο

2109 2230 2344 2308 φαίνεται
2387 2229 2423 2297 ἡ
2467 2232 2714 2297 κοινότης
2776 2221 3018 2289 ’Ἔπειτα
3073 2232 3210 2288 κατά
3268 2233 3557 2298 κοινότητα
3599 2234 3775 2288 πάντα

2109 2319 2304 2392 ὁμοίως
2349 2320 2485 2375 κατά
2528 2318 2679 2397 γένος
2726 2321 2991 2400 σπείρεται
3026 2339 3040 2353 ⁸
3091 2322 3257 2400 τροφή
3311 2340 3368 2375 τε
3411 2320 3566 2387 κοινὴ
3596 2322 3775 2400 χαμαὶ

2109 2408 2418 2483 νεμομένοις
2477 2408 2681 2465 ἀνεῖται
2726 2416 2855 2466 πᾶσι
2908 2423 3025 2472 τοῖς
3075 2411 3314 2483 κτήνεσι,
3342 2410 3428 2465 καὶ
3458 2416 3620 2465 πᾶσιν
3649 2410 3773 2466 ἐπί-

2110 2518 2233 2567 σης,
2291 2495 2455 2556 οὐδενὶ
2499 2497 2647 2573 νόμῳ
2696 2497 3030 2577 κρατουμένη
3065 2514 3078 2527 ⁸
3124 2504 3184 2574 τῇ
3213 2496 3268 2553 δὲ
3299 2499 3441 2577 ποιρά
3468 2506 3561 2555 τοῦ
3589 2496 3772 2555 διδόν-

2108 2606 2198 2649 τος
2267 2585 2610 2650 κελεύσαντος
2682 2588 2916 2667 χορηγίᾳ
2988 2587 3283 2667 συμφώνως
3331 2585 3498 2642 ἅπασι
3557 2585 3773 2645 δικαιο-

2108 2674 2238 2741 σύνη
2292 2685 2553 2755 παροῦσα.
2631 2674 2781 2732 Ἀλλ’
2827 2674 2943 2733 οὐδὲ
2998 2677 3065 2732 τὰ
3119 2681 3217 2743 τῆς
3272 2674 3532 2753 γενέσεως
3605 2677 3776 2753 νόμον

2108 2762 2225 2842 ἔχει
2282 2763 2650 2842 γεγραμμένον
2684 2782 2698 2795 ⁸
2763 2765 3070 2844 μετεγράφη
3115 2766 3215 2843 γὰρ
3260 2762 3321 2819 ἂν
3358 2783 3373 2800 ’
3411 2766 3686 2843 σπείρωσι
3717 2764 3771 2822 δὲ

2106 2852 2194 2908 καὶ
2231 2854 2483 2930 γεννῶσιν
2527 2852 2739 2923 ἐπίσης,
2792 2856 3077 2910 κοινωνίαν
3133 2853 3233 2909 ὑπὸ
3280 2851 3617 2921 δικαιοσύνης
3665 2853 3775 2931 ἒμ-

2107 2962 2262 3019 φυτον
2308 2941 2551 3021 ἔχοντες,
2601 2948 2764 3019 Κοινῇ
2812 2949 2972 2999 πᾶσιν
3025 2941 3213 3009 ἐπίσης
3244 2939 3515 3020 ὀφθαλμὸν
3574 2944 3653 3008 εἰς
3710 2945 3775 3001 τὸ

2105 3028 2317 3105 βλέπειν
2363 3034 2391 3086 6
2434 3030 2666 3098 ποιητὴς
2711 3052 2767 3087 τε
2812 3032 2899 3087 καὶ
2941 3031 3117 3109 πατὴρ
3161 3030 3397 3105 πάντων,
3452 3027 3774 3109 δικαιοσύνῃ

370 3132 485 3183 tam
515 3143 548 3186 a
572 3125 810 3204 justitia
834 3116 1340 3192 communionem.
1377 3130 1459 3192 Ex
1491 3150 1658 3210 aequo
1686 3137 2009 3196 communi.
2040 3140 2048 3177 ⁴

2110 3121 2465 3194 νομοθετήσας
2522 3126 2589 3195 τῇ
2637 3117 2759 3199 παρ’
2823 3122 3001 3194 αὒτοῦ,
3064 3119 3362 3199 παρέσχεν,
3395 3118 3452 3175 οὔ
3498 3116 3774 3200 διακρίνας

370 3221 461 3272 ter
489 3213 764 3275 omnibus
799 3216 1032 3277 oculum
1064 3218 1133 3276 ad
1159 3218 1480 3279 videndum
1514 3229 1745 3281 creator
1774 3232 1829 3283 et
1861 3233 2026 3304 pater

369 3302 664 3377 omnium,
699 3323 804 3365 sua
826 3305 1054 3384 justitia
1105 3306 1294 3386 legem
1328 3308 1548 3379 ferens,
1584 3302 1873 3389 prwbuiti
1906 3334 2023 3376 non

368 3389 717 3453 discernens
777 3393 1055 3455 feminam
1088 3413 1121 3455 a
1153 3397 1438 3469 masculo,
1479 3415 1593 3459 non
1654 3398 1711 3459 id
1745 3403 1899 3481 quod
1934 3417 2024 3465 est

364 3478 610 3540 rationis
645 3482 941 3562 particeps
972 3492 1123 3543 8M
1168 3483 1240 3545 ab
1294 3495 1537 3566 experte
1570 3478 1837 3565 rationis,
1873 3500 1929 3552 et
1962 3497 2023 3553 ut

364 3568 546 3629 semel
579 3568 799 3644 dicam,
836 3571 1060 3632 nullum
1091 3591 1124 3633 a
1155 3573 1315 3633 nullo
1336 3623 1350 3647 ,
1383 3576 1712 3653 azqualitate
1742 3588 1937 3640 autem
1962 3589 2019 3641 et

362 3658 784 3720 communitate
813 3660 1005 3720 visum
1037 3661 1315 3724 similiter
1374 3663 1667 3744 dividens,
1706 3685 1820 3726 uno
1842 3669 2015 3745 jussu

362 3746 639 3808 omnibus
661 3756 747 3808 est
778 3748 1044 3827 largitus.
1097 3751 1285 3829 Leges
1314 3762 1535 3825 autem,
1570 3752 1759 3833 inquit
1794 3756 2014 3835 (Isido-

360 3836 512 3914 rus),
574 3856 709 3898 cum
744 3838 1049 3900 hominum
1108 3840 1499 3918 ignorantiam
1561 3844 1847 3924 castigare
1895 3868 2014 3909 non

362 3934 626 4006 possent,
650 3936 856 3988 contra
881 3928 1039 4007 leges
1053 3928 1250 3991 facere
1273 3931 1605 3993 docuerunt
1631 3950 1644 3994 :
1671 3934 1830 4012 leges
1854 3937 2011 3998 enim

363 4012 600 4091 privatae
657 4023 715 4075 et
766 4017 1097 4095 peculiares
1154 4018 1572 4081 dissecuerunt
1627 4022 1840 4085 divina}
1869 4026 2016 4104 legis

2103 3205 2324 3275 θήλειαν
2388 3205 2621 3287 ἅῤῥενος,
2688 3209 2746 3266 οὒ
2799 3207 3014 3287 λογικὸν
3070 3206 3291 3287 ἀλόγου,
3366 3209 3453 3264 καὶ
3523 3209 3780 3277 καθάπαξ

2105 3293 2308 3360 οὒδενὸς
2339 3294 2483 3353 οὒδὲν
2519 3317 2534 3331 ⁸
2598 3298 2805 3365 ἰσότητι
2866 3296 2921 3353 δὲ
2978 3300 3066 3354 καὶ
3120 3297 3390 3363 κοινότητι
3444 3298 3669 3377 μερίσας
3706 3302 3775 3356 τὸ

2103 3382 2316 3459 βλέπειν
2372 3387 2567 3461 ὁμοίως
2632 3387 2705 3443 ἐνὶ
2759 3385 3045 3462 κελεύματι
3116 3392 3243 3442 πᾶσι
3298 3386 3647 3465 κεχάρισται,
3712 3390 3779 3446 Οἱ

2106 3472 2257 3547 νόμοι
2298 3471 2374 3549 δὲ,
2424 3476 2605 3555 φησὶν,
2666 3475 2953 3555 ἀνθρώπων
3011 3475 3234 3551 ἀμαθίαν
3268 3474 3508 3546 κολάζειν
3542 3477 3627 3551 μὴ
3673 3476 3779 3535 δυ-

2105 3562 2343 3638 νάμενοι,
2374 3577 2704 3643 παρανομεῖν
2762 3561 2991 3629 ἐδίδαξαν
3027 3583 3041 3597 ·
3088 3565 3123 3632 ἡ
3154 3564 3255 3643 γὰρ
3284 3562 3481 3631 ίδίοτης
3512 3569 3622 3621 τῶν
3671 3568 3781 3624 νό-

2100 3672 2215 3724 μων
2257 3652 2352 3719 τὴν
2408 3655 2683 3709 κοινωνίαν
2728 3661 2821 3709 τοῦ
2863 3655 3001 3710 θείου
3057 3653 3223 3728 νόμου
3252 3652 3511 3728 κατέτεμε
3538 3658 3633 3713 καὶ
3664 3679 3785 3714 πα-

2100 3740 2355 3818 ρατρώγει
2396 3758 2409 3772 ⁸
2446 3742 2525 3818 μὴ
2557 3744 2745 3807 συνιεὶς
2777 3745 2836 3799 τὸ
2875 3750 2966 3799 τοῦ
2999 3740 3330 3799 Ἀποστόλου
3358 3744 3544 3821 ῥητὸν,
3581 3744 3787 3825 λέγον.

2099 3849 2188 3893 τος
2223 3847 2239 3863 ⁸
2304 3832 2401 3886 Διά
2460 3832 2625 3907 νόμου
2681 3834 2779 3900 τὴν
2848 3832 3107 3909 ἁμαρτίαν
3149 3830 3337 3910 ἔγνων.
3408 3835 3480 3889 Τὸ
3522 3831 3576 3891 τ’
3635 3835 3784 3911 ἐμὸν

2100 3919 2188 3973 καὶ
2229 3919 2291 3974 τὸ
2324 3921 2415 3975 σὸν
2448 3923 2576 4001 φησὶ
2631 3918 2714 3976 διὰ
2762 3922 2867 3978 τῶν
2900 3922 3076 3998 νόμων
3104 3920 3472 3999 παρεισελθεῖν
3508 3941 3522 3956 ⁶
3564 3925 3788 3998 μηκέτι

2099 4008 2173 4069 εἰς
2203 4008 2490 4076 κοινότητα
2526 4026 2539 4039 '
2589 4011 2741 4066 κοινά
2771 4032 2827 4066 τε
2858 4011 2957 4090 γὰρ
3004 4010 3405 4090 καρπουμένων,
3459 4013 3604 4087 μήτε
3638 4014 3787 4094 γῆν,

360 4103 862 4181 communionem,
896 4113 954 4167 et
973 4106 1371 4169 abroserunt:
1411 4128 1526 4169 non
1558 4109 1899 4189 intelligens
1928 4096 2015 4174 di-

2110 4096 2237 4168 αήτε
2295 4099 2567 4173 κτήματα,
2614 4098 2750 4155 ἀλλά
2800 4097 2934 4175 μηδὲ
2964 4100 3137 4178 γάμον
3172 4118 3185 4133 ·
3220 4106 3374 4177 κοινῇ
3430 4101 3532 4180 γάρ
3566 4100 3792 4160 ἅπασιν

359 4198 453 4250 ctu
464 4209 515 4250 m
537 4190 1017 4265 Pauli,dicentis:
1044 4194 1165 4256 Per
1180 4196 1365 4275 legem
1382 4207 1687 4276 peccatum
1701 4185 1945 4281 cognovi
1960 4205 2011 4262 7.

2110 4185 2321 4252 ἐποίησε
2376 4188 2466 4252 τὰς
2520 4186 2815 4263 ἀμπέλους,
2877 4187 2935 4245 αἵ
2967 4188 3045 4263 μη
3077 4192 3322 4266 στρουθὸν
3353 4191 3492 4265 μήτε
3516 4189 3789 4261 κλέπτην

357 4281 427 4340 Ει
459 4296 658 4342 meum
684 4287 746 4343 et
777 4288 949 4343 tuum
974 4283 1119 4344 dicit
1145 4284 1400 4346 subiisse
1432 4305 1540 4365 per
1561 4286 1746 4365 leges,
1767 4277 1924 4352 adeo
1956 4302 2019 4354 ut

2110 4277 2447 4353 Ξπαρνοῦνται
2482 4295 2496 4311 ⁸
2530 4279 2617 4333 καὶ
2646 4281 2737 4334 τὸν
2769 4291 2919 4335 σῖτον
2951 4277 3109 4353 οὓτω,
3144 4282 3233 4335 καὶ
3261 4280 3380 4343 τούς
3412 4277 3609 4342 ἄλλους
3647 4303 3797 4360 καρο

2184 4368 2193 4375 .
2315 4357 2369 4375 οη
2440 4366 2476 4375 -.
2743 4370 2753 4375 -
3165 4373 3175 4375 _
3467 4372 3477 4375 -
3582 4372 3590 4375 -

359 4384 465 4447 per
514 4385 613 4428 eas
658 4370 1054 4431 communiter
1101 4372 1226 4450 jam
1257 4374 1513 4453 amplius
1566 4394 1682 4438 non
1714 4377 1885 4439 liceat
1917 4381 2009 4455 iis,

2110 4368 2245 4428 πούς.
2315 4366 2376 4422 Ἠ
2435 4366 2489 4423 δὲ
2544 4370 2788 4425 κοινωνία
2870 4373 3332 4447 παρανομηθεῖσα,
3398 4372 3485 4425 καὶ
3541 4372 3612 4425 τὲ.
3673 4379 3791 4440 τῆς

355 4473 489 4534 quae
524 4454 2004 4543 communiasunt,terravidelicet,possessionibus,
2034 4486 2048 4536 1

2110 4455 2369 4529 .σότητος,
2432 4456 2681 4535 ἐγὲννησε
2731 4458 3045 4537 θρεμμάτων
3096 4461 3181 4515 καὶ
3212 4466 3429 4539 καρπῶν
3486 4457 3788 4529 κλέπτην,

355 4552 413 4606 et
446 4545 570 4622 ipso
604 4547 979 4608 matrimonio
1003 4548 1110 4609 nti.
1138 4548 1301 4610 Fecit
1324 4551 1485 4613 enim
1518 4554 1669 4615 vites
1690 4560 1991 4619 communi

2110 4552 2270 4621 Κοινῇ
2315 4545 2482 4602 τοίννν
2542 4548 2569 4602 6
2615 4548 2743 4611 Θεὸς
2800 4547 3007 4604 ἅπαντα
3048 4549 3305 4626 ἀνθρώπῳ
3359 4550 3626 4625 ποιήσας,
3688 4556 3795 4610 καὶ

357 4640 455 4693 ter
483 4631 782 4709 omnibus,
818 4654 949 4716 quae
1002 4656 1196 4718 neque
1229 4657 1556 4719 passerem,
1592 4661 1784 4722 neque
1829 4645 2016 4708 furem

2110 4636 2162 4689 τὸ
2203 4633 2335 4702 θῆλυ
2362 4641 2440 4709 τῷ
2470 4634 2639 4714 ἀῤῥενι
2668 4644 2823 4714 κοινῇ
2883 4642 3216 4719 συναγαγὼν,
3250 4641 3338 4696 καὶ
3368 4639 3523 4695 πάνθ’
3557 4644 3793 4717 ὁμοίως

353 4729 677 4809 respuunt:
705 4731 762 4784 et
793 4723 1156 4788 frumentum
1182 4728 1474 4809 similiter,
1499 4740 1555 4791 et
1585 4730 1734 4792 alios
1763 4732 2010 4799 fructus.

2110 4724 2163 4778 τά
2204 4729 2313 4794 ζῶα
2358 4722 2651 4805 κολλήσας,
2695 4726 2794 4793 τὴν
2837 4725 3173 4796 δικαιοσύνην
3230 4729 3490 4808 ἀνὶφηνεν
3553 4753 3792 4790 κοινω-

353 4807 581 4873 Violata
605 4817 802 4873 autem
827 4815 1166 4876 communio
1194 4829 1248 4879 et
1271 4807 1571 4897 aequalitas
1593 4822 1797 4899 genuit
1825 4822 2013 4884 furem

2110 4812 2209 4866 θίαν
2254 4809 2370 4885 μετ’
2412 4812 2683 4878 ἰσότητος.
2747 4817 2806 4872 Οἱ
2849 4813 2902 4870 δέ
2945 4818 3224 4894 γεγονότες
3269 4807 3429 4898 οὕτω,
3465 4819 3566 4886 τὴν
3604 4822 3798 4879 συνα-

352 4916 635 4977 pecorum
661 4908 720 4960 et
750 4900 1068 4963 fructuum.
1106 4906 1251 4966 Cum
1276 4925 1413 4985 ergo
1442 4909 1596 4969 Deus
1620 4910 2014 4972 communiter

2110 4920 2289 4975 (ουσαν
2358 4902 2634 4957 κοινωνίαν
2702 4903 2802 4970 τὴν
2862 4905 3066 4983 γὲνεσιν
3114 4909 3283 4964 αὐτῶν
3339 4908 3793 4986 ἀπηρνήθησαν,

2110 4980 2190 5006 ενμὶ
2232 4981 2407 5006 Α,,,,ἶ.ν.
2455 5004 2474 5006 ,Α
2514 4983 2565 5006 ιη’
2761 4984 2774 5006 9
2839 4984 2849 5004 1
3074 4986 3087 5006 9
3144 4987 3160 5006 ν
3309 4986 3332 5006 κ
3476 4990 3491 5005 κ

350 4987 553 5048 omnia
581 4987 824 5052 fecisset
879 4991 1127 5065 homini,
1164 5001 1222 5054 et
1248 4980 1531 5056 feminam
1563 5016 1693 5057 cum
1749 4999 2008 5059 masculo

2110 4980 2193 5035 ἰαὶ
2229 4981 2407 5058 φησίν*
2449 5004 2475 5034 α
2511 4983 2569 5038 Εἰ
2599 4982 2722 5057 μίαν
2751 4980 3037 5067 ἀγόμενος,
3070 4986 3268 5067 ἐχὲτω,
3304 4980 3621 5063 δυναμὲνων
3659 5017 3796 5052 κοι-

2112 5081 2135 5086 .-
2153 5072 2281 5086 .-.-v..
2321 5060 2499 5086 )._.(_._,
2521 5084 2559 5086 _,
2628 5061 2652 5082 η
2675 5083 2759 5086 Ai-
2837 5064 2849 5079 ‘
2906 5064 2920 5081 λ
3136 5069 3146 5081 \
3190 5066 3210 5086 Ν
3324 5070 3337 5085 \
3423 5076 3448 5085 α
3513 5076 3540 5086 μ
3567 5069 3580 5086 ο

351 5076 750 5139 cemmuniier
781 5079 1208 5161 conjunxisset,
1242 5090 1298 5143 et
1327 5083 1528 5143 omnia
1566 5085 1840 5147 similiter
1868 5087 2007 5149 auia

2110 5072 2282 5115 iwvs‘iv
2314 5066 2584 5136 ἁπάντων,
2618 5066 2797 5142 ὥσπερ
2827 5066 3065 5145 ἀπέφηνε
3095 5069 3161 5122 τά
3190 5066 3351 5124 λοιπά
3382 5076 3486 5124 τῶν
3513 5069 3724 5139 ζώων,
3755 5098 3790 5135 ι

2110 5144 2261 5174 rm".--
2321 5140 2479 5174 ..ἶ-,ἕω
2537 5142 2670 5174 ,ιη-ἓ..
2731 5141 2867 5174 Ὶλζ...
2933 5145 3030 5174 ..Δ
3066 5169 3091 5174 -.
3145 5149 3338 5174 x._-!_,-
3417 5148 3584 5174 ﬁt.--
3735 5171 3762 5174 __

352 5166 577 5226 mantia
605 5140 1092 5250 conglutiriasset,
1124 5140 1550 5232 de’monstravit
1564 5174 1857 5252 justitiam
1877 5195 2007 5238 esse

352 5253 830 5290 nnmmlln:nnnm
866 5274 1000 5290 num
1030 5259 1361 5290 Μωυηςοηιη
1409 5261 1476 5290 n.
1509 5260 1523 5290 :
1559 5271 1748 5290 ...αλκ
1777 5262 1860 5290 ..:..
1885 5272 2001 5290 __.-

2110 5144 2263 5195 Γαῦτα
2320 5140 2479 5196 εἰπὼν
2537 5142 2673 5197 κατά
2731 5140 2891 5225 λέξιν,
2933 5140 3092 5201 πᾶλΝ
3142 5149 3339 5221 ὁμοίως
3395 5148 3589 5214 αὖταῖς
3646 5171 3797 5219 ταῖς

2110 5215 2288 5282 ιέξεσιν
2347 5219 2580 5290 ἐπιφέρει
2617 5237 2631 5251 ⁹
2686 5240 2716 5279 (
2749 5223 2855 5290 Τὴν
2913 5226 3012 5290 γὰρ
3055 5227 3333 5290 ἐπιθυμίαν
3395 5229 3622 5286 εὔτονον
3692 5240 3797 5290 καὶ

349 5239 831 5315 communionem
865 5274 1000 5317 cum
1028 5239 1383 5338 aequalitate.
1409 5260 1527 5331 Qui
1556 5239 1751 5322 autem
1776 5262 1861 5323 sic
1885 5272 2003 5331 nati

2110 5239 2288 5282 ιεςεσιν
2347 5239 2580 5299 επιφερει
2617 5239 2631 5251 ’
2686 5240 2716 5279 ι
2749 5239 2855 5290 Την
2913 5239 3012 5323 γαρ
3057 5239 3333 5303 ἐπιθυμίαν
3395 5239 3622 5286 ευτονον
3692 5240 3803 5293 καὶ

2110 5296 2433 5364 γφοδροτέραν
2463 5300 2737 5364 ἐνεποίησε
2790 5316 2910 5364 τοῖς
2982 5304 3186 5364 άόἑεσιν
3242 5310 3315 5364 είς
3356 5311 3458 5364 τὴν
3486 5316 3606 5364 τῶν
3679 5337 3800 5364 νε-

353 5304 831 5315 -.ιυυη-...νηυιυ
866 5304 1000 5317 νυ...
1028 5304 1074 5318 υ..
1125 5304 1383 5322 υιιιιιιυιιν.
1411 5304 1527 5331 χλιιι
1556 5304 1751 5322 μυιυιιι
1776 5304 1861 5323 σιν
1885 5304 2003 5331 υαιι

352 5348 511 5413 sunt,
547 5341 991 5418 generationem
1023 5304 1188 5408 suam
1222 5365 1338 5428 qua
1360 5348 1712 5409 conciliatur
1742 5370 1771 5411 c
1817 5370 2004 5411 mmu-

355 5426 447 5453 n2...
518 5427 948 5453 -I.._-._-._-_.___.
1062 5433 1126 5453 η.
1180 5434 1217 5453 ι·
1264 5438 1339 5453 -.,
1445 5436 1503 5453 Π·
1769 5438 1779 5453 ι
1938 5439 1973 5453 ο-

2110 5304 2433 5378 ιφοδροτέραν
2463 5304 2737 5366 ἐνεποίησε
2790 5316 2910 5366 τοῖς
2982 5304 3186 5384 ἄρρεσιν
3242 5310 3315 5367 είς
3356 5311 3458 5377 τὴν
3486 5316 3606 5365 τῶν
3679 5337 3800 5394 γε-

2110 5382 2190 5431 ιῶν
2219 5380 2535 5453 παραμονὴν
2572 5400 2584 5413 ’
2641 5381 2709 5448 ἢν
2738 5381 2856 5438 οὔτε
2887 5384 3071 5453 νόμος,
3119 5387 3237 5444 οὕτε
3270 5388 3407 5453 "200;,
3455 5389 3583 5446 οὕτε
3641 5392 3800 5453 ἄλλο

354 5426 474 5497 nio,
515 5401 976 5504 abnegaverunt.
1005 5456 1028 5489 υ
1060 5433 1131 5494 Et
1159 5401 1344 5497 dicit:
1387 5460 1412 5490 α
1444 5436 1509 5497 Si
1542 5454 1714 5496 unam
1747 5438 2000 5512 duxerit,

2110 5401 2190 5431 ιων
2219 5401 2535 5458 παραμονην
2572 5401 2584 5413 ’
2641 5401 2709 5448 ην
2738 5404 2856 5438 ουτε
2887 5401 3071 5465 νομος,
3119 5401 3237 5444 οὒτε
3270 5401 3407 5461 ἔθος,
3455 5401 3583 5446 οὔτε
3641 5401 3805 5455 ἄλλο

2110 5477 2135 5510 τι
2178 5458 2284 5512 τῶν
2328 5458 2497 5512 ὄντων
2546 5460 2793 5512 ἆωανίσαι
2837 5462 3050 5512 δύναται
3140 5473 3274 5512 Θεηῆ
3328 5473 3428 5512 vam
3486 5469 3604 5512 ἕης-ι
3681 5474 3755 5512 ἓρξ

1125 5458 1344 5497 ιωεηῖ
1387 5460 1412 5490 ⁸
1444 5458 1509 5497 δι
1542 5458 1714 5496 “nam
1747 5458 2000 5541 αυξθΐιῑν
2085 5477 2135 5510 τι
2178 5458 2284 5513 τῶν
2328 5458 2497 5515 ὄντων
2546 5460 2793 5542 ἀφανίσαι
2837 5458 3074 5546 δύναται,
3140 5473 3274 5525 Θεοῦ
3328 5458 3428 5551 γαρ
3485 5469 3611 5527 ἐστι
3681 5474 3802 5533 δέ-

350 5514 582 5591 habeat;
602 5536 740 5579 cum
760 5538 963 5585 omues
981 5528 1213 5606 possint
1228 5546 1360 5589 esse
1379 5538 1824 5609 communes,ut
1839 5529 1897 5590 in
1912 5549 2005 5591 re-
2086 5558 2220 5613 γμα.
2262 5560 2286 5595 ο

422 5680 453 5729 6
478 5686 619 5757 Leg.
656 5681 952 5750 ἀνατέλλει.
1038 5694 1066 5742 ’⁷
1112 5696 1287 5758 Rom.
1322 5711 1423 5772 Vll,
1462 5696 1516 5758 Ἰ.
