4096 6402
290 402 429 465 1269
1500 396 1983 461 FRAGMENTA
2028 392 2431 456 GNOSTICA.
3510 384 3664 449 1270

277 533 448 616 liquis
479 534 744 597 ostendit
773 533 1201 598 animantibus.
1246 557 1264 588 ι
1300 533 1440 596 Haec
1468 551 1606 595 cum
1637 530 1709 593 ad
1739 527 1985 616 verbum
2038 523 2308 616 dixisset,
2370 522 2673 616 subiungit
2720 541 2928 616 rursus
2959 523 3054 584 his
3083 520 3320 584 verbis:
3361 541 3417 616 u_
3446 521 3662 583 Acrem

282 609 433 686 enim
463 634 523 686 et
546 624 1055 687 vehementiorem
1080 626 1446 704 ingeneravit
1474 619 1756 683 masculis
1776 614 2159 704 cupiditatem
2191 612 2263 673 ad
2290 614 2524 692 generis
2553 611 3035 694 perpetuitatem,
3061 628 3240 692 quam
3264 628 3374 673 nec
3404 609 3520 687 lex,
3553 627 3665 673 nec

282 730 427 790 mos,
462 732 573 775 nec
605 712 764 775 aliud
797 713 1022 795 aliquid
1056 702 1251 794 potest
1276 712 1516 774 abolere
1554 733 1569 773 :
1607 718 1699 774 est
1733 707 1893 771 enim
1923 704 2026 766 Dei
2056 702 2392 766 decretum.
2432 726 2456 760 ι

1526 807 1603 869 Et
1644 804 1852 888 paulo
1885 808 2051 884 post,
2082 818 2237 881 pag.
2273 799 2412 863 430.

357 888 486 957 ιὈτι
516 904 786 981 θεομαχεῖ
815 900 902 956 ὅτε
952 900 1361 981 Καρποκράτης,
1406 898 1486 956 ὅτ’
1530 897 1825 979 Ἐπιφᾶνης
1870 898 1920 953 ἐν

2086 892 2252 965 Quod
2314 911 2447 954 cum
2508 892 2629 955 Deo
2666 892 2890 954 bellum
2948 898 3112 967 gerat
3141 893 3557 970 Carpocrates,
3611 896 3671 951 et

278 991 416 1063 αὖτῷ
476 1011 553 1062 τῳ
624 988 1038 1066 πολυθρυλλήτῳ
1109 988 1318 1063 βιϐλίῳ,
1364 1012 1439 1061 τῳ
1484 989 1606 1067 Περὶ
1661 987 1929 1067 δικαιοσύ-

2023 983 2442 1064 Epiphanes,in
2462 1002 2531 1044 eo
2553 986 2652 1064 qui
2675 984 2842 1063 vulgo
2863 984 3119 1063 jactatur
3139 982 3390 1045 IibroDe
3402 982 3665 1063 justitia,

277 1100 395 1151 νης,
444 1075 639 1155 λέγων,
705 1077 807 1134 ὧδέ
866 1100 978 1143 πως
1037 1077 1273 1159 ἒπιφὲρει
1330 1079 1466 1134 κατὰ
1524 1076 1684 1143 λέξιν.
1740 1066 1934 1133 ’Ἔνθεν

279 1167 350 1229 ὡς
434 1165 650 1245 γελοῖον
727 1167 999 1247 εἰρηκότος
1056 1177 1150 1226 τοῦ
1206 1167 1514 1245 νομοθέτου,
1576 1166 1721 1245 ρῆμα
1785 1166 1936 1220 τοῦτο

278 1254 590 1329 ἀκουστέον,
654 1259 761 1315 Οὐκ
840 1258 1206 1335 ὶπιθυμήσεις,
1281 1258 1413 1335 πρὸς
1481 1257 1542 1311 τὸ
1611 1254 1937 1332 γελοιότερον

276 1345 470 1416 εἰπεῖν,
545 1348 652 1401 τῶν
708 1348 803 1401 τοῧ
859 1344 1087 1412 πλησίον
1127 1361 1141 1375 ⁸
1188 1345 1343 1408 αὐτὸς
1404 1346 1503 1425 γὰρ
1560 1348 1588 1403 6
1633 1345 1728 1412 τὴν
1755 1346 1936 1399 ἒπιθυ-

278 1433 404 1508 μίαν
463 1432 609 1509 δοὺς,
655 1436 728 1499 ὡς
787 1435 1111 1514 συνέχουσαν
1162 1435 1228 1490 τὰ
1273 1440 1372 1501 τῆς
1431 1436 1713 1513 γενέσεως,
1741 1433 1938 1498 ταύτην

272 1522 611 1601 ἀφαιρεῖσθαι
670 1522 905 1602 καλεύει,
995 1521 1223 1598 μηδενὸς
1293 1523 1458 1590 αὖτήν
1512 1522 1721 1601 ἀφελὼν
1776 1521 1933 1591 ζώου.

274 1613 348 1670 Τὸ
409 1609 489 1681 δὲ,
576 1616 675 1678 τῆς
755 1618 847 1667 τοῦ
930 1610 1157 1678 πλησίον
1216 1613 1484 1689 γυναικὸς,
1545 1610 1783 1677 ἰδιότητα
1842 1610 1933 1676 τὴν

273 1700 557 1756 κοινωνίαν
623 1700 959 1779 ἀναγκάζων,
990 1776 1001 1785 ι
1046 1699 1121 1756 ἔτι
1200 1698 1531 1780 γελοιότερον
1601 1700 1749 1758 εἶπε.
1839 1698 1936 1756 Καὶ

272 1795 441 1844 ταῦτα
535 1790 634 1863 μὲν
719 1792 767 1844 οἱ
847 1800 1083 1867 γενναῖοι
1158 1790 1610 1868 Καρποκρατιανοὶ
1679 1786 1936 1865 δογματῖ-

272 1884 448 1948 ζουσι.

2020 1087 2176 1158 patet
2206 1097 2272 1138 ex
2306 1097 2376 1137 eo
2399 1077 2557 1157 quod
2577 1077 2884 1157 subjungit
2913 1076 3007 1137 his
3035 1076 3237 1137 verbis
3263 1095 3277 1139 :
3307 1075 3459 1137 Hinc
3482 1068 3672 1155 utqui

2018 1164 2336 1225 ridiculum
2361 1164 2593 1245 dixerit,
2622 1165 2975 1245 legislatoris
3005 1164 3118 1225 hoc
3144 1163 3395 1226 verbum
3419 1162 3670 1225 audien-

2020 1254 2160 1314 dum
2184 1262 2309 1315 est:
2345 1253 2482 1315 Non
2538 1256 2919 1334 concupisces
2943 1300 2958 1327 ,
3008 1262 3066 1314 et
3097 1261 3161 1314 ut
3207 1254 3393 1333 magis
3421 1251 3674 1315 ridicule

2021 1341 2399 1423 diceret,res,
2424 1342 2917 1423 iuquit,pr0a:imi
2937 1346 3193 1422 lui.Ipse
3211 1342 3368 1402 enim
3394 1341 3493 1422 qui
3508 1340 3675 1403 dedit

2020 1430 2431 1510 cupiditatem.
2461 1439 2523 1491 ut
2552 1450 2682 1511 qua;
2713 1430 3015 1494 contineat
3038 1448 3109 1491 ea
3150 1448 3283 1511 qua;
3312 1430 3384 1491 ad
3414 1446 3670 1507 genera-

2025 1519 2242 1586 tionem
2300 1519 2582 1593 attirent,
2608 1519 2779 1600 jubct
2808 1538 2936 1581 eam
2973 1518 3233 1590 auferre,
3285 1537 3419 1579 cum
3450 1537 3483 1578 a
3512 1516 3673 1578 nullo

2023 1626 2150 1668 eam
2185 1608 2409 1668 auferat
2430 1608 2697 1670 animali.
2729 1606 2879 1669 Illud
2905 1616 3385 1687 autem,uxorem
3402 1607 3678 1686 proximi

2020 1698 2113 1758 tui
2141 1698 2191 1771 8,
2224 1696 2703 1757 communionem
2728 1695 3037 1774 cogenSnd
3075 1692 3680 1776 proprietatem,dixit

2019 1785 2213 1847 adhuc
2269 1785 2451 1863 magis
2484 1784 2759 1847 ridicule.
2819 1784 2890 1845 Et
2921 1785 3047 1846 haec
3098 1784 3342 1865 quidem
3403 1784 3677 1864 dogmata

2021 1875 2390 1935 constituunt
2420 1874 2644 1954 egregii
2687 1873 3149 1955 Carpocratiani.

1544 2053 2020 2117 FRAGMENTA
2084 2051 2391 2114 ISIDORI.

681 2146 785 2209 Ea:
817 2147 924 2212 lib.
959 2150 1048 2211 De
1086 2147 1315 2210 adnata
1343 2146 1573 2226 anima,
1607 2162 1717 2225 ap.
1754 2142 2142 2219 Clementem
2170 2143 2356 2205 Alcm.
2394 2144 2499 2205 lib.
2534 2160 2577 2207 11
2600 2146 2917 2226 Stromat.,
2942 2164 3099 2226 pag.
3128 2146 3268 2209 409.

367 2241 536 2305 Αὐτὸς
593 2247 719 2318 γοῦν
762 2242 791 2296 6
833 2241 925 2297 τοῖ
974 2237 1281 2298 Βασιλείδου
1335 2241 1445 2302 υἱὸς
1491 2236 1750 2316 Ἰσίδωρος
1779 2241 1834 2293 ἴεν

2101 2234 2233 2316 Ipse
2262 2236 2418 2297 ﬁlius
2448 2236 2726 2300 Basilidis
2747 2239 3027 2313 Isidorus,
3056 2240 3115 2300 in
3148 2239 3300 2301 libro
3333 2241 3419 2302 De
3445 2239 3678 2302 adnala

274 2329 407 2408 Περὶ
464 2329 761 2408 προσφυοῦς
821 2330 1025 2410 ψυχῆς,
1115 2326 1519 2403 συναισθόμενος
1576 2334 1667 2385 τοῦ
1734 2325 1941 2404 δόγμα-

270 2440 397 2491 τος,
448 2417 569 2474 οἷον
613 2419 799 2475 ἑαυτοῦ
854 2424 1193 2497 κατηγορῶν,
1240 2417 1427 2497 γράφει
1456 2418 1594 2473 κατὰ
1622 2414 1782 2481 λέξιν⁹
1814 2415 1942 2473 Ἐὰν

274 2508 385 2585 γὰρ
428 2528 532 2562 τινι
587 2520 795 2582 πεῖσμα
847 2505 975 2582 δῷς,
1020 2498 1103 2564 ὅτι
1148 2507 1225 2583 μὴ
1268 2506 1410 2563 ἔστιν
1452 2508 1487 2574 ἡ
1533 2504 1685 2585 ψυχή
1719 2525 1941 2579 μονομεο

275 2598 403 2675 ρὴς,
462 2601 530 2672 τῇ
571 2593 625 2651 δὲ
669 2598 775 2653 τῶν
833 2597 1293 2677 προσαρτημάτων
1337 2595 1423 2672 βίῃ⁵
1451 2596 1517 2651 τὰ
1546 2601 1652 2650 τῶν
1682 2593 1941 2673 χειρόνων

272 2686 509 2763 γίνεσθαι
553 2685 721 2760 πάθη,
784 2685 1047 2765 πρόφασιν
1090 2687 1149 2741 οὔ
1188 2684 1288 2750 τὴν
1339 2693 1607 2764 τυχοῦσαν
1662 2680 1861 2747 ἕξουσιν
1895 2688 1939 2740 οἱ

273 2774 550 2853 μοχθηροὶ
603 2780 709 2830 τῶν
758 2774 1046 2853 ἀνθρώπων
1088 2773 1260 2852 λέγειν
1292 2793 1307 2809 ⁸
1368 2771 1670 2845 Ἐϐιοίσθην,
1732 2767 1937 2837 ἀπηνέ-

273 2866 447 2942 χθην,
504 2860 646 2918 ἄκων
704 2861 918 2939 ἔδρασα,
981 2863 1058 2939 μὴ
1090 2861 1413 2940 βουλόμενος
1458 2862 1728 2938 ἐνήργησα
1761 2876 1778 2891 ⁸
1839 2864 1938 2925 τῆς

272 2958 391 3009 τῶν
452 2958 630 3008 κακῶν
686 2954 962 3028 ὲπιθυμίας
1049 2953 1205 3016 αὐτὸς
1280 2952 1651 3030 ἡγησάμενος,
1724 2948 1812 3004 καὶ
1882 2952 1941 3005 οὗ

277 3040 666 3121 μαχεσάμενος
741 3053 865 3105 ταῖς
942 3043 1047 3096 τῦν
1106 3041 1562 3120 προσαρτημάτων
1618 3040 1782 3115 βίαις.
1847 3049 1943 3101 Δεῖ

272 3128 360 3187 δὲ.
424 3135 500 3203 τῷ
543 3127 832 3207 λογιστικῴ
901 3131 1200 3208 κρείττονας
1244 3128 1578 3207 γενομένους,
1622 3131 1723 3194 τῆς
1778 3124 1938 3182 ἐλάτ-

276 3239 440 3280 τονος
498 3216 551 3271 ἐν
594 3216 721 3285 ἡλϊν
750 3220 971 3281 κτίσεως
1001 3223 1231 3298 φανῆναι
1261 3224 1607 3287 κρατούνταε.

2023 2326 2393 2398 anima,cum
2413 2324 2626 2401 dogma
2655 2326 3165 2389 animadvertisset
3181 2326 3408 2409 ,scribit
3429 2327 3522 2388 his
3538 2342 3676 2388 ver-

2025 2412 2137 2488 bis,
2172 2412 2348 2473 veluti
2389 2413 2651 2494 seipsnm
2684 2433 3003 2479 accusans:
3037 2418 3099 2479 Si
3131 2417 3290 2479 enim
3329 2414 3503 2477 alicui
3534 2432 3675 2496 per-

2023 2500 2285 2561 suaseris
2344 2503 2575 2562 unicam
2623 2521 2742 2563 non
2777 2522 2910 2565 esse
2938 2504 3282 2580 animam,vi
3336 2512 3530 2566 autem
3561 2522 3673 2584 ap-

2026 2588 2342 2668 pendicum
2368 2591 2498 2652 ﬁeri
2520 2609 2620 2652 eas
2640 2610 2772 2672 quae
2790 2593 2862 2653 ad
2892 2595 3183 2657 deteriora
3213 2594 3676 2674 ferunt,pertur-

2024 2677 2313 2751 bationes,
2342 2698 2459 2739 non
2493 2679 2681 2741 levem
2701 2691 3043 2762 praetextum
3070 2683 3373 2746 habebunt
3401 2681 3676 2745 homines

2023 2766 2296 2826 scelerati
2345 2767 2611 2829 dicendi.
2669 2773 2920 2833 Coactus
2975 2790 3129 2847 sum,
3191 2772 3482 2836 abductus
3514 2787 3671 2844 sum,

2023 2862 2259 2917 coactus
2289 2856 2430 2929 l'eci,
2465 2876 2581 2917 non
2614 2858 2818 2920 volens
2862 2869 3139 2941 operatus
3169 2879 3298 2921 sum
3330 2878 3344 2923 :
3379 2878 3512 2921 cum
3543 2860 3676 2939 ipse

2027 2944 2406 3023 imperaverit
2448 2946 2736 3007 malorum
2769 2948 3101 3029 cupiditati,
3134 2957 3193 3011 et
3218 2968 3350 3010 cum
3382 2947 3675 3029 appendi-

2026 3051 2158 3093 cum
2189 3031 2468 3094 violentia
2490 3053 2607 3095 non
2638 3035 3011 3116 depugnarit.
3036 3036 3280 3116 Oportet
3308 3044 3675 3112 autem,cum

2028 3128 2190 3201 parte
2220 3121 2489 3182 rationali
2540 3133 2909 3203 praestemus,
2944 3133 3009 3187 ut
3042 3125 3307 3189 inferiori
3336 3143 3466 3207 quas
3494 3131 3586 3187 est
3611 3124 3675 3187 in

2030 3207 2202 3270 nobis
2229 3219 2515 3272 creaturae
2545 3212 2943 3276 dominemur.

726 3310 830 3371 Ea:
864 3308 1214 3371 Moralibus
1252 3308 1507 3389 Isidori,
1559 3325 1664 3389 ap.
1702 3304 2089 3369 Clementem
2118 3300 2323 3383 Alma,
2360 3303 2466 3365 lib.
2506 3320 2592 3366 III.
2626 3307 2943 3388 Stromat.,
2975 3326 3041 3389 p.
3080 3308 3222 3372 427.

366 3398 681 3481 Ἀντὲχουθ
748 3402 941 3477 τοίνυν,
1015 3425 1146 3482 φησι
1210 3403 1346 3458 κατὰ
1398 3400 1537 3466 λέξιν
1598 3402 1625 3457 6
1682 3397 1937 3479 Ἰσίδωρος

2101 3397 2255 3482 5ος
2275 3393 2575 3459 Patienter
2596 3398 2838 3474 sustine,
2864 3400 3056 3481 inquit
3083 3400 3176 3462 his
3188 3399 3389 3463 verbis
3411 3399 3675 3462 Isidorus

269 3492 331 3547 ἐν
396 3503 514 3554 τοῖς
588 3488 853 3563 Ἠθικοῖς,
914 3492 1162 3570 μαχίμης
1217 3492 1489 3569 γυναικὸς,
1534 3489 1627 3545 (ἕνα
1670 3491 1747 3563 μὴ
1796 3488 1935 3545 ἀπο-

271 3583 526 3655 σπασθῇς
573 3578 670 3646 τῆς
720 3580 938 3658 χάριτος
969 3590 1060 3638 τοῦ
1090 3582 1222 3636 Θεοῦ
1257 3598 1270 3613 ⁸
1326 3580 1447 3658 τότε
1502 3584 1603 3655 πῦρ
1662 3578 1938 3655 ἆποσπερ-

269 3669 535 3748 ματίσας,
584 3656 957 3737 εὖσυνειδήτως
1014 3669 1317 3748 προσεύχῃ,
1377 3656 1559 3729 ’Ὀταν
1591 3664 1646 3722 δὲ
1675 3667 1709 3734 ἡ
1766 3666 1940 3745 εὔχα-

271 3760 460 3838 ριστία
504 3779 621 3829 σου,
656 3760 841 3836 φησὶν,
882 3759 955 3820 είς
1005 3757 1228 3825 αἴτησιν
1284 3756 1556 3832 ἀποπέσῃ,
1597 3757 1686 3812 καὶ
1716 3761 1848 3831 στῇς
1890 3752 1944 3795 ¹⁰

272 3850 342 3904 τὸ
404 3845 591 3902 λοιπὸν
651 3849 711 3903 οὔ
766 3850 1121 3927 κατορθῶσαι,
1165 3845 1301 3902 ἀλλὰ
1326 3847 1403 3921 μὴ
1436 3844 1719 3923 σφιλῆναι,
1753 3842 1938 3921 γάμη-

274 3958 405 3992 σον.
455 3933 620 3991 Ἀλλὰ
663 3934 779 3996 νέος
819 3936 897 3999 τίς
953 3938 1117 4015 ἔστιν,
1178 3935 1214 4001 ἢ
1269 3934 1461 4014 πένης,
1515 3932 1551 4001 ἢ
1604 3932 1938 4012 κατωφερὴς,

271 4025 375 4082 καὶ
420 4026 480 4080 οὗ
506 4023 646 4081 θέλει
690 4028 862 4101 γῆμαι
921 4026 1056 4080 κατὰ
1082 4027 1173 4080 τὸν
1204 4023 1384 4101 λόγον,
1419 4023 1570 4086 οὗτος
1600 4032 1692 4080 τοῦ
1720 4019 1943 4101 ἀδελφοῦ

271 4115 368 4190 μὴ
397 4100 745 4193 χωρίζὲσθωγ·
804 4112 1031 4193 λεγέτω,
1077 4115 1157 4170 ὃτι
1220 4100 1544 4182 Εἰσελήλυθα
1599 4110 1708 4189 ἐγὼ
1749 4111 1822 4173 εἰς
1860 4100 1943 4166 τὰ

270 4203 438 4283 ἅγιαι,
500 4200 648 4258 ὠδὶν
705 4200 925 4278 δύναμαι
978 4205 1190 4259 παθεῒν.
1255 4199 1378 4259 Ἐὰν
1425 4198 1479 4256 δὲ
1524 4200 1776 4257 ὑπόνοιαν
1807 4197 1935 4279 ἔχῃ.

272 4291 492 4348 εἰπάτω
526 4308 541 4322 ⁸
604 4288 847 4369 Ἀδελφέ,
920 4291 1091 4355 ἐπίθες
1163 4314 1255 4367 μοι
1311 4291 1409 4357 ’τὴν
1465 4302 1651 4368 χεῖρα,
1712 4288 1806 4344 ἵνα
1864 4289 1942 4364 μὴ

272 4381 588 4459 ἀμαρτήσω
621 4398 636 4412 ⁸
698 4382 786 4436 καὶ
836 4379 1067 4456 λήψεται
1150 4382 1397 4457 βοήθειαν
1452 4379 1540 4435 καὶ
1597 4378 1793 4445 νοητὴν
1854 4380 1943 4434 καὶ

270 4470 570 4536 αἰσθητὴν,
629 4468 922 4536 Θελησάτω
966 4468 1126 4545 μόνον
1170 4469 1472 4548 ἆπαρτῆσαι
1529 4466 1580 4515 ίί
1626 4466 1687 4522 τὸ
1752 4464 1938 4544 καλὸν,

269 4559 378 4617 καὶ
408 4556 758 4623 ἑπιτεύξεται,
806 4556 1004 4615 Ἐνίοτε
1047 4556 1102 4613 δὲ
1145 4565 1221 4633 τῷ
1279 4557 1377 4632 μὲν
1435 4556 1659 4631 στόματι
1689 4553 1937 4635 λέγομεν,

2023 3482 2082 3542 ἱη
2106 3481 2462 3559 Moralibus,
2488 3504 2733 3548 uxorem
2761 3498 3281 3569 contumacem,ne
3301 3488 3405 3552 Dei
3427 3489 3671 3568 gratiam

2021 3570 2254 3631 amittas
2285 3580 2342 3632 et
2391 3593 2524 3634 cum
2577 3594 2690 3636 una
2737 3594 2871 3638 cum
2918 3578 3147 3639 semina
3178 3577 3447 3639 libidinis
3496 3578 3672 3638 ﬂam-

2025 3678 2182 3719 mam
2215 3660 2488 3739 ejeceris,
2522 3682 2652 3723 cum
2683 3663 2837 3725 bona
2856 3683 2990 3727 ores
3016 3665 3401 3729 conscientia.
3425 3663 3675 3737 Quando

2023 3758 2241 3823 autem,
2276 3749 2486 3829 inquit,
2511 3760 2607 3812 tua
2627 3753 2943 3831 gratiarum
2968 3755 3121 3818 actio
3150 3754 3453 3817 declinare
3482 3771 3678 3834 cmpe-

2022 3836 2100 3897 rit
2128 3836 2187 3896 in
2222 3837 2587 3917 petitionem,
2617 3852 2672 3901 et
2687 3842 2811 3921 jam
2842 3843 3103 3907 oraveris
3126 3862 3242 3904 non
3275 3851 3389 3903 tam
3422 3849 3486 3903 ut
3513 3850 3678 3905 recte

2024 3943 2182 4004 agas,
2236 3943 2411 4005 quam
2471 3936 2530 3988 ut
2563 3948 2636 3989 ne
2667 3929 2907 4006 labaris,
2966 3932 3085 3994 duc
3132 3950 3399 3994 uxorem.
3451 3930 3559 3994 Sin
3588 3937 3680 3994 est

2023 4012 2237 4094 aliquis
2261 4014 2521 4091 juvenis,
2556 4017 2644 4078 vel
2670 4038 2915 4100 pauper,
2949 4020 3289 4085 velinﬁrma
3311 4017 3675 4099 valetudine,

2026 4111 2083 4163 et
2113 4120 2230 4162 non
2253 4103 2373 4165 vult
2403 4105 2614 4167 rationi
2647 4109 3070 4171 convenienter
3099 4127 3343 4171 uxorem
3374 4105 3677 4181 ducere,is

2024 4196 2262 4252 at'ratre
2311 4210 2385 4254 ne
2443 4204 2796 4273 separetur:
2859 4200 3053 4262 dicat:
3100 4199 3406 4279 Ingressus
3452 4214 3584 4257 sum
3614 4195 3679 4258 in

2027 4286 2251 4367 sancta,
2287 4280 2434 4343 nihil
2466 4302 2702 4364 possum
2731 4287 2871 4364 pati.
2907 4287 3025 4350 Sed
3051 4288 3103 4350 si
3129 4289 3205 4348 de
3233 4288 3432 4367 seipso
3460 4283 3680 4346 habeat

2027 4366 2452 4448 suspicionem,
2478 4372 2631 4433 dicat
2658 4395 2672 4432 :
2706 4374 2930 4451 Frater,
2961 4377 3200 4457 impone
3232 4375 3378 4438 mihi
3408 4391 3673 4448 manum,

2027 4469 2234 4524 utnon
2295 4478 2535 4541 peccem
2565 4482 2579 4542 ;
2611 4472 2670 4523 et
2698 4464 2948 4545 accipiet
2999 4464 3306 4538 auxilium,
3370 4470 3485 4524 tom
3518 4461 3677 4542 quod

2024 4560 2222 4612 mente
2254 4557 2448 4631 potrst
2477 4550 2728 4631 percipi,
2754 4572 2929 4633 quam
2960 4554 3210 4615 sensile.
3259 4552 3421 4614 Velit
3451 4559 3676 4612 tantum

332 4651 349 4671 ν
451 4647 467 4677 _'
676 4647 688 4665 9
849 4653 870 4662 ~
1088 4649 1100 4669 ‹
1150 4645 1193 4666 tu
1234 4646 1257 4664 ιε
1297 4647 1307 4663 ι
1463 4644 1487 4665 ν
1911 4648 1922 4663 ς

268 4660 360 4707 0')
415 4646 635 4721 θελομεν
666 4668 971 4726 αμαρτησαι
1006 4666 1021 4682 ⁸
1080 4671 1114 4714 η
1145 4666 1200 4703 οε
1229 4666 1432 4703 οιανοια
1464 4666 1695 4722 εγκειται
1748 4643 1833 4701 ἐπὶ
1874 4667 1936 4701 το

2023 4640 2176 4717 quod
2234 4639 2453 4700 bonum
2511 4646 2600 4699 cst
2655 4643 2961 4720 perﬁcere,
2994 4650 3052 4704 et
3107 4644 3219 4703 voti
3250 4657 3493 4721 compos
3554 4640 3672 4702 tiet.

273 4736 641 4812 ἁμαρτάνειν.
706 4729 763 4793 ιΟ
803 4742 1041 4799 τοιοῦτος
1098 4734 1182 4791 διὰ
1222 4733 1383 4810 φοϐον
1426 4734 1485 4791 οὗ
1527 4745 1676 4791 ποιεῖ
1715 4734 1744 4788 ὃ
1784 4730 1938 4798 θέλει,

2033 4730 2468 4808 Nonnunquam
2484 4736 2676 4790 autem
2697 4749 2800 4792 ore
2813 4732 3052 4812 quidem
3083 4732 3337 4794 dicimus
3358 4749 3371 4793 :
3392 4728 3680 4791 Nolumus

268 4826 382 4881 ἵνα
427 4825 505 4901 μὴ
546 4826 581 4893 ἡ
637 4825 857 4888 κόλατις
901 4826 1044 4898 αὑτῷ
1086 4823 1369 4902 ὲλλογισθῇ
1398 4844 1411 4858 ⁸
1443 4825 1479 4892 ἡ
1523 4821 1577 4878 δὲ
1604 4822 1938 4899 ἀνθρωπότης

2031 4815 2581 4896 peccare;cogitatio
2592 4826 2788 4880 autem
2804 4827 3000 4882 nostra
3014 4821 3205 4882 defixa
3226 4818 3387 4880 estin
3412 4824 3673 4899 peccato.

270 4912 409 4993 ἔχει
439 4914 559 4971 τινὰ
615 4913 905 4993 ἀναγκαῖα,
952 4915 1045 4970 καὶ
1093 4914 1286 4994 φυσικὰ
1334 4911 1469 4989 μόνα
1505 4931 1520 4948 ⁸
1555 4910 1673 4990 ἔχει
1700 4911 1762 4965 τὸ
1792 4932 1938 4991 περι-

2029 4904 2817 4987 Quiestejusmodi,propter
2831 4918 3052 4971 metum
3072 4907 3229 4991 quod
3242 4908 3368 4969 vult
3383 4925 3501 4968 non
3512 4903 3673 4994 facit,

268 5000 573 5058 ἵάλλεσθαι
615 5001 910 5080 ἀναγκατω
944 5003 1031 5058 καὶ
1060 4993 1278 5080 φυσικὸν
1313 5018 1326 5032 ⁸
1382 5001 1601 5080 φυσικὸν
1642 4996 1696 5054 δὲ
1739 5000 1800 5055 τὸ
1841 5007 1938 5055 τῶι.

2030 5014 2105 5056 ne
2134 4994 2189 5055 ei
2214 4994 2507 5055 inferatur
2532 5012 2725 5075 poena.
2751 4996 3023 5059 Humana
3042 5005 3239 5059 autem
3268 5005 3478 5058 natura
3499 4993 3679 5056 habet

268 5089 631 5169 ἀφροδισίων,
664 5090 759 5146 οὒκ
788 5090 1082 5165 ἀναγκαῖον
1113 5089 1191 5153 δὲ,

2031 5084 2294 5167 quaedam
2333 5085 2692 5154 necessaria.
2725 5094 2783 5148 et
2810 5086 3076 5167 quaedam
3112 5086 3305 5147 solum
3347 5082 3674 5145 naturalia:

271 5176 453 5261 quod
471 5177 727 5241 vestibus
749 5178 1055 5258 induatur,
1073 5178 1129 5239 id
1157 5176 1559 5240 necessarium
1577 5174 1916 5239 etnaturale
1939 5195 1952 5239 :
1974 5194 2070 5236 res
2089 5182 2286 5236 autem
2309 5171 2576 5234 Venerea
2598 5176 2885 5236 naturalis
2907 5184 3019 5250 est,
3045 5176 3150 5236 sed
3172 5194 3293 5237 nou
3316 5172 3675 5254 necessaria;

272 5270 397 5334 Ea:
429 5269 588 5334 lib.1
638 5279 694 5333 et
724 5287 765 5333 II
796 5271 1268 5352 Expositionum
1328 5270 1653 5353 prophetae
1708 5269 2001 5410 Parch‘or,
2050 5267 2237 5428 (qr/mel
2305 5266 2718 5348 Clementem,
2779 5268 2884 5331 lib.
2920 5283 2982 5331 VI
3013 5270 3328 5344 Stromat.,
3370 5284 3525 5348 pag.
3557 5265 3670 5329 641

1861 5368 1894 5411 e
1945 5367 2048 5428 seq
2097 5393 2111 5408 .

1861 5367 1917 5411 et
1945 5367 2111 5428 seqq.

376 5442 642 5523 Ἰσίδωρος
684 5448 712 5501 6
761 5444 1067 5503 Βασιλείδου
1133 5450 1244 5510 υἱὸς
1301 5446 1412 5522 ἅμα
1464 5450 1555 5502 καὶ
1599 5443 1841 5521 μαθητὴς
1897 5442 1938 5497 ἐκ

2116 5437 2378 5500 Isidorus
2411 5438 2687 5501 Basilidis
2739 5441 2914 5502 simul
2946 5441 3100 5502 [ilius
3130 5445 3189 5500 et
3236 5438 3587 5519 discipulus,
3615 5437 3680 5499 in

275 5540 376 5607 τῷ
404 5537 600 5612 πρώτῳ
653 5540 744 5590 τοῦ
797 5536 1070 5615 προφήτου
1129 5536 1361 5616 Παρχὼρ
1430 5532 1796 5611 Ἐξηγητικῶν
1863 5534 1938 5587 καὶ

2036 5528 2225 5610 primo
2257 5527 2411 5589 libro
2434 5527 2911 5608 Exposillomim
2943 5529 3242 5610 prophetae
3267 5527 3683 5616 Parchor,ipse

276 5622 458 5687 αὐτὸς
501 5624 637 5679 κατὰ
688 5622 827 5689 λέξιν
874 5625 1062 5703 γράφει
1100 5640 1114 5654 ⁸
1173 5615 1311 5682 Φασὶ
1366 5622 1421 5680 δὲ
1464 5625 1512 5680 οἱ
1556 5621 1789 5678 Ἀττικοὶ
1845 5641 1938 5695 με-

2033 5635 2267 5698 quoque
2326 5616 2534 5680 scribit
2560 5618 2636 5679 ad
2689 5619 2958 5684 verbum.
2994 5618 3213 5682 Dicunt
3252 5626 3449 5681 autem
3476 5615 3681 5698 Attici,

382 5766 414 5817 8
444 5769 619 5831 Deut.
650 5785 711 5843 v,
745 5770 844 5830 2t.
931 5771 965 5822 9
992 5771 1075 5833 Ex
1100 5770 1431 5855 Epiphanio
1462 5768 1620 5848 lege,
1656 5766 1872 5848 ἀνέχου.

2042 5764 2220 5842 Lego,
2253 5765 2340 5820 καὶ
2371 5764 2541 5831 αἷτῆς.
2626 5761 2674 5805 ¹¹
2707 5765 2850 5844 Leg.
2897 5764 3201 5847 ἀπαρτίσαι,
