4096 6432
449 361 600 422 1271

1353 364 1742 426 APPENDIX
1787 361 1885 426 AD
1930 363 2271 436 QUINQUE
2316 361 2611 423 IRENIEI
2652 360 2945 422 LIBROS.

3699 359 3719 420 1
3738 358 3843 421 27?

445 492 714 572 quaedam
777 491 958 553 fuisse
989 492 1320 570 signiﬁcata
1377 492 1631 569 Socrati,
1666 492 1939 554 daemone
1971 510 2104 553 eum

2191 490 2452 566 μηνῦσθαί
2494 511 2610 544 τινα
2679 495 2756 563 τῷ
2820 490 3116 569 Σωκράτει,
3180 487 3550 569 παρεπομένου
3609 485 3844 561 δαίμονος

443 581 788 643 comitante.
815 580 969 641 Dicit
999 580 1172 642 etiam
1199 580 1575 656 Aristoteles,
1598 601 1808 643 omnes
1830 580 2106 643 homines

445 670 531 731 uti
560 669 956 750 daemonibus,
981 670 1085 750 qui
1109 688 1211 730 eos
1237 670 1596 732 comitantur
1622 690 1688 733 ex
1715 690 1785 733 eo
1813 677 2102 750 tempore,

444 778 560 840 quo
594 758 849 820 induunt
880 777 1116 839 corpus.
1156 758 1340 830 Quam
1374 778 1508 819 cum
1541 778 1573 819 a
1607 760 1916 840 prophetis
1947 776 2108 819 acce-

442 847 626 928 pisset
657 846 973 921 dotrinam,
1011 853 1070 908 et
1126 847 1183 907 in
1217 865 1358 907 suos
1387 847 1691 909 retulisset
1749 847 1958 921 libros,
1990 866 2106 907 non

440 943 639 999 tamen
671 936 829 998 unde
862 936 1194 1016 accepisset
1244 954 1374 998 eam
1406 938 1744 999 conﬁtetur.
1798 938 1872 1000 Et
1901 954 2107 998 rursus

437 1025 501 1087 in
531 1026 802 1087 secundo
837 1025 1106 1104 ejusdem
1140 1025 1340 1105 operis
1372 1026 1585 1089 scribit
1612 1044 1624 1089 :
1659 1028 1782 1089 Nec
1808 1025 2109 1088 existimet

436 1114 673 1197 aliquis,
740 1116 897 1196 quod
941 1114 1196 1177 dicimus
1228 1116 1528 1197 proprium
1586 1134 1720 1177 esse
1751 1116 2104 1189 electorum,

437 1204 552 1266 hoc
604 1204 785 1267 fuisse
841 1204 1195 1285 praedictum
1228 1203 1299 1265 ab
1360 1204 1660 1285 aliquibus
1713 1204 2104 1285 philosophis.

436 1294 561 1355 Nec
619 1295 777 1354 enim
827 1295 937 1355 hoc
1003 1311 1210 1355 eorum
1270 1301 1357 1355 est
1413 1294 1764 1364 inventum;
1801 1294 1903 1354 sed
1968 1311 2102 1354 cum

439 1383 837 1461 sumpsissent
860 1401 891 1443 a
918 1382 1243 1463 prophetis,
1273 1381 1329 1442 id
1353 1381 1686 1444 tribuerunt
1718 1381 1772 1445 ei
1804 1399 1978 1462 quem
2013 1400 2094 1443 sa-

437 1471 697 1551 pientem
732 1489 851 1531 non
880 1470 1239 1531 existimant.
1267 1470 1333 1530 Et
1359 1471 1645 1532 rursusin
1676 1470 1884 1531 eodem
1917 1487 1929 1531 :
1961 1469 2102 1533 Mihi

439 1559 680 1640 quidem
713 1558 966 1634 videtur,
1000 1566 1064 1619 ut
1096 1558 1138 1618 ii
1164 1558 1264 1639 qui
1297 1557 1411 1620 sibi
1445 1559 1882 1639 philosophiam
1917 1559 2100 1618 vindi-

439 1655 597 1729 cant,
631 1648 864 1709 discant
894 1647 1035 1728 quid
1068 1647 1143 1707 sit
1174 1665 1432 1727 quercus
1486 1647 1655 1722 alata,
1695 1656 1753 1709 et
1783 1647 2105 1709 versicolor

442 1736 573 1816 ejus
608 1736 871 1817 pallium,
904 1745 963 1798 at
994 1735 1196 1797 omnia
1229 1754 1594 1817 quaecunque
1628 1737 1999 1817 Pherecydes
2030 1737 2102 1797 de

443 1801 626 1886 rebus
679 1801 896 1886 divinis
954 1801 1265 1886 disserens
1304 1801 1622 1903 allegorice
1677 1801 1880 1899 dixit:
1910 1844 2039 1906 quae
2069 1845 2101 1888 e
2128 1801 2162 1849 Β

443 1912 651 1976 Chami
690 1913 1001 1994 prophetia
1034 1911 1255 1975 hausit.

2188 579 2329 653 αὑτῷ
2363 594 2377 609 ⁸
2437 578 2525 633 καὶ
2584 575 2958 656 Ἀριστοτέλης
3004 575 3215 654 δαίμοσι
3298 579 3597 657 κεχρῆσθαι
3650 575 3840 640 πάντας

2188 666 2488 745 ἀνθρώπους
2574 665 2737 744 λέγει,
2824 673 3239 746 συνομαρτοῦσιν
3325 667 3507 730 αὑτοῖς
3564 665 3707 744 παρὰ
3758 665 3838 721 τᾶν

2189 757 2384 835 χρόνον
2441 760 2541 823 τῆς
2596 754 3049 831 ἐνσωματώσεως,
3116 756 3453 836 Προφητικὸν
3510 762 3664 811 τοῦτο
3735 755 3837 830 μά-

2189 846 2337 920 θημα
2393 842 2569 901 λαϐὼν
2634 847 2723 901 καὶ
2781 844 3134 919 καταθέμενος
3193 847 3266 909 εἰς
3310 845 3375 900 τα
3419 844 3604 899 ἑαυτοῦ
3645 840 3834 919 βιϐλία,

2191 935 2268 1009 μὴ
2315 932 2657 1011 ὁμολογήσας
2717 934 2833 990 ὅθεν
2883 932 3123 1013 ὑφείλετο
3165 935 3255 989 τὸν
3300 931 3461 1010 λόγον
3503 931 3710 989 τοῦτον.
3746 933 3836 989 Καὶ

2191 1021 2357 1079 πάλιν
2400 1025 2457 1078 ἐν
2484 1031 2560 1097 τῷ
2592 1020 2815 1102 δευτέρῳ
2856 1028 2954 1089 τῆς
3000 1022 3165 1091 αὑτῆς
3218 1021 3533 1095 συντάξεως,
3573 1018 3675 1077 ὧδέ
3732 1042 3834 1083 πως

2191 1113 2379 1192 φράφει
2415 1129 2428 1143 ⁸
2480 1113 2579 1169 Καὶ
2623 1112 2699 1187 μή
2730 1133 2810 1173 τις
2856 1113 3062 1186 οίεσθω,
3110 1112 3138 1166 ὁ
3189 1110 3364 1190 φαμὲν
3394 1107 3530 1165 ἴδιον
3573 1121 3711 1164 εῖναι
3742 1113 3835 1163 τὼν

2191 1199 2477 1275 ἐκλεκτῶν,
2537 1208 2692 1258 τοῦτο
2763 1201 3145 1277 προειρημένον
3195 1200 3456 1278 ὑπάρχειν
3519 1199 3620 1254 ὑπὸ
3689 1219 3833 1252 τινων

2190 1287 2493 1369 φιλοσόφων
2529 1306 2541 1318 °
2579 1291 2639 1345 οῦ
2681 1289 2780 1367 γὰρ
2812 1288 2954 1344 ἐστιν
2998 1292 3168 1346 αὑτῶν
3201 1288 3406 1366 εὕρημα
3438 1302 3451 1316 ⁸
3489 1294 3593 1343 τῶν
3624 1284 3679 1342 δὲ
3709 1307 3833 1364 προ-

2186 1383 2368 1458 φητῶν
2412 1378 2868 1456 σφετερισάμενοι,
2926 1376 3263 1446 προσέθηκαν
3311 1382 3388 1451 τῷ
3441 1375 3519 1450 μή
3550 1376 3833 1454 ὑπάρχοντι

2186 1464 2303 1523 κατ’
2349 1465 2534 1529 αὑτοὺς
2579 1471 2749 1545 σοφῷ.
2818 1466 2971 1530 Αὖθις
3016 1487 3073 1521 τε
3118 1465 3172 1521 ἐν
3214 1472 3292 1541 τῷ
3336 1465 3478 1538 αὑτῷ
3510 1483 3525 1498 ·
3588 1466 3690 1521 Καὶ
3745 1466 3833 1542 γὰρ

2188 1577 2277 1631 μοι
2312 1553 2461 1611 δοκεῖ
2490 1556 2610 1617 τοὺς
2656 1553 3138 1633 προσποιούμενους
3190 1554 3525 1634 φιλοσοφεῖν,
3590 1552 3685 1608 ἵνα
3730 1558 3831 1629 μα-

2184 1647 2313 1700 θωσι
2345 1644 2393 1699 τί
2443 1642 2582 1699 ἐττιν
2639 1644 2674 1711 ἡ
2726 1642 3019 1720 ὑπόπτερος
3052 1640 3169 1719 δρῦς
3228 1641 3341 1723 (1),
3372 1644 3459 1698 καὶ
3488 1643 3548 1697 τὸ
3580 1639 3666 1697 ἐπ’
3711 1643 3834 1718 αὑτῇ

2184 1731 2593 1807 πεποικιλμένον
2626 1738 2787 1812 φᾶρος
2824 1745 2837 1761 ’
2885 1732 3059 1787 πάντα
3103 1731 3203 1787 ὅσα
3248 1728 3543 1810 Φερεκύδης
3599 1729 3831 1808 ἀλληγο-

2186 1824 2351 1901 ρήσας
2410 1820 2745 1899 ἐθεολόγησε,
2811 1817 2989 1876 λαϐὼν
3046 1820 3152 1876 ἀπὸ
3193 1820 3290 1888 τῆς
3337 1822 3429 1877 τοῦ
3474 1821 3598 1895 Χὰμ
3627 1841 3833 1899 προφη-

2183 1913 2343 1972 τείας.

1644 2008 2078 2071 VALENTINI
2124 2002 2621 2067 FRAGMENTA.

707 2101 1104 2177 Fragmenta
1145 2100 1573 2179 epistolaram
1610 2098 1965 2174 Valentini,
2001 2094 2457 2252 εέξιεὲηὲηῗε
2483 2092 2884 2155 Alexandini
2917 2092 3023 2155 lib.
3057 2108 3123 2155 III
3156 2093 3564 2173 Stromatum,

1828 2198 1983 2253 pag.
2071 2198 2087 2240 ί
2169 2194 2199 2237 e
2257 2191 2288 2234 ις
2324 2191 2363 2253 q
2413 2218 2428 2234 .

1824 2198 1983 2261 pag.
2018 2194 2139 2242 διε)
2169 2194 2227 2237 ει
2257 2194 2428 2261 seqq.

520 2269 766 2333 Videtur
822 2279 1022 2333 autem
1074 2271 1423 2334 Valentinus
1454 2291 1689 2353 quoque
1749 2273 1807 2335 in
1840 2272 2096 2354 quadam

441 2358 693 2440 epistola
723 2360 860 2421 talia
889 2360 1155 2440 quaedam
1206 2367 1404 2423 mente
1437 2362 1936 2442 apprehendisse.
1997 2360 2101 2422 His

443 2445 602 2507 enim
626 2446 821 2508 verbis
843 2447 1086 2508 scribit:
1118 2447 1185 2508 Et
1201 2448 1703 2528 quemadmodum
1731 2469 1799 2511 e.\
1824 2450 1924 2511 illo
1953 2448 2103 2529 plas-

440 2541 593 2595 mate
608 2543 830 2597 metum
848 2555 1182 2617 conceperu
1194 2537 1725 2618 ntangeli,quando
1742 2540 1967 2620 majora
1984 2538 2103 2599 elo-

439 2629 637 2684 cutum
675 2633 788 2705 est,
821 2643 995 2705 quam
1029 2645 1160 2706 quae
1189 2626 1329 2685 555
1358 2626 1647 2688 creationi
1684 2628 2098 2697 convenirent,

437 2710 681 2774 liberius
711 2713 991 2794 loquendi
1027 2724 1264 2796 sumpta
1294 2715 1792 2797 ﬂducia,propter
1835 2735 1970 2778 eum
2004 2717 2105 2797 qui

437 2800 552 2880 ipsi
588 2801 968 2865 invisibiliter
988 2803 1236 2865 dederat
1256 2823 1462 2866 semen
1490 2823 1765 2885 supernze
1784 2805 2063 2868 essentia:
2089 2831 2103 2876 ;

442 2894 522 2956 ita
543 2890 722 2954 etiam
737 2891 795 2953 in
817 2892 1252 2955 mundanorum
1270 2893 1577 2955 hominum
1592 2893 2103 2973 generationibus.

441 2986 664 3040 metum
724 2981 1067 3043 auctoribus
1118 2981 1503 3043 incusserunt
1560 3001 1738 3063 opera
1770 2983 2101 3058 hominum,

439 3069 637 3147 qualia
668 3078 805 3130 sunt
826 3078 1033 3132 statum
1063 3078 1122 3132 et
1150 3071 1463 3149 imagines,
1498 3081 1553 3133 et
1584 3091 1955 3156 quaecunque
1986 3091 2106 3133 ma-

442 3174 558 3218 nus
587 3157 856 3219 efﬁciunt
874 3158 935 3219 in
962 3159 1202 3223 nomine
1226 3159 1427 3223 Dei.In
1452 3162 1693 3223 nomine
1720 3162 1878 3222 enim
1903 3161 2103 3222 homi-

440 3245 534 3305 nis
563 3246 852 3306 formatus
871 3247 1085 3321 Adam,
1119 3248 1393 3310 timorem
1418 3249 1670 3330 praebuit
1694 3250 2107 3330 praaexsisten-

441 3331 518 3393 tis
553 3334 837 3409 hominis,
890 3342 956 3397 ut
982 3337 1080 3418 qui
1137 3337 1265 3417 ipse
1300 3345 1457 3399 esset
1508 3339 1567 3400 in
1601 3357 1673 3400 eo
1704 3342 2056 3402 constitutus
2089 3362 2105 3417 ;

447 3421 609 3483 unde
639 3420 1094 3507 obstupuerunt,
1119 3434 1186 3514 et
1218 3444 1372 3507 Opus
1400 3426 1515 3489 cito
1546 3426 1951 3490 aboleverunt.

2267 2255 2459 2323 ’Ἐοικε
2488 2263 2543 2321 δὲ
2586 2266 2675 2321 καὶ
2719 2264 3069 2329 Οὑαλεντϊνος
3126 2264 3180 2321 ἔν
3209 2287 3311 2322 τινι
3343 2263 3600 2342 ἐπιστολῇ
3630 2272 3838 2321 τοιαῦτα

2184 2377 2299 2411 τινα
2340 2357 2398 2410 ἐν
2428 2360 2502 2429 νῷ
2541 2350 2719 2409 λαϐὼν
2754 2373 2768 2387 ⁸
2831 2357 3017 2417 αὑταῖς
3076 2355 3176 2432 γὰρ
3219 2354 3407 2434 γράφει
3451 2367 3573 2419 ταῖς
3616 2353 3785 2419 λέξεσι
3819 2374 3830 2390 ’

2187 2445 2285 2500 Καὶ
2341 2445 2412 2505 ὡς
2469 2439 2748 2521 περίφοϐος
2819 2440 2873 2483 η
2944 2442 3030 2499 ἐπ’
3114 2443 3313 2500 ἐκείνου
3370 2443 3461 2499 τοῦ
3517 2442 3827 2517 πλάσματος

2183 2530 2377 2610 ὑπῆρξε
2433 2544 2551 2594 τοϊς
2607 2530 2880 2610 ἀγγέλοις,
2965 2531 3053 2588 ὅτε
3111 2533 3323 2607 μείζονα
3390 2529 3674 2613 ἐφθέγξατο
3737 2536 3830 2597 τῆς

2186 2620 2457 2700 πλάσεως,
2517 2617 2601 2675 διὰ
2638 2622 2730 2676 τὸν
2759 2620 2996 2700 ἀοράτως
3044 2623 3098 2677 ἒν
3143 2622 3285 2695 αὑτῷ
3328 2620 3538 2699 σπέρμα
3575 2617 3835 2676 δεδωκότα

2188 2709 2284 2777 τῆς
2330 2708 2523 2767 ἄνωθεν
2567 2710 2770 2782 οὐσίας,
2827 2712 2914 2765 καὶ
2970 2708 3462 2789 παῤῥησιαζόμενον
3497 2725 3512 2739 ⁸
3574 2708 3715 2765 οὕτω
3757 2708 3838 2763 καὶ

2189 2797 2244 2853 ἐν
2298 2811 2421 2861 ταῖς
2464 2810 2677 2877 γενεαῖς
2730 2804 2836 2853 τῶν
2893 2805 3167 2870 κοσμικῶν
3210 2798 3523 2877 ἀνθρώπων,
3567 2795 3725 2878 φόϐοι
3781 2797 3843 2854 τὰ

2190 2885 2319 2964 ἔργα
2372 2893 2480 2943 τῶν
2524 2886 2810 2964 ἀνθρώπων
2853 2888 2975 2948 τοῖς
3032 2894 3270 2944 ποιοῦσιν
3332 2887 3564 2965 ἐγένετο,
3595 2887 3720 2943 οἷον
3749 2886 3841 2941 άν-

2189 2973 2421 3053 δριάντες
2478 2977 2565 3031 καὶ
2608 2975 2827 3047 εἰκόνες,
2884 2978 2972 3032 καὶ
3001 2977 3213 3032 πάντων
3254 2972 3309 3017 2³
3351 2978 3404 3031 αἱ
3446 2988 3637 3055 χεῖρες
3665 2976 3847 3032 ἀνύου-

2148 3071 2269 3119 ’σιν
2313 3066 2385 3129 εἰς
2435 3063 2603 3140 ὄνομα
2647 3072 2800 3127 Θεοῦ.
2864 3069 2949 3131 Ei;
3001 3067 3101 3145 γὰρ
3146 3066 3314 3143 ὄνομα
3373 3066 3651 3146 ἀνθρώπου
3707 3065 3846 3122 πλα-

2189 3154 2325 3217 σθεὶς
2398 3152 2591 3233 Ἀδὰμ,
2669 3151 2829 3233 φόϐον
2914 3156 3184 3235 παρεσχεν
3226 3154 3485 3235 προόντος
3548 3154 3843 3235 ἀνθρώπου,

2190 3244 2263 3304 ὡς
2319 3241 2383 3310 δὴ
2443 3242 2600 3299 αὑτοῦ
2644 3242 2698 3298 ἐν
2732 3246 2874 3316 αὑτῷ
2903 3245 3254 3324 καθεστῶτος,
3286 3246 3375 3301 καὶ
3402 3243 3843 3324 κατεπλάγησαν,

2190 3334 2278 3389 καὶ
2307 3335 2448 3414 ταχὺ
2478 3334 2539 3389 τὸ
2567 3332 2718 3411 ἔργον
2747 3334 3032 3413 ἠφάνισαν.

3237 3292 3254 3326 3

1448 3520 1549 3581 Ea:
1573 3522 1804 3601 eodem,
1842 3521 1949 3583 lib.
1987 3538 2026 3583 Il
2062 3517 2467 3586 Stromatum,
2493 3531 2648 3595 pag.
2685 3513 2827 3578 409.

516 3606 851 3680 Quinetiam
876 3610 1225 3674 Valentinus
1246 3611 1462 3675 scribit
1489 3612 1559 3674 ad
1592 3613 1822 3693 aliquos
1853 3613 1945 3675 his
1977 3620 2164 3673 ver-C

435 3695 528 3759 his
558 3696 633 3758 de
663 3698 1100 3779 appendicibus
1129 3721 1142 3759 :
1178 3699 1281 3762 Est
1311 3709 1504 3762 autem
1532 3719 1683 3762 unus
1719 3701 2108 3781 bonus,cujus

434 3788 815 3865 praesentiam
849 3788 1091 3849 exhibet
1121 3807 1191 3850 ea
1221 3807 1351 3870 quae
1371 3792 1430 3851 tit
1463 3807 1573 3869 per
1603 3789 1815 3851 Filium
1850 3791 2104 3851 manife-

433 3873 628 3934 statio.
665 3876 738 3935 Et
767 3892 875 3956 per
895 3894 1028 3938 eum
1050 3876 1246 3939 solum
1274 3883 1466 3957 potest
1490 3894 1596 3940 cor
1622 3877 1757 3940 ﬁeri
1796 3879 2103 3955 mundum,

442 3960 633 4040 ejecto
665 3980 733 4023 ex
765 3963 945 4025 corde
977 3965 1140 4027 omni
1174 3966 1435 4044 maligno
1466 3967 1706 4046 spiritu.
1750 3967 1913 4027 Multi
1947 3968 2104 4029 enim

439 4048 503 4110 in
535 4068 605 4112 eo
639 4051 980 4115 habitantes
1011 4055 1279 4135 spiritus,
1306 4054 1360 4116 id
1397 4054 1683 4116 mundum
1718 4074 1851 4117 esse
1881 4075 2000 4117 non
2032 4060 2108 4116 si-

443 4146 613 4199 nunt.
674 4138 1097 4223 Unusquisque
1159 4151 1355 4204 autem
1392 4161 1597 4204 eorum
1658 4144 1894 4225 propria
1923 4145 2106 4208 efﬁcit

438 4244 642 4307 Opera,
669 4247 827 4310 saepe
846 4249 962 4291 non
981 4230 1478 4293 convenientibus
1501 4231 1793 4294 insultans
1820 4234 2107 4313 cupidita-

433 4315 622 4381 tibus.
655 4317 738 4378 Ac
771 4318 915 4381 mihi
949 4320 1191 4400 quidem
1221 4320 1459 4382 videtur
1502 4339 1606 4382 cor
1635 4339 1752 4382 non
1786 4340 1917 4383 esse
1946 4321 2104 4383 absi-

436 4404 580 4467 mile
601 4404 931 4468 diversorio
960 4428 973 4468 :
1008 4410 1165 4471 istud
1187 4410 1349 4472 enim
1381 4409 1717 4490 perforatur
1738 4410 2102 4496 etetl‘oditur,

437 4499 497 4554 et
519 4500 781 4556 stercore
803 4514 960 4576 saepe
977 4497 1619 4579 repletur,hominibus
1640 4497 1924 4560 indecore
1948 4499 2008 4559 in
2033 4519 2103 4561 eo

436 4581 845 4665 manentibus,
882 4594 940 4649 et
969 4586 1167 4649 locum
1195 4587 1341 4650 nihil
1366 4587 1605 4647 omnino
1639 4587 2008 4662 curantibus,
2036 4596 2104 4650 ut

435 4669 539 4750 qui
570 4670 645 4731 sit
675 4671 927 4737 alienus.
953 4675 1181 4737 Eodem
1210 4677 1386 4738 modo
1420 4694 1523 4737 cor
1555 4695 1813 4756 quoque,
1842 4678 2105 4757 quandin

435 4758 601 4821 nulla
633 4760 762 4839 ejus
791 4781 935 4825 cura
965 4766 1212 4844 geritur,
1247 4774 1337 4828 est
1385 4765 1759 4826 immundum
1790 4774 1848 4826 et
1883 4766 2101 4826 nullo-

427 4864 563 4947 rum
599 4847 966 4947 daemonum
991 4855 1775 4947 habitaculum._Postquam
1809 4863 2006 4947 autem
2039 4855 2097 4915 id
2124 4897 2166 4947 ο

428 4935 703 4999 inviserit
732 4939 833 5020 qui
881 4942 1043 5003 solus
1073 4952 1166 5004 est
1214 4943 1404 5005 bonus
1436 4944 1631 5017 Pater,
1673 4943 2097 5005 sanctiﬁcatum

432 5031 545 5099 est,
579 5035 639 5088 et
668 5027 803 5090 luce
834 5031 1181 5111 resplendet
1209 5054 1222 5093 :
1257 5044 1317 5095 et
1349 5030 1435 5092 sic
1480 5030 1581 5111 qui
1612 5033 1726 5093 tale
1757 5050 1862 5094 cor
1891 5032 2094 5109 habet,

430 5113 643 5177 beatus
677 5124 789 5193 est,
826 5120 1107 5199 quoniam
1140 5123 1329 5185 Deum
1363 5119 1603 5183 videbit.

2268 3605 2437 3663 Ἀλλὰ
2486 3609 2573 3663 καὶ
2642 3606 3018 3689 Ούαλενττνος,
3080 3609 3210 3688 πρὸς
3265 3631 3413 3672 τινας
3491 3608 3845 3681 ἐπιστέλλων,

2191 3701 2380 3760 αὑταῖς
2425 3694 2595 3762 λέξεσι
2652 3697 2839 3777 γράφει
2883 3701 2999 3777 περὶ
3057 3705 3165 3755 τῶν
3206 3700 3695 3778 προσαρτημάτων·
3760 3702 3853 3759 Εἷς

2191 3784 2244 3840 δέ
2272 3785 2430 3840 ’ἐστιν
2460 3784 2682 3865 ἀγαθὸς,
2739 3789 2798 3842 οῦ
2845 3785 3107 3865 παῤῥησία
3148 3783 3225 3862 ﬂ,
3272 3788 3308 3854 ἦ
3333 3785 3418 3847 διὰ
3457 3787 3550 3843 τοῦ
3583 3791 3710 3843 Υἷοῦ
3755 3808 3853 3866 φα-

2192 3873 2433 3953 νέρωσις.
2492 3875 2590 3931 Καὶ
2639 3872 2706 3930 δι’
2737 3877 2894 3931 αὑτοῦ
2922 3876 3086 3951 μόνου
3114 3874 3322 3933 δύναιτο
3350 3875 3413 3932 ἂν
3441 3878 3476 3944 ἡ
3522 3875 3718 3956 καρδία
3753 3897 3856 3931 κα-

2189 3963 2320 4040 θαρὰ
2372 3960 2637 4040 γενέσθαι,
2691 3966 2891 4029 παντὸς
2962 3973 3196 4043 πονηροῦ
3261 3966 3562 4041 πνεύματος
3624 3965 3854 4032 ἐξωθου-

2190 4051 2348 4125 μένου
2419 4052 2518 4116 τῆς
2604 4050 2839 4132 καρδίας.
2910 4053 3089 4110 Πολλὰ
3171 4056 3270 4134 γὰρ
3326 4055 3635 4111 ἐνοικοῦντα
3726 4054 3857 4130 αὑτῄ

2189 4141 2459 4214 πνεύματα
2503 4141 2599 4196 οὐκ
2640 4141 2701 4214 ἐᾷ
2771 4144 3075 4220 καθαρεύει-ι
3109 4159 3122 4173 ·
3183 4143 3405 4200 ἕκαστον
3468 4142 3522 4199 δὲ
3570 4146 3753 4201 αὐτῶν
3793 4144 3856 4197 τε

2190 4228 2307 4284 ἴδια
2378 4228 2589 4285 ἐκτελεϊ
2638 4230 2789 4310 ἔργα,
2879 4230 3175 4312 πολλαχῶς
3230 4230 3609 4311 ἐνυϐριζόντων
3670 4233 3856 4289 ἐπιθυ-

2189 4318 2333 4392 μίαις
2393 4319 2452 4374 οὑ
2510 4322 2921 4397 προσηκούσαις.
2978 4324 3074 4380 Καὶ
3120 4345 3210 4398 μοι
3262 4321 3412 4379 δοκεῖ
3440 4322 3630 4398 ὅμοιόν
3663 4346 3717 4379 τι
3750 4323 3859 4380 πά-

2189 4428 2347 4485 σχειν
2371 4414 2447 4481 τῷ
2476 4406 2778 4489 πανδοχείῳ
2833 4412 2867 4478 ἡ
2924 4410 3111 4489 καρδία
3145 4428 3160 4442 ·
3221 4413 3310 4468 καὶ
3341 4413 3440 4490 γὰρ
3472 4412 3657 4469 ἐκεῖνο
3686 4433 3860 4469 κατα-

2187 4501 2422 4572 τιτρᾷται
2478 4517 2534 4552 τε
2617 4500 2706 4553 καὶ
2790 4500 3080 4576 ὀρύττεται,
3170 4502 3261 4556 καὶ
3337 4499 3602 4565 πολλάκις
3660 4502 3865 4579 κόπρου

2187 4583 2512 4665 πίμπλαται,
2599 4584 2887 4665 ἀνθρώπων
2969 4587 3213 4666 ἀσελγῶς
3312 4588 3687 4665 ἐμμενόντων,
3779 4596 3867 4650 καὶ

2188 4667 2452 4745 μηδεμίαν
2493 4671 2744 4750 πρόνοιαν
2788 4674 3123 4749 ποιουμένων
3180 4683 3272 4732 τοῦ
3334 4677 3560 4757 χωρίου,
3624 4678 3867 4752 καθάπερ

2187 4757 2461 4837 ἀλλοτρίου
2518 4765 2849 4826 καθεστῶτος
2887 4783 2901 4798 ο
2958 4764 3048 4819 τὸν
3091 4765 3287 4843 τρόπον
3317 4773 3503 4822 τοῦτον
3535 4769 3625 4821 καὶ
3658 4768 3697 4833 ἡ
3726 4787 3865 4844 καρ-

2185 4847 2286 4913 δία,
2337 4848 2500 4928 μέχρι
2568 4851 2645 4925 μὴ
2700 4851 2945 4930 προνοίας
3001 4854 3282 4932 τυγχάνει,
3343 4854 3643 4934 ἀκάθαρτος
3708 4857 3863 4925 οὖσα,

2184 4936 2398 4994 πολλῶν
2449 4938 2578 4995 οὖσα
2621 4939 2887 5015 δαιμόνων
2940 4944 3269 5021 οίκητήριον,
3315 4940 3564 4998 Ἐπειδὰν
3624 4942 3688 4999 δὲ
3737 4943 3862 4999 ἐπι-

2181 5027 2446 5102 σκὲψηται
2508 5028 2672 5094 αὐτὴν
2731 5030 2758 5084 ὁ
2818 5027 2980 5103 μόνος
3037 5029 3231 5107 ἀγαθός
3294 5030 3499 5109 Πατὴρ,
3567 5033 3861 5110 ἡγίασται,

2177 5119 2267 5173 καὶ
2326 5117 2460 5194 φωτὶ
2513 5114 2847 5191 διαλάμπει·
2884 5120 2973 5174 καὶ
3021 5118 3161 5175 οὕτω
3206 5126 3551 5194 μακαρίζεται
3616 5124 3649 5177 ὁ
3715 5121 3867 5202 ἔχων

2178 5210 2277 5275 τὴν
2306 5206 2559 5272 τοιαύτην
2590 5204 2827 5286 καρδίαν,
2861 5205 2941 5263 ὅτι
2973 5205 3163 5281 ὄψεται
3193 5209 3286 5263 τὸν
3327 5209 3484 5267 Θεὸν.

521 5333 575 5377 η
605 5337 745 5416 Leg.
784 5342 1010 5421 ὡσπερεὶ
1039 5342 1221 5422 φόϐος.
1310 5340 1363 5385 ¹³
1394 5343 1539 5418 Leg.
1577 5342 1769 5404 πάντα.
1858 5340 1913 5383 ¹⁴
1940 5342 2085 5419 Leg.
2120 5366 2123 5375 ‘

2190 5361 2224 5410 ιρ
2231 5337 2378 5396 ουσία
2390 5381 2401 5396 .

464 5541 478 5553 .
515 5464 783 5557 (1.)“Quid
843 5470 927 5557 Sil_
959 5476 1253 5557 ὑπόπτερος
1278 5476 1439 5557 δρῦς,
1474 5471 1711 5557 quidve
1768 5472 2094 5557 symbolice

2190 5470 2635 5557 AristOphaneni
2668 5470 2731 5532 in
2764 5472 3018 5557 Avidus.
3046 5470 3163 5534 Sed
3211 5489 3420 5557 parum
3467 5473 3586 5557 tida
3622 5473 3883 5537 videtur

431 5546 750 5648 ᾖίεῑιῇςίιερεζ
800 5546 1183 5648 peritipribus
1211 5546 1348 5648 aliis
1370 5546 1759 5645 divinandum
1793 5546 2090 5648 relinquo.
2179 5546 2546 5648 conjectura.
2568 5552 2867 5633 Totusque
2887 5552 2984 5614 hic
3003 5552 3169 5615 locus
3185 5546 3303 5614 n‘on
3329 5554 3668 5615 admodum
3680 5571 3876 5631 sanus

432 5618 686 5715 Cdnjieit
710 5618 959 5691 Grabins
971 5634 1251 5715 Spieileg.
1280 5635 1552 5697 haeretic.
1582 5648 1719 5695 saec.
1744 5648 1811 5712 ιι,
1834 5618 2070 5712 ρεςῘϐὃ

430 5716 546 5777 pro
576 5700 690 5780 δρυς
748 5704 1066 5782 legendum
1096 5731 1231 5776 esse
1286 5714 1469 5794 δρύοψ,
1516 5713 1638 5775 avis
1693 5729 1881 5791 genus
1940 5681 2098 5795 apud

2190 5618 2316 5695 esse
2346 5629 2606 5693 videtnr.
2768 5618 2787 5633 ”
3720 5618 3727 5679 ἱ
