  <div class='ocr_page' id='page_1' title='image "/cluster/home/n/w/nwhite01/storage/ocr_20150623/7/mdp.39015078384511/645.png"; bbox 0 0 4096 6396; ppageno 0'>
   <div class='ocr_carea' id='block_1_1' title="bbox 401 386 553 449">
    <p class='ocr_par' dir='ltr' id='par_1_1' title="bbox 401 386 553 449">
     <span class='ocr_line' id='line_1_1' title="bbox 401 386 553 449; baseline -0.007 0"><span class='ocrx_word' id='word_1_1' title='bbox 401 386 553 449; x_wconf 76' lang='lat'><strong>1275</strong></span> 
     </span>
    </p>
   </div>
   <div class='ocr_carea' id='block_1_2' title="bbox 1275 382 2879 461">
    <p class='ocr_par' dir='ltr' id='par_1_2' title="bbox 1275 382 2879 461">
     <span class='ocr_line' id='line_1_2' title="bbox 1275 382 2879 461; baseline -0.002 -12"><span class='ocrx_word' id='word_1_2' title='bbox 1275 387 1665 450; x_wconf 78' lang='lat' dir='ltr'><strong>APPENDIX</strong></span> <span class='ocrx_word' id='word_1_3' title='bbox 1721 390 1822 451; x_wconf 76' lang='lat' dir='ltr'><strong>AD</strong></span> <span class='ocrx_word' id='word_1_4' title='bbox 1865 383 2201 461; x_wconf 81' lang='lat' dir='ltr'><strong>QUINQUE</strong></span> <span class='ocrx_word' id='word_1_5' title='bbox 2246 385 2538 446; x_wconf 62' lang='grc' dir='ltr'><strong>ΙΙὶΕΝίΕΙ</strong></span> <span class='ocrx_word' id='word_1_6' title='bbox 2583 382 2879 445; x_wconf 83' lang='lat' dir='ltr'><strong>LIBROS.</strong></span> 
     </span>
    </p>
   </div>
   <div class='ocr_carea' id='block_1_3' title="bbox 3623 383 3771 447">
    <p class='ocr_par' dir='ltr' id='par_1_3' title="bbox 3623 383 3771 447">
     <span class='ocr_line' id='line_1_3' title="bbox 3623 383 3771 447; baseline 0.047 -7"><span class='ocrx_word' id='word_1_7' title='bbox 3623 383 3771 447; x_wconf 77' lang='lat' dir='ltr'><strong>t276</strong></span> 
     </span>
    </p>
   </div>
   <div class='ocr_carea' id='block_1_4' title="bbox 395 515 2056 601">
    <p class='ocr_par' dir='ltr' id='par_1_4' title="bbox 395 517 2056 601">
     <span class='ocr_line' id='line_1_4' title="bbox 395 517 2056 601; baseline -0.003 -23"><span class='ocrx_word' id='word_1_8' title='bbox 395 519 642 595; x_wconf 81' lang='lat' dir='ltr'><strong>volebat;</strong></span> <span class='ocrx_word' id='word_1_9' title='bbox 661 519 760 581; x_wconf 91' lang='lat' dir='ltr'><strong>ille</strong></span> <span class='ocrx_word' id='word_1_10' title='bbox 790 538 926 582; x_wconf 90' lang='lat' dir='ltr'><strong>vero</strong></span> <span class='ocrx_word' id='word_1_11' title='bbox 951 540 1067 582; x_wconf 91' lang='lat' dir='ltr'><strong>non</strong></span> <span class='ocrx_word' id='word_1_12' title='bbox 1098 517 1323 581; x_wconf 81' lang='lat' dir='ltr'><strong>destitit</strong></span> <span class='ocrx_word' id='word_1_13' title='bbox 1343 519 1641 600; x_wconf 82' lang='lat' dir='ltr'><strong>persequi.</strong></span> <span class='ocrx_word' id='word_1_14' title='bbox 1671 519 2056 601; x_wconf 72' lang='lat' dir='ltr'><strong>nequeiram.</strong></span> 
     </span>
    </p>
   </div>
   <div class='ocr_carea' id='block_1_5' title="bbox 2125 515 3774 601">
    <p class='ocr_par' dir='ltr' id='par_1_5' title="bbox 2125 515 3774 597">
     <span class='ocr_line' id='line_1_5' title="bbox 2125 515 3774 597; baseline 0 -24"><span class='ocrx_word' id='word_1_15' title='bbox 2125 539 2223 595; x_wconf 67' lang='grc' dir='ltr'>γειν</span> <span class='ocrx_word' id='word_1_16' title='bbox 2258 534 2274 591; x_wconf 87' lang='grc'>;</span> <span class='ocrx_word' id='word_1_17' title='bbox 2314 515 2433 573; x_wconf 72' lang='grc' dir='ltr'>ἀλλ’</span> <span class='ocrx_word' id='word_1_18' title='bbox 2465 517 2545 575; x_wconf 83' lang='grc' dir='ltr'><strong>ὅτι</strong></span> <span class='ocrx_word' id='word_1_19' title='bbox 2594 518 2855 597; x_wconf 76' lang='grc' dir='ltr'>χωρήσας</span> <span class='ocrx_word' id='word_1_20' title='bbox 2912 515 2999 574; x_wconf 78' lang='grc' dir='ltr'><strong>ἐπ’</strong></span> <span class='ocrx_word' id='word_1_21' title='bbox 3049 518 3207 574; x_wconf 75' lang='grc' dir='ltr'>αὒτὸν</span> <span class='ocrx_word' id='word_1_22' title='bbox 3238 517 3426 581; x_wconf 71' lang='grc' dir='ltr'>εὒθέως</span> <span class='ocrx_word' id='word_1_23' title='bbox 3471 516 3655 574; x_wconf 79' lang='grc' dir='ltr'>ἔπαισε</span> <span class='ocrx_word' id='word_1_24' title='bbox 3699 526 3774 593; x_wconf 77' lang='grc' dir='ltr'>τῷ</span> 
     </span>
    </p>
   </div>
   <div class='ocr_carea' id='block_1_6' title="bbox 390 606 2030 690">
    <p class='ocr_par' dir='ltr' id='par_1_6' title="bbox 390 606 2030 690">
     <span class='ocr_line' id='line_1_6' title="bbox 390 606 2030 690; baseline -0.001 -20"><span class='ocrx_word' id='word_1_25' title='bbox 390 608 721 689; x_wconf 84' lang='lat' dir='ltr'><strong>reprimere</strong></span> <span class='ocrx_word' id='word_1_26' title='bbox 752 609 952 670; x_wconf 92' lang='lat' dir='ltr'><strong>voluit.</strong></span> <span class='ocrx_word' id='word_1_27' title='bbox 987 608 1055 670; x_wconf 88' lang='lat' dir='ltr'><strong>Et</strong></span> <span class='ocrx_word' id='word_1_28' title='bbox 1085 609 1225 690; x_wconf 89' lang='lat' dir='ltr'><strong>quid</strong></span> <span class='ocrx_word' id='word_1_29' title='bbox 1259 606 1532 688; x_wconf 86' lang='lat' dir='ltr'><strong>pluribus</strong></span> <span class='ocrx_word' id='word_1_30' title='bbox 1582 628 1731 689; x_wconf 87' lang='lat' dir='ltr'><strong>opus</strong></span> <span class='ocrx_word' id='word_1_31' title='bbox 1770 613 1900 671; x_wconf 67' lang='lat' dir='ltr'><strong>est?</strong></span> <span class='ocrx_word' id='word_1_32' title='bbox 1944 607 2030 669; x_wconf 87' lang='lat' dir='ltr'><strong>ir-</strong></span> 
     </span>
    </p>
   </div>
   <div class='ocr_carea' id='block_1_7' title="bbox 392 697 2035 778">
    <p class='ocr_par' dir='ltr' id='par_1_7' title="bbox 392 697 2035 778">
     <span class='ocr_line' id='line_1_7' title="bbox 392 697 2035 778; baseline 0.001 -21"><span class='ocrx_word' id='word_1_33' title='bbox 392 715 573 758; x_wconf 87' lang='lat' dir='ltr'><strong>ruens</strong></span> <span class='ocrx_word' id='word_1_34' title='bbox 602 699 662 758; x_wconf 90' lang='lat' dir='ltr'><strong>in</strong></span> <span class='ocrx_word' id='word_1_35' title='bbox 692 698 880 772; x_wconf 88' lang='lat' dir='ltr'><strong>illum,</strong></span> <span class='ocrx_word' id='word_1_36' title='bbox 929 697 1124 778; x_wconf 85' lang='lat' dir='ltr'><strong>gladio</strong></span> <span class='ocrx_word' id='word_1_37' title='bbox 1156 697 1352 759; x_wconf 84' lang='lat' dir='ltr'><strong>statim</strong></span> <span class='ocrx_word' id='word_1_38' title='bbox 1401 697 1693 778; x_wconf 84' lang='lat' dir='ltr'><strong>percussit</strong></span> <span class='ocrx_word' id='word_1_39' title='bbox 1726 719 1740 759; x_wconf 88' lang='lat'><strong>:</strong></span> <span class='ocrx_word' id='word_1_40' title='bbox 1768 698 1868 760; x_wconf 92' lang='lat' dir='ltr'><strong>ille</strong></span> <span class='ocrx_word' id='word_1_41' title='bbox 1895 716 2035 760; x_wconf 92' lang='lat' dir='ltr'><strong>vero</strong></span> 
     </span>
    </p>
   </div>
   <div class='ocr_carea' id='block_1_8' title="bbox 392 786 2038 867">
    <p class='ocr_par' dir='ltr' id='par_1_8' title="bbox 392 786 2038 867">
     <span class='ocr_line' id='line_1_8' title="bbox 392 786 2038 867; baseline 0.002 -22"><span class='ocrx_word' id='word_1_42' title='bbox 392 788 635 865; x_wconf 88' lang='lat' dir='ltr'><strong>supplex</strong></span> <span class='ocrx_word' id='word_1_43' title='bbox 671 786 857 849; x_wconf 85' lang='lat' dir='ltr'><strong>factus</strong></span> <span class='ocrx_word' id='word_1_44' title='bbox 890 786 1162 867; x_wconf 81' lang='lat' dir='ltr'><strong>proximo</strong></span> <span class='ocrx_word' id='word_1_45' title='bbox 1194 805 1299 847; x_wconf 91' lang='lat' dir='ltr'><strong>suo</strong></span> <span class='ocrx_word' id='word_1_46' title='bbox 1332 805 1544 848; x_wconf 89' lang='lat' dir='ltr'><strong>manus</strong></span> <span class='ocrx_word' id='word_1_47' title='bbox 1572 787 1871 867; x_wconf 81' lang='lat' dir='ltr'><strong>supplices</strong></span> <span class='ocrx_word' id='word_1_48' title='bbox 1905 806 2038 867; x_wconf 85' lang='lat' dir='ltr'><strong>pro-</strong></span> 
     </span>
    </p>
   </div>
   <div class='ocr_carea' id='block_1_9' title="bbox 393 874 2038 955">
    <p class='ocr_par' dir='ltr' id='par_1_9' title="bbox 393 874 2038 955">
     <span class='ocr_line' id='line_1_9' title="bbox 393 874 2038 955; baseline 0.002 -20"><span class='ocrx_word' id='word_1_49' title='bbox 393 874 994 955; x_wconf 87' lang='lat' dir='ltr'><strong>tendebat,suamque</strong></span> <span class='ocrx_word' id='word_1_50' title='bbox 1015 884 1237 937; x_wconf 83' lang='lat' dir='ltr'><strong>vestem</strong></span> <span class='ocrx_word' id='word_1_51' title='bbox 1272 874 1415 937; x_wconf 92' lang='lat' dir='ltr'><strong>dare</strong></span> <span class='ocrx_word' id='word_1_52' title='bbox 1444 875 1677 937; x_wconf 90' lang='lat' dir='ltr'><strong>volebat</strong></span> <span class='ocrx_word' id='word_1_53' title='bbox 1714 894 1727 938; x_wconf 93' lang='lat'>:</span> <span class='ocrx_word' id='word_1_54' title='bbox 1762 875 2038 938; x_wconf 88' lang='lat' dir='ltr'><strong>obsecra-</strong></span> 
     </span>
    </p>
   </div>
   <div class='ocr_carea' id='block_1_10' title="bbox 390 962 2038 1027">
    <p class='ocr_par' dir='ltr' id='par_1_10' title="bbox 390 962 2038 1027">
     <span class='ocr_line' id='line_1_10' title="bbox 390 962 2038 1027; baseline 0.002 -5"><span class='ocrx_word' id='word_1_55' title='bbox 390 962 487 1024; x_wconf 89' lang='lat' dir='ltr'><strong>bat</strong></span> <span class='ocrx_word' id='word_1_56' title='bbox 518 970 743 1024; x_wconf 85' lang='lat' dir='ltr'><strong>tantum</strong></span> <span class='ocrx_word' id='word_1_57' title='bbox 777 966 943 1024; x_wconf 77' lang='lat' dir='ltr'><strong>vitam</strong></span> <span class='ocrx_word' id='word_1_58' title='bbox 979 964 1095 1025; x_wconf 91' lang='lat' dir='ltr'><strong>sibi</strong></span> <span class='ocrx_word' id='word_1_59' title='bbox 1130 964 1735 1027; x_wconf 87' lang='lat' dir='ltr'><strong>concederet.Verum</strong></span> <span class='ocrx_word' id='word_1_60' title='bbox 1765 964 1864 1026; x_wconf 90' lang='lat' dir='ltr'><strong>ille</strong></span> <span class='ocrx_word' id='word_1_61' title='bbox 1887 965 2038 1026; x_wconf 83' lang='lat' dir='ltr'><strong>iram</strong></span> 
     </span>
    </p>
   </div>
   <div class='ocr_carea' id='block_1_11' title="bbox 389 1051 2041 1133">
    <p class='ocr_par' dir='ltr' id='par_1_11' title="bbox 389 1051 2041 1133">
     <span class='ocr_line' id='line_1_11' title="bbox 389 1051 2041 1133; baseline 0.002 -21"><span class='ocrx_word' id='word_1_62' title='bbox 389 1071 504 1112; x_wconf 93' lang='lat' dir='ltr'><strong>non</strong></span> <span class='ocrx_word' id='word_1_63' title='bbox 536 1051 867 1131; x_wconf 82' lang='lat' dir='ltr'><strong>frangebat,</strong></span> <span class='ocrx_word' id='word_1_64' title='bbox 901 1071 1014 1114; x_wconf 92' lang='lat' dir='ltr'><strong>nec</strong></span> <span class='ocrx_word' id='word_1_65' title='bbox 1046 1053 1461 1115; x_wconf 88' lang='lat' dir='ltr'><strong>misericordia</strong></span> <span class='ocrx_word' id='word_1_66' title='bbox 1510 1054 1855 1133; x_wconf 84' lang='lat' dir='ltr'><strong>tangebatur</strong></span> <span class='ocrx_word' id='word_1_67' title='bbox 1902 1073 2041 1132; x_wconf 84' lang='lat' dir='ltr'><strong>erga</strong></span> 
     </span>
    </p>
   </div>
   <div class='ocr_carea' id='block_1_12' title="bbox 389 1142 2041 1223">
    <p class='ocr_par' dir='ltr' id='par_1_12' title="bbox 389 1142 2041 1223">
     <span class='ocr_line' id='line_1_12' title="bbox 389 1142 2041 1223; baseline 0.001 -21"><span class='ocrx_word' id='word_1_68' title='bbox 389 1147 736 1218; x_wconf 84' lang='lat' dir='ltr'><strong>cognatum:</strong></span> <span class='ocrx_word' id='word_1_69' title='bbox 765 1160 958 1223; x_wconf 91' lang='lat' dir='ltr'><strong>neque</strong></span> <span class='ocrx_word' id='word_1_70' title='bbox 974 1142 1235 1220; x_wconf 86' lang='lat' dir='ltr'><strong>seipsum</strong></span> <span class='ocrx_word' id='word_1_71' title='bbox 1261 1142 1320 1203; x_wconf 92' lang='lat' dir='ltr'><strong>in</strong></span> <span class='ocrx_word' id='word_1_72' title='bbox 1353 1143 1608 1221; x_wconf 88' lang='lat' dir='ltr'><strong>imagine</strong></span> <span class='ocrx_word' id='word_1_73' title='bbox 1630 1143 1788 1204; x_wconf 90' lang='lat' dir='ltr'><strong>illius</strong></span> <span class='ocrx_word' id='word_1_74' title='bbox 1811 1143 2041 1206; x_wconf 87' lang='lat' dir='ltr'><strong>volebat</strong></span> 
     </span>
    </p>
   </div>
   <div class='ocr_carea' id='block_1_13' title="bbox 386 1230 2038 1310">
    <p class='ocr_par' dir='ltr' id='par_1_13' title="bbox 386 1230 2038 1310">
     <span class='ocr_line' id='line_1_13' title="bbox 386 1230 2038 1310; baseline 0.002 -19"><span class='ocrx_word' id='word_1_75' title='bbox 386 1230 799 1310; x_wconf 91' lang='lat' dir='ltr'><strong>contemplari,</strong></span> <span class='ocrx_word' id='word_1_76' title='bbox 832 1230 939 1292; x_wconf 89' lang='lat' dir='ltr'><strong>sed</strong></span> <span class='ocrx_word' id='word_1_77' title='bbox 974 1231 1134 1293; x_wconf 89' lang='lat' dir='ltr'><strong>velut</strong></span> <span class='ocrx_word' id='word_1_78' title='bbox 1164 1230 1445 1293; x_wconf 76' lang='lat' dir='ltr'><strong>immanis</strong></span> <span class='ocrx_word' id='word_1_79' title='bbox 1475 1231 1675 1293; x_wconf 88' lang='lat' dir='ltr'><strong>bellua</strong></span> <span class='ocrx_word' id='word_1_80' title='bbox 1703 1231 1900 1310; x_wconf 87' lang='lat' dir='ltr'><strong>gladio</strong></span> <span class='ocrx_word' id='word_1_81' title='bbox 1926 1232 2038 1294; x_wconf 91' lang='lat' dir='ltr'><strong>de-</strong></span> 
     </span>
    </p>
   </div>
   <div class='ocr_carea' id='block_1_14' title="bbox 387 1318 2036 1401">
    <p class='ocr_par' dir='ltr' id='par_1_14' title="bbox 387 1318 2036 1401">
     <span class='ocr_line' id='line_1_14' title="bbox 387 1318 2036 1401; baseline 0.002 -23"><span class='ocrx_word' id='word_1_82' title='bbox 387 1318 714 1380; x_wconf 85' lang='lat' dir='ltr'><strong>vorandum</strong></span> <span class='ocrx_word' id='word_1_83' title='bbox 737 1319 1211 1399; x_wconf 84' lang='lat' dir='ltr'><strong>aggrediebatur:</strong></span> <span class='ocrx_word' id='word_1_84' title='bbox 1239 1322 1485 1401; x_wconf 87' lang='lat' dir='ltr'><strong>jamque</strong></span> <span class='ocrx_word' id='word_1_85' title='bbox 1519 1339 1733 1400; x_wconf 88' lang='lat' dir='ltr'><strong>corpus</strong></span> <span class='ocrx_word' id='word_1_86' title='bbox 1749 1323 2036 1400; x_wconf 80' lang='lat' dir='ltr'><strong>ejuscon-</strong></span> 
     </span>
    </p>
   </div>
   <div class='ocr_carea' id='block_1_15' title="bbox 385 1407 2041 1489">
    <p class='ocr_par' dir='ltr' id='par_1_15' title="bbox 385 1407 2041 1489">
     <span class='ocr_line' id='line_1_15' title="bbox 385 1407 2041 1489; baseline 0.002 -22"><span class='ocrx_word' id='word_1_87' title='bbox 385 1407 564 1468; x_wconf 91' lang='lat' dir='ltr'><strong>simili</strong></span> <span class='ocrx_word' id='word_1_88' title='bbox 587 1407 843 1469; x_wconf 84' lang='lat' dir='ltr'><strong>addebat</strong></span> <span class='ocrx_word' id='word_1_89' title='bbox 870 1408 1106 1488; x_wconf 88' lang='lat' dir='ltr'><strong>corpori</strong></span> <span class='ocrx_word' id='word_1_90' title='bbox 1142 1427 1154 1471; x_wconf 92' lang='lat'>:</span> <span class='ocrx_word' id='word_1_91' title='bbox 1196 1417 1393 1470; x_wconf 87' lang='lat' dir='ltr'><strong>tantus</strong></span> <span class='ocrx_word' id='word_1_92' title='bbox 1427 1416 1552 1470; x_wconf 86' lang='lat' dir='ltr'><strong>erat</strong></span> <span class='ocrx_word' id='word_1_93' title='bbox 1582 1408 1748 1471; x_wconf 83' lang='lat' dir='ltr'><strong>furor</strong></span> <span class='ocrx_word' id='word_1_94' title='bbox 1771 1413 1927 1489; x_wconf 89' lang='lat' dir='ltr'><strong>ejus.</strong></span> <span class='ocrx_word' id='word_1_95' title='bbox 1960 1410 2041 1473; x_wconf 84' lang='lat' dir='ltr'><strong>At</strong></span> 
     </span>
    </p>
   </div>
   <div class='ocr_carea' id='block_1_16' title="bbox 386 1496 2036 1578">
    <p class='ocr_par' dir='ltr' id='par_1_16' title="bbox 386 1496 2036 1578">
     <span class='ocr_line' id='line_1_16' title="bbox 386 1496 2036 1578; baseline 0.004 -22"><span class='ocrx_word' id='word_1_96' title='bbox 386 1504 512 1557; x_wconf 91' lang='lat' dir='ltr'><strong>erat</strong></span> <span class='ocrx_word' id='word_1_97' title='bbox 541 1496 637 1557; x_wconf 90' lang='lat' dir='ltr'><strong>hic</strong></span> <span class='ocrx_word' id='word_1_98' title='bbox 669 1496 873 1558; x_wconf 86' lang='lat' dir='ltr'><strong>videre</strong></span> <span class='ocrx_word' id='word_1_99' title='bbox 895 1497 1062 1557; x_wconf 91' lang='lat' dir='ltr'><strong>illum</strong></span> <span class='ocrx_word' id='word_1_100' title='bbox 1097 1499 1311 1577; x_wconf 85' lang='lat' dir='ltr'><strong>injuste</strong></span> <span class='ocrx_word' id='word_1_101' title='bbox 1344 1516 1719 1578; x_wconf 90' lang='lat' dir='ltr'><strong>oppressum,</strong></span> <span class='ocrx_word' id='word_1_102' title='bbox 1750 1500 1909 1561; x_wconf 90' lang='lat' dir='ltr'><strong>hunc</strong></span> <span class='ocrx_word' id='word_1_103' title='bbox 1926 1517 2036 1562; x_wconf 87' lang='lat' dir='ltr'><strong>au-</strong></span> 
     </span>
    </p>
   </div>
   <div class='ocr_carea' id='block_1_17' title="bbox 389 1586 2035 1667">
    <p class='ocr_par' dir='ltr' id='par_1_17' title="bbox 389 1586 2035 1667">
     <span class='ocr_line' id='line_1_17' title="bbox 389 1586 2035 1667; baseline 0.002 -22"><span class='ocrx_word' id='word_1_104' title='bbox 389 1595 505 1646; x_wconf 93' lang='lat' dir='ltr'><strong>tem</strong></span> <span class='ocrx_word' id='word_1_105' title='bbox 537 1586 832 1666; x_wconf 90' lang='lat' dir='ltr'><strong>reliquum</strong></span> <span class='ocrx_word' id='word_1_106' title='bbox 866 1586 1318 1667; x_wconf 82' lang='lat' dir='ltr'><strong>spoliantem,et</strong></span> <span class='ocrx_word' id='word_1_107' title='bbox 1341 1605 1416 1648; x_wconf 90' lang='lat' dir='ltr'><strong>ne</strong></span> <span class='ocrx_word' id='word_1_108' title='bbox 1447 1593 1606 1648; x_wconf 86' lang='lat' dir='ltr'><strong>terra</strong></span> <span class='ocrx_word' id='word_1_109' title='bbox 1635 1587 1875 1667; x_wconf 80' lang='lat' dir='ltr'><strong>quidem</strong></span> <span class='ocrx_word' id='word_1_110' title='bbox 1899 1607 2035 1649; x_wconf 81' lang='lat' dir='ltr'><strong>cor--</strong></span> 
     </span>
    </p>
   </div>
   <div class='ocr_carea' id='block_1_18' title="bbox 391 1674 2034 1754">
    <p class='ocr_par' dir='ltr' id='par_1_18' title="bbox 391 1674 2034 1754">
     <span class='ocr_line' id='line_1_18' title="bbox 391 1674 2034 1754; baseline 0.002 -18"><span class='ocrx_word' id='word_1_111' title='bbox 391 1693 501 1754; x_wconf 88' lang='lat' dir='ltr'><strong>pus</strong></span> <span class='ocrx_word' id='word_1_112' title='bbox 530 1674 1034 1754; x_wconf 90' lang='lat' dir='ltr'><strong>operientem,sed</strong></span> <span class='ocrx_word' id='word_1_113' title='bbox 1058 1676 1266 1737; x_wconf 88' lang='lat' dir='ltr'><strong>vestitu</strong></span> <span class='ocrx_word' id='word_1_114' title='bbox 1288 1694 1394 1736; x_wconf 92' lang='lat' dir='ltr'><strong>suo</strong></span> <span class='ocrx_word' id='word_1_115' title='bbox 1426 1676 1867 1740; x_wconf 85' lang='lat' dir='ltr'><strong>nudantem.Ad</strong></span> <span class='ocrx_word' id='word_1_116' title='bbox 1887 1678 2034 1754; x_wconf 61' lang='lat' dir='ltr'><strong>haec,</strong></span> 
     </span>
    </p>
   </div>
   <div class='ocr_carea' id='block_1_19' title="bbox 383 1763 2039 1845">
    <p class='ocr_par' dir='ltr' id='par_1_19' title="bbox 383 1763 2039 1845">
     <span class='ocr_line' id='line_1_19' title="bbox 383 1763 2039 1845; baseline 0.002 -21"><span class='ocrx_word' id='word_1_117' title='bbox 383 1763 635 1825; x_wconf 83' lang='lat' dir='ltr'><strong>accessit</strong></span> <span class='ocrx_word' id='word_1_118' title='bbox 667 1772 725 1825; x_wconf 90' lang='lat' dir='ltr'><strong>et</strong></span> <span class='ocrx_word' id='word_1_119' title='bbox 745 1764 916 1834; x_wconf 90' lang='lat' dir='ltr'><strong>alius,</strong></span> <span class='ocrx_word' id='word_1_120' title='bbox 943 1765 1042 1845; x_wconf 90' lang='lat' dir='ltr'><strong>qui</strong></span> <span class='ocrx_word' id='word_1_121' title='bbox 1076 1783 1315 1826; x_wconf 82' lang='lat' dir='ltr'><strong>uxorem</strong></span> <span class='ocrx_word' id='word_1_122' title='bbox 1347 1765 1525 1826; x_wconf 91' lang='lat' dir='ltr'><strong>vicini</strong></span> <span class='ocrx_word' id='word_1_123' title='bbox 1557 1764 1646 1825; x_wconf 89' lang='lat' dir='ltr'><strong>sui</strong></span> <span class='ocrx_word' id='word_1_124' title='bbox 1692 1765 1903 1827; x_wconf 79' lang='lat' dir='ltr'><strong>fallere</strong></span> <span class='ocrx_word' id='word_1_125' title='bbox 1931 1785 2039 1829; x_wconf 86' lang='lat' dir='ltr'><strong>vo-</strong></span> 
     </span>
    </p>
   </div>
   <div class='ocr_carea' id='block_1_20' title="bbox 2117 605 3776 688">
    <p class='ocr_par' dir='ltr' id='par_1_20' title="bbox 2117 605 3776 688">
     <span class='ocr_line' id='line_1_20' title="bbox 2117 605 3776 688; baseline 0.001 -26"><span class='ocrx_word' id='word_1_126' title='bbox 2117 606 2247 688; x_wconf 79' lang='grc' dir='ltr'>ξίφει</span> <span class='ocrx_word' id='word_1_127' title='bbox 2285 625 2299 638; x_wconf 88' lang='grc'>⁶</span> <span class='ocrx_word' id='word_1_128' title='bbox 2347 610 2374 664; x_wconf 97' lang='lat'><strong>6</strong></span> <span class='ocrx_word' id='word_1_129' title='bbox 2405 605 2459 663; x_wconf 77' lang='grc' dir='ltr'>δὲ</span> <span class='ocrx_word' id='word_1_130' title='bbox 2516 607 2699 674; x_wconf 71' lang='grc' dir='ltr'>ἱκέτης</span> <span class='ocrx_word' id='word_1_131' title='bbox 2757 614 2835 682; x_wconf 83' lang='grc' dir='ltr'>τῷ</span> <span class='ocrx_word' id='word_1_132' title='bbox 2890 606 3115 674; x_wconf 83' lang='grc' dir='ltr'><strong>πλησίον</strong></span> <span class='ocrx_word' id='word_1_133' title='bbox 3161 607 3394 687; x_wconf 76' lang='grc' dir='ltr'>ἐγένετο,</span> <span class='ocrx_word' id='word_1_134' title='bbox 3439 608 3528 664; x_wconf 84' lang='grc' dir='ltr'><strong>καὶ</strong></span> <span class='ocrx_word' id='word_1_135' title='bbox 3583 621 3776 687; x_wconf 64' lang='grc' dir='ltr'>χεῖρας</span> 
     </span>
    </p>
   </div>
   <div class='ocr_carea' id='block_1_21' title="bbox 2116 693 3772 776">
    <p class='ocr_par' dir='ltr' id='par_1_21' title="bbox 2116 693 3772 776">
     <span class='ocr_line' id='line_1_21' title="bbox 2116 693 3772 776; baseline 0.001 -27"><span class='ocrx_word' id='word_1_136' title='bbox 2116 694 2315 760; x_wconf 81' lang='grc' dir='ltr'>ἷκεσίας</span> <span class='ocrx_word' id='word_1_137' title='bbox 2381 696 2571 776; x_wconf 74' lang='grc' dir='ltr'>ὤρεγε,</span> <span class='ocrx_word' id='word_1_138' title='bbox 2639 698 2727 752; x_wconf 85' lang='grc' dir='ltr'><strong>καὶ</strong></span> <span class='ocrx_word' id='word_1_139' title='bbox 2785 696 2885 763; x_wconf 76' lang='grc' dir='ltr'><strong>τὴν</strong></span> <span class='ocrx_word' id='word_1_140' title='bbox 2951 697 3049 772; x_wconf 79' lang='grc' dir='ltr'>μὲν</span> <span class='ocrx_word' id='word_1_141' title='bbox 3094 696 3289 762; x_wconf 78' lang='grc' dir='ltr'>ἐσθῆτα</span> <span class='ocrx_word' id='word_1_142' title='bbox 3343 693 3538 751; x_wconf 71' lang='grc' dir='ltr'>διδιὶναι</span> <span class='ocrx_word' id='word_1_143' title='bbox 3596 694 3772 764; x_wconf 69' lang='grc' dir='ltr'>ἤθελε,</span> 
     </span>
    </p>
   </div>
   <div class='ocr_carea' id='block_1_22' title="bbox 2122 781 3779 865">
    <p class='ocr_par' dir='ltr' id='par_1_22' title="bbox 2122 781 3779 865">
     <span class='ocr_line' id='line_1_22' title="bbox 2122 781 3779 865; baseline -0.004 -23"><span class='ocrx_word' id='word_1_144' title='bbox 2122 786 2284 862; x_wconf 89' lang='grc' dir='ltr'>μόνον</span> <span class='ocrx_word' id='word_1_145' title='bbox 2326 783 2380 840; x_wconf 78' lang='grc' dir='ltr'>δὲ</span> <span class='ocrx_word' id='word_1_146' title='bbox 2409 786 2471 842; x_wconf 79' lang='grc' dir='ltr'>τὸ</span> <span class='ocrx_word' id='word_1_147' title='bbox 2499 784 2596 856; x_wconf 80' lang='grc' dir='ltr'><strong>ζῆν</strong></span> <span class='ocrx_word' id='word_1_148' title='bbox 2639 785 2789 865; x_wconf 78' lang='grc' dir='ltr'>ἔχειν</span> <span class='ocrx_word' id='word_1_149' title='bbox 2817 784 2962 853; x_wconf 72' lang='grc' dir='ltr'>ἠξίου</span> <span class='ocrx_word' id='word_1_150' title='bbox 2997 803 3013 820; x_wconf 75' lang='grc' dir='ltr'><strong>ο</strong></span> <span class='ocrx_word' id='word_1_151' title='bbox 3048 786 3077 841; x_wconf 86' lang='lat'><strong>6</strong></span> <span class='ocrx_word' id='word_1_152' title='bbox 3127 782 3183 840; x_wconf 76' lang='grc' dir='ltr'>δὲ</span> <span class='ocrx_word' id='word_1_153' title='bbox 3209 786 3304 840; x_wconf 75' lang='grc' dir='ltr'><strong>οὐκ</strong></span> <span class='ocrx_word' id='word_1_154' title='bbox 3333 783 3580 863; x_wconf 77' lang='grc' dir='ltr'>ἐθραύετο</span> <span class='ocrx_word' id='word_1_155' title='bbox 3608 781 3662 826; x_wconf 74' lang='grc' dir='ltr'>ιθ</span> <span class='ocrx_word' id='word_1_156' title='bbox 3688 786 3779 840; x_wconf 70' lang='grc' dir='ltr'><strong>τὸν</strong></span> 
     </span>
    </p>
   </div>
   <div class='ocr_carea' id='block_1_23' title="bbox 2119 871 3775 954">
    <p class='ocr_par' dir='ltr' id='par_1_23' title="bbox 2119 871 3775 954">
     <span class='ocr_line' id='line_1_23' title="bbox 2119 871 3775 954; baseline -0.001 -23"><span class='ocrx_word' id='word_1_157' title='bbox 2119 876 2304 950; x_wconf 76' lang='grc' dir='ltr'>θυμὸν,</span> <span class='ocrx_word' id='word_1_158' title='bbox 2353 871 2470 933; x_wconf 77' lang='grc' dir='ltr'>οὐδὲ</span> <span class='ocrx_word' id='word_1_159' title='bbox 2528 872 2670 940; x_wconf 69' lang='grc' dir='ltr'>ἠλέει</span> <span class='ocrx_word' id='word_1_160' title='bbox 2712 874 2806 930; x_wconf 83' lang='grc' dir='ltr'><strong>τὸν</strong></span> <span class='ocrx_word' id='word_1_161' title='bbox 2857 876 3114 954; x_wconf 76' lang='grc' dir='ltr'>ὁμογενῆ,</span> <span class='ocrx_word' id='word_1_162' title='bbox 3168 871 3285 929; x_wconf 78' lang='grc' dir='ltr'>οῦδὲ</span> <span class='ocrx_word' id='word_1_163' title='bbox 3319 873 3505 929; x_wconf 75' lang='grc' dir='ltr'>ἑαυτὸν</span> <span class='ocrx_word' id='word_1_164' title='bbox 3547 871 3632 929; x_wconf 77' lang='grc' dir='ltr'><strong>διὰ</strong></span> <span class='ocrx_word' id='word_1_165' title='bbox 3677 878 3775 938; x_wconf 73' lang='grc' dir='ltr'>τῆς</span> 
     </span>
    </p>
   </div>
   <div class='ocr_carea' id='block_1_24' title="bbox 2121 959 3779 1043">
    <p class='ocr_par' dir='ltr' id='par_1_24' title="bbox 2121 959 3779 1043">
     <span class='ocr_line' id='line_1_24' title="bbox 2121 959 3779 1043; baseline -0.002 -25"><span class='ocrx_word' id='word_1_166' title='bbox 2121 963 2323 1026; x_wconf 77' lang='grc' dir='ltr'><strong>εἰκόνος</strong></span> <span class='ocrx_word' id='word_1_167' title='bbox 2357 962 2583 1037; x_wconf 55' lang='grc' dir='ltr'>ξέκείνου</span> <span class='ocrx_word' id='word_1_168' title='bbox 2633 960 2850 1039; x_wconf 78' lang='grc' dir='ltr'>βλέπειν</span> <span class='ocrx_word' id='word_1_169' title='bbox 2905 961 3114 1036; x_wconf 77' lang='grc' dir='ltr'>ἤθελεν,</span> <span class='ocrx_word' id='word_1_170' title='bbox 3149 960 3268 1018; x_wconf 83' lang='grc' dir='ltr'>ἀλλ’</span> <span class='ocrx_word' id='word_1_171' title='bbox 3316 964 3391 1026; x_wconf 84' lang='grc' dir='ltr'>ὡς</span> <span class='ocrx_word' id='word_1_172' title='bbox 3442 959 3623 1043; x_wconf 71' lang='grc' dir='ltr'>ἄγριος</span> <span class='ocrx_word' id='word_1_173' title='bbox 3678 964 3779 1039; x_wconf 65' lang='grc' dir='ltr'><strong>θὴρ</strong></span> 
     </span>
    </p>
   </div>
   <div class='ocr_carea' id='block_1_25' title="bbox 2121 1048 3779 1132">
    <p class='ocr_par' dir='ltr' id='par_1_25' title="bbox 2121 1048 3779 1132">
     <span class='ocr_line' id='line_1_25' title="bbox 2121 1048 3779 1132; baseline -0.001 -24"><span class='ocrx_word' id='word_1_174' title='bbox 2121 1059 2198 1127; x_wconf 83' lang='grc' dir='ltr'>τῷ</span> <span class='ocrx_word' id='word_1_175' title='bbox 2240 1050 2370 1131; x_wconf 71' lang='grc' dir='ltr'>ξίφει</span> <span class='ocrx_word' id='word_1_176' title='bbox 2422 1056 2521 1119; x_wconf 78' lang='grc' dir='ltr'><strong>τῆς</strong></span> <span class='ocrx_word' id='word_1_177' title='bbox 2568 1052 2727 1129; x_wconf 80' lang='grc' dir='ltr'>βορᾶς</span> <span class='ocrx_word' id='word_1_178' title='bbox 2778 1049 2982 1132; x_wconf 69' lang='grc' dir='ltr'>ἤρχετο</span> <span class='ocrx_word' id='word_1_179' title='bbox 3018 1068 3032 1083; x_wconf 87' lang='grc'>⁶</span> <span class='ocrx_word' id='word_1_180' title='bbox 3065 1049 3167 1119; x_wconf 70' lang='grc' dir='ltr'>ἤδη</span> <span class='ocrx_word' id='word_1_181' title='bbox 3198 1048 3372 1107; x_wconf 78' lang='grc' dir='ltr'>δὲκαὶ</span> <span class='ocrx_word' id='word_1_182' title='bbox 3412 1052 3476 1107; x_wconf 82' lang='grc' dir='ltr'>τὸ</span> <span class='ocrx_word' id='word_1_183' title='bbox 3519 1057 3675 1126; x_wconf 81' lang='grc' dir='ltr'>σῶμα</span> <span class='ocrx_word' id='word_1_184' title='bbox 3703 1058 3779 1125; x_wconf 82' lang='grc' dir='ltr'>τῷ</span> 
     </span>
    </p>
   </div>
   <div class='ocr_carea' id='block_1_26' title="bbox 2123 1139 3775 1221">
    <p class='ocr_par' dir='ltr' id='par_1_26' title="bbox 2123 1139 3775 1221">
     <span class='ocr_line' id='line_1_26' title="bbox 2123 1139 3775 1221; baseline -0.001 -22"><span class='ocrx_word' id='word_1_185' title='bbox 2123 1142 2291 1218; x_wconf 83' lang='grc' dir='ltr'>ὁμοίῳ</span> <span class='ocrx_word' id='word_1_186' title='bbox 2333 1139 2623 1221; x_wconf 72' lang='grc' dir='ltr'>προσέφερε</span> <span class='ocrx_word' id='word_1_187' title='bbox 2674 1141 2882 1215; x_wconf 86' lang='grc' dir='ltr'>σώματι</span> <span class='ocrx_word' id='word_1_188' title='bbox 2920 1159 2932 1173; x_wconf 82' lang='grc'><em>’</em></span> <span class='ocrx_word' id='word_1_189' title='bbox 2993 1146 3245 1205; x_wconf 84' lang='grc' dir='ltr'>τοσοῦτος</span> <span class='ocrx_word' id='word_1_190' title='bbox 3274 1140 3375 1219; x_wconf 80' lang='grc' dir='ltr'><strong>γὰρ</strong></span> <span class='ocrx_word' id='word_1_191' title='bbox 3403 1140 3471 1207; x_wconf 78' lang='grc' dir='ltr'>ἦν</span> <span class='ocrx_word' id='word_1_192' title='bbox 3497 1145 3576 1216; x_wconf 76' lang='grc' dir='ltr'>τῷ</span> <span class='ocrx_word' id='word_1_193' title='bbox 3601 1142 3775 1215; x_wconf 78' lang='grc' dir='ltr'>θυμῷ.</span> 
     </span>
    </p>
   </div>
   <div class='ocr_carea' id='block_1_27' title="bbox 2119 1226 3773 1306">
    <p class='ocr_par' dir='ltr' id='par_1_27' title="bbox 2119 1226 3773 1306">
     <span class='ocr_line' id='line_1_27' title="bbox 2119 1226 3773 1306; baseline -0.002 -15"><span class='ocrx_word' id='word_1_194' title='bbox 2119 1232 2220 1291; x_wconf 82' lang='grc' dir='ltr'><strong>Καὶ</strong></span> <span class='ocrx_word' id='word_1_195' title='bbox 2262 1231 2328 1298; x_wconf 76' lang='grc' dir='ltr'>ἦν</span> <span class='ocrx_word' id='word_1_196' title='bbox 2384 1229 2515 1286; x_wconf 76' lang='grc' dir='ltr'>ἰδεῖν</span> <span class='ocrx_word' id='word_1_197' title='bbox 2556 1230 2648 1285; x_wconf 68' lang='grc' dir='ltr'><strong>τὸν</strong></span> <span class='ocrx_word' id='word_1_198' title='bbox 2692 1230 2793 1306; x_wconf 72' lang='grc' dir='ltr'>μὲν</span> <span class='ocrx_word' id='word_1_199' title='bbox 2840 1226 3188 1306; x_wconf 74' lang='grc' dir='ltr'>ηδικημὲνον,</span> <span class='ocrx_word' id='word_1_200' title='bbox 3222 1229 3314 1287; x_wconf 80' lang='grc' dir='ltr'><strong>τὸν</strong></span> <span class='ocrx_word' id='word_1_201' title='bbox 3340 1228 3396 1285; x_wconf 70' lang='grc' dir='ltr'>δὲ</span> <span class='ocrx_word' id='word_1_202' title='bbox 3427 1228 3614 1286; x_wconf 80' lang='grc' dir='ltr'>λοιπὸν</span> <span class='ocrx_word' id='word_1_203' title='bbox 3644 1250 3773 1288; x_wconf 83' lang='grc' dir='ltr'>σκυ-</span> 
     </span>
    </p>
   </div>
   <div class='ocr_carea' id='block_1_28' title="bbox 2119 1316 3779 1397">
    <p class='ocr_par' dir='ltr' id='par_1_28' title="bbox 2119 1316 3779 1397">
     <span class='ocr_line' id='line_1_28' title="bbox 2119 1316 3779 1397; baseline -0.001 -21"><span class='ocrx_word' id='word_1_204' title='bbox 2119 1318 2361 1395; x_wconf 80' lang='grc' dir='ltr'>λεύοντα,</span> <span class='ocrx_word' id='word_1_205' title='bbox 2395 1321 2483 1375; x_wconf 88' lang='grc' dir='ltr'><strong>καὶ</strong></span> <span class='ocrx_word' id='word_1_206' title='bbox 2526 1316 2663 1394; x_wconf 77' lang='grc' dir='ltr'>μηδὲ</span> <span class='ocrx_word' id='word_1_207' title='bbox 2718 1324 2790 1397; x_wconf 75' lang='grc' dir='ltr'><strong>γῇ</strong></span> <span class='ocrx_word' id='word_1_208' title='bbox 2838 1319 3170 1390; x_wconf 70' lang='grc' dir='ltr'>σκεπάζοντα</span> <span class='ocrx_word' id='word_1_209' title='bbox 3216 1319 3278 1375; x_wconf 78' lang='grc' dir='ltr'>τὸ</span> <span class='ocrx_word' id='word_1_210' title='bbox 3306 1317 3462 1395; x_wconf 80' lang='grc' dir='ltr'>σῶμα</span> <span class='ocrx_word' id='word_1_211' title='bbox 3498 1334 3514 1350; x_wconf 89' lang='lat'><strong>&#39;</strong></span> <span class='ocrx_word' id='word_1_212' title='bbox 3546 1321 3644 1387; x_wconf 72' lang='grc' dir='ltr'><strong>τῆς</strong></span> <span class='ocrx_word' id='word_1_213' title='bbox 3681 1318 3779 1397; x_wconf 71' lang='grc' dir='ltr'>γὰρ</span> 
     </span>
    </p>
   </div>
   <div class='ocr_carea' id='block_1_29' title="bbox 2119 1404 3777 1487">
    <p class='ocr_par' dir='ltr' id='par_1_29' title="bbox 2119 1404 3777 1487">
     <span class='ocr_line' id='line_1_29' title="bbox 2119 1404 3777 1487; baseline -0.002 -22"><span class='ocrx_word' id='word_1_214' title='bbox 2119 1408 2337 1472; x_wconf 77' lang='grc' dir='ltr'>ἐσθῆτος</span> <span class='ocrx_word' id='word_1_215' title='bbox 2380 1407 2673 1486; x_wconf 81' lang='grc' dir='ltr'>ἐγύμνωσε.</span> <span class='ocrx_word' id='word_1_216' title='bbox 2737 1409 2874 1487; x_wconf 83' lang='grc' dir='ltr'>Πρὸς</span> <span class='ocrx_word' id='word_1_217' title='bbox 2931 1404 2987 1463; x_wconf 78' lang='grc' dir='ltr'>δὲ</span> <span class='ocrx_word' id='word_1_218' title='bbox 3043 1409 3273 1477; x_wconf 72' lang='grc' dir='ltr'>τούτοις,</span> <span class='ocrx_word' id='word_1_219' title='bbox 3307 1408 3484 1485; x_wconf 79' lang='grc' dir='ltr'>ἔτερος</span> <span class='ocrx_word' id='word_1_220' title='bbox 3527 1407 3777 1485; x_wconf 73' lang='grc' dir='ltr'>προσῄει,</span> 
     </span>
    </p>
   </div>
   <div class='ocr_carea' id='block_1_30' title="bbox 2120 1494 3781 1576">
    <p class='ocr_par' dir='ltr' id='par_1_30' title="bbox 2120 1494 3781 1576">
     <span class='ocr_line' id='line_1_30' title="bbox 2120 1494 3781 1576; baseline -0.002 -21"><span class='ocrx_word' id='word_1_221' title='bbox 2120 1499 2177 1561; x_wconf 85' lang='grc' dir='ltr'>ὃς</span> <span class='ocrx_word' id='word_1_222' title='bbox 2219 1500 2314 1555; x_wconf 81' lang='lat'><strong>106</strong></span> <span class='ocrx_word' id='word_1_223' title='bbox 2354 1496 2582 1565; x_wconf 77' lang='grc' dir='ltr'>πλησίον</span> <span class='ocrx_word' id='word_1_224' title='bbox 2638 1509 2866 1574; x_wconf 79' lang='grc' dir='ltr'>γυναῖκα</span> <span class='ocrx_word' id='word_1_225' title='bbox 2910 1495 3113 1568; x_wconf 78' lang='grc' dir='ltr'>παίζειν</span> <span class='ocrx_word' id='word_1_226' title='bbox 3149 1494 3328 1570; x_wconf 70' lang='grc' dir='ltr'>ἤθελε,</span> <span class='ocrx_word' id='word_1_227' title='bbox 3362 1495 3632 1576; x_wconf 74' lang='grc' dir='ltr'>λῃστεύων</span> <span class='ocrx_word' id='word_1_228' title='bbox 3682 1497 3781 1573; x_wconf 73' lang='grc' dir='ltr'>γά-</span> 
     </span>
    </p>
   </div>
   <div class='ocr_carea' id='block_1_31' title="bbox 2121 1585 3783 1666">
    <p class='ocr_par' dir='ltr' id='par_1_31' title="bbox 2121 1585 3783 1666">
     <span class='ocr_line' id='line_1_31' title="bbox 2121 1585 3783 1666; baseline -0.002 -23"><span class='ocrx_word' id='word_1_229' title='bbox 2121 1608 2221 1663; x_wconf 81' lang='grc' dir='ltr'><strong>μον</strong></span> <span class='ocrx_word' id='word_1_230' title='bbox 2250 1585 2526 1666; x_wconf 75' lang='grc' dir='ltr'>ἀλλότριον</span> <span class='ocrx_word' id='word_1_231' title='bbox 2560 1602 2576 1617; x_wconf 85' lang='grc'>⁶</span> <span class='ocrx_word' id='word_1_232' title='bbox 2630 1586 2719 1642; x_wconf 84' lang='grc' dir='ltr'><strong>καὶ</strong></span> <span class='ocrx_word' id='word_1_233' title='bbox 2772 1586 2861 1641; x_wconf 70' lang='grc' dir='ltr'><strong>επὶ</strong></span> <span class='ocrx_word' id='word_1_234' title='bbox 2917 1586 3225 1664; x_wconf 73' lang='grc' dir='ltr'>παράνομον</span> <span class='ocrx_word' id='word_1_235' title='bbox 3274 1586 3458 1653; x_wconf 82' lang='grc' dir='ltr'>κοίτην</span> <span class='ocrx_word' id='word_1_236' title='bbox 3509 1589 3783 1665; x_wconf 65' lang='grc' dir='ltr'>τραπῆναι</span> 
     </span>
    </p>
   </div>
   <div class='ocr_carea' id='block_1_32' title="bbox 2121 1674 3784 1754">
    <p class='ocr_par' dir='ltr' id='par_1_32' title="bbox 2121 1674 3784 1754">
     <span class='ocr_line' id='line_1_32' title="bbox 2121 1674 3784 1754; baseline -0.002 -22"><span class='ocrx_word' id='word_1_237' title='bbox 2121 1682 2408 1754; x_wconf 77' lang='grc' dir='ltr'>παρορμῶν</span> <span class='ocrx_word' id='word_1_238' title='bbox 2457 1677 2547 1731; x_wconf 84' lang='grc' dir='ltr'>τὸν</span> <span class='ocrx_word' id='word_1_239' title='bbox 2594 1696 2967 1754; x_wconf 84' lang='grc' dir='ltr'>γεγαμηκοτα,</span> <span class='ocrx_word' id='word_1_240' title='bbox 3027 1675 3248 1753; x_wconf 75' lang='grc' dir='ltr'>γνήσιον</span> <span class='ocrx_word' id='word_1_241' title='bbox 3296 1675 3499 1753; x_wconf 80' lang='grc' dir='ltr'>πατέρα</span> <span class='ocrx_word' id='word_1_242' title='bbox 3542 1674 3784 1753; x_wconf 83' lang='grc' dir='ltr'>γενέσθαι</span> 
     </span>
    </p>
   </div>
   <div class='ocr_carea' id='block_1_33' title="bbox 2123 1760 3783 1842">
    <p class='ocr_par' dir='ltr' id='par_1_33' title="bbox 2123 1760 3783 1842">
     <span class='ocr_line' id='line_1_33' title="bbox 2123 1760 3783 1842; baseline -0.001 -22"><span class='ocrx_word' id='word_1_243' title='bbox 2123 1765 2200 1841; x_wconf 79' lang='grc' dir='ltr'>μὴ</span> <span class='ocrx_word' id='word_1_244' title='bbox 2255 1763 2444 1823; x_wconf 75' lang='grc' dir='ltr'>θέλων.</span> <span class='ocrx_word' id='word_1_245' title='bbox 2522 1763 2792 1821; x_wconf 78' lang='grc' dir='ltr'>Ἐντεῦθεν</span> <span class='ocrx_word' id='word_1_246' title='bbox 2848 1760 2900 1805; x_wconf 64' lang='grc'><strong>1⁷</strong></span> <span class='ocrx_word' id='word_1_247' title='bbox 2961 1764 3047 1819; x_wconf 84' lang='grc' dir='ltr'>καὶ</span> <span class='ocrx_word' id='word_1_248' title='bbox 3124 1776 3245 1826; x_wconf 76' lang='grc' dir='ltr'>ταῖς</span> <span class='ocrx_word' id='word_1_249' title='bbox 3301 1761 3616 1842; x_wconf 80' lang='grc' dir='ltr'>τραγῳδίαις</span> <span class='ocrx_word' id='word_1_250' title='bbox 3684 1786 3783 1818; x_wconf 88' lang='grc' dir='ltr'>πι-</span> 
     </span>
    </p>
   </div>
   <div class='ocr_carea' id='block_1_34' title="bbox 387 1850 2056 1934">
    <p class='ocr_par' dir='ltr' id='par_1_34' title="bbox 387 1851 2039 1934">
     <span class='ocr_line' id='line_1_34' title="bbox 387 1851 2039 1934; baseline 0.002 -22"><span class='ocrx_word' id='word_1_251' title='bbox 387 1851 517 1925; x_wconf 85' lang='lat' dir='ltr'><strong>luit,</strong></span> <span class='ocrx_word' id='word_1_252' title='bbox 552 1852 765 1914; x_wconf 68' lang='lat' dir='ltr'><strong>alienis</strong></span> <span class='ocrx_word' id='word_1_253' title='bbox 796 1853 1105 1915; x_wconf 88' lang='lat' dir='ltr'><strong>insidiatus</strong></span> <span class='ocrx_word' id='word_1_254' title='bbox 1135 1853 1357 1934; x_wconf 88' lang='lat' dir='ltr'><strong>nuptiis</strong></span> <span class='ocrx_word' id='word_1_255' title='bbox 1383 1874 1396 1913; x_wconf 89' lang='lat'>:</span> <span class='ocrx_word' id='word_1_256' title='bbox 1424 1859 1482 1916; x_wconf 81' lang='lat' dir='ltr'><strong>et</strong></span> <span class='ocrx_word' id='word_1_257' title='bbox 1514 1872 1673 1930; x_wconf 92' lang='lat' dir='ltr'><strong>eum,</strong></span> <span class='ocrx_word' id='word_1_258' title='bbox 1703 1855 1776 1916; x_wconf 92' lang='lat' dir='ltr'><strong>ad</strong></span> <span class='ocrx_word' id='word_1_259' title='bbox 1812 1855 2039 1934; x_wconf 71' lang='lat' dir='ltr'><strong>illegiti-</strong></span> 
     </span>
    </p>
   </div>
   <div class='ocr_carea' id='block_1_35' title="bbox 2125 1850 3784 1934">
    <p class='ocr_par' dir='ltr' id='par_1_35' title="bbox 2125 1850 3784 1933">
     <span class='ocr_line' id='line_1_35' title="bbox 2125 1850 3784 1933; baseline -0.001 -24"><span class='ocrx_word' id='word_1_260' title='bbox 2125 1855 2321 1911; x_wconf 79' lang='grc' dir='ltr'>στεύειν</span> <span class='ocrx_word' id='word_1_261' title='bbox 2365 1852 2647 1933; x_wconf 72' lang='grc' dir='ltr'>ἠρχόμην,</span> <span class='ocrx_word' id='word_1_262' title='bbox 2708 1853 2795 1909; x_wconf 87' lang='grc' dir='ltr'><strong>καὶ</strong></span> <span class='ocrx_word' id='word_1_263' title='bbox 2846 1859 3000 1909; x_wconf 86' lang='grc' dir='ltr'>τοῦτο</span> <span class='ocrx_word' id='word_1_264' title='bbox 3044 1851 3180 1928; x_wconf 78' lang='grc' dir='ltr'>ἐστι,</span> <span class='ocrx_word' id='word_1_265' title='bbox 3213 1851 3281 1907; x_wconf 87' lang='grc' dir='ltr'><strong>δι’</strong></span> <span class='ocrx_word' id='word_1_266' title='bbox 3311 1853 3385 1908; x_wconf 83' lang='grc' dir='ltr'><strong>ὧν</strong></span> <span class='ocrx_word' id='word_1_267' title='bbox 3415 1851 3629 1920; x_wconf 83' lang='grc' dir='ltr'>άληθῶς</span> <span class='ocrx_word' id='word_1_268' title='bbox 3657 1850 3784 1908; x_wconf 62' lang='grc' dir='ltr'>ἰδό-</span> 
     </span>
    </p>
   </div>
   <div class='ocr_carea' id='block_1_36' title="bbox 389 1941 2034 2023">
    <p class='ocr_par' dir='ltr' id='par_1_36' title="bbox 389 1941 2034 2023">
     <span class='ocr_line' id='line_1_36' title="bbox 389 1941 2034 2023; baseline 0.004 -23"><span class='ocrx_word' id='word_1_269' title='bbox 389 1960 549 2002; x_wconf 91' lang='lat' dir='ltr'><strong>mum</strong></span> <span class='ocrx_word' id='word_1_270' title='bbox 582 1950 774 2002; x_wconf 87' lang='lat' dir='ltr'><strong>torum</strong></span> <span class='ocrx_word' id='word_1_271' title='bbox 819 1941 1219 2004; x_wconf 91' lang='lat' dir='ltr'><strong>invadendum</strong></span> <span class='ocrx_word' id='word_1_272' title='bbox 1283 1944 1571 2012; x_wconf 83' lang='lat' dir='ltr'><strong>hortatus,</strong></span> <span class='ocrx_word' id='word_1_273' title='bbox 1636 1943 1738 2023; x_wconf 86' lang='lat' dir='ltr'><strong>qui</strong></span> <span class='ocrx_word' id='word_1_274' title='bbox 1791 1962 2034 2006; x_wconf 80' lang='lat' dir='ltr'><strong>uxorem</strong></span> 
     </span>
    </p>
   </div>
   <div class='ocr_carea' id='block_1_37' title="bbox 386 2032 2036 2115">
    <p class='ocr_par' dir='ltr' id='par_1_37' title="bbox 386 2032 2036 2115">
     <span class='ocr_line' id='line_1_37' title="bbox 386 2032 2036 2115; baseline 0.002 -23"><span class='ocrx_word' id='word_1_275' title='bbox 386 2032 726 2113; x_wconf 87' lang='lat' dir='ltr'><strong>duxerat,ut</strong></span> <span class='ocrx_word' id='word_1_276' title='bbox 748 2033 1042 2112; x_wconf 83' lang='lat' dir='ltr'><strong>legitimus</strong></span> <span class='ocrx_word' id='word_1_277' title='bbox 1063 2044 1232 2114; x_wconf 85' lang='lat' dir='ltr'><strong>pater</strong></span> <span class='ocrx_word' id='word_1_278' title='bbox 1263 2034 1455 2115; x_wconf 83' lang='lat' dir='ltr'><strong>ﬁeret,</strong></span> <span class='ocrx_word' id='word_1_279' title='bbox 1493 2034 2036 2097; x_wconf 85' lang='lat' dir='ltr'><strong>noluitEnimvero</strong></span> 
     </span>
    </p>
   </div>
   <div class='ocr_carea' id='block_1_38' title="bbox 391 2120 2036 2203">
    <p class='ocr_par' dir='ltr' id='par_1_38' title="bbox 391 2120 2036 2203">
     <span class='ocr_line' id='line_1_38' title="bbox 391 2120 2036 2203; baseline 0.001 -21"><span class='ocrx_word' id='word_1_280' title='bbox 391 2120 531 2182; x_wconf 92' lang='lat' dir='ltr'><strong>hinc</strong></span> <span class='ocrx_word' id='word_1_281' title='bbox 557 2121 852 2200; x_wconf 69' lang='lat' dir='ltr'><strong>tragaadiis</strong></span> <span class='ocrx_word' id='word_1_282' title='bbox 885 2122 1057 2183; x_wconf 84' lang='lat' dir='ltr'><strong>ﬁdem</strong></span> <span class='ocrx_word' id='word_1_283' title='bbox 1088 2122 1379 2183; x_wconf 78' lang='lat' dir='ltr'><strong>adhibere</strong></span> <span class='ocrx_word' id='word_1_284' title='bbox 1413 2122 1568 2203; x_wconf 73' lang='lat' dir='ltr'><strong>C(I&#39;pi</strong></span> <span class='ocrx_word' id='word_1_285' title='bbox 1599 2140 1613 2185; x_wconf 90' lang='lat'>:</span> <span class='ocrx_word' id='word_1_286' title='bbox 1656 2123 1848 2185; x_wconf 90' lang='lat' dir='ltr'><strong>ethoc</strong></span> <span class='ocrx_word' id='word_1_287' title='bbox 1890 2122 2036 2184; x_wconf 90' lang='lat' dir='ltr'><strong>illud</strong></span> 
     </span>
    </p>
   </div>
   <div class='ocr_carea' id='block_1_39' title="bbox 385 2211 2035 2289">
    <p class='ocr_par' dir='ltr' id='par_1_39' title="bbox 385 2211 2035 2289">
     <span class='ocr_line' id='line_1_39' title="bbox 385 2211 2035 2289; baseline 0.002 -19"><span class='ocrx_word' id='word_1_288' title='bbox 385 2217 494 2285; x_wconf 82' lang='lat' dir='ltr'><strong>est,</strong></span> <span class='ocrx_word' id='word_1_289' title='bbox 533 2212 690 2270; x_wconf 89' lang='lat' dir='ltr'><strong>unde</strong></span> <span class='ocrx_word' id='word_1_290' title='bbox 721 2211 1012 2272; x_wconf 88' lang='lat' dir='ltr'><strong>adductus</strong></span> <span class='ocrx_word' id='word_1_291' title='bbox 1042 2230 1195 2289; x_wconf 91' lang='lat' dir='ltr'><strong>sum,</strong></span> <span class='ocrx_word' id='word_1_292' title='bbox 1234 2220 1291 2272; x_wconf 94' lang='lat' dir='ltr'><strong>ut</strong></span> <span class='ocrx_word' id='word_1_293' title='bbox 1326 2230 1460 2271; x_wconf 81' lang='lat' dir='ltr'><strong>vere</strong></span> <span class='ocrx_word' id='word_1_294' title='bbox 1492 2219 1658 2288; x_wconf 84' lang='lat' dir='ltr'><strong>gesta</strong></span> <span class='ocrx_word' id='word_1_295' title='bbox 1687 2212 1834 2272; x_wconf 86' lang='lat' dir='ltr'><strong>mihi</strong></span> <span class='ocrx_word' id='word_1_296' title='bbox 1867 2213 2035 2273; x_wconf 92' lang='lat' dir='ltr'><strong>vide-</strong></span> 
     </span>
    </p>
   </div>
   <div class='ocr_carea' id='block_1_40' title="bbox 382 2296 2035 2380">
    <p class='ocr_par' dir='ltr' id='par_1_40' title="bbox 382 2296 2035 2380">
     <span class='ocr_line' id='line_1_40' title="bbox 382 2296 2035 2380; baseline 0.002 -23"><span class='ocrx_word' id='word_1_297' title='bbox 382 2296 808 2359; x_wconf 62' lang='lat' dir='ltr'><strong>rentnrﬂredo</strong></span> <span class='ocrx_word' id='word_1_298' title='bbox 843 2300 1018 2359; x_wconf 89' lang='lat' dir='ltr'><strong>etiam</strong></span> <span class='ocrx_word' id='word_1_299' title='bbox 1070 2300 1456 2361; x_wconf 88' lang='lat' dir='ltr'><strong>tumulentam</strong></span> <span class='ocrx_word' id='word_1_300' title='bbox 1492 2298 1760 2360; x_wconf 61' lang='lat' dir='ltr'><strong>mnomai</strong></span> <span class='ocrx_word' id='word_1_301' title='bbox 1800 2299 2035 2380; x_wconf 85' lang='lat' dir='ltr'><strong>cupidi-</strong></span> 
     </span>
    </p>
   </div>
   <div class='ocr_carea' id='block_1_41' title="bbox 385 2387 2037 2450">
    <p class='ocr_par' dir='ltr' id='par_1_41' title="bbox 385 2387 2037 2450">
     <span class='ocr_line' id='line_1_41' title="bbox 385 2387 2037 2450; baseline 0.002 -4"><span class='ocrx_word' id='word_1_302' title='bbox 385 2393 563 2447; x_wconf 87' lang='lat' dir='ltr'><strong>tatem</strong></span> <span class='ocrx_word' id='word_1_303' title='bbox 599 2407 615 2447; x_wconf 88' lang='lat'><strong>:</strong></span> <span class='ocrx_word' id='word_1_304' title='bbox 650 2396 703 2447; x_wconf 90' lang='lat' dir='ltr'><strong>et</strong></span> <span class='ocrx_word' id='word_1_305' title='bbox 738 2387 978 2448; x_wconf 81' lang='lat' dir='ltr'><strong>fratrum</strong></span> <span class='ocrx_word' id='word_1_306' title='bbox 1012 2387 1170 2450; x_wconf 92' lang='lat' dir='ltr'><strong>inter</strong></span> <span class='ocrx_word' id='word_1_307' title='bbox 1186 2407 1249 2449; x_wconf 90' lang='lat' dir='ltr'><strong>se</strong></span> <span class='ocrx_word' id='word_1_308' title='bbox 1273 2407 1418 2450; x_wconf 91' lang='lat' dir='ltr'><strong>ense</strong></span> <span class='ocrx_word' id='word_1_309' title='bbox 1449 2390 1891 2450; x_wconf 89' lang='lat' dir='ltr'><strong>contentionem</strong></span> <span class='ocrx_word' id='word_1_310' title='bbox 1919 2408 2037 2449; x_wconf 92' lang='lat' dir='ltr'><strong>non</strong></span> 
     </span>
    </p>
   </div>
   <div class='ocr_carea' id='block_1_42' title="bbox 386 2474 2036 2557">
    <p class='ocr_par' dir='ltr' id='par_1_42' title="bbox 386 2474 2036 2557">
     <span class='ocr_line' id='line_1_42' title="bbox 386 2474 2036 2557; baseline 0.002 -22"><span class='ocrx_word' id='word_1_311' title='bbox 386 2474 799 2538; x_wconf 85' lang='lat' dir='ltr'><strong>incredibilem</strong></span> <span class='ocrx_word' id='word_1_312' title='bbox 834 2484 996 2556; x_wconf 91' lang='lat' dir='ltr'><strong>puto.</strong></span> <span class='ocrx_word' id='word_1_313' title='bbox 1041 2478 1245 2557; x_wconf 82' lang='lat' dir='ltr'><strong>Itaque</strong></span> <span class='ocrx_word' id='word_1_314' title='bbox 1278 2497 1410 2539; x_wconf 88' lang='lat' dir='ltr'><strong>cum</strong></span> <span class='ocrx_word' id='word_1_315' title='bbox 1456 2485 1537 2538; x_wconf 93' lang='lat' dir='ltr'><strong>tot</strong></span> <span class='ocrx_word' id='word_1_316' title='bbox 1580 2496 1647 2538; x_wconf 89' lang='lat' dir='ltr'><strong>ac</strong></span> <span class='ocrx_word' id='word_1_317' title='bbox 1691 2477 1893 2538; x_wconf 90' lang='lat' dir='ltr'><strong>talium</strong></span> <span class='ocrx_word' id='word_1_318' title='bbox 1929 2497 2036 2556; x_wconf 82' lang='lat' dir='ltr'><strong>ego</strong></span> 
     </span>
    </p>
   </div>
   <div class='ocr_carea' id='block_1_43' title="bbox 385 2565 2037 2646">
    <p class='ocr_par' dir='ltr' id='par_1_43' title="bbox 385 2565 2037 2646">
     <span class='ocr_line' id='line_1_43' title="bbox 385 2565 2037 2646; baseline 0.001 -20"><span class='ocrx_word' id='word_1_319' title='bbox 385 2571 683 2645; x_wconf 84' lang='lat' dir='ltr'><strong>spectator</strong></span> <span class='ocrx_word' id='word_1_320' title='bbox 713 2582 904 2626; x_wconf 85' lang='lat' dir='ltr'><strong>essem</strong></span> <span class='ocrx_word' id='word_1_321' title='bbox 962 2565 1171 2646; x_wconf 60' lang='lat' dir='ltr'><strong>factus,</strong></span> <span class='ocrx_word' id='word_1_322' title='bbox 1209 2567 1367 2627; x_wconf 91' lang='lat' dir='ltr'><strong>unde</strong></span> <span class='ocrx_word' id='word_1_323' title='bbox 1399 2568 1507 2628; x_wconf 89' lang='lat' dir='ltr'><strong>ista</strong></span> <span class='ocrx_word' id='word_1_324' title='bbox 1538 2572 1841 2628; x_wconf 68' lang='lat' dir='ltr'><strong>orirentur</strong></span> <span class='ocrx_word' id='word_1_325' title='bbox 1885 2567 2037 2646; x_wconf 68' lang='lat' dir='ltr'><strong>coepi</strong></span> 
     </span>
    </p>
   </div>
   <div class='ocr_carea' id='block_1_44' title="bbox 383 2652 2037 2736">
    <p class='ocr_par' dir='ltr' id='par_1_44' title="bbox 383 2652 2037 2736">
     <span class='ocr_line' id='line_1_44' title="bbox 383 2652 2037 2736; baseline 0.002 -23"><span class='ocrx_word' id='word_1_326' title='bbox 383 2652 748 2733; x_wconf 87' lang='lat' dir='ltr'><strong>disquirere:</strong></span> <span class='ocrx_word' id='word_1_327' title='bbox 785 2654 955 2734; x_wconf 89' lang='lat' dir='ltr'><strong>item,</strong></span> <span class='ocrx_word' id='word_1_328' title='bbox 1000 2656 1297 2735; x_wconf 85' lang='lat' dir='ltr'><strong>quodnam</strong></span> <span class='ocrx_word' id='word_1_329' title='bbox 1341 2656 1696 2736; x_wconf 81' lang='lat' dir='ltr'><strong>principium</strong></span> <span class='ocrx_word' id='word_1_330' title='bbox 1759 2656 2037 2719; x_wconf 87' lang='lat' dir='ltr'><strong>motionis</strong></span> 
     </span>
    </p>
   </div>
   <div class='ocr_carea' id='block_1_45' title="bbox 2119 1940 3786 2021">
    <p class='ocr_par' dir='ltr' id='par_1_45' title="bbox 2119 1940 3786 2021">
     <span class='ocr_line' id='line_1_45' title="bbox 2119 1940 3786 2021; baseline -0.002 -22"><span class='ocrx_word' id='word_1_331' title='bbox 2119 1964 2201 1999; x_wconf 85' lang='grc' dir='ltr'><strong>κει</strong></span> <span class='ocrx_word' id='word_1_332' title='bbox 2246 1964 2335 2019; x_wconf 90' lang='grc' dir='ltr'><strong>μοι</strong></span> <span class='ocrx_word' id='word_1_333' title='bbox 2367 1940 2663 2021; x_wconf 79' lang='grc' dir='ltr'>γεγονέναι.</span> <span class='ocrx_word' id='word_1_334' title='bbox 2700 1941 2938 1998; x_wconf 77' lang='grc' dir='ltr'>Πιστεύω</span> <span class='ocrx_word' id='word_1_335' title='bbox 2988 1942 3076 1997; x_wconf 82' lang='grc' dir='ltr'><strong>καὶ</strong></span> <span class='ocrx_word' id='word_1_336' title='bbox 3120 1945 3221 2007; x_wconf 74' lang='grc' dir='ltr'>τὴν</span> <span class='ocrx_word' id='word_1_337' title='bbox 3272 1941 3532 2016; x_wconf 78' lang='grc' dir='ltr'>Οἰνομάου</span> <span class='ocrx_word' id='word_1_338' title='bbox 3580 1941 3786 2020; x_wconf 89' lang='grc' dir='ltr'>πάροι-</span> 
     </span>
    </p>
   </div>
   <div class='ocr_carea' id='block_1_46' title="bbox 2120 2028 3789 2111">
    <p class='ocr_par' dir='ltr' id='par_1_46' title="bbox 2120 2028 3789 2111">
     <span class='ocr_line' id='line_1_46' title="bbox 2120 2028 3789 2111; baseline -0.002 -24"><span class='ocrx_word' id='word_1_339' title='bbox 2120 2055 2208 2089; x_wconf 90' lang='grc' dir='ltr'><strong>νον</strong></span> <span class='ocrx_word' id='word_1_340' title='bbox 2281 2030 2580 2108; x_wconf 79' lang='grc' dir='ltr'>ἐπιθυμίαν,</span> <span class='ocrx_word' id='word_1_341' title='bbox 2667 2032 2755 2088; x_wconf 84' lang='grc' dir='ltr'><strong>καὶ</strong></span> <span class='ocrx_word' id='word_1_342' title='bbox 2835 2030 2933 2100; x_wconf 64' lang='grc' dir='ltr'>τὴν</span> <span class='ocrx_word' id='word_1_343' title='bbox 2989 2036 3094 2087; x_wconf 83' lang='grc' dir='ltr'>τῶν</span> <span class='ocrx_word' id='word_1_344' title='bbox 3150 2028 3390 2111; x_wconf 80' lang='grc' dir='ltr'>ἀδελφῶν</span> <span class='ocrx_word' id='word_1_345' title='bbox 3453 2028 3539 2087; x_wconf 82' lang='grc' dir='ltr'><strong>διὰ</strong></span> <span class='ocrx_word' id='word_1_346' title='bbox 3608 2028 3789 2109; x_wconf 75' lang='grc' dir='ltr'>ξίφους</span> 
     </span>
    </p>
   </div>
   <div class='ocr_carea' id='block_1_47' title="bbox 2120 2119 3788 2200">
    <p class='ocr_par' dir='ltr' id='par_1_47' title="bbox 2120 2119 3788 2200">
     <span class='ocr_line' id='line_1_47' title="bbox 2120 2119 3788 2200; baseline 0.001 -26"><span class='ocrx_word' id='word_1_347' title='bbox 2120 2119 2449 2200; x_wconf 76' lang='grc' dir='ltr'>φιλονεικίαν</span> <span class='ocrx_word' id='word_1_348' title='bbox 2492 2119 2587 2176; x_wconf 69' lang='grc' dir='ltr'><strong>οὒκ</strong></span> <span class='ocrx_word' id='word_1_349' title='bbox 2638 2119 2868 2176; x_wconf 83' lang='grc' dir='ltr'>ἀπιστῶ.</span> <span class='ocrx_word' id='word_1_350' title='bbox 2918 2119 3194 2178; x_wconf 88' lang='grc' dir='ltr'>Τοσούτων</span> <span class='ocrx_word' id='word_1_351' title='bbox 3236 2119 3408 2175; x_wconf 85' lang='grc' dir='ltr'>τοίνυν</span> <span class='ocrx_word' id='word_1_352' title='bbox 3459 2120 3549 2175; x_wconf 85' lang='grc' dir='ltr'><strong>καὶ</strong></span> <span class='ocrx_word' id='word_1_353' title='bbox 3602 2119 3788 2176; x_wconf 86' lang='grc' dir='ltr'>τοιού-</span> 
     </span>
    </p>
   </div>
   <div class='ocr_carea' id='block_1_48' title="bbox 2121 2206 3792 2288">
    <p class='ocr_par' dir='ltr' id='par_1_48' title="bbox 2121 2206 3792 2288">
     <span class='ocr_line' id='line_1_48' title="bbox 2121 2206 3792 2288; baseline -0.003 -22"><span class='ocrx_word' id='word_1_354' title='bbox 2121 2232 2227 2266; x_wconf 89' lang='grc' dir='ltr'><strong>των</strong></span> <span class='ocrx_word' id='word_1_355' title='bbox 2276 2210 2468 2276; x_wconf 76' lang='grc' dir='ltr'>θεατὴς</span> <span class='ocrx_word' id='word_1_356' title='bbox 2528 2208 2814 2287; x_wconf 88' lang='grc' dir='ltr'>γενόμενος</span> <span class='ocrx_word' id='word_1_357' title='bbox 2885 2208 3014 2288; x_wconf 78' lang='grc' dir='ltr'>ἐγὼ,</span> <span class='ocrx_word' id='word_1_358' title='bbox 3090 2207 3248 2264; x_wconf 86' lang='grc' dir='ltr'>πόθεν</span> <span class='ocrx_word' id='word_1_359' title='bbox 3292 2214 3456 2264; x_wconf 88' lang='grc' dir='ltr'>ταῦτα</span> <span class='ocrx_word' id='word_1_360' title='bbox 3499 2206 3792 2279; x_wconf 72' lang='grc' dir='ltr'>ἀναζητεῖν</span> 
     </span>
    </p>
   </div>
   <div class='ocr_carea' id='block_1_49' title="bbox 2120 2295 3790 2378">
    <p class='ocr_par' dir='ltr' id='par_1_49' title="bbox 2120 2295 3790 2378">
     <span class='ocr_line' id='line_1_49' title="bbox 2120 2295 3790 2378; baseline -0.001 -24"><span class='ocrx_word' id='word_1_361' title='bbox 2120 2299 2376 2378; x_wconf 76' lang='grc' dir='ltr'>ἠρχόμην</span> <span class='ocrx_word' id='word_1_362' title='bbox 2412 2314 2424 2326; x_wconf 87' lang='grc'><strong><em>⁸</em></strong></span> <span class='ocrx_word' id='word_1_363' title='bbox 2476 2297 2554 2362; x_wconf 88' lang='grc' dir='ltr'><strong>τίς</strong></span> <span class='ocrx_word' id='word_1_364' title='bbox 2612 2295 2666 2353; x_wconf 77' lang='grc' dir='ltr'>δὲ</span> <span class='ocrx_word' id='word_1_365' title='bbox 2725 2299 2814 2354; x_wconf 84' lang='grc' dir='ltr'>γαὶ</span> <span class='ocrx_word' id='word_1_366' title='bbox 2870 2300 2904 2366; x_wconf 78' lang='grc' dir='ltr'>ἡ</span> <span class='ocrx_word' id='word_1_367' title='bbox 2949 2303 3049 2364; x_wconf 73' lang='grc' dir='ltr'>τῆς</span> <span class='ocrx_word' id='word_1_368' title='bbox 3091 2298 3354 2367; x_wconf 75' lang='grc' dir='ltr'>κινήσεως</span> <span class='ocrx_word' id='word_1_369' title='bbox 3386 2299 3557 2354; x_wconf 71' lang='grc' dir='ltr'>αὐτῶν</span> <span class='ocrx_word' id='word_1_370' title='bbox 3587 2297 3790 2376; x_wconf 71' lang='grc' dir='ltr'>ἀρχής</span> 
     </span>
    </p>
   </div>
   <div class='ocr_carea' id='block_1_50' title="bbox 2123 2386 3789 2466">
    <p class='ocr_par' dir='ltr' id='par_1_50' title="bbox 2123 2386 3789 2466">
     <span class='ocr_line' id='line_1_50' title="bbox 2123 2386 3789 2466; baseline -0.001 -21"><span class='ocrx_word' id='word_1_371' title='bbox 2123 2391 2221 2446; x_wconf 88' lang='grc' dir='ltr'><strong>Καὶ</strong></span> <span class='ocrx_word' id='word_1_372' title='bbox 2262 2410 2340 2450; x_wconf 87' lang='grc' dir='ltr'><strong>τις</strong></span> <span class='ocrx_word' id='word_1_373' title='bbox 2386 2390 2413 2443; x_wconf 89' lang='lat'><strong>6</strong></span> <span class='ocrx_word' id='word_1_374' title='bbox 2452 2393 2687 2444; x_wconf 81' lang='grc' dir='ltr'>τοσαῦτα</span> <span class='ocrx_word' id='word_1_375' title='bbox 2735 2387 2871 2443; x_wconf 78' lang='grc' dir='ltr'>κατὰ</span> <span class='ocrx_word' id='word_1_376' title='bbox 2918 2387 3204 2466; x_wconf 81' lang='grc' dir='ltr'>ἀνθρώπων</span> <span class='ocrx_word' id='word_1_377' title='bbox 3262 2386 3736 2465; x_wconf 83' lang='grc' dir='ltr'>μηχανησάμενος</span> <span class='ocrx_word' id='word_1_378' title='bbox 3772 2406 3789 2466; x_wconf 82' lang='grc'><strong>;</strong></span> 
     </span>
    </p>
   </div>
   <div class='ocr_carea' id='block_1_51' title="bbox 2121 2472 3796 2549">
    <p class='ocr_par' dir='ltr' id='par_1_51' title="bbox 2121 2472 3796 2549">
     <span class='ocr_line' id='line_1_51' title="bbox 2121 2472 3796 2549; baseline -0.002 -16"><span class='ocrx_word' id='word_1_379' title='bbox 2121 2480 2284 2533; x_wconf 85' lang='grc' dir='ltr'>Πόθεν</span> <span class='ocrx_word' id='word_1_380' title='bbox 2316 2478 2434 2544; x_wconf 75' lang='grc' dir='ltr'><strong>τεὴ</strong></span> <span class='ocrx_word' id='word_1_381' title='bbox 2494 2475 2695 2548; x_wconf 78' lang='grc' dir='ltr'>εὕρεσις</span> <span class='ocrx_word' id='word_1_382' title='bbox 2749 2476 2970 2549; x_wconf 71' lang='grc' dir='ltr'>αὒτῶνς</span> <span class='ocrx_word' id='word_1_383' title='bbox 3013 2476 3101 2531; x_wconf 78' lang='grc' dir='ltr'><strong>καὶ</strong></span> <span class='ocrx_word' id='word_1_384' title='bbox 3158 2477 3235 2538; x_wconf 87' lang='grc' dir='ltr'><strong>τίς</strong></span> <span class='ocrx_word' id='word_1_385' title='bbox 3308 2478 3336 2531; x_wconf 89' lang='lat'><strong>6</strong></span> <span class='ocrx_word' id='word_1_386' title='bbox 3391 2475 3594 2532; x_wconf 88' lang='grc' dir='ltr'>τούτων</span> <span class='ocrx_word' id='word_1_387' title='bbox 3646 2472 3796 2530; x_wconf 67' lang='grc' dir='ltr'>διδέ-</span> 
     </span>
    </p>
   </div>
   <div class='ocr_carea' id='block_1_52' title="bbox 2120 2563 3792 2645">
    <p class='ocr_par' dir='ltr' id='par_1_52' title="bbox 2120 2563 3792 2645">
     <span class='ocr_line' id='line_1_52' title="bbox 2120 2563 3792 2645; baseline -0.001 -23"><span class='ocrx_word' id='word_1_388' title='bbox 2120 2565 2366 2641; x_wconf 84' lang='grc' dir='ltr'>σκάλος;</span> <span class='ocrx_word' id='word_1_389' title='bbox 2414 2567 2514 2624; x_wconf 81' lang='grc' dir='ltr'>Καὶ</span> <span class='ocrx_word' id='word_1_390' title='bbox 2541 2567 2632 2621; x_wconf 86' lang='grc' dir='ltr'>τὸν</span> <span class='ocrx_word' id='word_1_391' title='bbox 2693 2565 2790 2640; x_wconf 75' lang='grc' dir='ltr'>μὲν</span> <span class='ocrx_word' id='word_1_392' title='bbox 2848 2567 2977 2621; x_wconf 86' lang='grc' dir='ltr'>Θεὸν</span> <span class='ocrx_word' id='word_1_393' title='bbox 3038 2566 3269 2631; x_wconf 79' lang='grc' dir='ltr'>ποιητὴν</span> <span class='ocrx_word' id='word_1_394' title='bbox 3326 2566 3528 2621; x_wconf 90' lang='grc' dir='ltr'>τούτων</span> <span class='ocrx_word' id='word_1_395' title='bbox 3581 2563 3792 2645; x_wconf 78' lang='grc' dir='ltr'>λέγειν,</span> 
     </span>
    </p>
   </div>
   <div class='ocr_carea' id='block_1_53' title="bbox 2119 2653 2823 2734">
    <p class='ocr_par' dir='ltr' id='par_1_53' title="bbox 2119 2653 2823 2734">
     <span class='ocr_line' id='line_1_53' title="bbox 2119 2653 2823 2734; baseline 0.004 -24"><span class='ocrx_word' id='word_1_396' title='bbox 2119 2654 2320 2731; x_wconf 83' lang='grc' dir='ltr'>τολμᾷν</span> <span class='ocrx_word' id='word_1_397' title='bbox 2365 2659 2470 2734; x_wconf 64' lang='grc' dir='ltr'><strong>οὐχ</strong></span> <span class='ocrx_word' id='word_1_398' title='bbox 2501 2655 2620 2719; x_wconf 77' lang='grc' dir='ltr'>οἶός</span> <span class='ocrx_word' id='word_1_399' title='bbox 2649 2676 2706 2710; x_wconf 88' lang='grc' dir='ltr'><strong>τε</strong></span> <span class='ocrx_word' id='word_1_400' title='bbox 2735 2653 2823 2722; x_wconf 77' lang='grc' dir='ltr'>ἧν.</span> 
     </span>
    </p>
   </div>
   <div class='ocr_carea' id='block_1_54' title="bbox 385 2741 3797 2825">
    <p class='ocr_par' dir='ltr' id='par_1_54' title="bbox 385 2741 3797 2825">
     <span class='ocr_line' id='line_1_54' title="bbox 385 2741 3797 2825; baseline 0.001 -23"><span class='ocrx_word' id='word_1_401' title='bbox 385 2742 677 2822; x_wconf 85' lang='lat' dir='ltr'><strong>ipsorum.</strong></span> <span class='ocrx_word' id='word_1_402' title='bbox 738 2753 795 2804; x_wconf 92' lang='lat' dir='ltr'><strong>et</strong></span> <span class='ocrx_word' id='word_1_403' title='bbox 825 2744 956 2825; x_wconf 89' lang='lat' dir='ltr'><strong>quis</strong></span> <span class='ocrx_word' id='word_1_404' title='bbox 988 2744 1320 2805; x_wconf 84' lang='lat' dir='ltr'><strong>istiusmodi</strong></span> <span class='ocrx_word' id='word_1_405' title='bbox 1351 2753 1554 2806; x_wconf 84' lang='lat' dir='ltr'><strong>contra</strong></span> <span class='ocrx_word' id='word_1_406' title='bbox 1586 2746 1855 2808; x_wconf 80' lang='lat' dir='ltr'><strong>homines</strong></span> <span class='ocrx_word' id='word_1_407' title='bbox 1905 2744 2395 2820; x_wconf 83' lang='lat' dir='ltr'><strong>machinaretur;</strong></span> <span class='ocrx_word' id='word_1_408' title='bbox 2459 2742 2618 2805; x_wconf 89' lang='lat' dir='ltr'><strong>unde</strong></span> <span class='ocrx_word' id='word_1_409' title='bbox 2661 2742 2872 2804; x_wconf 91' lang='lat' dir='ltr'><strong>barum</strong></span> <span class='ocrx_word' id='word_1_410' title='bbox 2919 2760 3121 2803; x_wconf 89' lang='lat' dir='ltr'><strong>rerum</strong></span> <span class='ocrx_word' id='word_1_411' title='bbox 3179 2741 3468 2812; x_wconf 87' lang='lat' dir='ltr'><strong>inventio.</strong></span> <span class='ocrx_word' id='word_1_412' title='bbox 3531 2750 3592 2804; x_wconf 90' lang='lat' dir='ltr'><strong>et</strong></span> <span class='ocrx_word' id='word_1_413' title='bbox 3648 2744 3797 2825; x_wconf 87' lang='lat' dir='ltr'><strong>quis</strong></span> 
     </span>
    </p>
   </div>
   <div class='ocr_carea' id='block_1_55' title="bbox 394 2830 3787 2914">
    <p class='ocr_par' dir='ltr' id='par_1_55' title="bbox 394 2830 3787 2914">
     <span class='ocr_line' id='line_1_55' title="bbox 394 2830 3787 2914; baseline 0.001 -23"><span class='ocrx_word' id='word_1_414' title='bbox 394 2831 644 2893; x_wconf 86' lang='lat' dir='ltr'><strong>istorum</strong></span> <span class='ocrx_word' id='word_1_415' title='bbox 678 2833 957 2911; x_wconf 83' lang='lat' dir='ltr'><strong>magister</strong></span> <span class='ocrx_word' id='word_1_416' title='bbox 988 2842 1164 2896; x_wconf 89' lang='lat' dir='ltr'><strong>esset.</strong></span> <span class='ocrx_word' id='word_1_417' title='bbox 1193 2835 1280 2895; x_wconf 81' lang='lat' dir='ltr'><strong>Ac</strong></span> <span class='ocrx_word' id='word_1_418' title='bbox 1307 2833 1492 2895; x_wconf 91' lang='lat' dir='ltr'><strong>Deum</strong></span> <span class='ocrx_word' id='word_1_419' title='bbox 1538 2835 1777 2914; x_wconf 81' lang='lat' dir='ltr'><strong>quidem</strong></span> <span class='ocrx_word' id='word_1_420' title='bbox 1811 2835 2012 2896; x_wconf 89' lang='lat' dir='ltr'><strong>dicere</strong></span> <span class='ocrx_word' id='word_1_421' title='bbox 2044 2835 2256 2896; x_wconf 89' lang='lat' dir='ltr'><strong>horum</strong></span> <span class='ocrx_word' id='word_1_422' title='bbox 2287 2839 2589 2896; x_wconf 89' lang='lat' dir='ltr'><strong>auctorem</strong></span> <span class='ocrx_word' id='word_1_423' title='bbox 2620 2832 2711 2894; x_wconf 91' lang='lat' dir='ltr'><strong>vel</strong></span> <span class='ocrx_word' id='word_1_424' title='bbox 2744 2838 3104 2906; x_wconf 88' lang='lat' dir='ltr'><strong>creatorem,</strong></span> <span class='ocrx_word' id='word_1_425' title='bbox 3167 2850 3285 2892; x_wconf 88' lang='lat' dir='ltr'><strong>non</strong></span> <span class='ocrx_word' id='word_1_426' title='bbox 3341 2830 3569 2894; x_wconf 85' lang='lat' dir='ltr'><strong>audere</strong></span> <span class='ocrx_word' id='word_1_427' title='bbox 3600 2840 3787 2913; x_wconf 87' lang='lat' dir='ltr'><strong>pote-</strong></span> 
     </span>
    </p>
   </div>
   <div class='ocr_carea' id='block_1_56' title="bbox 398 2938 546 2982">
    <p class='ocr_par' dir='ltr' id='par_1_56' title="bbox 398 2938 546 2982">
     <span class='ocr_line' id='line_1_56' title="bbox 398 2938 546 2982; baseline 0 0"><span class='ocrx_word' id='word_1_428' title='bbox 398 2938 546 2982; x_wconf 87' lang='lat' dir='ltr'><strong>ram.</strong></span> 
     </span>
    </p>
   </div>
   <div class='ocr_carea' id='block_1_57' title="bbox 465 3010 2097 3093">
    <p class='ocr_par' dir='ltr' id='par_1_57' title="bbox 465 3010 2097 3093">
     <span class='ocr_line' id='line_1_57' title="bbox 465 3010 2097 3093; baseline 0.003 -22"><span class='ocrx_word' id='word_1_429' title='bbox 465 3010 604 3071; x_wconf 67' lang='lat'><strong>555</strong></span> <span class='ocrx_word' id='word_1_430' title='bbox 626 3010 743 3073; x_wconf 84' lang='lat' dir='ltr'><strong>Sed</strong></span> <span class='ocrx_word' id='word_1_431' title='bbox 777 3030 969 3091; x_wconf 90' lang='lat' dir='ltr'><strong>neque</strong></span> <span class='ocrx_word' id='word_1_432' title='bbox 990 3013 1361 3093; x_wconf 88' lang='lat' dir='ltr'><strong>judicabam,</strong></span> <span class='ocrx_word' id='word_1_433' title='bbox 1385 3012 1459 3075; x_wconf 90' lang='lat' dir='ltr'><strong>ab</strong></span> <span class='ocrx_word' id='word_1_434' title='bbox 1494 3014 1592 3075; x_wconf 77' lang='lat' dir='ltr'><strong>illo</strong></span> <span class='ocrx_word' id='word_1_435' title='bbox 1615 3034 1780 3075; x_wconf 72' lang='lat' dir='ltr'><strong>suam</strong></span> <span class='ocrx_word' id='word_1_436' title='bbox 1816 3015 2038 3076; x_wconf 89' lang='lat' dir='ltr'><strong>habere</strong></span> <span class='ocrx_word' id='word_1_437' title='bbox 2059 3026 2097 3076; x_wconf 89' lang='lat' dir='ltr'>C</span> 
     </span>
    </p>
   </div>
   <div class='ocr_carea' id='block_1_58' title="bbox 386 3099 2036 3176">
    <p class='ocr_par' dir='ltr' id='par_1_58' title="bbox 386 3099 2036 3176">
     <span class='ocr_line' id='line_1_58' title="bbox 386 3099 2036 3176; baseline 0.002 -16"><span class='ocrx_word' id='word_1_438' title='bbox 386 3099 797 3175; x_wconf 83' lang='lat' dir='ltr'><strong>substantiam,</strong></span> <span class='ocrx_word' id='word_1_439' title='bbox 832 3102 919 3161; x_wconf 86' lang='lat' dir='ltr'><strong>vel</strong></span> <span class='ocrx_word' id='word_1_440' title='bbox 955 3105 1227 3163; x_wconf 64' lang='lat' dir='ltr'><strong>essentia:</strong></span> <span class='ocrx_word' id='word_1_441' title='bbox 1275 3121 1396 3163; x_wconf 67' lang='lat' dir='ltr'><strong>sua:</strong></span> <span class='ocrx_word' id='word_1_442' title='bbox 1453 3105 1872 3165; x_wconf 84' lang='lat' dir='ltr'><strong>constantiam.</strong></span> <span class='ocrx_word' id='word_1_443' title='bbox 1927 3102 2036 3176; x_wconf 87' lang='lat' dir='ltr'><strong>Qui</strong></span> 
     </span>
    </p>
   </div>
   <div class='ocr_carea' id='block_1_59' title="bbox 386 3189 2039 3270">
    <p class='ocr_par' dir='ltr' id='par_1_59' title="bbox 386 3189 2039 3270">
     <span class='ocr_line' id='line_1_59' title="bbox 386 3189 2039 3270; baseline 0.001 -20"><span class='ocrx_word' id='word_1_444' title='bbox 386 3189 545 3250; x_wconf 87' lang='lat' dir='ltr'><strong>enim</strong></span> <span class='ocrx_word' id='word_1_445' title='bbox 578 3190 653 3250; x_wconf 84' lang='lat' dir='ltr'><strong>de</strong></span> <span class='ocrx_word' id='word_1_446' title='bbox 685 3192 807 3252; x_wconf 89' lang='lat' dir='ltr'><strong>Deo</strong></span> <span class='ocrx_word' id='word_1_447' title='bbox 840 3191 950 3250; x_wconf 88' lang='lat' dir='ltr'><strong>ista</strong></span> <span class='ocrx_word' id='word_1_448' title='bbox 981 3190 1228 3269; x_wconf 79' lang='lat' dir='ltr'><strong>cogitari</strong></span> <span class='ocrx_word' id='word_1_449' title='bbox 1263 3199 1534 3270; x_wconf 83' lang='lat' dir='ltr'><strong>possent?</strong></span> <span class='ocrx_word' id='word_1_450' title='bbox 1577 3192 1809 3256; x_wconf 86' lang='lat' dir='ltr'><strong>Etenim</strong></span> <span class='ocrx_word' id='word_1_451' title='bbox 1848 3192 2039 3253; x_wconf 91' lang='lat' dir='ltr'><strong>bonus</strong></span> 
     </span>
    </p>
   </div>
   <div class='ocr_carea' id='block_1_60' title="bbox 388 3278 2038 3362">
    <p class='ocr_par' dir='ltr' id='par_1_60' title="bbox 388 3278 2038 3362">
     <span class='ocr_line' id='line_1_60' title="bbox 388 3278 2038 3362; baseline 0.001 -25"><span class='ocrx_word' id='word_1_452' title='bbox 388 3278 513 3358; x_wconf 86' lang='lat' dir='ltr'><strong>ille,</strong></span> <span class='ocrx_word' id='word_1_453' title='bbox 548 3295 748 3338; x_wconf 86' lang='lat' dir='ltr'><strong>rerum</strong></span> <span class='ocrx_word' id='word_1_454' title='bbox 775 3297 1011 3358; x_wconf 87' lang='lat' dir='ltr'><strong>quoque</strong></span> <span class='ocrx_word' id='word_1_455' title='bbox 1042 3280 1394 3358; x_wconf 87' lang='lat' dir='ltr'><strong>optimarum</strong></span> <span class='ocrx_word' id='word_1_456' title='bbox 1429 3290 1660 3342; x_wconf 86' lang='lat' dir='ltr'><strong>creator</strong></span> <span class='ocrx_word' id='word_1_457' title='bbox 1688 3290 1799 3355; x_wconf 90' lang='lat' dir='ltr'><strong>est;</strong></span> <span class='ocrx_word' id='word_1_458' title='bbox 1825 3299 2038 3362; x_wconf 87' lang='lat' dir='ltr'><strong>pravo-</strong></span> 
     </span>
    </p>
   </div>
   <div class='ocr_carea' id='block_1_61' title="bbox 389 3366 2040 3448">
    <p class='ocr_par' dir='ltr' id='par_1_61' title="bbox 389 3366 2040 3448">
     <span class='ocr_line' id='line_1_61' title="bbox 389 3366 2040 3448; baseline 0.002 -21"><span class='ocrx_word' id='word_1_459' title='bbox 389 3385 522 3427; x_wconf 90' lang='lat' dir='ltr'><strong>rum</strong></span> <span class='ocrx_word' id='word_1_460' title='bbox 554 3384 692 3426; x_wconf 84' lang='lat' dir='ltr'><strong>vero</strong></span> <span class='ocrx_word' id='word_1_461' title='bbox 725 3366 784 3426; x_wconf 90' lang='lat' dir='ltr'><strong>in</strong></span> <span class='ocrx_word' id='word_1_462' title='bbox 820 3367 948 3446; x_wconf 90' lang='lat' dir='ltr'><strong>ipso</strong></span> <span class='ocrx_word' id='word_1_463' title='bbox 984 3367 1126 3428; x_wconf 85' lang='lat' dir='ltr'><strong>nihil</strong></span> <span class='ocrx_word' id='word_1_464' title='bbox 1160 3369 1331 3428; x_wconf 87' lang='lat' dir='ltr'><strong>inest.</strong></span> <span class='ocrx_word' id='word_1_465' title='bbox 1369 3367 1490 3432; x_wconf 90' lang='lat' dir='ltr'><strong>Nec</strong></span> <span class='ocrx_word' id='word_1_466' title='bbox 1531 3370 1748 3430; x_wconf 82' lang='lat' dir='ltr'><strong>talibus</strong></span> <span class='ocrx_word' id='word_1_467' title='bbox 1776 3371 2040 3448; x_wconf 63' lang='lat' dir='ltr'><strong>giudere</strong></span> 
     </span>
    </p>
   </div>
   <div class='ocr_carea' id='block_1_62' title="bbox 390 3456 2041 3539">
    <p class='ocr_par' dir='ltr' id='par_1_62' title="bbox 390 3456 2041 3539">
     <span class='ocr_line' id='line_1_62' title="bbox 390 3456 2041 3539; baseline 0.002 -24"><span class='ocrx_word' id='word_1_468' title='bbox 390 3456 719 3535; x_wconf 90' lang='lat' dir='ltr'><strong>potest.sed</strong></span> <span class='ocrx_word' id='word_1_469' title='bbox 752 3456 1263 3533; x_wconf 83' lang='lat' dir='ltr'><strong>eorumoriginem</strong></span> <span class='ocrx_word' id='word_1_470' title='bbox 1287 3466 1463 3537; x_wconf 88' lang='lat' dir='ltr'><strong>atque</strong></span> <span class='ocrx_word' id='word_1_471' title='bbox 1497 3460 1880 3538; x_wconf 69' lang='lat' dir='ltr'><strong>propaginem</strong></span> <span class='ocrx_word' id='word_1_472' title='bbox 1915 3478 2041 3539; x_wconf 88' lang='lat' dir='ltr'><strong>pro-</strong></span> 
     </span>
    </p>
   </div>
   <div class='ocr_carea' id='block_1_63' title="bbox 389 3543 2041 3629">
    <p class='ocr_par' dir='ltr' id='par_1_63' title="bbox 389 3543 2041 3629">
     <span class='ocr_line' id='line_1_63' title="bbox 389 3543 2041 3629; baseline 0.002 -23"><span class='ocrx_word' id='word_1_473' title='bbox 389 3544 573 3606; x_wconf 90' lang='lat' dir='ltr'><strong>hibet.</strong></span> <span class='ocrx_word' id='word_1_474' title='bbox 608 3543 840 3625; x_wconf 90' lang='lat' dir='ltr'><strong>Eosque</strong></span> <span class='ocrx_word' id='word_1_475' title='bbox 886 3546 988 3625; x_wconf 90' lang='lat' dir='ltr'><strong>qui</strong></span> <span class='ocrx_word' id='word_1_476' title='bbox 1044 3546 1163 3607; x_wconf 90' lang='lat' dir='ltr'><strong>illis</strong></span> <span class='ocrx_word' id='word_1_477' title='bbox 1212 3546 1602 3619; x_wconf 89' lang='lat' dir='ltr'><strong>delectantur,</strong></span> <span class='ocrx_word' id='word_1_478' title='bbox 1644 3548 1896 3628; x_wconf 89' lang='lat' dir='ltr'><strong>abjicit:</strong></span> <span class='ocrx_word' id='word_1_479' title='bbox 1940 3548 2041 3629; x_wconf 90' lang='lat' dir='ltr'><strong>qui</strong></span> 
     </span>
    </p>
   </div>
   <div class='ocr_carea' id='block_1_64' title="bbox 386 3637 2035 3718">
    <p class='ocr_par' dir='ltr' id='par_1_64' title="bbox 386 3637 2035 3718">
     <span class='ocr_line' id='line_1_64' title="bbox 386 3637 2035 3718; baseline 0.002 -19"><span class='ocrx_word' id='word_1_480' title='bbox 386 3646 583 3699; x_wconf 88' lang='lat' dir='ltr'><strong>autem</strong></span> <span class='ocrx_word' id='word_1_481' title='bbox 621 3656 687 3698; x_wconf 89' lang='lat' dir='ltr'><strong>ea</strong></span> <span class='ocrx_word' id='word_1_482' title='bbox 719 3637 968 3717; x_wconf 77' lang='lat' dir='ltr'><strong>fugiunt,</strong></span> <span class='ocrx_word' id='word_1_483' title='bbox 1004 3637 1239 3718; x_wconf 89' lang='lat' dir='ltr'><strong>recipit.</strong></span> <span class='ocrx_word' id='word_1_484' title='bbox 1271 3640 1660 3718; x_wconf 87' lang='lat' dir='ltr'><strong>Ecquomodo</strong></span> <span class='ocrx_word' id='word_1_485' title='bbox 1708 3640 2035 3702; x_wconf 85' lang='lat' dir='ltr'><strong>absurdum</strong></span> 
     </span>
    </p>
   </div>
   <div class='ocr_carea' id='block_1_65' title="bbox 391 3725 2041 3810">
    <p class='ocr_par' dir='ltr' id='par_1_65' title="bbox 391 3725 2041 3810">
     <span class='ocr_line' id='line_1_65' title="bbox 391 3725 2041 3810; baseline 0.004 -25"><span class='ocrx_word' id='word_1_486' title='bbox 391 3745 506 3787; x_wconf 92' lang='lat' dir='ltr'><strong>non</strong></span> <span class='ocrx_word' id='word_1_487' title='bbox 540 3725 632 3790; x_wconf 86' lang='lat' dir='ltr'><strong>sit.</strong></span> <span class='ocrx_word' id='word_1_488' title='bbox 663 3725 850 3787; x_wconf 89' lang='lat' dir='ltr'><strong>Deum</strong></span> <span class='ocrx_word' id='word_1_489' title='bbox 883 3726 1250 3787; x_wconf 85' lang='lat' dir='ltr'><strong>conditorem</strong></span> <span class='ocrx_word' id='word_1_490' title='bbox 1286 3727 1529 3789; x_wconf 87' lang='lat' dir='ltr'><strong>istorum</strong></span> <span class='ocrx_word' id='word_1_491' title='bbox 1564 3729 1793 3801; x_wconf 89' lang='lat' dir='ltr'><strong>dicere,</strong></span> <span class='ocrx_word' id='word_1_492' title='bbox 1826 3729 1924 3810; x_wconf 90' lang='lat' dir='ltr'><strong>qui</strong></span> <span class='ocrx_word' id='word_1_493' title='bbox 1947 3748 2041 3791; x_wconf 87' lang='lat' dir='ltr'><strong>ea-</strong></span> 
     </span>
    </p>
   </div>
   <div class='ocr_carea' id='block_1_66' title="bbox 388 3815 2038 3898">
    <p class='ocr_par' dir='ltr' id='par_1_66' title="bbox 388 3815 2038 3898">
     <span class='ocr_line' id='line_1_66' title="bbox 388 3815 2038 3898; baseline 0.004 -24"><span class='ocrx_word' id='word_1_494' title='bbox 388 3815 523 3875; x_wconf 90' lang='lat' dir='ltr'><strong>dem</strong></span> <span class='ocrx_word' id='word_1_495' title='bbox 555 3815 782 3878; x_wconf 86' lang='lat' dir='ltr'><strong>renuit?</strong></span> <span class='ocrx_word' id='word_1_496' title='bbox 829 3816 1033 3895; x_wconf 89' lang='lat' dir='ltr'><strong>Neque</strong></span> <span class='ocrx_word' id='word_1_497' title='bbox 1076 3817 1235 3877; x_wconf 90' lang='lat' dir='ltr'><strong>enim</strong></span> <span class='ocrx_word' id='word_1_498' title='bbox 1293 3836 1361 3878; x_wconf 86' lang='lat' dir='ltr'><strong>ea</strong></span> <span class='ocrx_word' id='word_1_499' title='bbox 1419 3837 1535 3879; x_wconf 88' lang='lat' dir='ltr'><strong>non</strong></span> <span class='ocrx_word' id='word_1_500' title='bbox 1595 3838 1725 3880; x_wconf 91' lang='lat' dir='ltr'><strong>esse</strong></span> <span class='ocrx_word' id='word_1_501' title='bbox 1756 3820 1955 3898; x_wconf 84' lang='lat' dir='ltr'><strong>vellet,</strong></span> <span class='ocrx_word' id='word_1_502' title='bbox 1990 3821 2038 3881; x_wconf 91' lang='lat' dir='ltr'><strong>si</strong></span> 
     </span>
    </p>
   </div>
   <div class='ocr_carea' id='block_1_67' title="bbox 388 3904 2035 3985">
    <p class='ocr_par' dir='ltr' id='par_1_67' title="bbox 388 3904 2035 3985">
     <span class='ocr_line' id='line_1_67' title="bbox 388 3904 2035 3985; baseline 0.004 -23"><span class='ocrx_word' id='word_1_503' title='bbox 388 3904 613 3983; x_wconf 87' lang='lat' dir='ltr'><strong>primus</strong></span> <span class='ocrx_word' id='word_1_504' title='bbox 633 3914 835 3965; x_wconf 90' lang='lat' dir='ltr'><strong>auctor</strong></span> <span class='ocrx_word' id='word_1_505' title='bbox 866 3905 996 3985; x_wconf 90' lang='lat' dir='ltr'><strong>ipse</strong></span> <span class='ocrx_word' id='word_1_506' title='bbox 1017 3914 1074 3965; x_wconf 90' lang='lat' dir='ltr'><strong>et</strong></span> <span class='ocrx_word' id='word_1_507' title='bbox 1104 3917 1336 3966; x_wconf 86' lang='lat' dir='ltr'><strong>creator</strong></span> <span class='ocrx_word' id='word_1_508' title='bbox 1354 3907 1695 3969; x_wconf 82' lang='lat' dir='ltr'><strong>exstitisset.</strong></span> <span class='ocrx_word' id='word_1_509' title='bbox 1730 3908 1842 3970; x_wconf 86' lang='lat' dir='ltr'><strong>Eos</strong></span> <span class='ocrx_word' id='word_1_510' title='bbox 1861 3927 2035 3969; x_wconf 79' lang='lat' dir='ltr'><strong>nam-</strong></span> 
     </span>
    </p>
   </div>
   <div class='ocr_carea' id='block_1_68' title="bbox 388 3992 2038 4073">
    <p class='ocr_par' dir='ltr' id='par_1_68' title="bbox 388 3992 2038 4073">
     <span class='ocr_line' id='line_1_68' title="bbox 388 3992 2038 4073; baseline 0.005 -21"><span class='ocrx_word' id='word_1_511' title='bbox 388 4010 503 4072; x_wconf 86' lang='lat' dir='ltr'><strong>que</strong></span> <span class='ocrx_word' id='word_1_512' title='bbox 560 3993 660 4072; x_wconf 91' lang='lat' dir='ltr'><strong>qui</strong></span> <span class='ocrx_word' id='word_1_513' title='bbox 708 3993 779 4054; x_wconf 86' lang='lat' dir='ltr'><strong>ad</strong></span> <span class='ocrx_word' id='word_1_514' title='bbox 830 3992 1023 4073; x_wconf 79' lang='lat' dir='ltr'><strong>ipsum</strong></span> <span class='ocrx_word' id='word_1_515' title='bbox 1082 3994 1397 4056; x_wconf 83' lang='lat' dir='ltr'><strong>accedunt.</strong></span> <span class='ocrx_word' id='word_1_516' title='bbox 1437 3994 1764 4057; x_wconf 88' lang='lat' dir='ltr'><strong>imitatores</strong></span> <span class='ocrx_word' id='word_1_517' title='bbox 1795 3997 1884 4058; x_wconf 91' lang='lat' dir='ltr'><strong>sui</strong></span> <span class='ocrx_word' id='word_1_518' title='bbox 1918 3998 2038 4061; x_wconf 88' lang='lat' dir='ltr'><strong>vult</strong></span> 
     </span>
    </p>
   </div>
   <div class='ocr_carea' id='block_1_69' title="bbox 389 4079 2035 4165">
    <p class='ocr_par' dir='ltr' id='par_1_69' title="bbox 389 4079 2035 4165">
     <span class='ocr_line' id='line_1_69' title="bbox 389 4079 2035 4165; baseline 0.003 -23"><span class='ocrx_word' id='word_1_519' title='bbox 389 4079 719 4146; x_wconf 81' lang='lat' dir='ltr'><strong>fieri.Unde</strong></span> <span class='ocrx_word' id='word_1_520' title='bbox 737 4081 883 4142; x_wconf 91' lang='lat' dir='ltr'><strong>mihi</strong></span> <span class='ocrx_word' id='word_1_521' title='bbox 905 4082 1211 4144; x_wconf 86' lang='lat' dir='ltr'><strong>videbatur</strong></span> <span class='ocrx_word' id='word_1_522' title='bbox 1231 4082 1304 4144; x_wconf 86' lang='lat' dir='ltr'><strong>ab</strong></span> <span class='ocrx_word' id='word_1_523' title='bbox 1323 4084 1483 4144; x_wconf 92' lang='lat' dir='ltr'><strong>omni</strong></span> <span class='ocrx_word' id='word_1_524' title='bbox 1506 4086 1735 4146; x_wconf 89' lang='lat' dir='ltr'><strong>ratione</strong></span> <span class='ocrx_word' id='word_1_525' title='bbox 1753 4085 2035 4165; x_wconf 91' lang='lat' dir='ltr'><strong>alienum,</strong></span> 
     </span>
    </p>
   </div>
   <div class='ocr_carea' id='block_1_70' title="bbox 390 4171 2040 4251">
    <p class='ocr_par' dir='ltr' id='par_1_70' title="bbox 390 4171 2040 4251">
     <span class='ocr_line' id='line_1_70' title="bbox 390 4171 2040 4251; baseline 0.002 -20"><span class='ocrx_word' id='word_1_526' title='bbox 390 4172 515 4232; x_wconf 65' lang='lat' dir='ltr'><strong>haec</strong></span> <span class='ocrx_word' id='word_1_527' title='bbox 556 4171 642 4231; x_wconf 89' lang='lat' dir='ltr'><strong>illi</strong></span> <span class='ocrx_word' id='word_1_528' title='bbox 668 4171 950 4248; x_wconf 87' lang='lat' dir='ltr'><strong>adaptare</strong></span> <span class='ocrx_word' id='word_1_529' title='bbox 979 4188 995 4246; x_wconf 89' lang='lat'><strong>;</strong></span> <span class='ocrx_word' id='word_1_530' title='bbox 1029 4171 1117 4232; x_wconf 91' lang='lat' dir='ltr'><strong>vel</strong></span> <span class='ocrx_word' id='word_1_531' title='bbox 1150 4171 1318 4251; x_wconf 59' lang='lat' dir='ltr'><strong>quasi</strong></span> <span class='ocrx_word' id='word_1_532' title='bbox 1351 4171 1422 4233; x_wconf 86' lang='lat' dir='ltr'><strong>ab</strong></span> <span class='ocrx_word' id='word_1_533' title='bbox 1447 4173 1545 4234; x_wconf 90' lang='lat' dir='ltr'><strong>illo</strong></span> <span class='ocrx_word' id='word_1_534' title='bbox 1572 4174 1725 4234; x_wconf 80' lang='lat' dir='ltr'><strong>facta</strong></span> <span class='ocrx_word' id='word_1_535' title='bbox 1756 4174 1917 4250; x_wconf 90' lang='lat' dir='ltr'><strong>sint;</strong></span> <span class='ocrx_word' id='word_1_536' title='bbox 1954 4175 2040 4235; x_wconf 89' lang='lat' dir='ltr'><strong>vel</strong></span> 
     </span>
    </p>
   </div>
   <div class='ocr_carea' id='block_1_71' title="bbox 388 4260 2043 4345">
    <p class='ocr_par' dir='ltr' id='par_1_71' title="bbox 388 4260 2043 4345">
     <span class='ocr_line' id='line_1_71' title="bbox 388 4260 2043 4345; baseline 0.002 -24"><span class='ocrx_word' id='word_1_537' title='bbox 388 4260 526 4338; x_wconf 91' lang='lat' dir='ltr'><strong>(etsi</strong></span> <span class='ocrx_word' id='word_1_538' title='bbox 548 4261 802 4321; x_wconf 82' lang='lat' dir='ltr'><strong>maxime</strong></span> <span class='ocrx_word' id='word_1_539' title='bbox 819 4261 1212 4321; x_wconf 87' lang='lat' dir='ltr'><strong>concederem</strong></span> <span class='ocrx_word' id='word_1_540' title='bbox 1247 4262 1526 4341; x_wconf 61' lang='lat' dir='ltr'><strong>possibile</strong></span> <span class='ocrx_word' id='word_1_541' title='bbox 1549 4281 1705 4345; x_wconf 88' lang='lat' dir='ltr'><strong>esse,</strong></span> <span class='ocrx_word' id='word_1_542' title='bbox 1731 4279 1788 4323; x_wconf 84' lang='lat' dir='ltr'><strong>ut</strong></span> <span class='ocrx_word' id='word_1_543' title='bbox 1820 4263 2043 4344; x_wconf 87' lang='lat' dir='ltr'><strong>aliquid</strong></span> 
     </span>
    </p>
   </div>
   <div class='ocr_carea' id='block_1_72' title="bbox 400 4351 2046 4432">
    <p class='ocr_par' dir='ltr' id='par_1_72' title="bbox 400 4351 2046 4432">
     <span class='ocr_line' id='line_1_72' title="bbox 400 4351 2046 4432; baseline 0.001 -21"><span class='ocrx_word' id='word_1_544' title='bbox 400 4351 579 4412; x_wconf 85' lang='lat' dir='ltr'><strong>exiis</strong></span> <span class='ocrx_word' id='word_1_545' title='bbox 610 4368 741 4429; x_wconf 71' lang='lat' dir='ltr'><strong>quae</strong></span> <span class='ocrx_word' id='word_1_546' title='bbox 774 4369 891 4411; x_wconf 89' lang='lat' dir='ltr'><strong>non</strong></span> <span class='ocrx_word' id='word_1_547' title='bbox 922 4359 1061 4411; x_wconf 91' lang='lat' dir='ltr'><strong>sunt</strong></span> <span class='ocrx_word' id='word_1_548' title='bbox 1111 4351 1226 4421; x_wconf 78' lang='lat' dir='ltr'><strong>ﬁat)</strong></span> <span class='ocrx_word' id='word_1_549' title='bbox 1278 4352 1437 4430; x_wconf 88' lang='lat' dir='ltr'><strong>quod</strong></span> <span class='ocrx_word' id='word_1_550' title='bbox 1488 4352 1667 4412; x_wconf 88' lang='lat' dir='ltr'><strong>etiam</strong></span> <span class='ocrx_word' id='word_1_551' title='bbox 1716 4352 1843 4432; x_wconf 91' lang='lat' dir='ltr'><strong>ipse</strong></span> <span class='ocrx_word' id='word_1_552' title='bbox 1892 4355 2046 4414; x_wconf 87' lang='lat' dir='ltr'><strong>mala</strong></span> 
     </span>
    </p>
   </div>
   <div class='ocr_carea' id='block_1_73' title="bbox 2203 3011 3800 3096">
    <p class='ocr_par' dir='ltr' id='par_1_73' title="bbox 2203 3011 3800 3096">
     <span class='ocr_line' id='line_1_73' title="bbox 2203 3011 3800 3096; baseline -0.004 -25"><span class='ocrx_word' id='word_1_553' title='bbox 2203 3012 2371 3071; x_wconf 79' lang='grc' dir='ltr'>Ἀλλὰ</span> <span class='ocrx_word' id='word_1_554' title='bbox 2430 3013 2524 3089; x_wconf 72' lang='grc' dir='ltr'>μὲν</span> <span class='ocrx_word' id='word_1_555' title='bbox 2596 3011 2713 3072; x_wconf 69' lang='grc' dir='ltr'>οὐδὲ</span> <span class='ocrx_word' id='word_1_556' title='bbox 2768 3011 2820 3078; x_wconf 65' lang='grc' dir='ltr'>ἐξ</span> <span class='ocrx_word' id='word_1_557' title='bbox 2908 3014 3062 3070; x_wconf 76' lang='lat'>16106</span> <span class='ocrx_word' id='word_1_558' title='bbox 3129 3013 3229 3080; x_wconf 72' lang='grc' dir='ltr'><strong>τὴν</strong></span> <span class='ocrx_word' id='word_1_559' title='bbox 3286 3013 3578 3096; x_wconf 75' lang='grc' dir='ltr'>ὑπόστασιν</span> <span class='ocrx_word' id='word_1_560' title='bbox 3607 3012 3800 3094; x_wconf 75' lang='grc' dir='ltr'>ἔχειν,</span> 
     </span>
    </p>
   </div>
   <div class='ocr_carea' id='block_1_74' title="bbox 2118 3100 3802 3180">
    <p class='ocr_par' dir='ltr' id='par_1_74' title="bbox 2118 3100 3802 3180">
     <span class='ocr_line' id='line_1_74' title="bbox 2118 3100 3802 3180; baseline -0.001 -21"><span class='ocrx_word' id='word_1_561' title='bbox 2118 3101 2234 3159; x_wconf 76' lang='grc' dir='ltr'>οὐδὲ</span> <span class='ocrx_word' id='word_1_562' title='bbox 2288 3103 2386 3170; x_wconf 76' lang='grc' dir='ltr'>τὴν</span> <span class='ocrx_word' id='word_1_563' title='bbox 2440 3108 2533 3158; x_wconf 88' lang='grc' dir='ltr'><strong>τοῦ</strong></span> <span class='ocrx_word' id='word_1_564' title='bbox 2590 3106 2729 3158; x_wconf 84' lang='grc' dir='ltr'>εἶναι</span> <span class='ocrx_word' id='word_1_565' title='bbox 2788 3100 3036 3159; x_wconf 66' lang='grc' dir='ltr'>σύστασιν</span> <span class='ocrx_word' id='word_1_566' title='bbox 3069 3117 3083 3131; x_wconf 81' lang='grc'><strong>⁸</strong></span> <span class='ocrx_word' id='word_1_567' title='bbox 3132 3106 3247 3164; x_wconf 84' lang='grc' dir='ltr'>πῶς</span> <span class='ocrx_word' id='word_1_568' title='bbox 3305 3102 3407 3180; x_wconf 80' lang='grc' dir='ltr'>γὰρ</span> <span class='ocrx_word' id='word_1_569' title='bbox 3451 3103 3570 3157; x_wconf 82' lang='grc' dir='ltr'>οἷὸν</span> <span class='ocrx_word' id='word_1_570' title='bbox 3614 3123 3679 3158; x_wconf 86' lang='grc' dir='ltr'><strong>τε</strong></span> <span class='ocrx_word' id='word_1_571' title='bbox 3729 3105 3802 3171; x_wconf 72' lang='grc' dir='ltr'>ἦν</span> 
     </span>
    </p>
   </div>
   <div class='ocr_carea' id='block_1_75' title="bbox 2119 3180 3803 3271">
    <p class='ocr_par' dir='ltr' id='par_1_75' title="bbox 2119 3180 3803 3271">
     <span class='ocr_line' id='line_1_75' title="bbox 2119 3180 3803 3271; baseline 0 -23"><span class='ocrx_word' id='word_1_572' title='bbox 2119 3191 2285 3248; x_wconf 73' lang='grc' dir='ltr'>ταῦτα</span> <span class='ocrx_word' id='word_1_573' title='bbox 2349 3193 2466 3269; x_wconf 86' lang='grc' dir='ltr'>περὶ</span> <span class='ocrx_word' id='word_1_574' title='bbox 2524 3192 2617 3247; x_wconf 84' lang='grc' dir='ltr'><strong>τοῦ</strong></span> <span class='ocrx_word' id='word_1_575' title='bbox 2677 3199 2808 3250; x_wconf 90' lang='grc' dir='ltr'>Θεοῦ</span> <span class='ocrx_word' id='word_1_576' title='bbox 2868 3190 3146 3266; x_wconf 64' lang='grc' dir='ltr'>ἐννιιεϊνς</span> <span class='ocrx_word' id='word_1_577' title='bbox 3201 3180 3259 3248; x_wconf 65' lang='grc' dir='ltr'>Ὀ</span> <span class='ocrx_word' id='word_1_578' title='bbox 3299 3190 3397 3265; x_wconf 82' lang='grc' dir='ltr'>μὲν</span> <span class='ocrx_word' id='word_1_579' title='bbox 3429 3193 3531 3271; x_wconf 86' lang='grc' dir='ltr'>γὰρ</span> <span class='ocrx_word' id='word_1_580' title='bbox 3559 3191 3803 3271; x_wconf 72' lang='grc' dir='ltr'>ἀγαθὸς,</span> 
     </span>
    </p>
   </div>
   <div class='ocr_carea' id='block_1_76' title="bbox 2120 3277 3807 3359">
    <p class='ocr_par' dir='ltr' id='par_1_76' title="bbox 2120 3277 3807 3359">
     <span class='ocr_line' id='line_1_76' title="bbox 2120 3277 3807 3359; baseline 0.001 -22"><span class='ocrx_word' id='word_1_581' title='bbox 2120 3280 2211 3337; x_wconf 85' lang='grc' dir='ltr'><strong>καὶ</strong></span> <span class='ocrx_word' id='word_1_582' title='bbox 2266 3283 2372 3335; x_wconf 81' lang='grc' dir='ltr'>τῶν</span> <span class='ocrx_word' id='word_1_583' title='bbox 2428 3279 2742 3359; x_wconf 82' lang='grc' dir='ltr'>κρειττόνων</span> <span class='ocrx_word' id='word_1_584' title='bbox 2800 3279 3059 3359; x_wconf 77' lang='grc' dir='ltr'>ποιητὴς,</span> <span class='ocrx_word' id='word_1_585' title='bbox 3108 3285 3216 3336; x_wconf 80' lang='grc' dir='ltr'>τῶν</span> <span class='ocrx_word' id='word_1_586' title='bbox 3270 3277 3327 3334; x_wconf 80' lang='grc' dir='ltr'>δὲ</span> <span class='ocrx_word' id='word_1_587' title='bbox 3370 3279 3587 3357; x_wconf 84' lang='grc' dir='ltr'>φαύλων</span> <span class='ocrx_word' id='word_1_588' title='bbox 3645 3284 3807 3356; x_wconf 71' lang='grc' dir='ltr'>αὐτῷ</span> 
     </span>
    </p>
   </div>
   <div class='ocr_carea' id='block_1_77' title="bbox 2121 3366 3806 3448">
    <p class='ocr_par' dir='ltr' id='par_1_77' title="bbox 2121 3366 3806 3448">
     <span class='ocr_line' id='line_1_77' title="bbox 2121 3366 3806 3448; baseline 0.001 -23"><span class='ocrx_word' id='word_1_589' title='bbox 2121 3370 2404 3448; x_wconf 86' lang='grc' dir='ltr'>πρόσεστιν</span> <span class='ocrx_word' id='word_1_590' title='bbox 2461 3367 2608 3427; x_wconf 73' lang='grc' dir='ltr'>οὐδέν</span> <span class='ocrx_word' id='word_1_591' title='bbox 2642 3384 2656 3397; x_wconf 91' lang='grc'><strong>·</strong></span> <span class='ocrx_word' id='word_1_592' title='bbox 2705 3367 2824 3424; x_wconf 80' lang='grc' dir='ltr'>ἀλλ’</span> <span class='ocrx_word' id='word_1_593' title='bbox 2856 3366 2971 3426; x_wconf 74' lang='grc' dir='ltr'>οὐδὲ</span> <span class='ocrx_word' id='word_1_594' title='bbox 3001 3381 3118 3433; x_wconf 71' lang='grc' dir='ltr'>τοῖς</span> <span class='ocrx_word' id='word_1_595' title='bbox 3149 3369 3406 3431; x_wconf 87' lang='grc' dir='ltr'>τοιούτοις</span> <span class='ocrx_word' id='word_1_596' title='bbox 3438 3371 3650 3448; x_wconf 80' lang='grc' dir='ltr'>χαίρειν</span> <span class='ocrx_word' id='word_1_597' title='bbox 3685 3370 3806 3427; x_wconf 79' lang='grc' dir='ltr'><strong>πέ-</strong></span> 
     </span>
    </p>
   </div>
   <div class='ocr_carea' id='block_1_78' title="bbox 2123 3456 3810 3538">
    <p class='ocr_par' dir='ltr' id='par_1_78' title="bbox 2123 3456 3810 3538">
     <span class='ocr_line' id='line_1_78' title="bbox 2123 3456 3810 3538; baseline -0.002 -21"><span class='ocrx_word' id='word_1_598' title='bbox 2123 3479 2307 3538; x_wconf 77' lang='grc' dir='ltr'>φυκεν,</span> <span class='ocrx_word' id='word_1_599' title='bbox 2366 3457 2682 3537; x_wconf 77' lang='grc' dir='ltr'>ἀπαγορεύει</span> <span class='ocrx_word' id='word_1_600' title='bbox 2726 3456 2781 3512; x_wconf 74' lang='grc' dir='ltr'>δὲ</span> <span class='ocrx_word' id='word_1_601' title='bbox 2836 3458 2924 3513; x_wconf 86' lang='grc' dir='ltr'><strong>καὶ</strong></span> <span class='ocrx_word' id='word_1_602' title='bbox 2988 3457 3086 3525; x_wconf 83' lang='grc' dir='ltr'><strong>τὴν</strong></span> <span class='ocrx_word' id='word_1_603' title='bbox 3140 3457 3345 3534; x_wconf 71' lang='grc' dir='ltr'>γένεσιν</span> <span class='ocrx_word' id='word_1_604' title='bbox 3416 3457 3588 3515; x_wconf 75' lang='grc' dir='ltr'>αῦτῶν</span> <span class='ocrx_word' id='word_1_605' title='bbox 3624 3474 3641 3489; x_wconf 88' lang='grc'><strong>·</strong></span> <span class='ocrx_word' id='word_1_606' title='bbox 3709 3461 3810 3514; x_wconf 76' lang='grc' dir='ltr'><strong>καὶ</strong></span> 
     </span>
    </p>
   </div>
   <div class='ocr_carea' id='block_1_79' title="bbox 2121 3543 3811 3625">
    <p class='ocr_par' dir='ltr' id='par_1_79' title="bbox 2121 3543 3811 3625">
     <span class='ocr_line' id='line_1_79' title="bbox 2121 3543 3811 3625; baseline 0.001 -23"><span class='ocrx_word' id='word_1_607' title='bbox 2121 3548 2241 3610; x_wconf 68' lang='grc' dir='ltr'>τοὺς</span> <span class='ocrx_word' id='word_1_608' title='bbox 2295 3568 2392 3621; x_wconf 89' lang='grc' dir='ltr'><strong>μεν</strong></span> <span class='ocrx_word' id='word_1_609' title='bbox 2450 3548 2737 3625; x_wconf 87' lang='grc' dir='ltr'>χαίροντας</span> <span class='ocrx_word' id='word_1_610' title='bbox 2800 3546 3004 3610; x_wconf 90' lang='grc' dir='ltr'>τούτοις</span> <span class='ocrx_word' id='word_1_611' title='bbox 3080 3543 3468 3619; x_wconf 65' lang='grc' dir='ltr'>ἀποϐαίλλεται,</span> <span class='ocrx_word' id='word_1_612' title='bbox 3548 3546 3680 3613; x_wconf 74' lang='grc' dir='ltr'>τοὺς</span> <span class='ocrx_word' id='word_1_613' title='bbox 3748 3547 3811 3603; x_wconf 76' lang='grc' dir='ltr'>δὲ</span> 
     </span>
    </p>
   </div>
   <div class='ocr_carea' id='block_1_80' title="bbox 2123 3634 3813 3716">
    <p class='ocr_par' dir='ltr' id='par_1_80' title="bbox 2123 3634 3813 3716">
     <span class='ocr_line' id='line_1_80' title="bbox 2123 3634 3813 3716; baseline 0 -24"><span class='ocrx_word' id='word_1_614' title='bbox 2123 3636 2412 3716; x_wconf 76' lang='grc' dir='ltr'>φεύγοντας</span> <span class='ocrx_word' id='word_1_615' title='bbox 2499 3636 2630 3691; x_wconf 66' lang='grc' dir='ltr'>αὗτὰ</span> <span class='ocrx_word' id='word_1_616' title='bbox 2700 3635 2991 3713; x_wconf 78' lang='grc' dir='ltr'>προσίεται.</span> <span class='ocrx_word' id='word_1_617' title='bbox 3067 3637 3165 3693; x_wconf 83' lang='grc' dir='ltr'>Καὶ</span> <span class='ocrx_word' id='word_1_618' title='bbox 3244 3641 3360 3698; x_wconf 78' lang='grc' dir='ltr'>πῶς</span> <span class='ocrx_word' id='word_1_619' title='bbox 3434 3637 3531 3692; x_wconf 74' lang='grc' dir='ltr'><strong>οὒκ</strong></span> <span class='ocrx_word' id='word_1_620' title='bbox 3589 3634 3813 3694; x_wconf 71' lang='grc' dir='ltr'>ἄτοπον</span> 
     </span>
    </p>
   </div>
   <div class='ocr_carea' id='block_1_81' title="bbox 2121 3721 3821 3805">
    <p class='ocr_par' dir='ltr' id='par_1_81' title="bbox 2121 3721 3821 3805">
     <span class='ocr_line' id='line_1_81' title="bbox 2121 3721 3821 3805; baseline 0.001 -24"><span class='ocrx_word' id='word_1_621' title='bbox 2121 3726 2212 3781; x_wconf 58' lang='grc' dir='ltr'><strong>τὶν</strong></span> <span class='ocrx_word' id='word_1_622' title='bbox 2267 3726 2397 3780; x_wconf 75' lang='grc' dir='ltr'>Θεὸν</span> <span class='ocrx_word' id='word_1_623' title='bbox 2452 3723 2651 3779; x_wconf 88' lang='grc' dir='ltr'>τούτων</span> <span class='ocrx_word' id='word_1_624' title='bbox 2705 3722 2878 3800; x_wconf 77' lang='grc' dir='ltr'>λέγειν</span> <span class='ocrx_word' id='word_1_625' title='bbox 2933 3721 3281 3804; x_wconf 72' lang='grc' dir='ltr'>δημιουργὸν,</span> <span class='ocrx_word' id='word_1_626' title='bbox 3340 3725 3434 3780; x_wconf 79' lang='grc' dir='ltr'><strong>τὸν</strong></span> <span class='ocrx_word' id='word_1_627' title='bbox 3463 3734 3633 3783; x_wconf 82' lang='grc' dir='ltr'>ταῦτα</span> <span class='ocrx_word' id='word_1_628' title='bbox 3662 3748 3821 3805; x_wconf 80' lang='grc' dir='ltr'>παρ-</span> 
     </span>
    </p>
   </div>
   <div class='ocr_carea' id='block_1_82' title="bbox 2122 3810 3815 3891">
    <p class='ocr_par' dir='ltr' id='par_1_82' title="bbox 2122 3810 3815 3891">
     <span class='ocr_line' id='line_1_82' title="bbox 2122 3810 3815 3891; baseline 0.001 -23"><span class='ocrx_word' id='word_1_629' title='bbox 2122 3813 2434 3888; x_wconf 86' lang='grc' dir='ltr'>αιτούμενον</span> <span class='ocrx_word' id='word_1_630' title='bbox 2472 3831 2488 3888; x_wconf 81' lang='lat'><strong>;</strong></span> <span class='ocrx_word' id='word_1_631' title='bbox 2533 3810 2661 3870; x_wconf 77' lang='grc' dir='ltr'>Ούδὲ</span> <span class='ocrx_word' id='word_1_632' title='bbox 2704 3812 2805 3890; x_wconf 83' lang='grc' dir='ltr'><strong>γὰρ</strong></span> <span class='ocrx_word' id='word_1_633' title='bbox 2862 3811 2925 3867; x_wconf 81' lang='grc' dir='ltr'><strong>ἂν</strong></span> <span class='ocrx_word' id='word_1_634' title='bbox 2968 3810 3214 3869; x_wconf 72' lang='grc' dir='ltr'>ἐϐούλετο</span> <span class='ocrx_word' id='word_1_635' title='bbox 3270 3813 3349 3889; x_wconf 77' lang='grc' dir='ltr'>μὴ</span> <span class='ocrx_word' id='word_1_636' title='bbox 3405 3814 3550 3869; x_wconf 71' lang='grc' dir='ltr'>εἶναι</span> <span class='ocrx_word' id='word_1_637' title='bbox 3596 3822 3815 3891; x_wconf 72' lang='grc' dir='ltr'>ταῦτα,</span> 
     </span>
    </p>
   </div>
   <div class='ocr_carea' id='block_1_83' title="bbox 2119 3902 3821 3983">
    <p class='ocr_par' dir='ltr' id='par_1_83' title="bbox 2119 3902 3821 3983">
     <span class='ocr_line' id='line_1_83' title="bbox 2119 3902 3821 3983; baseline 0.002 -26"><span class='ocrx_word' id='word_1_638' title='bbox 2119 3904 2164 3958; x_wconf 80' lang='grc' dir='ltr'>εἷ</span> <span class='ocrx_word' id='word_1_639' title='bbox 2220 3908 2429 3981; x_wconf 81' lang='grc' dir='ltr'>πρῶτος</span> <span class='ocrx_word' id='word_1_640' title='bbox 2488 3903 2657 3957; x_wconf 72' lang='grc' dir='ltr'>αὗτῶν</span> <span class='ocrx_word' id='word_1_641' title='bbox 2716 3902 2949 3969; x_wconf 77' lang='grc' dir='ltr'>ποιητὴς</span> <span class='ocrx_word' id='word_1_642' title='bbox 2993 3904 3237 3981; x_wconf 80' lang='grc' dir='ltr'>ὑπῆρχεν</span> <span class='ocrx_word' id='word_1_643' title='bbox 3273 3904 3453 3966; x_wconf 75' lang='grc' dir='ltr'>αὒτὸς.</span> <span class='ocrx_word' id='word_1_644' title='bbox 3511 3905 3654 3968; x_wconf 86' lang='grc' dir='ltr'>Τοὺς</span> <span class='ocrx_word' id='word_1_645' title='bbox 3702 3907 3821 3983; x_wconf 78' lang='grc' dir='ltr'>γὰρ</span> 
     </span>
    </p>
   </div>
   <div class='ocr_carea' id='block_1_84' title="bbox 2118 3990 3812 4070">
    <p class='ocr_par' dir='ltr' id='par_1_84' title="bbox 2118 3990 3812 4070">
     <span class='ocr_line' id='line_1_84' title="bbox 2118 3990 3812 4070; baseline 0.001 -22"><span class='ocrx_word' id='word_1_646' title='bbox 2118 3991 2433 4070; x_wconf 57' lang='grc' dir='ltr'>προσιόντας</span> <span class='ocrx_word' id='word_1_647' title='bbox 2507 3990 2649 4063; x_wconf 79' lang='grc' dir='ltr'><strong>αὑτῷ</strong></span> <span class='ocrx_word' id='word_1_648' title='bbox 2738 3992 2978 4065; x_wconf 83' lang='grc' dir='ltr'>μιμητὰς</span> <span class='ocrx_word' id='word_1_649' title='bbox 3066 3995 3206 4066; x_wconf 76' lang='grc' dir='ltr'>αὒτῷ</span> <span class='ocrx_word' id='word_1_650' title='bbox 3289 3990 3532 4070; x_wconf 79' lang='grc' dir='ltr'>γενέσθαι</span> <span class='ocrx_word' id='word_1_651' title='bbox 3617 3991 3812 4056; x_wconf 79' lang='grc' dir='ltr'>θέλει,</span> 
     </span>
    </p>
   </div>
   <div class='ocr_carea' id='block_1_85' title="bbox 2121 4075 3821 4161">
    <p class='ocr_par' dir='ltr' id='par_1_85' title="bbox 2121 4075 3821 4161">
     <span class='ocr_line' id='line_1_85' title="bbox 2121 4075 3821 4161; baseline 0.001 -24"><span class='ocrx_word' id='word_1_652' title='bbox 2121 4079 2277 4138; x_wconf 80' lang='grc' dir='ltr'>’Ὅθεν</span> <span class='ocrx_word' id='word_1_653' title='bbox 2309 4078 2501 4157; x_wconf 71' lang='grc' dir='ltr'>ἄλογον</span> <span class='ocrx_word' id='word_1_654' title='bbox 2562 4075 2750 4144; x_wconf 78' lang='grc' dir='ltr'>ἔδειξεν</span> <span class='ocrx_word' id='word_1_655' title='bbox 2777 4076 2829 4119; x_wconf 73' lang='lat'><strong>13</strong></span> <span class='ocrx_word' id='word_1_656' title='bbox 2871 4082 3010 4136; x_wconf 87' lang='grc' dir='ltr'>εἶναι</span> <span class='ocrx_word' id='word_1_657' title='bbox 3069 4103 3185 4160; x_wconf 85' lang='grc' dir='ltr'>μοι,</span> <span class='ocrx_word' id='word_1_658' title='bbox 3235 4088 3401 4137; x_wconf 78' lang='grc' dir='ltr'>ταῦτα</span> <span class='ocrx_word' id='word_1_659' title='bbox 3454 4081 3821 4161; x_wconf 76' lang='grc' dir='ltr'>προσάπτειν</span> 
     </span>
    </p>
   </div>
   <div class='ocr_carea' id='block_1_86' title="bbox 2128 4166 3827 4249">
    <p class='ocr_par' dir='ltr' id='par_1_86' title="bbox 2128 4166 3827 4249">
     <span class='ocr_line' id='line_1_86' title="bbox 2128 4166 3827 4249; baseline 0.002 -24"><span class='ocrx_word' id='word_1_660' title='bbox 2128 4173 2290 4249; x_wconf 70' lang='grc' dir='ltr'>αὐτῷ,</span> <span class='ocrx_word' id='word_1_661' title='bbox 2323 4169 2358 4237; x_wconf 68' lang='grc' dir='ltr'><strong>ἢ</strong></span> <span class='ocrx_word' id='word_1_662' title='bbox 2404 4172 2477 4232; x_wconf 82' lang='grc' dir='ltr'>ὼς</span> <span class='ocrx_word' id='word_1_663' title='bbox 2508 4166 2560 4233; x_wconf 81' lang='grc' dir='ltr'>ἐξ</span> <span class='ocrx_word' id='word_1_664' title='bbox 2617 4171 2774 4226; x_wconf 74' lang='grc' dir='ltr'>αὒτοῦ</span> <span class='ocrx_word' id='word_1_665' title='bbox 2816 4170 3093 4247; x_wconf 84' lang='grc' dir='ltr'>γεγονότα,</span> <span class='ocrx_word' id='word_1_666' title='bbox 3129 4168 3165 4237; x_wconf 77' lang='grc' dir='ltr'>ἢ</span> <span class='ocrx_word' id='word_1_667' title='bbox 3212 4169 3287 4249; x_wconf 78' lang='grc' dir='ltr'><strong>(εἰ</strong></span> <span class='ocrx_word' id='word_1_668' title='bbox 3316 4172 3402 4226; x_wconf 84' lang='grc' dir='ltr'><strong>καὶ</strong></span> <span class='ocrx_word' id='word_1_669' title='bbox 3444 4168 3510 4226; x_wconf 73' lang='grc' dir='ltr'><strong><em>τᾶ</em></strong></span> <span class='ocrx_word' id='word_1_670' title='bbox 3557 4169 3827 4246; x_wconf 67' lang='grc' dir='ltr'>μάλιστα</span> 
     </span>
    </p>
   </div>
   <div class='ocr_carea' id='block_1_87' title="bbox 2125 4254 3830 4340">
    <p class='ocr_par' dir='ltr' id='par_1_87' title="bbox 2125 4254 3830 4340">
     <span class='ocr_line' id='line_1_87' title="bbox 2125 4254 3830 4340; baseline 0.003 -28"><span class='ocrx_word' id='word_1_671' title='bbox 2125 4259 2497 4337; x_wconf 71' lang='grc' dir='ltr'>συγχωρήσειν</span> <span class='ocrx_word' id='word_1_672' title='bbox 2540 4254 2594 4298; x_wconf 76' lang='grc'><strong>¹9</strong></span> <span class='ocrx_word' id='word_1_673' title='bbox 2624 4254 2675 4322; x_wconf 75' lang='grc' dir='ltr'>ἐξ</span> <span class='ocrx_word' id='word_1_674' title='bbox 2720 4259 2815 4314; x_wconf 78' lang='grc' dir='ltr'><strong>οῦκ</strong></span> <span class='ocrx_word' id='word_1_675' title='bbox 2871 4256 3037 4313; x_wconf 82' lang='grc' dir='ltr'>ὅντων</span> <span class='ocrx_word' id='word_1_676' title='bbox 3080 4255 3296 4314; x_wconf 73' lang='grc' dir='ltr'>δυνατὸν</span> <span class='ocrx_word' id='word_1_677' title='bbox 3341 4262 3481 4340; x_wconf 77' lang='grc' dir='ltr'>εἶναι</span> <span class='ocrx_word' id='word_1_678' title='bbox 3527 4268 3577 4315; x_wconf 85' lang='grc' dir='ltr'><strong>τι</strong></span> <span class='ocrx_word' id='word_1_679' title='bbox 3635 4261 3830 4340; x_wconf 79' lang='grc' dir='ltr'>γενέ-</span> 
     </span>
    </p>
   </div>
   <div class='ocr_carea' id='block_1_88' title="bbox 2126 4339 3831 4430">
    <p class='ocr_par' dir='ltr' id='par_1_88' title="bbox 2126 4339 3831 4430">
     <span class='ocr_line' id='line_1_88' title="bbox 2126 4339 3831 4430; baseline 0.004 -29"><span class='ocrx_word' id='word_1_680' title='bbox 2126 4347 2267 4426; x_wconf 84' lang='grc' dir='ltr'>σθαι)</span> <span class='ocrx_word' id='word_1_681' title='bbox 2329 4344 2410 4402; x_wconf 81' lang='grc' dir='ltr'><strong>ὅτι</strong></span> <span class='ocrx_word' id='word_1_682' title='bbox 2466 4348 2554 4403; x_wconf 87' lang='grc' dir='ltr'><strong>καὶ</strong></span> <span class='ocrx_word' id='word_1_683' title='bbox 2598 4345 2663 4402; x_wconf 70' lang='grc' dir='ltr'><strong>τὰ</strong></span> <span class='ocrx_word' id='word_1_684' title='bbox 2713 4346 2854 4402; x_wconf 79' lang='grc' dir='ltr'>κακὰ</span> <span class='ocrx_word' id='word_1_685' title='bbox 2910 4347 3158 4413; x_wconf 69' lang='grc' dir='ltr'>εποίησεν</span> <span class='ocrx_word' id='word_1_686' title='bbox 3218 4349 3397 4411; x_wconf 74' lang='grc' dir='ltr'>αὐτὸς.</span> <span class='ocrx_word' id='word_1_687' title='bbox 3461 4339 3519 4406; x_wconf 64' lang='grc' dir='ltr'>Ὀ</span> <span class='ocrx_word' id='word_1_688' title='bbox 3569 4350 3719 4430; x_wconf 75' lang='grc' dir='ltr'>γὰρ,</span> <span class='ocrx_word' id='word_1_689' title='bbox 3757 4350 3831 4406; x_wconf 72' lang='grc' dir='ltr'>ἐκ</span> 
     </span>
    </p>
   </div>
   <div class='ocr_carea' id='block_1_89' title="bbox 404 4431 2056 4519">
    <p class='ocr_par' dir='ltr' id='par_1_89' title="bbox 404 4431 2044 4519">
     <span class='ocr_line' id='line_1_89' title="bbox 404 4431 2044 4519; baseline 0.002 -19"><span class='ocrx_word' id='word_1_690' title='bbox 404 4439 719 4500; x_wconf 83' lang='lat' dir='ltr'><strong>creaverit.</strong></span> <span class='ocrx_word' id='word_1_691' title='bbox 745 4438 889 4500; x_wconf 87' lang='lat' dir='ltr'><strong>Nam</strong></span> <span class='ocrx_word' id='word_1_692' title='bbox 921 4441 1019 4519; x_wconf 91' lang='lat' dir='ltr'><strong>qui</strong></span> <span class='ocrx_word' id='word_1_693' title='bbox 1046 4460 1113 4501; x_wconf 84' lang='lat' dir='ltr'><strong>ex</strong></span> <span class='ocrx_word' id='word_1_694' title='bbox 1137 4439 1254 4513; x_wconf 88' lang='lat' dir='ltr'><strong>his,</strong></span> <span class='ocrx_word' id='word_1_695' title='bbox 1287 4459 1419 4519; x_wconf 60' lang='lat' dir='ltr'><strong>quae</strong></span> <span class='ocrx_word' id='word_1_696' title='bbox 1451 4460 1566 4501; x_wconf 89' lang='lat' dir='ltr'><strong>non</strong></span> <span class='ocrx_word' id='word_1_697' title='bbox 1599 4431 1757 4516; x_wconf 77' lang='lat' dir='ltr'><strong>sunt,</strong></span> <span class='ocrx_word' id='word_1_698' title='bbox 1792 4460 1923 4503; x_wconf 88' lang='lat' dir='ltr'><strong>esse</strong></span> <span class='ocrx_word' id='word_1_699' title='bbox 1944 4442 2044 4504; x_wconf 88' lang='lat' dir='ltr'><strong>illa</strong></span> 
     </span>
    </p>
   </div>
   <div class='ocr_carea' id='block_1_90' title="bbox 2125 4431 3835 4519">
    <p class='ocr_par' dir='ltr' id='par_1_90' title="bbox 2128 4431 3835 4510">
     <span class='ocr_line' id='line_1_90' title="bbox 2128 4431 3835 4510; baseline 0.004 -20"><span class='ocrx_word' id='word_1_700' title='bbox 2128 4441 2218 4491; x_wconf 88' lang='grc' dir='ltr'><strong>τοῦ</strong></span> <span class='ocrx_word' id='word_1_701' title='bbox 2275 4440 2366 4494; x_wconf 73' lang='grc' dir='ltr'><strong>οὐκ</strong></span> <span class='ocrx_word' id='word_1_702' title='bbox 2409 4440 2572 4510; x_wconf 81' lang='grc' dir='ltr'>εἶναι,</span> <span class='ocrx_word' id='word_1_703' title='bbox 2621 4437 2693 4498; x_wconf 83' lang='grc' dir='ltr'>εἷς</span> <span class='ocrx_word' id='word_1_704' title='bbox 2746 4431 2801 4476; x_wconf 72' lang='grc'><strong>²⁰</strong></span> <span class='ocrx_word' id='word_1_705' title='bbox 2829 4437 2892 4492; x_wconf 82' lang='grc' dir='ltr'>τὸ</span> <span class='ocrx_word' id='word_1_706' title='bbox 2936 4435 3080 4492; x_wconf 81' lang='grc' dir='ltr'>εἶναι</span> <span class='ocrx_word' id='word_1_707' title='bbox 3112 4436 3241 4494; x_wconf 74' lang='grc' dir='ltr'>αὐτὰ</span> <span class='ocrx_word' id='word_1_708' title='bbox 3272 4438 3528 4510; x_wconf 68' lang='grc' dir='ltr'>ποιήσας,</span> <span class='ocrx_word' id='word_1_709' title='bbox 3586 4441 3703 4497; x_wconf 73' lang='grc' dir='ltr'><strong>οὒκ</strong></span> <span class='ocrx_word' id='word_1_710' title='bbox 3760 4439 3835 4496; x_wconf 83' lang='grc' dir='ltr'><strong>ἂν</strong></span> 
     </span>
    </p>
   </div>
   <div class='ocr_carea' id='block_1_91' title="bbox 402 4531 2041 4609">
    <p class='ocr_par' dir='ltr' id='par_1_91' title="bbox 402 4531 2041 4609">
     <span class='ocr_line' id='line_1_91' title="bbox 402 4531 2041 4609; baseline 0.003 -22"><span class='ocrx_word' id='word_1_711' title='bbox 402 4534 643 4597; x_wconf 83' lang='lat' dir='ltr'><strong>tecerat,</strong></span> <span class='ocrx_word' id='word_1_712' title='bbox 678 4547 1044 4609; x_wconf 87' lang='lat' dir='ltr'><strong>nequaquam</strong></span> <span class='ocrx_word' id='word_1_713' title='bbox 1079 4549 1148 4590; x_wconf 92' lang='lat' dir='ltr'><strong>ea</strong></span> <span class='ocrx_word' id='word_1_714' title='bbox 1180 4548 1415 4589; x_wconf 89' lang='lat' dir='ltr'><strong>rursum</strong></span> <span class='ocrx_word' id='word_1_715' title='bbox 1450 4549 1483 4590; x_wconf 91' lang='lat' dir='ltr'><strong>e</strong></span> <span class='ocrx_word' id='word_1_716' title='bbox 1537 4531 1733 4591; x_wconf 91' lang='lat' dir='ltr'><strong>medio</strong></span> <span class='ocrx_word' id='word_1_717' title='bbox 1791 4532 2041 4605; x_wconf 85' lang='lat' dir='ltr'><strong>tolleret,</strong></span> 
     </span>
    </p>
   </div>
   <div class='ocr_carea' id='block_1_92' title="bbox 396 4617 2040 4691">
    <p class='ocr_par' dir='ltr' id='par_1_92' title="bbox 396 4617 2040 4691">
     <span class='ocr_line' id='line_1_92' title="bbox 396 4617 2040 4691; baseline 0.002 -14"><span class='ocrx_word' id='word_1_718' title='bbox 396 4633 469 4677; x_wconf 89' lang='lat' dir='ltr'><strong>ne</strong></span> <span class='ocrx_word' id='word_1_719' title='bbox 500 4625 699 4677; x_wconf 85' lang='lat' dir='ltr'><strong>essent</strong></span> <span class='ocrx_word' id='word_1_720' title='bbox 733 4639 746 4680; x_wconf 92' lang='lat'>:</span> <span class='ocrx_word' id='word_1_721' title='bbox 781 4617 893 4691; x_wconf 90' lang='lat' dir='ltr'><strong>vel,</strong></span> <span class='ocrx_word' id='word_1_722' title='bbox 928 4618 975 4678; x_wconf 91' lang='lat' dir='ltr'><strong>si</strong></span> <span class='ocrx_word' id='word_1_723' title='bbox 1015 4619 1123 4678; x_wconf 82' lang='lat' dir='ltr'><strong>hoc</strong></span> <span class='ocrx_word' id='word_1_724' title='bbox 1177 4618 1516 4679; x_wconf 59' lang='lat' dir='ltr'><strong>necessario</strong></span> <span class='ocrx_word' id='word_1_725' title='bbox 1574 4619 1894 4681; x_wconf 89' lang='lat' dir='ltr'><strong>dicendum</strong></span> <span class='ocrx_word' id='word_1_726' title='bbox 1941 4619 2040 4691; x_wconf 88' lang='lat' dir='ltr'><strong>sit,</strong></span> 
     </span>
    </p>
   </div>
   <div class='ocr_carea' id='block_1_93' title="bbox 393 4706 2040 4786">
    <p class='ocr_par' dir='ltr' id='par_1_93' title="bbox 393 4706 2040 4786">
     <span class='ocr_line' id='line_1_93' title="bbox 393 4706 2040 4786; baseline 0.001 -19"><span class='ocrx_word' id='word_1_727' title='bbox 393 4708 560 4786; x_wconf 86' lang='lat' dir='ltr'><strong>quasi</strong></span> <span class='ocrx_word' id='word_1_728' title='bbox 594 4706 768 4767; x_wconf 78' lang='lat' dir='ltr'><strong>luerit</strong></span> <span class='ocrx_word' id='word_1_729' title='bbox 797 4706 936 4767; x_wconf 93' lang='lat' dir='ltr'><strong>olim</strong></span> <span class='ocrx_word' id='word_1_730' title='bbox 992 4714 1250 4786; x_wconf 85' lang='lat' dir='ltr'><strong>tempus,</strong></span> <span class='ocrx_word' id='word_1_731' title='bbox 1286 4708 1522 4786; x_wconf 88' lang='lat' dir='ltr'><strong>quando</strong></span> <span class='ocrx_word' id='word_1_732' title='bbox 1559 4710 1711 4770; x_wconf 85' lang='lat' dir='ltr'><strong>Deus</strong></span> <span class='ocrx_word' id='word_1_733' title='bbox 1745 4708 1913 4768; x_wconf 90' lang='lat' dir='ltr'><strong>malis</strong></span> <span class='ocrx_word' id='word_1_734' title='bbox 1932 4708 2040 4768; x_wconf 88' lang='lat' dir='ltr'><strong>de-</strong></span> 
     </span>
    </p>
   </div>
   <div class='ocr_carea' id='block_1_94' title="bbox 391 4795 2039 4875">
    <p class='ocr_par' dir='ltr' id='par_1_94' title="bbox 391 4795 2039 4875">
     <span class='ocr_line' id='line_1_94' title="bbox 391 4795 2039 4875; baseline 0.002 -20"><span class='ocrx_word' id='word_1_735' title='bbox 391 4795 736 4868; x_wconf 77' lang='lat' dir='ltr'><strong>lectaretur;</strong></span> <span class='ocrx_word' id='word_1_736' title='bbox 772 4813 930 4857; x_wconf 90' lang='lat' dir='ltr'><strong>nunc</strong></span> <span class='ocrx_word' id='word_1_737' title='bbox 978 4804 1195 4870; x_wconf 85' lang='lat' dir='ltr'><strong>tamen,</strong></span> <span class='ocrx_word' id='word_1_738' title='bbox 1230 4796 1383 4875; x_wconf 86' lang='lat' dir='ltr'><strong>quod</strong></span> <span class='ocrx_word' id='word_1_739' title='bbox 1440 4796 1584 4857; x_wconf 92' lang='lat' dir='ltr'><strong>mihi</strong></span> <span class='ocrx_word' id='word_1_740' title='bbox 1636 4797 1865 4857; x_wconf 86' lang='lat' dir='ltr'><strong>videtur</strong></span> <span class='ocrx_word' id='word_1_741' title='bbox 1906 4815 2039 4858; x_wconf 89' lang='lat' dir='ltr'><strong>esse</strong></span> 
     </span>
    </p>
   </div>
   <div class='ocr_carea' id='block_1_95' title="bbox 390 4884 2045 4964">
    <p class='ocr_par' dir='ltr' id='par_1_95' title="bbox 390 4884 2045 4964">
     <span class='ocr_line' id='line_1_95' title="bbox 390 4884 2045 4964; baseline 0.001 -19"><span class='ocrx_word' id='word_1_742' title='bbox 390 4884 786 4964; x_wconf 89' lang='lat' dir='ltr'><strong>impossibile,</strong></span> <span class='ocrx_word' id='word_1_743' title='bbox 808 4885 1015 4945; x_wconf 89' lang='lat' dir='ltr'><strong>dicere</strong></span> <span class='ocrx_word' id='word_1_744' title='bbox 1064 4884 1176 4945; x_wconf 90' lang='lat' dir='ltr'><strong>hoc</strong></span> <span class='ocrx_word' id='word_1_745' title='bbox 1204 4884 1278 4945; x_wconf 86' lang='lat' dir='ltr'><strong>de</strong></span> <span class='ocrx_word' id='word_1_746' title='bbox 1309 4886 1452 4957; x_wconf 87' lang='lat' dir='ltr'><strong>Deo,</strong></span> <span class='ocrx_word' id='word_1_747' title='bbox 1487 4884 1922 4947; x_wconf 73' lang='lat' dir='ltr'><strong>inconveniens</strong></span> <span class='ocrx_word' id='word_1_748' title='bbox 1954 4893 2045 4947; x_wconf 90' lang='lat' dir='ltr'><strong>est</strong></span> 
     </span>
    </p>
   </div>
   <div class='ocr_carea' id='block_1_96' title="bbox 391 4972 1608 5054">
    <p class='ocr_par' dir='ltr' id='par_1_96' title="bbox 391 4972 1608 5054">
     <span class='ocr_line' id='line_1_96' title="bbox 391 4972 1608 5054; baseline 0 -20"><span class='ocrx_word' id='word_1_749' title='bbox 391 4972 578 5054; x_wconf 89' lang='lat' dir='ltr'><strong>ipsius</strong></span> <span class='ocrx_word' id='word_1_750' title='bbox 609 4983 831 5035; x_wconf 85' lang='lat' dir='ltr'><strong>naturae</strong></span> <span class='ocrx_word' id='word_1_751' title='bbox 863 4972 1082 5036; x_wconf 65' lang='lat' dir='ltr'><strong>divinae</strong></span> <span class='ocrx_word' id='word_1_752' title='bbox 1114 4974 1229 5034; x_wconf 89' lang='lat' dir='ltr'><strong>hoc</strong></span> <span class='ocrx_word' id='word_1_753' title='bbox 1260 4973 1608 5035; x_wconf 80' lang='lat' dir='ltr'><strong>attribuere.</strong></span> 
     </span>
    </p>
   </div>
   <div class='ocr_carea' id='block_1_97' title="bbox 469 5058 2040 5145">
    <p class='ocr_par' dir='ltr' id='par_1_97' title="bbox 469 5058 2040 5145">
     <span class='ocr_line' id='line_1_97' title="bbox 469 5058 2040 5145; baseline 0.001 -22"><span class='ocrx_word' id='word_1_754' title='bbox 469 5063 763 5136; x_wconf 76' lang='lat' dir='ltr'><strong>Quocirca</strong></span> <span class='ocrx_word' id='word_1_755' title='bbox 791 5062 980 5122; x_wconf 86' lang='lat' dir='ltr'><strong>visum</strong></span> <span class='ocrx_word' id='word_1_756' title='bbox 1013 5072 1101 5123; x_wconf 84' lang='lat' dir='ltr'><strong>est</strong></span> <span class='ocrx_word' id='word_1_757' title='bbox 1127 5058 1278 5122; x_wconf 87' lang='lat' dir='ltr'><strong>mibi</strong></span> <span class='ocrx_word' id='word_1_758' title='bbox 1309 5062 1668 5124; x_wconf 82' lang='lat' dir='ltr'><strong>coexsistere</strong></span> <span class='ocrx_word' id='word_1_759' title='bbox 1715 5063 1831 5144; x_wconf 88' lang='lat' dir='ltr'><strong>ipsi</strong></span> <span class='ocrx_word' id='word_1_760' title='bbox 1871 5062 2040 5145; x_wconf 87' lang='lat' dir='ltr'><strong>illud,</strong></span> 
     </span>
    </p>
   </div>
   <div class='ocr_carea' id='block_1_98' title="bbox 387 5151 2040 5232">
    <p class='ocr_par' dir='ltr' id='par_1_98' title="bbox 387 5151 2040 5232">
     <span class='ocr_line' id='line_1_98' title="bbox 387 5151 2040 5232; baseline 0.001 -21"><span class='ocrx_word' id='word_1_761' title='bbox 387 5152 480 5212; x_wconf 87' lang='lat' dir='ltr'><strong>cui</strong></span> <span class='ocrx_word' id='word_1_762' title='bbox 507 5171 721 5213; x_wconf 93' lang='lat' dir='ltr'><strong>nomen</strong></span> <span class='ocrx_word' id='word_1_763' title='bbox 755 5159 842 5212; x_wconf 91' lang='lat' dir='ltr'><strong>est</strong></span> <span class='ocrx_word' id='word_1_764' title='bbox 891 5151 1129 5212; x_wconf 81' lang='lat' dir='ltr'><strong>Materia</strong></span> <span class='ocrx_word' id='word_1_765' title='bbox 1163 5168 1176 5212; x_wconf 77' lang='grc' dir='ltr'>ξ</span> <span class='ocrx_word' id='word_1_766' title='bbox 1214 5170 1284 5211; x_wconf 83' lang='lat' dir='ltr'><strong>ex</strong></span> <span class='ocrx_word' id='word_1_767' title='bbox 1318 5170 1432 5230; x_wconf 90' lang='lat' dir='ltr'><strong>qua</strong></span> <span class='ocrx_word' id='word_1_768' title='bbox 1463 5169 1531 5211; x_wconf 87' lang='lat' dir='ltr'><strong>ea</strong></span> <span class='ocrx_word' id='word_1_769' title='bbox 1561 5170 1691 5232; x_wconf 72' lang='lat' dir='ltr'><strong>quae</strong></span> <span class='ocrx_word' id='word_1_770' title='bbox 1719 5163 1857 5215; x_wconf 88' lang='lat' dir='ltr'><strong>sunt</strong></span> <span class='ocrx_word' id='word_1_771' title='bbox 1901 5171 2040 5232; x_wconf 86' lang='lat' dir='ltr'><strong>pro—</strong></span> 
     </span>
    </p>
   </div>
   <div class='ocr_carea' id='block_1_99' title="bbox 387 5238 2041 5322">
    <p class='ocr_par' dir='ltr' id='par_1_99' title="bbox 387 5238 2041 5322">
     <span class='ocr_line' id='line_1_99' title="bbox 387 5238 2041 5322; baseline 0.001 -22"><span class='ocrx_word' id='word_1_772' title='bbox 387 5241 771 5322; x_wconf 88' lang='lat' dir='ltr'><strong>creavit,cum</strong></span> <span class='ocrx_word' id='word_1_773' title='bbox 805 5239 1029 5303; x_wconf 72' lang='lat' dir='ltr'><strong>allabre</strong></span> <span class='ocrx_word' id='word_1_774' title='bbox 1056 5240 1156 5300; x_wconf 89' lang='lat' dir='ltr'><strong>illa</strong></span> <span class='ocrx_word' id='word_1_775' title='bbox 1178 5238 1620 5320; x_wconf 87' lang='lat' dir='ltr'><strong>prudenterque</strong></span> <span class='ocrx_word' id='word_1_776' title='bbox 1650 5242 2041 5314; x_wconf 86' lang='lat' dir='ltr'><strong>discerneret,</strong></span> 
     </span>
    </p>
   </div>
   <div class='ocr_carea' id='block_1_100' title="bbox 392 5326 2045 5410">
    <p class='ocr_par' dir='ltr' id='par_1_100' title="bbox 392 5326 2045 5410">
     <span class='ocr_line' id='line_1_100' title="bbox 392 5326 2045 5410; baseline 0.001 -22"><span class='ocrx_word' id='word_1_777' title='bbox 392 5338 450 5388; x_wconf 92' lang='lat' dir='ltr'><strong>et</strong></span> <span class='ocrx_word' id='word_1_778' title='bbox 474 5330 777 5408; x_wconf 87' lang='lat' dir='ltr'><strong>eleganter</strong></span> <span class='ocrx_word' id='word_1_779' title='bbox 804 5337 1084 5390; x_wconf 80' lang='lat' dir='ltr'><strong>ornaret:</strong></span> <span class='ocrx_word' id='word_1_780' title='bbox 1114 5348 1183 5389; x_wconf 82' lang='lat' dir='ltr'><strong>ex</strong></span> <span class='ocrx_word' id='word_1_781' title='bbox 1209 5345 1323 5406; x_wconf 90' lang='lat' dir='ltr'><strong>qua</strong></span> <span class='ocrx_word' id='word_1_782' title='bbox 1348 5326 1721 5410; x_wconf 79' lang='lat' dir='ltr'><strong>(materia)et</strong></span> <span class='ocrx_word' id='word_1_783' title='bbox 1749 5331 1898 5391; x_wconf 83' lang='lat' dir='ltr'><strong>mala</strong></span> <span class='ocrx_word' id='word_1_784' title='bbox 1915 5348 2045 5391; x_wconf 90' lang='lat' dir='ltr'><strong>esse</strong></span> 
     </span>
    </p>
   </div>
   <div class='ocr_carea' id='block_1_101' title="bbox 397 5416 2041 5485">
    <p class='ocr_par' dir='ltr' id='par_1_101' title="bbox 397 5416 2041 5485">
     <span class='ocr_line' id='line_1_101' title="bbox 397 5416 2041 5485; baseline 0.003 -11"><span class='ocrx_word' id='word_1_785' title='bbox 397 5418 845 5482; x_wconf 88' lang='lat' dir='ltr'><strong>videntur.Cum</strong></span> <span class='ocrx_word' id='word_1_786' title='bbox 872 5417 1033 5479; x_wconf 88' lang='lat' dir='ltr'><strong>enim</strong></span> <span class='ocrx_word' id='word_1_787' title='bbox 1064 5436 1175 5478; x_wconf 81' lang='lat' dir='ltr'><strong>nec</strong></span> <span class='ocrx_word' id='word_1_788' title='bbox 1208 5416 1383 5485; x_wconf 84' lang='lat' dir='ltr'><strong>facta,</strong></span> <span class='ocrx_word' id='word_1_789' title='bbox 1420 5417 1791 5478; x_wconf 81' lang='lat' dir='ltr'><strong>necformata</strong></span> <span class='ocrx_word' id='word_1_790' title='bbox 1821 5418 1919 5478; x_wconf 85' lang='lat' dir='ltr'><strong>illa</strong></span> <span class='ocrx_word' id='word_1_791' title='bbox 1943 5437 2041 5479; x_wconf 90' lang='lat' dir='ltr'><strong>es-</strong></span> 
     </span>
    </p>
   </div>
   <div class='ocr_carea' id='block_1_102' title="bbox 393 5503 2045 5586">
    <p class='ocr_par' dir='ltr' id='par_1_102' title="bbox 393 5503 2045 5586">
     <span class='ocr_line' id='line_1_102' title="bbox 393 5503 2045 5586; baseline 0.001 -22"><span class='ocrx_word' id='word_1_792' title='bbox 393 5516 571 5586; x_wconf 89' lang='lat' dir='ltr'><strong>set,et</strong></span> <span class='ocrx_word' id='word_1_793' title='bbox 614 5508 861 5586; x_wconf 91' lang='lat' dir='ltr'><strong>insuper</strong></span> <span class='ocrx_word' id='word_1_794' title='bbox 914 5508 1091 5567; x_wconf 88' lang='lat' dir='ltr'><strong>etiam</strong></span> <span class='ocrx_word' id='word_1_795' title='bbox 1127 5503 1463 5565; x_wconf 89' lang='lat' dir='ltr'><strong>inordinate</strong></span> <span class='ocrx_word' id='word_1_796' title='bbox 1493 5504 1769 5583; x_wconf 76' lang='lat' dir='ltr'><strong>ferretur,</strong></span> <span class='ocrx_word' id='word_1_797' title='bbox 1820 5505 2045 5586; x_wconf 86' lang='lat' dir='ltr'><strong>Deique</strong></span> 
     </span>
    </p>
   </div>
   <div class='ocr_carea' id='block_1_103' title="bbox 2131 4522 3832 4607">
    <p class='ocr_par' dir='ltr' id='par_1_103' title="bbox 2131 4522 3832 4607">
     <span class='ocr_line' id='line_1_103' title="bbox 2131 4522 3832 4607; baseline 0.003 -28"><span class='ocrx_word' id='word_1_798' title='bbox 2131 4522 2191 4580; x_wconf 81' lang='grc' dir='ltr'>ἐκ</span> <span class='ocrx_word' id='word_1_799' title='bbox 2253 4532 2334 4582; x_wconf 79' lang='grc' dir='ltr'><strong>τοῦ</strong></span> <span class='ocrx_word' id='word_1_800' title='bbox 2366 4525 2508 4582; x_wconf 71' lang='grc' dir='ltr'>εἶναι</span> <span class='ocrx_word' id='word_1_801' title='bbox 2541 4525 2721 4605; x_wconf 69' lang='grc' dir='ltr'>ἆνῄρει</span> <span class='ocrx_word' id='word_1_802' title='bbox 2766 4524 2925 4582; x_wconf 67' lang='grc' dir='ltr'>πάλιν</span> <span class='ocrx_word' id='word_1_803' title='bbox 2963 4545 2976 4558; x_wconf 85' lang='grc'><strong>’</strong></span> <span class='ocrx_word' id='word_1_804' title='bbox 3011 4524 3047 4595; x_wconf 77' lang='grc' dir='ltr'>ἢ</span> <span class='ocrx_word' id='word_1_805' title='bbox 3077 4526 3121 4581; x_wconf 83' lang='grc' dir='ltr'>εἷ</span> <span class='ocrx_word' id='word_1_806' title='bbox 3150 4535 3305 4585; x_wconf 86' lang='grc' dir='ltr'>τοῦτο</span> <span class='ocrx_word' id='word_1_807' title='bbox 3347 4526 3557 4605; x_wconf 85' lang='grc' dir='ltr'>ἆναγκη</span> <span class='ocrx_word' id='word_1_808' title='bbox 3589 4526 3832 4607; x_wconf 74' lang='grc' dir='ltr'>λέγειν,</span> 
     </span>
    </p>
   </div>
   <div class='ocr_carea' id='block_1_104' title="bbox 2130 4613 3836 4695">
    <p class='ocr_par' dir='ltr' id='par_1_104' title="bbox 2130 4613 3836 4695">
     <span class='ocr_line' id='line_1_104' title="bbox 2130 4613 3836 4695; baseline 0.003 -26"><span class='ocrx_word' id='word_1_809' title='bbox 2130 4615 2203 4678; x_wconf 85' lang='grc' dir='ltr'><strong>ὡς</strong></span> <span class='ocrx_word' id='word_1_810' title='bbox 2234 4615 2300 4682; x_wconf 73' lang='grc' dir='ltr'><strong>ἧν</strong></span> <span class='ocrx_word' id='word_1_811' title='bbox 2340 4636 2468 4671; x_wconf 88' lang='grc' dir='ltr'>ποτε</span> <span class='ocrx_word' id='word_1_812' title='bbox 2498 4616 2706 4695; x_wconf 79' lang='grc' dir='ltr'>καιρὸς,</span> <span class='ocrx_word' id='word_1_813' title='bbox 2739 4613 2828 4671; x_wconf 76' lang='grc' dir='ltr'><strong>ὅτε</strong></span> <span class='ocrx_word' id='word_1_814' title='bbox 2856 4628 2971 4678; x_wconf 79' lang='grc' dir='ltr'>τοῖς</span> <span class='ocrx_word' id='word_1_815' title='bbox 3023 4628 3213 4680; x_wconf 84' lang='grc' dir='ltr'>κακοῖς</span> <span class='ocrx_word' id='word_1_816' title='bbox 3268 4613 3486 4694; x_wconf 75' lang='grc' dir='ltr'>ἔχαιρεν</span> <span class='ocrx_word' id='word_1_817' title='bbox 3532 4618 3561 4672; x_wconf 89' lang='lat'><strong>6</strong></span> <span class='ocrx_word' id='word_1_818' title='bbox 3607 4620 3776 4684; x_wconf 73' lang='grc' dir='ltr'>Θεὸς</span> <span class='ocrx_word' id='word_1_819' title='bbox 3818 4640 3836 4657; x_wconf 88' lang='grc'><strong>·</strong></span> 
     </span>
    </p>
   </div>
   <div class='ocr_carea' id='block_1_105' title="bbox 2128 4701 3842 4785">
    <p class='ocr_par' dir='ltr' id='par_1_105' title="bbox 2128 4701 3842 4785">
     <span class='ocr_line' id='line_1_105' title="bbox 2159 4702 3762 4759; baseline 0.001 0"><span class='ocrx_word' id='word_1_820' title='bbox 2159 4710 2181 4720; x_wconf 71' lang='grc'><em>“</em></span> <span class='ocrx_word' id='word_1_821' title='bbox 2257 4702 2309 4759; x_wconf 59' lang='grc' dir='ltr'><strong>δλ</strong></span> <span class='ocrx_word' id='word_1_822' title='bbox 2388 4703 2416 4759; x_wconf 79' lang='grc' dir='ltr'>ὅ</span> <span class='ocrx_word' id='word_1_823' title='bbox 2581 4702 2662 4725; x_wconf 68' lang='grc'><strong>’“’</strong></span> <span class='ocrx_word' id='word_1_824' title='bbox 3018 4705 3029 4725; x_wconf 88' lang='grc'><em>¹</em></span> <span class='ocrx_word' id='word_1_825' title='bbox 3438 4705 3458 4737; x_wconf 68' lang='lat'><strong>-&#39;</strong></span> <span class='ocrx_word' id='word_1_826' title='bbox 3503 4727 3524 4737; x_wconf 77' lang='grc'><strong>·</strong></span> <span class='ocrx_word' id='word_1_827' title='bbox 3731 4715 3762 4725; x_wconf 75' lang='grc'><em>“</em></span> 
     </span>
     <span class='ocr_line' id='line_1_106' title="bbox 2128 4701 3842 4785; baseline 0.005 -27"><span class='ocrx_word' id='word_1_828' title='bbox 2128 4725 2214 4760; x_wconf 84' lang='grc' dir='ltr'><strong>νυν</strong></span> <span class='ocrx_word' id='word_1_829' title='bbox 2289 4738 2334 4784; x_wconf 71' lang='grc' dir='ltr'><strong>ε,</strong></span> <span class='ocrx_word' id='word_1_830' title='bbox 2422 4725 2517 4784; x_wconf 89' lang='grc' dir='ltr'><strong>περ</strong></span> <span class='ocrx_word' id='word_1_831' title='bbox 2574 4720 2824 4763; x_wconf 76' lang='grc' dir='ltr'>αουνατον</span> <span class='ocrx_word' id='word_1_832' title='bbox 2886 4705 3027 4761; x_wconf 80' lang='grc' dir='ltr'>εἶναι</span> <span class='ocrx_word' id='word_1_833' title='bbox 3076 4727 3165 4781; x_wconf 92' lang='grc' dir='ltr'><strong>μοι</strong></span> <span class='ocrx_word' id='word_1_834' title='bbox 3195 4701 3368 4780; x_wconf 71' lang='grc' dir='ltr'>δοκεῖ,</span> <span class='ocrx_word' id='word_1_835' title='bbox 3400 4703 3580 4785; x_wconf 70' lang='grc' dir='ltr'>λεγειν</span> <span class='ocrx_word' id='word_1_836' title='bbox 3648 4729 3842 4765; x_wconf 86' lang='grc' dir='ltr'>τουτο</span> 
     </span>
    </p>
   </div>
   <div class='ocr_carea' id='block_1_106' title="bbox 2125 4791 3845 4878">
    <p class='ocr_par' dir='ltr' id='par_1_106' title="bbox 2125 4791 3845 4878">
     <span class='ocr_line' id='line_1_107' title="bbox 2125 4791 3845 4878; baseline 0.005 -30"><span class='ocrx_word' id='word_1_837' title='bbox 2125 4794 2243 4872; x_wconf 83' lang='grc' dir='ltr'>περὶ</span> <span class='ocrx_word' id='word_1_838' title='bbox 2296 4799 2449 4869; x_wconf 87' lang='grc' dir='ltr'>Θεοῦ,</span> <span class='ocrx_word' id='word_1_839' title='bbox 2479 4793 2738 4852; x_wconf 78' lang='grc' dir='ltr'>ἀνοίκειον</span> <span class='ocrx_word' id='word_1_840' title='bbox 2766 4791 2818 4836; x_wconf 60' lang='grc'><strong>³1</strong></span> <span class='ocrx_word' id='word_1_841' title='bbox 2856 4796 3013 4852; x_wconf 73' lang='grc' dir='ltr'>αὒτοῦ</span> <span class='ocrx_word' id='word_1_842' title='bbox 3066 4798 3167 4861; x_wconf 78' lang='grc' dir='ltr'>τῆς</span> <span class='ocrx_word' id='word_1_843' title='bbox 3201 4794 3406 4874; x_wconf 81' lang='grc' dir='ltr'>φύσεως</span> <span class='ocrx_word' id='word_1_844' title='bbox 3435 4801 3594 4852; x_wconf 88' lang='grc' dir='ltr'>τοῦτο</span> <span class='ocrx_word' id='word_1_845' title='bbox 3631 4819 3845 4878; x_wconf 82' lang='grc' dir='ltr'>προς-</span> 
     </span>
    </p>
   </div>
   <div class='ocr_carea' id='block_1_107' title="bbox 2126 4882 2394 4960">
    <p class='ocr_par' dir='ltr' id='par_1_107' title="bbox 2126 4882 2394 4960">
     <span class='ocr_line' id='line_1_108' title="bbox 2126 4882 2394 4960; baseline 0.004 -23"><span class='ocrx_word' id='word_1_846' title='bbox 2126 4882 2394 4960; x_wconf 84' lang='grc' dir='ltr'>αρμόζειν,</span> 
     </span>
    </p>
   </div>
   <div class='ocr_carea' id='block_1_108' title="bbox 2212 5060 3855 5143">
    <p class='ocr_par' dir='ltr' id='par_1_108' title="bbox 2212 5060 3855 5143">
     <span class='ocr_line' id='line_1_109' title="bbox 2212 5060 3855 5143; baseline -0.001 -26"><span class='ocrx_word' id='word_1_847' title='bbox 2212 5062 2405 5137; x_wconf 84' lang='grc' dir='ltr'>Διόπερ</span> <span class='ocrx_word' id='word_1_848' title='bbox 2461 5060 2599 5128; x_wconf 76' lang='grc' dir='ltr'>ἔδοξε</span> <span class='ocrx_word' id='word_1_849' title='bbox 2657 5086 2750 5139; x_wconf 88' lang='grc' dir='ltr'><strong>μοι</strong></span> <span class='ocrx_word' id='word_1_850' title='bbox 2804 5063 3164 5143; x_wconf 81' lang='grc' dir='ltr'>συνυπάρχειν</span> <span class='ocrx_word' id='word_1_851' title='bbox 3220 5083 3278 5118; x_wconf 90' lang='grc' dir='ltr'><strong>τε</strong></span> <span class='ocrx_word' id='word_1_852' title='bbox 3348 5066 3514 5138; x_wconf 75' lang='grc' dir='ltr'>αύτῷ,</span> <span class='ocrx_word' id='word_1_853' title='bbox 3563 5067 3619 5139; x_wconf 79' lang='grc' dir='ltr'>ᾧ</span> <span class='ocrx_word' id='word_1_854' title='bbox 3692 5069 3855 5125; x_wconf 74' lang='grc' dir='ltr'><strong>τοῦ-</strong></span> 
     </span>
    </p>
   </div>
   <div class='ocr_carea' id='block_1_109' title="bbox 2128 5149 3864 5238">
    <p class='ocr_par' dir='ltr' id='par_1_109' title="bbox 2128 5149 3864 5238">
     <span class='ocr_line' id='line_1_110' title="bbox 2128 5149 3864 5238; baseline 0.007 -35"><span class='ocrx_word' id='word_1_855' title='bbox 2128 5172 2265 5225; x_wconf 91' lang='grc' dir='ltr'>νομα</span> <span class='ocrx_word' id='word_1_856' title='bbox 2324 5149 2425 5218; x_wconf 75' lang='grc' dir='ltr'>ὕλη</span> <span class='ocrx_word' id='word_1_857' title='bbox 2461 5172 2477 5188; x_wconf 77' lang='grc' dir='ltr'><strong>ο</strong></span> <span class='ocrx_word' id='word_1_858' title='bbox 2522 5151 2578 5219; x_wconf 73' lang='grc' dir='ltr'><strong>ἓξ</strong></span> <span class='ocrx_word' id='word_1_859' title='bbox 2621 5152 2685 5220; x_wconf 75' lang='grc' dir='ltr'><strong>ἧς</strong></span> <span class='ocrx_word' id='word_1_860' title='bbox 2717 5153 2783 5208; x_wconf 74' lang='grc' dir='ltr'>τὰ</span> <span class='ocrx_word' id='word_1_861' title='bbox 2814 5151 2942 5208; x_wconf 70' lang='grc' dir='ltr'>ὄντα</span> <span class='ocrx_word' id='word_1_862' title='bbox 2979 5150 3392 5231; x_wconf 66' lang='grc' dir='ltr'>ἐδημιούργησε,</span> <span class='ocrx_word' id='word_1_863' title='bbox 3439 5151 3626 5233; x_wconf 75' lang='grc' dir='ltr'>τέχνῃ</span> <span class='ocrx_word' id='word_1_864' title='bbox 3685 5179 3727 5214; x_wconf 82' lang='grc' dir='ltr'><strong>σ</strong></span> <span class='ocrx_word' id='word_1_865' title='bbox 3770 5165 3864 5238; x_wconf 64' lang='grc' dir='ltr'>φῇ</span> 
     </span>
    </p>
   </div>
   <div class='ocr_carea' id='block_1_110' title="bbox 2127 5227 3862 5318">
    <p class='ocr_par' dir='ltr' id='par_1_110' title="bbox 2127 5227 3862 5318">
     <span class='ocr_line' id='line_1_111' title="bbox 2127 5227 3862 5318; baseline 0.007 -24"><span class='ocrx_word' id='word_1_866' title='bbox 2127 5237 2412 5317; x_wconf 84' lang='grc' dir='ltr'>διακρίνας,</span> <span class='ocrx_word' id='word_1_867' title='bbox 2478 5243 2567 5298; x_wconf 87' lang='grc' dir='ltr'><strong>καὶ</strong></span> <span class='ocrx_word' id='word_1_868' title='bbox 2621 5238 2986 5318; x_wconf 82' lang='grc' dir='ltr'>διακοσμήσας</span> <span class='ocrx_word' id='word_1_869' title='bbox 3056 5239 3258 5316; x_wconf 82' lang='grc' dir='ltr'>καλῶς,</span> <span class='ocrx_word' id='word_1_870' title='bbox 3331 5241 3384 5307; x_wconf 81' lang='grc' dir='ltr'>ἐξ</span> <span class='ocrx_word' id='word_1_871' title='bbox 3437 5242 3505 5312; x_wconf 78' lang='grc' dir='ltr'><strong>ἧς</strong></span> <span class='ocrx_word' id='word_1_872' title='bbox 3584 5248 3708 5303; x_wconf 70' lang='grc' dir='ltr'><strong>καὶ</strong></span> 
     </span>
    </p>
   </div>
   <div class='ocr_carea' id='block_1_111' title="bbox 2126 5328 3865 5411">
    <p class='ocr_par' dir='ltr' id='par_1_111' title="bbox 2126 5328 3865 5411">
     <span class='ocr_line' id='line_1_112' title="bbox 2126 5328 3865 5411; baseline 0.009 -28"><span class='ocrx_word' id='word_1_873' title='bbox 2126 5330 2264 5384; x_wconf 79' lang='grc' dir='ltr'>κακὰ</span> <span class='ocrx_word' id='word_1_874' title='bbox 2319 5330 2461 5386; x_wconf 79' lang='grc' dir='ltr'>εἶναι</span> <span class='ocrx_word' id='word_1_875' title='bbox 2517 5328 2667 5388; x_wconf 76' lang='grc' dir='ltr'>δοκεῖ</span> <span class='ocrx_word' id='word_1_876' title='bbox 2700 5344 2713 5359; x_wconf 83' lang='grc'><strong><em>⁸</em></strong></span> <span class='ocrx_word' id='word_1_877' title='bbox 2770 5330 3038 5401; x_wconf 76' lang='grc' dir='ltr'>ἆποιήτου</span> <span class='ocrx_word' id='word_1_878' title='bbox 3079 5332 3179 5410; x_wconf 75' lang='grc' dir='ltr'><strong>γὰρ</strong></span> <span class='ocrx_word' id='word_1_879' title='bbox 3248 5332 3335 5386; x_wconf 84' lang='grc' dir='ltr'><strong>καὶ</strong></span> <span class='ocrx_word' id='word_1_880' title='bbox 3382 5330 3865 5411; x_wconf 76' lang='grc' dir='ltr'>ἀσχηματίστου</span> 
     </span>
    </p>
   </div>
   <div class='ocr_carea' id='block_1_112' title="bbox 2126 5416 3863 5507">
    <p class='ocr_par' dir='ltr' id='par_1_112' title="bbox 2126 5416 3863 5507">
     <span class='ocr_line' id='line_1_113' title="bbox 2126 5416 3863 5507; baseline 0.003 -33"><span class='ocrx_word' id='word_1_881' title='bbox 2126 5416 2288 5507; x_wconf 74' lang='grc' dir='ltr'>οὔσης</span> <span class='ocrx_word' id='word_1_882' title='bbox 2318 5423 2505 5495; x_wconf 69' lang='grc' dir='ltr'>αὐτῆς,</span> <span class='ocrx_word' id='word_1_883' title='bbox 2538 5422 2670 5499; x_wconf 78' lang='grc' dir='ltr'>πρὸς</span> <span class='ocrx_word' id='word_1_884' title='bbox 2701 5417 2755 5475; x_wconf 80' lang='grc' dir='ltr'>δὲ</span> <span class='ocrx_word' id='word_1_885' title='bbox 2785 5418 2987 5485; x_wconf 81' lang='grc' dir='ltr'>τούτοις</span> <span class='ocrx_word' id='word_1_886' title='bbox 3019 5422 3108 5478; x_wconf 84' lang='grc' dir='ltr'><strong>καὶ</strong></span> <span class='ocrx_word' id='word_1_887' title='bbox 3164 5420 3409 5482; x_wconf 75' lang='grc' dir='ltr'>ἆτάκτως</span> <span class='ocrx_word' id='word_1_888' title='bbox 3468 5426 3863 5507; x_wconf 63' lang='grc' dir='ltr'>φερομένης,</span> 
     </span>
    </p>
   </div>
   <div class='ocr_carea' id='block_1_113' title="bbox 2126 5504 3869 5603">
    <p class='ocr_par' dir='ltr' id='par_1_113' title="bbox 2126 5504 3869 5603">
     <span class='ocr_line' id='line_1_114' title="bbox 2126 5504 3869 5603; baseline 0.004 -42"><span class='ocrx_word' id='word_1_889' title='bbox 2126 5504 2385 5582; x_wconf 79' lang='grc' dir='ltr'>δεομένης</span> <span class='ocrx_word' id='word_1_890' title='bbox 2406 5529 2461 5564; x_wconf 87' lang='grc' dir='ltr'><strong>τε</strong></span> <span class='ocrx_word' id='word_1_891' title='bbox 2486 5514 2586 5576; x_wconf 78' lang='grc' dir='ltr'>τῆς</span> <span class='ocrx_word' id='word_1_892' title='bbox 2620 5515 2709 5565; x_wconf 87' lang='grc' dir='ltr'><strong>τοῦ</strong></span> <span class='ocrx_word' id='word_1_893' title='bbox 2740 5515 2873 5567; x_wconf 85' lang='grc' dir='ltr'>Θεοῦ</span> <span class='ocrx_word' id='word_1_894' title='bbox 2900 5509 3101 5589; x_wconf 81' lang='grc' dir='ltr'>τέχνης</span> <span class='ocrx_word' id='word_1_895' title='bbox 3124 5526 3138 5541; x_wconf 83' lang='lat'>&#39;</span> <span class='ocrx_word' id='word_1_896' title='bbox 3170 5508 3260 5566; x_wconf 71' lang='grc' dir='ltr'>οὖν</span> <span class='ocrx_word' id='word_1_897' title='bbox 3296 5509 3595 5590; x_wconf 78' lang='grc' dir='ltr'>ἐφθόνησεν</span> <span class='ocrx_word' id='word_1_898' title='bbox 3636 5504 3869 5603; x_wconf 35' lang='grc' dir='ltr'>οὗτος,</span> 
     </span>
    </p>
   </div>
   <div class='ocr_carea' id='block_1_114' title="bbox 476 5666 2056 5765">
    <p class='ocr_par' dir='ltr' id='par_1_114' title="bbox 476 5666 2055 5765">
     <span class='ocr_line' id='line_1_115' title="bbox 476 5666 2055 5765; baseline -0.001 -31"><span class='ocrx_word' id='word_1_899' title='bbox 476 5672 529 5716; x_wconf 78' lang='grc'>¹⁶</span> <span class='ocrx_word' id='word_1_900' title='bbox 559 5672 661 5765; x_wconf 70' lang='lat' dir='ltr'><strong>Sic</strong></span> <span class='ocrx_word' id='word_1_901' title='bbox 691 5671 866 5734; x_wconf 90' lang='lat' dir='ltr'><strong>Bodl.</strong></span> <span class='ocrx_word' id='word_1_902' title='bbox 926 5666 975 5707; x_wconf 66' lang='grc' dir='ltr'><strong><em>Π</em></strong></span> <span class='ocrx_word' id='word_1_903' title='bbox 1008 5672 1107 5736; x_wconf 87' lang='lat' dir='ltr'><strong>Sic</strong></span> <span class='ocrx_word' id='word_1_904' title='bbox 1138 5670 1315 5737; x_wconf 89' lang='lat' dir='ltr'><strong>Bodl.</strong></span> <span class='ocrx_word' id='word_1_905' title='bbox 1377 5670 1429 5713; x_wconf 70' lang='lat'><strong>‘3</strong></span> <span class='ocrx_word' id='word_1_906' title='bbox 1458 5675 1597 5753; x_wconf 86' lang='lat' dir='ltr'><strong>Leg.</strong></span> <span class='ocrx_word' id='word_1_907' title='bbox 1632 5670 1822 5739; x_wconf 73' lang='grc' dir='ltr'>ἔδοξεν,</span> <span class='ocrx_word' id='word_1_908' title='bbox 1909 5672 1961 5715; x_wconf 70' lang='grc'>19</span> <span class='ocrx_word' id='word_1_909' title='bbox 1988 5672 2055 5735; x_wconf 92' lang='lat' dir='ltr'><strong>F.</strong></span> 
     </span>
    </p>
   </div>
   <div class='ocr_carea' id='block_1_115' title="bbox 2125 5666 3874 5765">
    <p class='ocr_par' dir='ltr' id='par_1_115' title="bbox 2125 5667 3874 5755">
     <span class='ocr_line' id='line_1_116' title="bbox 2125 5667 3874 5755; baseline 0.011 -26"><span class='ocrx_word' id='word_1_910' title='bbox 2125 5676 2493 5754; x_wconf 65' lang='grc' dir='ltr'>υγχωρήσεια.</span> <span class='ocrx_word' id='word_1_911' title='bbox 2567 5667 2625 5711; x_wconf 78' lang='grc'><strong>²⁰</strong></span> <span class='ocrx_word' id='word_1_912' title='bbox 2654 5674 2751 5738; x_wconf 92' lang='lat' dir='ltr'><strong>Sic</strong></span> <span class='ocrx_word' id='word_1_913' title='bbox 2781 5675 2913 5740; x_wconf 80' lang='lat' dir='ltr'><strong>cod.</strong></span> <span class='ocrx_word' id='word_1_914' title='bbox 2950 5677 3102 5755; x_wconf 81' lang='lat' dir='ltr'><strong>Reg.</strong></span> <span class='ocrx_word' id='word_1_915' title='bbox 3144 5675 3326 5742; x_wconf 76' lang='lat'><strong>2276.</strong></span> <span class='ocrx_word' id='word_1_916' title='bbox 3400 5676 3450 5721; x_wconf 76' lang='grc'><strong>²¹</strong></span> <span class='ocrx_word' id='word_1_917' title='bbox 3488 5675 3600 5740; x_wconf 85' lang='lat' dir='ltr'><strong>Sic</strong></span> <span class='ocrx_word' id='word_1_918' title='bbox 3646 5682 3874 5751; x_wconf 80' lang='lat' dir='ltr'><strong>Bodl.</strong></span> 
     </span>
    </p>
   </div>
  </div>
