4096 6402
550 353 570 413 1
584 351 703 416 283

1444 350 1831 416 APPENDIX
1875 353 1977 414 AD
2018 351 2359 425 QUINQUE
2403 352 2695 415 IRENIEI
2739 354 3029 416 LIBROS.

3760 355 3783 416 l
3796 354 3905 418 284

524 484 652 561 Dei,
685 484 790 547 sed
815 486 982 566 justi,
1020 493 1077 546 et
1106 482 1503 564 improbitatis
1551 485 1747 547 omnis
1775 484 2021 547 inimici.
2052 481 2167 546 Sed

2252 482 2452 542 δικαίου
2504 486 2592 543 καὶ
2649 487 3032 566 μισοπονήρου.
3083 484 3459 566 Ἀπρονοήτων
3513 485 3568 542 δὲ
3616 487 3757 544 ἐστιν
3809 488 3900 543 ἀν-

521 576 976 638 temerariorum
1042 574 1350 635 hominum
1384 575 1723 655 i'lajudicia
1767 583 1928 648 sunt,
1981 590 2176 653 neque

522 662 858 725 Conditoris
872 662 1257 743 providentiae
1269 682 1474 725 causas
1487 663 2177 743 intelligentiumquique

518 772 631 813 non
663 753 842 814 animi
863 752 1196 833 solum,seil
1218 752 1391 814 etiam
1416 754 1688 832 corporis
1720 754 1906 816 oculis
1930 753 2140 813 videan

520 850 614 902 tur
647 861 777 904 esse
806 841 1370 921 capti.Quantopere
1402 842 1577 920 igitur
1607 842 1690 902 illi
1721 862 1753 903 a
1781 842 2026 903 veritate
2046 841 2170 902 dis-

516 930 843 1004 sideant,ex
866 932 935 992 iis
958 951 1088 1012 quze
1120 931 1274 992 dicta
1303 942 1440 992 sunt
1470 931 1704 993 abunde
1753 941 1918 1011 potes
1946 949 2170 1008 cogno-

514 1021 831 1084 scere.Sed
858 1030 1139 1101 utrosque
1163 1020 1462 1101 proprium
1489 1020 1768 1100 quiddam
1787 1040 1854 1082 ac
1873 1019 2168 1101 peculiare

511 1108 583 1169 ad
618 1109 695 1170 ita
728 1110 1108 1172 sentiendum
1142 1110 1566 1172 induxit.Alios
1595 1109 2022 1191 quidem,quod
2054 1128 2165 1170 au-

512 1206 734 1259 ctorem
761 1198 1003 1278 justitim
1027 1197 1214 1261 Deum
1248 1199 1652 1277 ingnorarent;
1673 1198 1819 1260 alios
1849 1198 2007 1278 quod
2030 1198 2164 1259 uni-

513 1304 813 1348 verscrum
848 1297 1152 1368 parentem
1185 1305 1463 1367 pei‘azque
1496 1285 1821 1361 nescirent,
1852 1304 2028 1366 quem
2063 1285 2164 1347 ille

509 1375 671 1438 solus
704 1377 1024 1439 adveniens
1085 1377 1183 1457 qui
1233 1379 1397 1437 solus
1457 1384 1647 1451 norat,
1690 1377 1942 1457 aperuit.
1978 1374 2165 1439 Nobis

511 1464 892 1545 v<~ro,quibus
923 1475 1241 1546 utrumque
1269 1465 1377 1528 Dei
1408 1465 1702 1527 beneﬁcio
1728 1465 2025 1544 c0gnitum
2049 1473 2158 1539 est,

510 1554 803 1634 reliquum
840 1554 985 1616 illud
1019 1564 1127 1627 est,
1170 1562 1230 1615 ut
1259 1554 1333 1615 de
1366 1555 1495 1632 lege
1524 1554 1670 1617 certi
1701 1554 1920 1635 aliquid
1956 1554 2162 1635 explo-

509 1643 740 1722 ratique
770 1643 1453 1724 doceamus,cujusmodi
1494 1644 1767 1706 videlicet
1802 1643 1901 1705 illa
1924 1643 2021 1718 sit,
2050 1652 2109 1704 et
2129 1661 2162 1703 a

510 1750 766 1811 quonam
806 1734 1140 1813 Iegisiatore
1170 1733 1398 1794 sancita
1432 1751 1444 1794 :
1485 1732 1567 1794 ita
1621 1742 1816 1795 tamen
1867 1744 1929 1793 ut
1979 1733 2159 1813 quid-

2259 573 2504 655 θρώπων,
2535 582 2635 644 τῆς
2664 575 2909 650 προνοίας
2939 581 3031 631 τοῦ
3064 583 3401 654 Δημιουργοῦ
3431 576 3509 652 μὴ
3556 576 3724 632 αἰτίαν
3765 575 3900 653 λαμ.-

2257 659 2583 738 ϐανομένων,
2614 665 2702 720 καὶ
2746 663 2825 739 μὴ
2884 662 3043 739 μόνον
3100 666 3162 719 τὸ
3191 667 3292 732 τῆς
3336 663 3521 743 ψυχῆς
3554 666 3728 741 ὄμμα,
3776 664 3900 722 ἀλλά

2257 753 2345 808 καὶ
2377 753 2439 807 τὸ
2477 754 2570 808 τοῦ
2617 773 2865 829 σωματος
2904 750 3332 830 πεπηρωμένων.
3381 753 3536 811 Οὗτοι
3579 754 3677 828 μὲν
3721 753 3805 810 οὖν
3833 756 3899 818 ὡς

2256 837 2649 921 διημαρυήκασι
2708 846 2806 907 τῆς
2849 840 3123 915 ἀληθείας,
3181 839 3350 909 κῆλόν
3382 843 3463 898 σοί
3512 839 3654 899 ἐστιν
3703 841 3764 899 ἐκ
3802 850 3897 901 τῶν

2255 930 2570 1008 εἰρημένων,
2604 928 2900 986 Πεπόνθασι
2945 927 3000 985 δὲ
3050 939 3201 988 τοῦτο
3255 928 3397 993 ἰδίως
3427 929 3680 1010 ἒκάτερας
3715 932 3893 1006 αὐτῶν,

2253 1020 2299 1074 οἱ
2342 1019 2441 1093 μὲν
2485 1016 2569 1074 διὰ
2612 1021 2673 1074 τὸ
2730 1018 2946 1096 ἀγνοεῖν
3002 1019 3092 1074 τὸν
3133 1023 3234 1085 τῆς
3277 1017 3613 1087 δικαιοσύνης
3671 1022 3818 1095 Θεὸν,
3854 1023 3896 1077 οἱ

2255 1105 2301 1138 λλ
2407 1108 2419 1125 ι
2519 1107 2534 1126 \
2600 1107 2614 1125 ν
2898 1108 2912 1125 \
3043 1114 3064 1123 .-
3161 1106 3187 1123 οο
3486 1115 3493 1127 .
3646 1111 3672 1131 η
3803 1108 3813 1128 y
3876 1130 3894 1142 ⁸

2249 1124 2303 1163 Οξ.
2348 1105 2433 1163 δια
2477 1130 2538 1163 το
2593 1120 2808 1185 αγνοετν
2863 1129 2954 1163 τον
2996 1129 3105 1163 των
3160 1106 3300 1163 ολων
3357 1114 3589 1187 Πατερα,
3643 1131 3704 1166 ον
3746 1131 3892 1185 μονο,

2248 1196 2411 1253 ἐλθὼν
2475 1199 2503 1253 6
2558 1196 2719 1272 μόνος
2776 1193 2947 1271 εἰδὼς,
3029 1195 3352 1277 ἐφανέρωσε.
3426 1197 3792 1276 Περιλείπεται
3843 1195 3892 1255 δὲ

2245 1288 2379 1362 ἡμῖν
2436 1284 2709 1352 ἀξιωθεῖσι
2750 1307 2808 1341 τε
2850 1290 2950 1353 τῆς
2981 1283 3036 1328 ⁴⁵
3066 1284 3378 1365 ἀμφοτέρων
3426 1288 3626 1342 τούτων
3682 1286 3895 1366 ἐκφῆναί

2246 1399 2330 1433 σοι
2372 1377 2461 1432 καὶ
2516 1373 2806 1455 ἀκριϐὦσαι
2864 1375 3019 1431 αὒτὸν
3065 1396 3124 1430 τε
3162 1376 3253 1431 τὸν
3311 1374 3493 1449 νόμον,
3545 1372 3789 1438 ποταπός
3816 1396 3891 1438 τις

2246 1464 2364 1541 εἴη,
2408 1466 2498 1522 καὶ
2549 1468 2640 1521 τὸν
2671 1462 2757 1546 ὑφ’
2800 1464 2860 1523 οὗ
2901 1464 3128 1522 τέθειται
3187 1466 3276 1520 τὸν
3317 1463 3631 1543 νομοθέτην,
3672 1463 3893 1540 ῥηθησο-

2245 1555 2418 1628 μένων
2475 1556 2613 1629 vi,va
2670 1555 2764 1617 τὰς
2795 1551 3083 1619 ἀποδείξεις
3113 1553 3174 1609 ἐκ
3202 1559 3307 1610 τῶν
3341 1560 3429 1610 τοῦ
3459 1557 3719 1631 Κωτῆρος
3746 1554 3890 1628 ἡμῶν

2242 1643 2418 1722 λόγων
2487 1646 2874 1723 παριστῶντες,
2933 1640 3002 1698 δι’
3062 1645 3137 1696 ὧν
3195 1642 3358 1717 μόνον
3401 1640 3544 1699 ἔστιν
3602 1641 3888 1707 ἀπταίστως

2244 1731 2328 1789 ἐπὶ
2368 1733 2467 1801 τὴν
2497 1731 2803 1808 κατάληψιν
2832 1733 2936 1789 τῶν
2966 1729 3132 1787 ὅντων
3165 1729 3506 1810 ὁδηγεῖσθαι,

512 1821 652 1900 quid
684 1839 718 1882 a
746 1821 916 1883 nobis
945 1824 1182 1884 allatum
1214 1822 1411 1901 fuerit,
1449 1823 1504 1884 id
1542 1841 1659 1884 non
1688 1823 1928 1884 aliunde
1958 1841 2133 1902 quam
2168 1840 2238 1883 ex
2298 1821 2440 1902 ipsis
2469 1820 2791 1884 Salvatoris
2818 1818 3021 1882 verbis
3052 1817 3365 1900 probetur.
3397 1817 3509 1881 His
3561 1818 3715 1881 enim
3746 1820 3883 1881 solis

511 1911 671 1971 VK'IU‘.
700 1911 932 1973 itineris
964 1912 1216 1973 ducibus
1246 1911 1530 1973 adhibitis
1559 1912 1629 1973 ad
1666 1931 1866 1974 rerum
1902 1912 2303 1990 cognitionem
2334 1911 2467 1972 sine
2494 1929 2700 1972 errore
2733 1908 3141 1990 perducimur.

587 1998 884 2081 Imprimis
915 2001 1093 2079 igitur
1136 2001 1443 2064 sciendum
1478 2010 1587 2083 est,
1630 2002 1966 2063 universam
2001 2002 2159 2063 illam
2188 2011 2223 2059 Β

508 2089 862 2171 legem,quaa
882 2092 1144 2171 quinque
1167 2089 1376 2171 Moysis
1388 2091 2156 2168 voluminibuscontinetur,

506 2196 623 2239 non
647 2179 719 2240 ab
753 2199 868 2240 uno
901 2198 1035 2241 esse
1070 2179 1403 2258 legislatore
1434 2181 1790 2260 profectam,
1827 2181 1952 2242 solo
1987 2180 2156 2244 vide-

505 2266 643 2328 licet
693 2270 818 2331 Deo
855 2286 868 2329 :
901 2269 1007 2330 sed
1052 2268 1306 2330 admista
1357 2270 1626 2349 quaedam
1687 2270 1989 2330 hominum
2024 2289 2157 2333 esse

507 2356 801 2430 mandata,
828 2368 913 2431 ut,
949 2358 1450 2438 quemadmodum
1480 2358 1745 2420 Salvator
1777 2358 1903 2438 ipse
1929 2358 2150 2440 docuit,

503 2445 781 2507 trifariam
816 2446 909 2507 lex
944 2448 1016 2508 sit
1046 2446 1239 2508 omnis
1268 2446 1604 2510 distributa.
1662 2448 1939 2519 Quaedam
1994 2448 2151 2509 enim

2326 2007 2542 2080 Πρῶτον
2573 2003 2661 2057 οὖν
2703 1999 2990 2075 μαθητέον,
3025 2000 3107 2056 ὅτι
3138 2001 3167 2054 6
3195 1999 3409 2074 σὺμπας
3443 1997 3643 2062 ἐκεῖνος
3672 1998 3828 2074 νόμος
3856 2000 3883 2055 6

2241 2091 2625 2170 περιεχόμενος
2671 2095 2740 2166 τῇ
2781 2088 3046 2155 Μωϋσέως
3089 2088 3447 2168 Πεντατεύχῳ
3492 2093 3552 2148 οὗ
3593 2089 3722 2168 πρὸς
3779 2089 3887 2152 ἐνὸς

2241 2201 2382 2243 τινος
2430 2178 2867 2254 νενομοθέτηται.
2928 2176 3069 2256 λέγω
3098 2175 3187 2248 δὴ,
3235 2178 3341 2257 οὔχ
3381 2178 3486 2233 ὑπὸ
3516 2177 3681 2252 μόνου
3713 2180 3842 2234 Θεοῦ
3870 2195 3882 2208 ’

2240 2264 2356 2323 ἀλλ’
2414 2267 2511 2323 εἶσί
2550 2288 2689 2331 τινες
2736 2268 2906 2323 αὐτῶν
2954 2264 3263 2345 προστάξεις
3319 2266 3407 2322 καὶ
3457 2265 3549 2322 ὑπ’
3609 2266 3891 2346 ἀνθρώμων

2238 2358 2497 2431 τεθεῖσαι,
2544 2357 2631 2413 καὶ
2672 2356 2838 2436 τριχῆ
2881 2363 3065 2413 τοῦτον
3116 2352 3430 2435 διαιρεῖσθαι
3461 2357 3509 2411 οἱ
3550 2362 3650 2412 τοῦ
3706 2361 3888 2423 Σωτῆ-

2236 2467 2323 2523 ρος
2381 2444 2531 2524 λόγοι
2589 2444 2918 2502 διδάσκουσιν
2973 2446 3139 2520 ἡμᾶς.
3201 2441 3301 2507 Εἴς
3355 2464 3413 2500 τε
3460 2444 3562 2523 γὰρ
3611 2444 3769 2501 αὐτὸν
3806 2446 3887 2500 τὸν

498 2533 570 2594 ad
606 2535 798 2614 ipsum
835 2536 1018 2597 Deum
1049 2535 1296 2615 ejusque
1327 2537 1663 2599 sanctiones
1688 2537 2012 2618 pertinent,
2038 2537 2154 2598 alia

2240 2536 2366 2591 Θεὸν
2410 2537 2498 2592 καὶ
2538 2536 2637 2599 τὴν
2679 2536 2862 2592 τούτου
2923 2533 3235 2609 νομοθεσίαν
3267 2549 3283 2564 ⁸
3345 2531 3635 2612 διαιρεῖται
3698 2530 3755 2588 δὲ
3811 2533 3894 2589 καὶ

497 2624 684 2703 Moysi
719 2623 1032 2685 tribuenda
1059 2635 1218 2705 sunt,
1254 2644 1369 2686 non
1402 2626 1640 2706 quidem
1691 2617 1992 2706 quatenus
2038 2627 2149 2687 ali-

2240 2624 2307 2688 εἰς
2352 2624 2440 2680 τὸν
2473 2621 2722 2704 Μωϋσέα,
2756 2622 2815 2680 οὗ
2838 2623 2958 2679 καθ’
2998 2623 3125 2680 αὐτὸ
3153 2617 3210 2663 ⁸6
3238 2618 3314 2676 δι’
3346 2620 3505 2677 αὖτοῦ
3546 2623 3828 2694 νομοθετεῖ
3867 2622 3895 2675 6

497 2712 635 2792 (yid
672 2732 704 2774 a
734 2713 856 2775 Deo
885 2713 1042 2775 illius
1073 2714 1408 2775 interventu
1428 2714 1732 2776 decretum
1759 2714 1979 2789 est,sed
1999 2734 2150 2795 qua-

2240 2711 2387 2791 Θεὸς,
2433 2710 2569 2767 ἀλλά
2639 2712 2774 2768 καθὰ
2842 2710 2948 2767 ἀπὸ
2992 2709 3088 2777 τῆς
3149 2707 3279 2772 ἰδίας
3335 2709 3539 2773 ἑννοίας
3584 2708 3893 2787 ὁρμώμενος

506 2813 675 2863 tenus
698 2822 805 2882 per
829 2821 959 2865 sese
984 2821 1051 2865 ac
1067 2812 1270 2885 suapte
1289 2814 1499 2885 sponte
1518 2803 1803 2865 nonnulla
1824 2804 2149 2878 constituit;

2240 2802 2320 2856 καὶ
2380 2803 2408 2857 6
2452 2805 2682 2868 Μωϋσῆς
2741 2799 3090 2876 ἐνομοθέτησε
3133 2818 3251 2855 τινα
3287 2815 3301 2828 ·
3363 2797 3451 2853 καὶ
3482 2798 3557 2862 εἱς
3586 2799 3708 2861 τοὺς
3754 2803 3889 2875 Πρε-

501 2890 751 2952 aliorum
782 2892 1039 2973 denique
1060 2884 1335 2953 seniores
1361 2892 1458 2972 qui
1490 2893 1549 2953 in
1572 2893 1788 2972 populo
1821 2901 1987 2954 erant
2017 2912 2153 2955 auc-

2240 2888 2513 2963 σϐυτέρους
2569 2896 2662 2946 τοῦ
2717 2888 2848 2947 λαοῦ
2903 2886 3205 2966 διαιρεῖται,
3283 2886 3373 2942 καὶ
3414 2892 3619 2963 πρῶτοι
3651 2884 3711 2928 ⁴⁷
3752 2887 3889 2965 εὑρί-

506 2989 663 3041 tores
717 2980 1088 3054 exstiterunt;
1143 3001 1211 3043 ac
1270 2981 1445 3061 primi
1498 2980 1586 3043 illi
1634 2984 1856 3062 privata
1885 2983 2148 3062 quaedam

2240 2999 2451 3036 σκονται
2498 2978 2713 3045 ἐντολάς
2743 3000 2888 3043 τινας
2931 2977 3161 3040 ἐνθέντες
3206 2973 3361 3040 ἰδίας.
3412 2981 3531 3039 Πῶς
3594 2975 3684 3032 οὗν
3741 2982 3894 3033 τοῦτο

506 3077 796 3149 praecepta
828 3070 1094 3132 inserere
1130 3079 1265 3132 sunt
1287 3072 1434 3135 ausi.
1460 3070 1621 3144 Quod
1663 3072 2151 3151 quemadmodum

2240 3066 2405 3132 οὕτως
2461 3066 2591 3147 ἕχον
2655 3066 2716 3123 ἐκ
2756 3072 2864 3123 τῶν
2906 3073 2998 3124 τοῦ
3070 3065 3321 3144 Σωτῆρος
3372 3062 3635 3121 δείκνυται
3695 3064 3892 3144 λόγων,

503 3175 639 3219 sese
669 3157 881 3220 habeat
932 3176 999 3220 ex
1049 3158 1196 3240 ipsis
1254 3157 1573 3221 Salvatoris
1604 3158 1801 3220 verbis
1829 3160 2149 3240 intelliges.

2240 3156 2421 3232 μάθοις
2464 3155 2511 3213 δ’
2559 3155 2623 3213 ἂν
2651 3154 2778 3225 ἤδη.
2836 3154 3224 3234 Διαλεγόμενός
3281 3175 3382 3211 που
3425 3155 3453 3209 6
3511 3152 3708 3233 Σωτὴρ
3765 3156 3894 3233 πρὸς

503 3245 612 3306 Hic
643 3247 800 3307 enim
831 3246 1081 3327 quodam
1136 3248 1193 3308 in
1248 3248 1379 3309 loco
1430 3249 1501 3310 ad
1534 3266 1640 3310 eos
1693 3248 1871 3309 verba
1901 3248 2149 3325 faciens,

2240 3247 2353 3313 τούς
2410 3247 2528 3326 περὶ
2584 3248 2678 3302 τοῦ
2747 3245 3069 3303 ἀποστασίου
3127 3245 3481 3314 ωζητοῦντας
3532 3246 3702 3322 αὐτῷ,
3750 3244 3781 3298 ὃ
3835 3241 3898 3311 δὴ

505 3335 605 3414 qui
635 3335 709 3395 de
737 3335 970 3415 repudii
991 3336 1193 3398 libello
1216 3356 1417 3399 secum
1434 3336 2000 3418 disputabant,quod
2022 3357 2181 3420 ρετ-ε

2240 3337 2560 3394 ἀποστάσιον
2602 3334 2799 3402 ἐξεῖναι
2850 3332 3287 3407 ἒνενομοθὲτητο,
3347 3330 3450 3411 ’ἐφη
3514 3333 3702 3395 αὐτοῖς
3738 3351 3754 3364 ·
3817 3331 3899 3388 ὅτι

506 3423 785 3485 missione
802 3425 947 3504 legis
974 3425 1303 3500 licebat,sic
1324 3425 1456 3488 illos
1479 3425 1766 3489 allocutus
1789 3436 1896 3488 est:
1924 3418 2154 3506 Moyses

2240 3426 2465 3495 Μωῦσῆς
2531 3427 2662 3505 πρὸς
2752 3425 2849 3494 τὴν
2915 3418 3332 3502 σκληροκαρδίαν
3404 3422 3556 3496 ἀμῶν
3635 3419 3898 3501 ἐπέτρεψε

500 3514 578 3574 ad
608 3513 898 3576 duritiam
924 3515 1127 3577 cordis
1158 3517 1344 3578 vestri
1366 3517 1639 3594 permisit
1670 3515 1834 3578 vobis
1848 3516 2153 3580 dimittere

2240 3516 2294 3572 τὸ
2348 3513 2592 3572 ἀπολύειν
2651 3515 2749 3583 τὴν
2809 3525 3035 3592 γυναῖκα
3093 3513 3272 3573 αὐτοῦ,
3346 3507 3472 3567 Ἀπ’
3560 3509 3742 3591 ἀρχῆς
3800 3513 3900 3589 γὰρ

501 3619 725 3664 uxores
748 3611 995 3666 vestras.
1021 3604 1070 3665 A
1085 3603 1116 3666 b
1133 3605 1315 3667 initio
1338 3611 1538 3667 autem
1562 3622 1682 3668 non
1698 3605 1816 3679 fuit
1842 3611 1950 3666 sic.
1992 3607 2151 3668 Deus

2240 3606 2292 3661 οὔ
2335 3603 2552 3682 γέγονεν
2609 3602 2770 3665 οὕτω.
2841 3602 2969 3666 Θεὸς
3040 3602 3166 3680 γὰρ,
3241 3602 3394 3681 φησὶ,
3440 3600 3711 3671 συνέζευξε
3766 3601 3900 3657 ταύ-

500 3694 686 3765 em'm,
722 3692 936 3773 inquit,
972 3695 1316 3773 conjugium
1344 3693 1454 3755 hoc
1480 3691 1810 3773 copulavit.
1844 3694 1916 3755 Et
1941 3713 1955 3754 :
1979 3694 2149 3769 Quod

2240 3713 2330 3758 την
2388 3693 2487 3758 τὴν
2559 3691 2825 3769 συζυγίαν,
2902 3690 3023 3770 Καὶ,
3099 3682 3177 3748 u0
3234 3687 3532 3760 συνέζευξεν
3590 3691 3619 3745 6
3681 3689 3896 3768 Κύριος,

505 3780 667 3843 Dens
690 3785 826 3859 conj
835 3784 1210 3858 unxit,homo
1231 3800 1355 3844 non
1374 3789 1620 3861 separat
1641 3781 1849 3845 48.Ubi
1869 3783 2043 3844 aliam
2063 3803 2150 3844 es-

2240 3778 2502 3860 Ξνθρωπος
2547 3781 2626 3856 μὴ
2684 3778 2992 3860 χῶριζέτω,
3053 3778 3176 3862 ἔφη.
3240 3776 3497 3837 Ἐνταῦθα
3566 3777 3747 3858 ἕτερον
3798 3779 3898 3854 μὲν

500 3887 567 3930 se
597 3870 699 3932 Dei
730 3871 919 3949 legem
949 3870 1227 3945 ostendit,
1262 3889 1394 3951 quae
1422 3888 1663 3932 uxorem
1690 3890 1723 3932 a
1755 3870 1878 3932 viro
1912 3872 2147 3952 sejungi

2240 3868 2322 3925 τοῦ
2382 3869 2513 3926 Θεοῦ
2564 3867 2787 3925 δείκνυσι
2838 3867 3025 3944 νόμον,
3085 3871 3176 3927 τὸν
3233 3865 3510 3924 κωλύοντα
3565 3868 3895 3947 χωρίζεσθαι

499 3960 620 4038 pro!
649 3959 1012 4039 ibeat,aliam
1037 3959 1382 4041 Moysis,qui
1414 3959 1489 4020 ob
1520 3959 1799 4020 duritiam
1828 3961 2026 4022 cordis
2044 3979 2151 4040 par

2240 3972 2457 4036 γυναῖκα
2515 3958 2621 4015 ἀπὸ
2675 3964 2768 4016 τοῦ
2822 3955 3007 4037 ἀνδρὸς
3064 3958 3251 4035 αὑτῆς,
3313 3956 3492 4035 ἕτερον
3564 3955 3623 4013 δε
3664 3979 3758 4013 τον
3803 3966 3898 4016 τοῦ

500 4046 645 4107 iilud
668 4046 976 4110 dissociari
1010 4049 1402 4128 permittat.ln
1433 4068 1548 4128 quo
1606 4047 1831 4128 Moyses
1862 4049 2143 4126 quiddam

2240 4049 2519 4119 Μωῦσέως,
2574 4047 2665 4104 τὸν
2735 4044 2820 4103 διὰ
2879 4048 2977 4114 τὴν
3048 4043 3466 4126 σκληροκαρδίαν
3536 4045 3897 4126 ἐπιτρέποντα

501 4135 623 4197 Deo
655 4138 1018 4200 contrarium
1053 4138 1269 4205 tulit.ei
1302 4138 1531 4200 scilicet
1561 4138 1837 4207 cautioni,
1875 4158 1993 4217 qua
2013 4138 2140 4199 dis-

2240 4139 2541 4216 ίωρίζεσθαι
2581 4137 2735 4194 τοῦτο
2778 4139 2839 4194 τὸ
2880 4144 3086 4216 ζεῦγος.
3137 4138 3234 4196 Καὶ
3273 4135 3339 4205 δὴ
3371 4138 3508 4194 κατὰ
3538 4145 3695 4196 τοῦτο
3729 4139 3894 4195 ἐναν-

496 4224 641 4286 ευΙνί
671 4227 1046 4288 matrimonia
1065 4236 1349 4290 vetuerat.
1382 4227 1496 4289 Sed
1531 4226 1579 4288 si
1607 4226 1821 4308 Moysis
1852 4235 2138 4299 mentem,

2240 4228 2309 4283 εία
2350 4234 2428 4301 τῷ
2458 4233 2574 4301 Θεῷ
2629 4229 2907 4303 νομοθετεῖ
2962 4229 2990 4282 6
3034 4227 3265 4293 Μωυσῆς
3299 4243 3314 4258 ⁹
3363 4226 3597 4284 ἐναντίον
3632 4229 3737 4308 γὰρ
3781 4228 3896 4286 ἐστι

496 4332 609 4393 qua
637 4314 709 4374 ad
737 4314 881 4375 illud
913 4314 1784 4377 decernendum559inductus
1815 4324 1925 4391 est,
1958 4333 2139 4377 accu-

2240 4320 2301 4389 τῷ
2344 4318 2422 4392 μὴ
2465 4313 2844 4394 διαζευγνύναι.
2891 4312 3016 4373 Ἐὰν
3061 4315 3240 4391 μέντοι
3283 4317 3372 4372 καὶ
3413 4316 3514 4383 τὴν
3583 4328 3681 4377 τοῦ
3725 4325 3898 4375 Multi—

495 4410 621 4463 rate
651 4404 1507 4480 consideremus,inveniemus
1525 4403 1922 4486 proculdubio
1954 4405 2140 4466 nonid

2240 4406 2358 4468 τέως
2388 4404 2634 4483 γνώμην,
2695 4401 2809 4461 καθ’
2852 4404 2918 4474 ἣν
2968 4411 3123 4463 τοῦτο
3158 4403 3584 4481 .ἒνομοθέτησεν,
3620 4405 3898 4472 ἐξετάσω-

494 4508 624 4551 eum
656 4500 866 4572 sponte
896 4512 1022 4569 sua,
1057 4495 1161 4556 sed
1206 4495 1561 4557 necessitate
1591 4492 1803 4555 fecisse
1836 4510 1850 4556 :
1886 4513 2002 4575 quo
2033 4512 2138 4555 eo-

490 4580 871 4661 rum,quibus
893 4582 1331 4662 praascribebat,
1359 4581 1747 4646 imbecillitati
1777 4583 2138 4646 consuleret.

492 4667 750 4741 Quicum
771 4670 1035 4733 divinum
1059 4672 1203 4735 illud
1229 4673 1536 4736 decretum
1563 4671 1637 4732 de
1653 4672 1983 4734 retinendis
2004 4692 2142 4734 uxo-

488 4758 655 4822 ribus
686 4759 805 4821 suis
835 4759 1150 4823 obsrrvare
1181 4780 1298 4823 non
1332 4777 1597 4842 possent,
1633 4782 1704 4826 ac
1734 4761 1984 4823 moleste
2004 4763 2141 4842 qui-

489 4847 623 4910 dam
668 4868 869 4911 earum
920 4850 1215 4912 consortia
1264 4853 1647 4932 sustinerent,
1701 4849 2034 4931 periculum
2080 4859 2143 4912 ut

488 4948 669 5011 esset,
721 4956 798 5000 ne
839 4957 910 5001 ea
940 4957 1004 5002 se
1036 4940 1356 5003 occasione
1402 4941 1770 5021 gravioribus
1812 4938 2143 5002 sceleribus

487 5026 946 5107 obstringerent.
978 5029 1195 5110 quibus
1226 5042 1550 5092 extremam
1574 5030 1636 5091 in
1663 5028 1988 5110 perniciem
2008 5047 2141 5091 rue-

484 5125 639 5198 rent;
675 5126 736 5179 ut
767 5118 878 5179 hoc
898 5118 1346 5181 incommodum
1380 5120 1669 5183 devitaret
1697 5121 1951 5199 Moyses,
1978 5120 2136 5199 quod

483 5204 555 5265 ad
584 5205 818 5267 illorum
847 5206 1154 5268 interitum
1184 5209 1514 5289 spectabat,
1548 5209 1876 5277 secundam
1920 5225 2135 5289 quam-

484 5292 618 5354 dam
641 5295 874 5374 repudii
903 5296 1095 5375 legem
1128 5298 1358 5376 privata
1406 5298 1757 5360 auctoritate
1805 5297 2135 5372 constituit,

489 5381 801 5462 minusque
841 5403 912 5446 ex
959 5404 1029 5447 ea
1076 5386 1390 5449 occasione
1447 5389 1665 5449 malum
1722 5404 1855 5447 cum
1907 5387 2135 5466 majore

482 5472 885 5551 commutavit;
919 5474 1063 5535 utsi
1097 5477 1295 5539 minus
1352 5475 1614 5557 priorem
1672 5473 1837 5536 illam
1895 5493 2134 5539 servare

2226 4514 2345 4573 μεν,
2392 4493 2724 4572 εὑρεθήσεται
2781 4499 2937 4550 τοῦτο
2995 4493 3053 4550 οὗ
3124 4495 3261 4552 κατᾶ
3304 4505 3608 4574 προαίρεσιν
3653 4499 3899 4566 ποιήσας

2224 4582 2322 4650 τὴν
2367 4581 2574 4656 ἑαυτοῦ,
2632 4581 2769 4638 ἀλλὰ
2823 4581 2960 4639 κατά
3009 4581 3276 4661 ἀνάγκην,
3326 4581 3411 4641 διὰ
3440 4584 3540 4650 τὴν
3582 4592 3690 4642 τῶν
3736 4608 3899 4644 νενο-

2227 4669 2601 4747 μοθετημένων
2656 4671 2950 4734 ἀσθένειαν,
3007 4669 3157 4729 Ἐπεὶ
3240 4674 3341 4751 γὰο
3410 4673 3513 4740 τὴν
3590 4682 3682 4731 τοῦ
3758 4684 3899 4734 Θεοῦ

2224 4760 2445 4839 γνώμην
2509 4759 2785 4840 φυλάττειν
2843 4766 2937 4820 οὒκ
2979 4759 3237 4829 ἠδύναντο
3304 4763 3472 4839 οὗτοι,
3532 4762 3588 4819 ἐν
3660 4771 3741 4841 τῷ
3815 4767 3901 4844 μὴ

2226 4848 2419 4915 ἐξεῖναι
2463 4851 2645 4914 αὐτοῖς
2688 4847 2958 4908 ἐκϐάλλειν
3001 4852 3097 4916 τὰς
3158 4863 3416 4930 γυναῖκας
3475 4855 3675 4935 αΰτῶν,
3734 4853 3898 4913 αἴτι-

2226 4960 2309 5004 νες
2352 4936 2408 4982 ⁸ο
2464 4942 2633 4996 αὖτῶν
2701 4937 2880 5007 ἀηδῶς
2940 4941 3230 5015 συνῴκουν,
3295 4942 3385 4997 καὶ
3438 4940 3767 5002 ὶκινδύνευον
3832 4945 3903 5002 ἐκ

2222 5029 2407 5084 τούτου
2447 5027 2787 5109 ἒκτρέπεσθαι
2844 5027 3006 5087 πλέον
3068 5032 3140 5094 εἷς
3195 5026 3423 5105 ἀδικίαν,
3479 5033 3569 5088 καὶ
3596 5035 3658 5089 ὲκ
3687 5035 3902 5102 ταύτης

2223 5119 2297 5183 εἷς
2354 5115 2624 5174 ἀπώλειαν
2655 5137 2671 5154 ·
2730 5119 2792 5175 τὸ
2848 5116 3008 5186 ἀηδὲς
3064 5124 3219 5176 τοῦτο
3270 5117 3597 5196 βουλόμενος
3654 5122 3902 5201 ἐκκόψαι

2221 5211 2392 5267 αὐτῶν
2437 5209 2464 5263 6
2507 5212 2762 5284 Μωϋσῆς,
2794 5206 2862 5264 δι’
2906 5208 2965 5265 οὗ
3010 5209 3099 5265 καὶ
3144 5206 3471 5265 ἀπόλλυσθαι
3529 5208 3901 5289 ἐκινδύνευον,

2219 5295 2457 5377 δεὺτερόν
2499 5318 2639 5372 τινα,
2681 5298 2754 5361 ὡς
2805 5297 2941 5354 κατά
2985 5298 3290 5377 περίστασιν
3345 5297 3515 5365 ἧτταν
3572 5303 3742 5358 κακὸν
3771 5302 3906 5359 ἀντὶ

2219 5387 2456 5461 μείζονος
2540 5385 3182 5461 ἀντικαταλλασσόμενος,
3252 5387 3345 5443 τὸν
3403 5394 3497 5445 τοῦ
3554 5388 3908 5448 ἀποστασίου

2215 5474 2375 5551 νόμον
2447 5470 2537 5554 ἀφ’
2591 5476 2778 5534 ἑαυτοῦ
2852 5475 3233 5554 ἐνομοθέτησεν
3311 5477 3499 5544 αὐτοῖς
3532 5495 3551 5516 ο
3612 5477 3734 5555 ἵνα,
3801 5481 3909 5537 ἐὰν

560 5660 626 5710 45
654 5657 833 5722 Deest
862 5663 1128 5740 γνώσεως,
1190 5670 1245 5715 46
1286 5670 1351 5734 F,
1410 5671 1469 5726 οὔ
1499 5673 1629 5727 καθά
1672 5671 1849 5732 αὒτὸς.
1905 5668 1959 5713 ⁸⁷
1990 5670 2136 5735 Cod.
2169 5673 2181 5734 ]

2240 5690 2319 5751 eg.
2352 5678 2582 5751 πρῶτον.
2639 5670 2695 5716 48
2723 5674 2930 5738 Matth.
2962 5692 3089 5739 xxx.
3122 5672 3160 5736 6
3191 5691 3358 5754 seqq.
3416 5671 3474 5715 ιθ
3504 5676 3570 5738 F.
3602 5681 3696 5744 αἶς
3719 5698 3907 5743 τινες.
