4096 6374
324 341 476 408 1285
1570 343 2042 411 FRAGMENTA
2087 347 2487 413 GNOSTICA.
3563 355 3713 418 1286

305 468 508 526 ἐκεῖνον
566 468 645 543 μὴ
687 465 938 526 δύνωνται
1000 471 1305 551 φυλάττειν,
1353 473 1452 530 κᾶν
1494 483 1679 533 τοῦτον
1711 497 1772 555 γε
1802 475 1943 558 φυλαί

2057 481 2304 561 possint,
2331 483 2484 543 lianc
2505 482 2713 544 sal-tem
2744 483 3063 559 retineant,
3100 502 3294 566 neque
3317 488 3459 547 sein
3492 489 3712 568 ﬂagitia

308 555 456 628 ξωσι,
501 559 590 614 καὶ
650 556 728 634 μὴ
783 560 857 623 εἷς
917 558 1120 625 ἀδικίας
1174 564 1263 619 καὶ
1310 563 1499 628 κακίας
1531 555 1857 646 ἐκτραπῶσι,
1902 563 1950 621 δι

2054 555 2399 649 sceleraque
2426 572 2823 651 c0mmittant,
2862 592 2968 653 per
3000 555 3130 653 qua:
3159 555 3431 636 nitimum
3467 555 3705 638 exitium

306 647 380 702 ὦν
422 645 662 703 ἀπώλεια
693 646 875 711 αὒτοϊς
924 647 1117 724 ἔμελλε
1145 650 1459 719 τελειοτάτη
1493 645 1952 723 ἐπακολουθήσειν.

2054 645 2471 737 consequatur.
2522 659 2658 721 Haec
2692 645 3037 722 illius-ralia
3098 663 3228 743 fuit,
3262 673 3706 747 propterquam

308 732 453 802 Αὕτη
498 735 596 811 μὲν
645 736 681 803 ἡ
739 737 923 794 τούτου
992 739 1205 817 γνώμη,
1261 738 1377 797 καθ’
1437 741 1503 809 ἣν
1549 742 1967 820 ἀντινομοθετῶν

309 822 598 902 εόρίσκεται
668 831 746 898 τῷ
802 832 938 889 Θεῶ,
1014 827 1163 897 Πλὴν
1220 828 1300 885 ὅτι
1370 851 1431 908 γε
1487 832 1751 896 Μωῦσέως
1810 833 1968 889 αὐτοῦ

307 914 565 975 δείκνυται
656 916 874 975 ἐνταῦθα
961 921 1135 1002 ἔτερος
1213 920 1286 979 ὢν
1360 924 1501 1002 παρὰ
1542 926 1633 981 τὸν
1689 933 1782 982 τοῦ
1839 933 1971 983 Θεοῦ

307 1006 494 1081 νόμον,
541 1006 1013 1109 ἆναμὲρισϐήτητόν
1069 1012 1202 1086 ἐστι,
1239 1010 1336 1068 κᾶν
1370 1010 1436 1068 δι’
1469 1013 1585 1078 ἑνὸς
1616 1015 1683 1072 τὰ
1706 1014 1795 1071 νῦν
1825 1018 1970 1091 ὦμεν

306 1093 627 1176 δεδειχότες.
687 1093 805 1157 "Ott
848 1098 902 1155 δὲ
959 1102 1049 1157 καὶ
1099 1108 1205 1158 τῶν
1251 1100 1618 1182 πρεσϐυτέρων
1676 1106 1775 1160 εἶσί
1830 1126 1967 1168 τινες

306 1185 775 1267 συμπεπλεγμέναι
832 1187 1147 1268 παραδόσεις
1214 1191 1267 1248 ἐν
1322 1199 1400 1267 τῷ
1455 1193 1625 1269 νόμῳ,
1667 1191 1826 1261 δηλοῖ
1880 1189 1968 1249 καὶ

306 1281 459 1331 τοῦτο
503 1277 531 1332 6
602 1278 817 1356 Σωτὴρ.
884 1269 939 1336 Ὀ
997 1279 1095 1357 γὰρ
1155 1282 1309 1355 Θεὸς,
1376 1284 1558 1361 φησῖν,
1622 1283 1774 1358 εἷπε,
1831 1282 1967 1356 Τίμα

304 1364 395 1420 τὸν
462 1364 663 1444 πατέρα
720 1388 813 1423 σου
858 1368 952 1423 καὶ
997 1368 1093 1435 τὴν
1156 1370 1364 1449 μητέρα
1436 1392 1553 1451 σου,
1612 1371 1707 1427 ’ίνα
1764 1369 1821 1426 εὖ
1882 1393 1964 1427 σοι

302 1450 546 1529 γένηται.
637 1446 823 1530 ἰ’μεϊς
907 1454 985 1537 δὲ,
1059 1459 1241 1535 φησὶν,
1302 1446 1581 1539 εἰρήκατε,
1644 1473 1763 1524 τοῖς
1823 1481 1958 1536 πρε-

304 1537 570 1629 σϐυτέροις
639 1543 809 1622 λέγων
843 1563 862 1582 ο
938 1547 1116 1611 Δῶρον
1167 1554 1243 1622 τῷ
1274 1537 1390 1623 Θεῴ
1445 1550 1474 1604 ὃ
1532 1537 1622 1606 ἐὰν
1675 1548 1958 1629 ὠφεληθῇς

300 1626 354 1694 ἐξ
410 1631 544 1704 Ep.va
576 1647 590 1661 '
665 1634 754 1689 καὶ
814 1635 1124 1710 ἡκυρώσατε
1181 1638 1273 1692 τὸν
1336 1638 1497 1713 νόμον
1540 1645 1632 1696 τοῦ
1678 1626 1830 1711 Θεοῦ,
1875 1635 1958 1693 διὰ

300 1716 401 1785 τὴν
439 1797 449 1799 _
483 1720 771 1799 παράδοσιν
869 1729 975 1781 τῶν

297 1804 358 1862 δὲ
436 1797 662 1873 Ἠσαίας
743 1797 1137 1892 ἐξεφώνησεν,’
1188 1797 1397 1871 εἰπών·
1473 1808 1529 1875 Ὀ
1569 1797 1734 1881 ’λαὸς
1805 1820 1955 1878 οὗτος

297 1906 418 1985 τοῖς
478 1895 682 1975 χείλεσί
766 1921 832 1974 με
890 1908 1040 1979 τιμᾷ,
1103 1905 1138 1971 ἡ
1197 1902 1252 1960 δὲ
1309 1904 1492 1985 καρδία
1550 1907 1720 1962 αὐτῶν
1781 1903 1956 1983 πόῤῥω

299 1982 496 2063 ἀπέχει
568 1985 660 2042 ἀπ’
751 1988 901 2064 ἐμοῦ,
975 1991 1160 2058 Μάτην
1217 1991 1272 2049 δὲ
1343 1982 1581 2051 σέϐονταί
1652 2016 1743 2071 με,
1805 1982 1952 2049 διδά-

301 2093 518 2136 σκοντες
614 2072 973 2152 διδασκαλίας,
1063 2081 1369 2159 ἒνταλματα
1445 2083 1756 2163 ἀνθρώπων.

300 2165 412 2239 φῶς
469 2161 557 2218 οὖν
614 2163 674 2220 ἐκ
731 2166 931 2223 τούτων
987 2170 1058 2235 εἰς
1097 2172 1214 2249 τρία
1268 2161 1622 2252 διαιρούμενος
1674 2176 1702 2231 6
1745 2173 1956 2243 σύμπας

299 2248 507 2315 ἐκεῖνος
550 2249 805 2311 δείκνυται
864 2257 1050 2333 νόμος.
1116 2248 1387 2325 Μωϋσέως
1429 2248 1485 2319 τε
1515 2263 1614 2340 γὰρ
1657 2262 1837 2334 ανότοῦ,
1870 2256 1957 2315 καὶ

1842 2090 1958 2139 Σα-

2051 749 2406 808 contrariam
2461 748 2736 829 quiddam
2761 749 2883 810 Deo
2912 750 3187 812 statvisse
3207 753 3709 818 cornitur.Eni:n-

2053 851 2189 896 vero
2245 838 2537 899 diversam
2574 837 2667 899 llic
2698 858 2729 899 a
2789 839 2984 901 divina
3037 841 3253 920 Moysis
3285 841 3475 919 legem
3518 845 3705 906 exsti-

2056 922 2217 997 tisse,
2257 933 2418 986 extra
2449 946 2689 987 omnem
2725 936 2983 988 controvi
3006 929 3185 989 rsiam
3220 938 3349 990 est:
3388 940 3445 991 et
3476 932 3524 992 si
3556 933 3612 993 id
3647 932 3705 994 in

2053 1029 2170 1072 uno
2203 1021 2426 1075 tantum
2444 1017 2685 1076 decreto
2711 1016 3020 1096 probatum
3051 1019 3149 1078 sit.
3185 1018 3388 1080 Eidem
3422 1039 3559 1082 vero
3592 1021 3705 1100 legi

2055 1100 2299 1185 traditas
2328 1121 2361 1185 a
2390 1102 2730 1163 senioribus
2760 1103 2986 1185 iligatas
3016 1124 3147 1167 esse
3168 1108 3424 1185 regulas,
3458 1128 3575 1170 non
3601 1110 3703 1170 ob-

2050 1198 2223 1242 scure
2253 1182 2515 1244 Salvator
2544 1184 2803 1245 ostendit
2828 1182 2847 1242 ί
2876 1184 3039 1247 Deus
3056 1182 3659 1268 enim,'inquit,dixit
3685 1209 3697 1252 :

2048 1267 2297 1333 Honora
2310 1281 2539 1351 patrem
2556 1284 2728 1335 tamn
2747 1284 2801 1336 et
2819 1282 3063 1337 matrem
3089 1284 3344 1350 tuam,ut
3360 1267 3589 1341 bcnésit
3622 1284 3701 1342 ti-

2051 1357 2235 1420 bizvos
2255 1373 2450 1424 (tamn
2467 1363 3215 1444 dixistis,inquitseniores
3232 1367 3704 1447 alloquenszMu-

2045 1466 2158 1510 nus
2170 1449 2284 1510 Deo
2316 1452 2706 1530 quodcunque
2731 1470 2910 1514 exine
2938 1452 3051 1515 tibi
3078 1456 3435 1533 madnig-et
3456 1458 3698 1519 irritam

2040 1538 2269 1614 fecistis
2286 1538 2468 1615 legem
2481 1540 2589 1601 Dei
2606 1550 2845 1620 propter
2868 1548 2909 1603 τι
2925 1543 3227 1605 αιίίίιόηιέ
3242 1546 3551 1607 seniorum
3570 1564 3697 1608 ves-

2042 1628 2352 1689 traram50.
2368 1627 2470 1689 Hic
2491 1629 2681 1707 ipsum
2708 1631 3110 1708 pronuntiavit
3125 1630 3541 1705 Isaias,dicens
3560 1638 3701 1697 ερρ-

1085 1722 1450 1803 πρεσϐυτέρων
1533 1730 1706 1804 ὑμῶν,
1793 1734 1952 1785 Τοῦτο

2038 1714 2217 1792 putas
2237 1716 2337 1778 hic
2355 1716 2532 1778 labiis
2549 1735 2640 1780 me
2660 1718 2936 1794 honorat,
2963 1738 3058 1781 cor
3075 1730 3272 1782 autem
3293 1740 3508 1785 eorum
3530 1723 3702 1806 longe

2039 1818 2124 1865 es:
2146 1824 2183 1866 (ι
2205 1806 2473 1869 ηιθ.8ἰηε
2492 1825 2670 1869 causa
2694 1817 2902 1870 autem
2917 1814 3121 1871 colam
3137 1812 3537 1892 me,dncentes
3555 1814 3696 1875 duc-

2039 1895 2237 1957 trinas
2269 1905 2320 1955 (ι
2353 1898 2642 1958 mandata
2672 1896 2982 1960 hominum
3014 1900 3091 1959 εί.
3126 1898 3207 1960 Ex
3243 1901 3312 1961 iis
3352 1899 3536 1982 liquet
3565 1922 3697 1963 om-

2038 1999 2172 2043 nem
2206 1983 2367 2044 illam
2389 2003 2520 2045 esse
2543 1985 2732 2063 legem
2759 1986 3003 2050 divisam
3033 1988 3091 2048 in
3142 1996 3336 2067 partes
3376 1989 3586 2072 tres;in
3602 2010 3696 2052 ea.

2041 2089 2155 2150 que
2187 2082 2243 2131 et
2274 2076 2487 2153 Moysis
2517 2072 2721 2152 ipsius,
2757 2083 2815 2134 el
2845 2075 3172 2150 seniorum,
3197 2086 3254 2137 et
3289 2078 3392 2138 Dei
3411 2080 3694 2141 mandata

2040 2160 2354 2224 contineri.
2391 2164 2585 2243 Atque
2628 2163 2752 2224 haec
2802 2164 3092 2226 universae
3148 2166 3294 2245 legis
3326 2185 3359 2227 a
3390 2169 3561 2229 nobis
3593 2168 3689 2229 in-

2039 2251 2241 2312 stituta
2276 2249 2508 2329 partitio
2541 2251 2699 2312 illius
2734 2252 2905 2313 nobis
2935 2254 3235 2314 veritatem
3281 2254 3562 2317 ostendit.

296 2344 405 2395 τῶν
476 2339 871 2424 Πρεσϐυτέρων,
945 2349 1032 2404 καὶ
1090 2349 1246 2408 αὐτοῦ
1285 2360 1378 2409 τοῦ
1421 2339 1554 2411 Θεοῧ
1583 2350 1804 2429 εὕρομεν
1861 2343 2164 2422 νομοθεσία·;
2222 2340 2274 2394 ἐν
2324 2342 2487 2413 αὐτῷ,
2539 2341 2679 2407 Αὕτη
2744 2342 2839 2417 μὲν
2900 2344 2986 2397 οὖν
3029 2345 3062 2410 ἡ
3107 2341 3348 2421 διαῖρεσις
3403 2351 3491 2400 τοῦ
3541 2347 3681 2419 σύμ-

299 2450 498 2493 παντος
558 2430 757 2489 ἐκείνου
786 2435 951 2510 νόμου
1005 2437 1107 2494 ὦδε
1148 2441 1286 2514 ἡμῖν
1343 2428 1688 2520 διαιρεθεῖσα,
1728 2443 1789 2497 τὸ
1847 2439 1900 2496 ἐν
1959 2435 2101 2506 αὐτῷ
2121 2428 2347 2520 ﬁliam;
2410 2430 2801 2511 ἀνλπέφκγκεν.

380 2517 546 2574 Πάλιν
587 2518 643 2576 δὲ
684 2520 749 2589 δὴ
779 2522 841 2579 τδ
871 2524 925 2581 ’ἐν
971 2527 1152 2607 μέρος,
1213 2532 1241 2585 6
1291 2532 1448 2587 αὐτοῦ
1477 2540 1568 2587 του
1600 2537 1730 2587 Θεοῦ
1760 2529 1946 2603 νόμος,

298 2603 583 2685 διαιρεῦται
640 2612 713 2674 είς
755 2614 871 2690 τρία
913 2603 1053 2695 τινὰ,
1085 2603 1159 2681 εἱς
1189 2640 1246 2674 τε
1293 2620 1393 2686 τὴν
1443 2619 1673 2698 καθαρὰν
1724 2620 1950 2693 νομοθε-

297 2695 439 2776 σίαν,
494 2699 592 2765 τὴν
649 2699 991 2775 ἀσύμπλοκον
1038 2713 1114 2780 τῷ
1157 2713 1329 2781 κακῷ,
1376 2709 1433 2774 ὃς
1478 2709 1566 2764 καὶ
1608 2708 1793 2780 κυρίως
1855 2706 1949 2762 νό-

300 2805 401 2876 μος
444 2784 680 2865 λέγεται,
726 2790 784 2844 ὃν
827 2793 923 2848 οὐκ
964 2792 1092 2861 ἦλθε
1135 2795 1424 2853 καταλῦσαι
1467 2799 1495 2854 6
1553 2804 1765 2876 Σωτηρ,
1815 2793 1951 2851 ἀλλὰ

296 2871 604 2952 πληρῶσαι.
641 2879 713 2935 Οὒ
749 2879 848 2957 γὰρ
891 2884 956 2949 ἦν
996 2881 1272 2963 ἀλλότριος
1313 2889 1470 2944 αὐτοῦ
1499 2887 1557 2942 ὃν
1588 2871 1895 2963 ἐπλήρωσεν
1931 2901 1943 2916 ·

299 2963 360 3018 οὒ
415 2964 514 3042 γὰρ
566 2965 695 3046 εἶχε
738 2969 800 3024 τὸ
847 2968 1074 3031 τέλειον.
1137 2976 1234 3031 Καὶ
1277 2977 1350 3039 εἷς
1387 2978 1446 3033 τὸ
1476 2973 1948 3052 συμπεπλεγμένον

303 3057 380 3143 τῷ
435 3056 661 3143 χείρονι,
706 3058 794 3113 καὶ
835 3061 934 3128 τὴν
979 3059 1202 3139 ἀδικίαν,
1249 3063 1315 3132 ἢν
1343 3062 1397 3107 ⁵³
1438 3063 1645 3121 ἀνεῖλεν
1677 3066 1705 3120 6
1734 3064 1946 3143 Σωτὴρ,

2114 2517 2230 2580 Sed
2265 2536 2333 2577 ea
2373 2537 2506 2598 pars
2536 2519 2704 2598 legis,
2739 2538 2870 2601 qua)
2921 2538 2953 2579 a
2983 2519 3105 2581 Deo
3139 2520 3394 2601 profectu
3429 2532 3537 2595 est,
3574 2523 3683 2584 tria

2033 2625 2265 2668 rursum
2293 2606 2349 2666 in
2373 2607 2643 2669 membra
2663 2608 3101 2671 dividiturAlia
3124 2609 3279 2669 enim
3298 2612 3685 2672 suntsincera

2036 2704 2327 2776 prmcepta
2385 2697 2542 2758 etab
2596 2699 2762 2758 omni
2818 2698 2952 2758 mali
2985 2698 3371 2778 permistione
3428 2709 3677 2776 secreta,

2033 2803 2163 2865 quae
2195 2785 2436 2866 proprie
2458 2786 2546 2848 lex
2579 2787 3115 2868 nppellatur,quam
3154 2807 3269 2848 non
3302 2787 3567 2850 Salvator
3586 2809 3682 2852 vc-

2033 2874 2119 2934 nit
2151 2876 2402 2949 solvere,
2436 2876 2540 2937 sed
2574 2877 3003 2956 adimplere53.
3033 2880 3166 2941 Non
3206 2877 3364 2937 enim
3400 2899 3433 2937 a
3463 2897 3525 2938 se
3558 2885 3684 2940 erat

2032 2962 2225 3024 aliena
2257 2966 3042 3047 quamadimplevit,alioqui
3078 2967 3278 3046 perﬁci
3322 2967 3679 3048 impleritu

2034 3070 2151 3111 non
2186 3060 2383 3132 posset
2413 3052 2539 3114 Alia
2574 3064 2710 3115 sunt
2742 3054 3141 3117 deterioribus
3170 3055 3556 3135 implicata,ct
3583 3056 3680 3117 in-

303 3138 560 3198 ἆνοίκειον
613 3141 739 3200 ὅντα
794 3148 862 3223 τῇ
905 3149 1092 3206 ἑαυτοῦ
1121 3153 1294 3232 φύσει,
1344 3162 1637 3233 Διαιρεῖται
1669 3152 1731 3208 κὲ
1760 3153 1849 3207 καὶ
1876 3152 1948 3216 εἷς

2038 3140 2273 3219 iustitiae
2295 3145 2585 3222 proxima,
2621 3162 2752 3224 quae
2781 3144 3043 3206 Salvator
3090 3144 3475 3206 abhorrentia
3505 3165 3536 3205 a
3571 3165 3681 3207 na-

296 3228 359 3284 τὶ
402 3233 644 3313 τυπικὸν,
690 3236 777 3290 καὶ
834 3228 1178 3317 συμϐολικὸν,
1223 3242 1293 3309 τὴ
1321 3242 1439 3299 κατ’
1468 3228 1645 3298 εἰκόνα
1674 3247 1779 3297 τῶν
1812 3237 1949 3322 [κατ’

2038 3237 2165 3322 tura
2193 3249 2297 3291 sua
2343 3230 2607 3322 funditus
2635 3233 2890 3296 sustulit.
2948 3233 3252 3295 Postremo
3282 3235 3395 3297 alia
3424 3244 3561 3296 sunt
3594 3246 3682 3316 ty-

299 3317 478 3375 είκόνα
504 3316 588 3400 ⁵δ]
647 3321 996 3403 διαφερόντων
1052 3316 1458 3406 νενομοθετηθέν
1492 3346 1506 3361 ⁸
1562 3331 1619 3387 ὃν
1662 3316 1950 3406 μετέθηκεν

298 3408 328 3462 δ
371 3409 561 3488 Σωτὴρ
603 3409 709 3467 ἀπὸ
758 3415 1003 3482 αἰσθητοῦ
1047 3420 1133 3475 καὶ
1175 3418 1488 3499 φαινομένου
1540 3417 1625 3475 ἐπὶ
1677 3420 1739 3475 τὸ
1786 3439 1950 3475 πνευ-

297 3499 524 3571 ματικὸν
552 3501 640 3557 καὶ
665 3502 911 3582 ἀόρατον,
974 3510 1072 3564 Καὶ
1110 3507 1225 3565 ἔστι
1272 3510 1370 3584 μὲν
1412 3511 1441 3565 6
1470 3515 1563 3566 τοῦ
1604 3515 1735 3565 Θεοῦ
1791 3508 1951 3584 νόμος

296 3586 326 3679 6
356 3589 582 3667 καθαρὸς
636 3593 725 3679 καὶ
775 3592 1115 3671 ἆσύμπλοκος
1161 3603 1238 3672 τῷ
1285 3598 1511 3679 χείρονι,
1546 3598 1678 3665 αὕτη
1706 3600 1742 3666 ἡ
1777 3597 1952 3655 Δεκά-

296 3670 482 3763 λογος,
545 3679 593 3734 οἱ
635 3677 760 3738 δέκα
818 3681 967 3763 λόγοι
1024 3670 1247 3762 ὲκεϊνοι,
1289 3670 1343 3743 ξι
1379 3670 1442 3743 ἓν
1493 3670 1617 3751 ταῖς
1648 3684 1757 3744 δυσὶ
1799 3684 1953 3752 πλαξὶ

295 3760 694 3845 δεδιχασμένοι,
753 3768 836 3835 εἵς
897 3760 955 3830 τε
1008 3760 1271 3853 ἀναίρεσιν
1334 3782 1439 3833 τῶν
1505 3774 1811 3856 ἀφθέγκτων
1864 3785 1953 3840 καὶ

299 3852 375 3916 είς
434 3853 715 3933 πρόσταξιν
772 3861 879 3919 τῶν
954 3852 1247 3940 ποιητέων,
1309 3865 1389 3940 ο⁹ί,
1466 3852 1659 3943 καίπερ
1722 3864 1951 3939 καθαρὰν

296 3939 517 4035 ἔχοντες
574 3946 672 4014 τὴν
719 3953 1051 4026 νομοθεσίαν,
1105 3954 1182 4030 μὴ
1238 3954 1457 4035 ἔχοντες
1507 3953 1562 4010 δὲ
1618 3939 1681 4011 τὸ
1722 3952 1946 4032 τέλειον,

295 4028 503 4090 ἐδέοντο
534 4039 634 4102 τῆς
676 4040 817 4117 παρὰ
872 4049 967 4099 τοῦ
994 4028 1247 4124 Σωτῆρος
1272 4028 1627 4124 πληρώσεως,
1665 4034 1721 4102 Ὀ
1752 4042 1807 4100 δὲ
1837 4028 1947 4101 ἐστι

291 4122 764 4204 συμπεπλεγμένος
808 4136 877 4207 τῇ
914 4132 1107 4209 ἀδικίᾳ,
1153 4122 1303 4196 οὗτος
1348 4122 1556 4191 ὁήκατὰ
1596 4134 1694 4202 τὴν
1747 4132 1945 4210 ἄμυναν

296 4211 387 4266 καὶ
463 4211 810 4273 ἀνταπόδοσιν
900 4220 1006 4276 τῶν
1107 4221 1576 4302 προαδικησάντων
1678 4223 1942 4301 κείμενος,

298 4296 603 4391 fossuras»
671 4304 785 4363 ἀντὶ
841 4296 1159 4391 ὀφθαλμοῦ,
1194 4313 1282 4368 καὶ
1338 4309 1524 4368 ὀδόντα
1565 4311 1679 4368 ἀντὶ
1736 4296 1944 4374 ὀδόντος

2034 3318 2165 3400 pica
2193 3340 2261 3381 ac
2292 3321 2615 3401 symbolica
2645 3322 2703 3383 in
2755 3325 2998 3402 ﬁguram
3031 3332 3085 3384 et
3116 3324 3434 3403 imaginem
3470 3326 3681 3387 melio-

2032 3426 2163 3469 rum
2212 3411 2443 3493 posita;
2484 3411 2639 3492 quod
2696 3431 2884 3491 genus
2941 3412 3210 3475 Salvator
3264 3412 3336 3474 ab
3396 3432 3466 3475 eo
3523 3418 3680 3495 quod

2032 3497 2308 3560 sensibus
2356 3503 2688 3580 expositum
2720 3510 2808 3562 est
2856 3508 2915 3562 et
2942 3509 3277 3575 externum,
3311 3502 3384 3564 ad
3416 3502 3685 3584 spiritale

2038 3605 2149 3648 nec
2176 3590 2537 3668 aSpcctabale
2568 3591 2880 3654 convertit.
2912 3590 3039 3653 Jam
3074 3610 3211 3653 vero
3245 3610 3390 3671 pura
3420 3594 3521 3653 illa
3552 3595 3681 3654 sin-

2036 3693 2292 3756 ceraque
2322 3678 2415 3739 lex
2442 3679 2548 3740 Dei
2579 3696 2687 3740 nec
2719 3698 2850 3740 cum
2887 3680 3185 3741 deteriore
3209 3680 3677 3759 conjuncta,De-

2035 3766 2274 3843 calogus
2305 3776 2393 3828 est
2422 3766 2572 3848 ipse,
2608 3770 2733 3830 sive
2763 3771 2971 3831 decem
3004 3769 3106 3830 illa
3135 3778 3425 3850 priecepta
3456 3771 3682 3832 duabus

2033 3853 2308 3916 distincta
2340 3855 2575 3932 tabulis,
2608 3857 2822 3938 quibus
2850 3868 2951 3920 aut
2980 3860 3237 3921 nefanda
3264 3859 3675 3937 prohibentur,

2030 3951 2130 4004 aut
2161 3943 2431 4006 facienda
2462 3947 2833 4008 mandantur.
2870 3947 3013 4019 Quae
3041 3948 3150 4009 etsi
3182 3966 3330 4028 pura
3359 3948 3478 4010 sint
3506 3968 3573 4010 ac
3606 3950 3678 4009 li-

2029 4031 2230 4111 quida,
2269 4042 2464 4095 tamen
2496 4039 2653 4114 quod
2686 4038 2948 4097 nondum
2978 4038 3238 4118 perfecta
3269 4037 3409 4118 sint,
3441 4039 3680 4117 impleri

2028 4139 2061 4181 a
2088 4120 2389 4184 Salvatore
2432 4124 2782 4187 debuerant.
2820 4126 2902 4186 Ad
2937 4125 3083 4187 illud
3113 4144 3247 4186 vero
3277 4145 3488 4204 genus,
3522 4127 3677 4208 quod

2026 4208 2332 4289 injustitize
2352 4212 2573 4295 aliquid
2602 4213 2802 4294 habet,
2830 4215 2991 4293 leges
3013 4214 3130 4276 illa;
3158 4214 3489 4277 referendae
3518 4224 3678 4289 sunt,

2027 4299 2241 4378 quibus
2260 4300 2315 4361 in
2316 4301 2610 4380 juriarum
2632 4305 2962 4382 persecutio
2983 4322 3311 4384 eorumque
3330 4304 3429 4384 qui
3453 4306 3681 4386 priores

297 4386 642 4447 ἐκκόπτεσθαι
725 4386 975 4472 κελεύων,
1036 4386 1129 4455 καί
1205 4401 1362 4481 φόνον
1411 4400 1524 4456 ἀντὶ
1592 4400 1753 4479 φόνου
1808 4398 1944 4475 ὰμύ·

2038 4406 2137 4448 nos
2166 4388 2450 4473 laeserint,
2500 4392 2816 4453 vindicalio
2852 4392 3274 4473 praescribitur.
3344 4395 3513 4457 \‘elut
3544 4416 3677 4458 cum

297 4480 503 4539 νασθαι.

297 4564 494 4642 ἀδικεῖ,
542 4575 611 4645 τῇ
667 4569 807 4637 τέξει
857 4576 1020 4647 μόνον
1068 4574 1423 4654 διαλλάσσων,
1471 4578 1533 4633 τὸ
1566 4578 1692 4636 αὐτὸ
1724 4577 1945 4655 ἐργαζό-

302 4676 461 4731 μενος
517 4655 668 4735 ἕργον
753 4670 917 4721 Τοῦτο
970 4662 1025 4720 δὲ
1071 4666 1388 4743 πρόσταγμα
1416 4663 1613 4722 δίκαιον
1644 4666 1739 4742 μὲν
1769 4664 1945 4729 ἄλλως

295 4744 386 4801 καὶ
413 4743 478 4812 ἧν
508 4748 594 4802 καὶ
625 4746 763 4829 ἔστι,
795 4748 877 4807 διὰ
904 4752 1003 4819 τὴν
1035 4752 1301 4811 ἀσθένειαν
1332 4759 1437 4812 τῶν
1468 4754 1942 4830 νομοθετηθέντων,

296 4831 351 4887 ἐν
407 4833 729 4913 παρεκϐάσει
785 4846 878 4895 τοῦ
920 4844 1147 4919 καθαροῦ
1209 4841 1374 4918 νόμου
1440 4843 1585 4900 τεθέν
1619 4859 1632 4873 ⁸
1689 4844 1947 4901 ἀνοίκειον

297 4918 353 4977 δὲ
408 4930 475 5000 τῇ
518 4930 612 4982 τοῦ
662 4931 865 5007 Πατρὸς
916 4936 1023 4987 τῶν
1057 4918 1195 4988 ὅλων
1226 4932 1373 5013 φύσει
1402 4954 1460 4988 τε
1490 4936 1574 4988 καὶ
1604 4932 1893 5010 ἀγαθότητι
1927 4949 1940 4963 ·

295 5009 434 5075 ⁸ίσως
492 5011 548 5069 δὲ
604 5025 759 5073 τουτο
799 5017 1160 5092 κατάλλη)ον,
1210 5009 1506 5098 ἐπάναγκες
1536 5019 1591 5077 δὲ
1621 5009 1847 5093 μᾶλλον.
1888 5013 1946 5079 ’0

297 5101 397 5180 γὰρ
425 5104 513 5159 καὶ
542 5105 635 5160 τὸν
689 5104 780 5161 ἕνα
823 5108 982 5187 φόνον
1030 5110 1089 5165 ού
1143 5107 1462 5185 βουλόμενος
1516 5109 1720 5167 ἔσεσθαι
1762 5112 1817 5167 ἓν
1870 5110 1948 5186 τῷ

299 5189 504 5272 λέγειν,
579 5194 651 5250 Οὔ
716 5196 1008 5277 φονεύσεις,
1082 5196 1377 5277 προστάξας
1436 5201 1527 5257 τὸν
1578 5199 1737 5280 φονέα
1794 5200 1946 5258 ἀντι-

299 5281 625 5358 φονεύεσθκι,
700 5281 936 5365 δεύτερον
1017 5286 1180 5362 νόμον
1262 5288 1579 5363 νομοθετῶν,
1670 5290 1759 5345 καὶ
1840 5286 1950 5345 δυσὶ

300 5374 480 5446 φόνοις
549 5369 839 5450 βραϐεύων,
927 5377 957 5432 6
1029 5377 1120 5432 τὸν
1182 5374 1275 5433 ἕνα
1327 5377 1691 5456 ἀπαγορεύσας
1768 5376 1947 5435 ἔλαθεν

593 4480 753 4539 Οὐδὲν
810 4486 909 4565 γὰρ
980 4488 1140 4555 ἧττον
1213 4476 1302 4545 καὶ
1372 4491 1400 4545 6
1450 4476 1685 4563 δεύτερος
1754 4486 1946 4545 ἀδικῶν

2038 4476 2266 4539 oculum
2278 4497 2394 4559 pro
2414 4481 2848 4553 0culo,dentcm
2869 4482 3037 4542 evelli
3050 4500 3164 4563 pro
3177 4483 3573 4558 deute,etcaed
3583 4505 3677 4547 em

2028 4566 2189 4628 caede
2209 4569 2582 4650 compensari
2602 4570 2963 4651 praacipitii“.
2983 4570 3187 4652 Neque
3200 4575 3362 4633 enim
3377 4572 3573 4636 minus
3595 4576 3685 4637 in.

2022 4655 2184 4734 juste
2200 4657 2445 4739 agit,qui
2462 4659 2515 4720 id
2546 4659 2932 4739 postalterum
2950 4668 3442 4741 perpetratzcerto
3464 4664 3635 4726 ordin
3650 4682 3683 4727 θ

2028 4747 2308 4808 duntaxat
2339 4767 2442 4827 par
2471 4749 2594 4827 pari
2620 4750 2857 4824 reddit;
2891 4758 2949 4811 at
2976 4750 3136 4811 idem
3171 4753 3415 4812 omnino
3448 4753 3651 4816 facinu

2029 4835 2368 4899 committit.
2422 4836 2537 4899 Sed
2597 4838 2741 4898 illud
2777 4848 3134 4920 praeceptum
3188 4840 3410 4920 alioqui
3450 4842 3677 4920 justum

2031 4934 2175 4996 erat,
2211 4934 2302 4988 est
2348 4934 2405 4987 et
2450 4927 2649 4997 modo.
2713 4935 2952 5008 propter
2982 4946 3201 4990 eorum
3244 4929 3671 5007 inﬁrmitatem,

2028 5015 2242 5095 quibus
2298 5015 2525 5076 editum
2564 5015 2692 5091 fuit,
2727 5035 2858 5077 cum
2893 5017 2971 5078 sit
3021 5018 3303 5079 adversus
3336 5018 3679 5081 sincerioris

2029 5103 2177 5182 legis
2205 5102 2581 5165 violationem
2625 5107 3028 5187 prmscriptnm
3064 5122 3079 5168 :
3114 5106 3256 5168 licet
3284 5125 3317 5168 a
3345 5108 3680 5170 communis

2033 5193 2296 5254 omnium
2341 5193 2481 5253 360
2510 5194 2774 5255 Parentis
2805 5205 3012 5256 natura
3038 5212 3107 5257 ac
3138 5194 3399 5258 bonitate
3432 5197 3508 5259 sit
3530 5198 3680 5261 alie-

2035 5302 2173 5344 num
2202 5300 2216 5345 :
2241 5282 2333 5345 vel
2348 5292 2815 5346 consentaneum
2840 5283 3033 5364 potius
3055 5292 3166 5358 est,
3195 5285 3299 5347 sed
3323 5287 3678 5351 necessitate

2035 5373 2285 5453 quadam
2317 5390 2684 5453 expressum.
2719 5371 2865 5435 Nam
2895 5372 2998 5455 qui
3028 5373 3117 5436 vel
3150 5373 3389 5436 unicum
3422 5376 3678 5439 homici-

376 5565 439 5654 ⁵2
469 5566 676 5629 Μδίιίιο
712 5583 813 5654 ΧΥ»
848 5566 1080 5654 3_Seqq.
1110 5595 1125 5649 ;
1157 5569 1473 5654 Maresvn,
1511 5570 1550 5632 3
1575 5589 1744 5653 seqq.
1814 5574 1868 5624 at
1900 5574 1952 5634 ιε

2045 5587 2209 5653 XXIX,
2246 5570 2341 5635 l3.
2400 5570 2459 5622 δ”
2487 5569 2689 5635 Matth.
2721 5589 2780 5650 V,
2826 5573 2921 5637 17.
2969 5573 3033 5624 53
3056 5571 3121 5634 F.
3155 5575 3243 5631 xxi
3272 5580 3338 5651 τῇ
3366 5574 3561 5649 ἀδικίᾳ,
3592 5575 3673 5638 ὅν,

298 5642 363 5693 ⁸4
389 5644 490 5708 Hae
520 5666 693 5711 voces
725 5642 1056 5714 abundant:
1114 5642 1199 5705 '55
1226 5651 1413 5715 Levit.
1447 5642 1606 5726 sxw,
1641 5642 1736 5714 ίέό.
