4096 6406
266 365 422 431 1289

1502 369 1975 435 FRAGMENTA
2017 369 2392 434 GNOSTICA
2405 418 2420 433 .

3495 366 3651 433 1290

263 505 367 555 τῶν
419 499 764 580 διαφερόντων
834 504 1336 580 νενομοθετημένον,
1427 506 1488 561 Αἰ
1544 505 1644 583 γὰρ
1698 504 1895 563 εἰκόνες

1983 495 2215 557 Etenim
2247 496 2474 575 effigies
2503 514 2571 558 ac
2629 495 2795 575 signa
2848 495 2981 558 aliis
3034 495 3217 583 rebus
3264 494 3646 558 declarandis

263 589 349 644 καὶ
403 590 470 645 τὰ
511 588 749 665 σύμϐολα
791 593 1158 671 παραστατικὰ
1214 591 1339 649 ὄντα
1411 591 1602 669 ἐτέρων
1650 591 1905 671 πραγμά-

262 696 389 751 των,
416 676 592 744 καλῶς
615 680 871 759 ὲγίνοντο,
905 680 1067 761 μέχρι
1100 681 1177 753 μή
1208 685 1383 760 παρῆν
1411 683 1446 750 ἧ
1480 680 1723 751 ἀλήθειαο
1758 686 1906 758 Παρ“

263 764 423 831 ούσης
483 763 537 822 δὲ
594 772 692 834 τῆς
735 767 1007 843 ἀληθείας,
1067 770 1133 825 τὰ
1161 769 1257 837 τῆς
1300 770 1547 837 ἀληθείας
1589 767 1673 825 δεῖ
1699 769 1902 843 ποιεῖν,

262 854 323 908 οὗ
365 854 430 908 τὰ
486 856 587 921 τῆς
628 858 851 921 εἰκόνος.
897 865 1071 915 Ταῦτα
1127 855 1179 913 δὲ
1230 859 1314 915 καὶ
1362 859 1409 914 οἱ
1453 859 1685 934 μαθηταὶ
1726 855 1903 931 αὐτοῦ,

261 942 349 996 καὶ
392 944 419 997 6
462 944 754 1010 ἀπόστολος
827 944 982 1011 ἔδειξε
1041 945 1271 1020 Παῦλος,
1311 947 1374 1003 τὸ
1404 947 1501 1022 μὲν
1532 952 1636 1002 τῶν
1665 945 1904 1018 εἰκόνων,

259 1030 334 1091 ὡς
390 1028 492 1097 ἤδη
548 1034 796 1113 ε’ἰπομεν,
856 1033 941 1090 διὰ
980 1041 1074 1092 τοῦ
1132 1035 1327 1113 Πάσχα
1366 1037 1454 1091 καὶ
1503 1036 1610 1092 τῶν
1664 1032 1905 1109 Ἀζύμων

260 1113 427 1182 δείξας
484 1117 550 1175 δι’
612 1119 781 1195 ἡμᾶς·
824 1123 884 1177 τὸ
927 1120 982 1178 δὲ
1026 1121 1119 1179 τοῦ
1149 1120 1622 1201 συμπεπλεγμένου
1650 1120 1813 1197 νόμου
1838 1126 1905 1197 τῇ

258 1204 454 1281 ἀδικίᾳ,
528 1209 686 1266 εἰπὼν
748 1211 841 1267 τὸν
893 1232 1051 1286 νομον
1108 1216 1215 1267 τῶν
1286 1211 1511 1269 ἐντολῶν
1567 1212 1623 1267 ὲν
1676 1209 1903 1289 δόγμασι

258 1300 649 1380 κατηργῆσθαι·
723 1299 786 1355 τὸ
857 1296 913 1354 δὲ
982 1306 1075 1356 τοῦ
1136 1299 1482 1375 ἀσυμπλόκου
1537 1304 1614 1375 τῷ
1674 1292 1899 1380 χείρονι,

260 1372 323 1439 Ὀ
545 1386 731 1466 νόμος,
795 1388 979 1463 εἰπὼν,
1037 1388 1210 1466 ἅγιος,
1241 1372 1357 1445 νκαὶ
1411 1391 1446 1457 ἡ
1505 1372 1716 1457 ἐντόλὶί⁷
1753 1372 1898 1466 ἀγία,

254 1472 359 1555 καὶΔ
400 1470 595 1549 δικαία,
641 1477 729 1532 καὶ
771 1476 966 1555 ἀγαθή.

346 1551 436 1626 Ὠς
490 1563 587 1637 μὲν
657 1565 746 1622 οὖν
802 1566 1075 1641 συντόμως
1144 1566 1285 1624 ἔστιν
1315 1569 1484 1624 εἰπεῖν
1514 1567 1785 1646 αὐτάρκως
1816 1569 1896 1623 οἷο

255 1650 357 1725 μαί
396 1672 485 1709 σοι
537 1648 830 1734 δεδεῖχθαι,
888 1659 975 1713 καὶ
1032 1655 1131 1723 τὴν
1185 1655 1239 1722 EE
1281 1656 1566 1734 ἀνθρώπων
1616 1653 1899 1737 παρεισδόη

254 1760 426 1794 σασαν
496 1742 825 1816 νομοθεσίαν,
899 1744 986 1799 καί
1043 1746 1197 1802 αὐτὸν
1251 1747 1339 1802 τὸν
1394 1751 1486 1802 τοῦ
1557 1752 1686 1802 Θεοῦ
1738 1743 1899 1820 νόμον

251 1827 424 1906 τριχῆ
479 1825 859 1908 διαιρούμενον.
923 1830 1287 1911 Περιλείπεται
1357 1833 1412 1889 δὲ
1481 1834 1615 1909 ἡμῖν
1673 1834 1724 1889 τί
1772 1832 1899 1889 ποτέ

249 1918 400 1972 ἔστιν
458 1915 606 1981 οὗτος
664 1919 692 1974 6
765 1921 894 1984 Θεὸς
937 1922 965 1976 6
994 1922 1085 1978 16v
1114 1922 1276 1996 νόμον
1306 1921 1541 1996 θέμενος.
1590 1919 1759 1978 Ἀλλὰ
1813 1922 1902 1978 καὶ

249 2006 411 2061 τοῦτο
472 2005 704 2082 ἡγοῦμαί
757 2029 839 2064 σοι
908 2007 1177 2089 δεδεῖχθαι
1208 2009 1291 2066 ἐπὶ
1332 2013 1438 2066 τῶν
1480 2009 1898 2089 προειρημένων,

253 2093 301 2149 εἰ
385 2092 654 2168 ἒπιμελῶς
712 2095 974 2166 ἀκήκοας.
1031 2100 1091 2155 Εἰ
1159 2099 1258 2178 γὰρ
1314 2103 1452 2174 μήτε
1508 2099 1595 2156 ὑπ’
1624 2100 1782 2159 αὐτοῦ
1810 2106 1901 2155 τοῦ

252 2179 462 2238 τελείου
536 2189 664 2240 Θεοῦ
703 2184 926 2242 τέθειται
955 2186 1101 2246 οὗτος
1145 2189 1217 2253 ὡς
1244 2185 1569 2267 ἐδιδάξαμεν,
1604 2188 1739 2259 μήτε
1792 2188 1900 2261 μήν

249 2271 357 2327 ὑπὸ
412 2270 506 2327 τοῦ
559 2269 825 2354 διαϐόλου,
860 2272 895 2331 ὅ
932 2275 1068 2351 μηδὲ
1119 2279 1334 2352 θεμιτὸν
1373 2276 1513 2333 ἐστιν
1556 2278 1748 2333 εἰπεῖν·
1781 2273 1899 2331 ἕτε-

252 2360 347 2435 ρός
376 2360 454 2423 τίς
487 2358 596 2417 ἐστι
639 2364 781 2441 παρά
808 2364 1022 2429 τούτους
1067 2366 1217 2431 οὗτος
1269 2368 1296 2422 6
1337 2365 1551 2441 θέμενος
1580 2367 1671 2421 τὸν
1714 2364 1897 2440 νόμον.

253 2450 423 2511 Οὗτος
491 2446 545 2505 δὲ
601 2448 920 2532 δημιουργὸς
981 2456 1071 2510 καὶ
1112 2455 1339 2523 ποιητὴς
1372 2452 1517 2511 τοῦδε
1560 2460 1651 2510 τοῦ
1707 2453 1900 2518 παντός

251 2536 367 2592 ἔστι
436 2537 660 2613 κόσμου,
740 2541 827 2597 καὶ
854 2548 959 2598 τῶν
990 2542 1043 2598 ἐν
1115 2543 1280 2622 αὒτῷ,
1318 2542 1490 2620 ἕτερος
1532 2541 1606 2598 ὤν
1636 2544 1778 2619 παρὰ
1804 2542 1898 2605 τὰς

249 2624 455 2681 τούτων
526 2628 725 2707 οὐσίας,
773 2628 931 2704 μέσος
973 2628 1171 2687 τούτων
1215 2632 1501 2703 καθεστὼς,
1548 2629 1782 2694 ἐνδίκως’
1813 2633 1898 2686 καὶ

249 2714 316 2768 τὸ
344 2716 443 2781 τῆς
489 2715 783 2787 μεσότητος
813 2716 980 2793 ὀῖιομα
1022 2719 1337 2799 ἀποφέροιτο
1380 2718 1465 2780 ἂν.
1519 2720 1616 2777 Καὶ
1672 2720 1716 2775 εἰ
1746 2721 1776 2775 6
1802 2718 1895 2775 τέ-

251 2800 400 2866 λειος
432 2804 559 2867 Θεὸς
592 2804 783 2883 ἀγαθός
826 2809 938 2864 εστι
968 2810 1104 2864 κατὰ
1133 2810 1231 2875 τὴν
1261 2809 1445 2865 ἑαυτοῦ
1486 2808 1658 2887 φῦσιν,
1718 2809 1896 2887 ὥσπερ

248 2892 345 2947 καὶ
410 2890 550 2947 ἔστιν
608 2891 723 2973 (ἕνα
793 2897 893 2974 γὰρ
950 2897 1111 2971 μόνον
1155 2898 1297 2954 εἶναι
1359 2898 1554 2975 ἀγαθὸν
1597 2899 1751 2973 Θεὸν,
1808 2898 1898 2953 τὸν

251 2979 441 3035 ἑαυτοῦ
483 2980 710 3059 Πατέρα,
744 2984 772 3039 6
804 2984 993 3063 Σωτὴρ
1048 2987 1202 3060 ἡμῶν
1245 2985 1576 3065 ἀπεφήνατο,
1624 2984 1681 3041 ὄν
1741 2986 1896 3047 αὒτὸς

1989 583 2253 646 adhibita
2268 584 3070 665 tantisperopportunitatem
3085 582 3647 665 habuerunt,quoad

1991 671 2255 734 nondum
2269 673 2478 734 veritas
2496 670 2955 743 allulserat.Qua
2971 671 3489 748 succedente,non
3515 690 3647 753 qua;

1986 758 2365 837 imagini,sed
2383 778 2514 841 quae
2526 760 2759 823 veritati
2778 759 3322 839 congruuntfacere
3344 761 3644 822 convenit.

1987 848 2116 907 56!
2150 848 2333 930 ldque
2352 852 2543 930 ipsum
2564 867 2700 911 cum
2722 848 2939 929 reliqui
2961 867 3172 911 omnes
3196 847 3498 928 discipuli,
3521 856 3647 910 tum

1988 938 2292 1015 apostolus
2315 938 2534 1000 Paulus
2556 938 2836 999 ostendit.
2873 936 2986 1010 Qui
3024 937 3335 1016 ﬁguratum
3356 937 3502 999 illud
3538 956 3647 1017 ge-

1985 1043 2095 1086 nus
2119 1034 2360 1107 propter
2382 1034 2585 1100 nos,ut
2603 1027 2881 1101 diximus,
2917 1026 2980 1087 in
3001 1024 3289 1087 Paschate
3311 1025 3648 1107 azymisque

1985 1112 2372 1177 demonstrat.
2394 1118 2481 1178 De
2509 1114 2697 1176 altero
2732 1133 2874 1176 vero
2896 1114 3056 1195 quod
3080 1114 3445 1194 implicatum
3479 1114 3645 1195 inju-

1984 1202 2143 1263 stitia
2169 1211 2279 1283 est,
2315 1202 2602 1284 loquitur,
2635 1222 2769 1264 cum
2796 1205 2981 1283 legem
3021 1203 3455 1267 mandatorum
3474 1204 3555 1265 ait
3580 1206 3647 1265 in

1980 1290 2361 1369 dogmatibus
2386 1293 2752 1373 abrogatum
2775 1290 2862 1354 ει.
2884 1291 2968 1353 De
2995 1291 3167 1353 tertio
3190 1290 3452 1372 denique
3481 1291 3641 1371 quod

1981 1377 2299 1441 deterioris
2328 1389 2420 1441 est
2448 1397 2696 1460 expers:
2744 1380 2892 1456 Lex,
2943 1380 3162 1459 inquit,
3197 1389 3411 1443 sancta
3450 1387 3559 1455 est,
3587 1388 3643 1444 et

1979 1468 2333 1532 mandatum
2361 1476 2666 1543 sanctum,
2700 1478 2756 1532 et
2798 1470 3044 1547 justum
3073 1473 3132 1531 et
3163 1467 3384 1531 bonum
3404 1468 3491 1532 65.

2062 1555 2460 1628 Quamobrem
2495 1557 2968 1638 satis'superque
2998 1556 3129 1637 tibi,
3185 1565 3466 1637 quantum
3500 1558 3645 1621 bre-

1980 1644 2131 1706 viter
2160 1645 2589 1726 comprehendi
2623 1654 2841 1727 potest,
2873 1645 3200 1708 declaratas
3226 1664 3328 1709 eas
3353 1646 3517 1726 leges
3538 1664 3645 1710 ar-

1982 1731 2191 1809 bitror,
2226 1753 2357 1815 quae
2387 1753 2456 1796 ex
2480 1735 2836 1798 auctoritate
2886 1734 3193 1796 hominum
3223 1734 3641 1815 irrepserunt;

1983 1820 2292 1902 ipsamque
2339 1821 2447 1885 Dei
2502 1823 2696 1902 legem
2726 1821 3015 1885 trifariam
3039 1840 3173 1885 esse
3203 1822 3487 1884 divisam.
3521 1822 3638 1889 Su-

1984 1917 2185 1984 perest
2215 1917 2277 1972 ut
2308 1912 2440 1992 quis
2471 1912 2571 1973 illo
2600 1911 2677 1974 sit
2716 1913 2877 1975 Deus
2911 1910 3057 1990 legis
3086 1919 3293 1973 auctor
3322 1910 3639 1976 dicendum

1984 1996 2269 2060 videatur.
2322 2001 2501 2082 Atqui
2542 2001 2704 2063 istud
2738 2000 2916 2064 etiam
2951 2019 3021 2062 ex
3052 2000 3150 2075 iis,
3194 2019 3326 2082 quae
3354 2002 3641 2064 hactenus

1984 2084 2278 2166 disputata
2311 2097 2469 2159 sunt,
2504 2089 2553 2151 si
2584 2098 2806 2151 attente
2860 2088 3147 2166 audieris,
3208 2097 3351 2170 puto
3385 2089 3493 2151 tibi
3525 2090 3638 2153 de-

1985 2184 2396 2243 monstratum.
2435 2177 2581 2240 Nam
2620 2178 2671 2240 si
2694 2197 2889 2258 neque
2912 2197 2946 2239 a
2970 2178 3230 2259 perfecto
3250 2178 3356 2239 illo
3381 2180 3502 2241 Deo
3524 2198 3638 2260 po-

1986 2263 2098 2324 sita
2127 2265 2223 2327 lex
2252 2274 2363 2343 est,
2395 2268 2478 2329 uti
2509 2267 2859 2348 docuimus;
2914 2285 3110 2347 neque
3137 2283 3277 2328 vero
3307 2285 3342 2327 a
3368 2265 3636 2343 diabolo,

1986 2353 2139 2431 quod
2165 2353 2325 2417 dictu
2353 2357 2529 2418 etiam
2577 2356 2739 2417 nefas
2772 2363 2903 2418 est:
2956 2356 3107 2417 alius
3137 2354 3214 2418 sit
3243 2363 3500 2437 oportet,
3537 2356 3640 2436 qui

1983 2458 2114 2501 eam
2164 2442 2355 2521 legem
2414 2443 2750 2512 stabilierit.
2810 2443 2921 2506 Hic
2977 2443 3279 2523 estigitur
3312 2443 3487 2505 totius
3536 2444 3639 2507 ille

1985 2529 2211 2604 mundi,
2246 2549 2570 2613 eorumque
2603 2550 2734 2613 qum
2766 2535 2822 2594 in
2874 2550 2943 2593 eo
2988 2533 3393 2607 continentur,
3427 2532 3639 2596 artifex

1983 2624 2042 2676 et
2081 2618 2374 2701 conditor,
2409 2620 2481 2681 ab
2513 2620 2750 2682 illorum
2777 2627 2987 2682 natura
3022 2620 3309 2697 diversus,
3347 2626 3406 2681 et
3434 2618 3496 2681 in
3528 2639 3637 2683 eo-

1980 2723 2110 2766 rum
2136 2707 2330 2769 medio
2348 2727 2453 2770 suo
2468 2710 2605 2790 jure
2625 2708 3010 2771 collocandus
3039 2729 3055 2784 ;
3080 2726 3195 2790 qua
3216 2726 3287 2770 ex
3319 2708 3637 2772 medietate

1981 2794 2100 2874 peti
2128 2796 2259 2879 ejus
2291 2797 2606 2878 appellatio
2641 2806 2855 2879 potest.
2906 2796 3075 2870 Quod
3106 2797 3157 2858 si
3206 2796 3503 2877 perfectus
3536 2797 3637 2860 ille

1982 2878 2137 2945 Deus
2168 2892 2376 2948 natura
2405 2905 2512 2948 sua
2559 2878 2750 2948 bonus
2809 2894 2922 2961 est,
2952 2893 3018 2947 ut
3047 2894 3136 2947 est
3157 2902 3369 2947 revera
3422 2885 3651 2965 (unum

1980 2972 2145 3034 enim
2167 2972 2385 3036 bonum
2400 2993 2525 3038 esse
2548 2975 2857 3042 Deumac
2868 2974 3196 3038 Parentem
3215 2991 3395 3036 suum
3413 2973 3642 3055 86,Sal-

249 3066 629 3147 écpzvépmo‘ev)‘
689 3069 798 3127 ἔστι
869 3070 922 3128 δὲ
980 3075 1067 3129 καὶ
1136 3076 1164 3130 6
1233 3079 1329 3141 τῆς
1366 3064 1476 3131 τοῦ
1538 3074 1897 3149 ἀντικειμένου

1982 3069 2149 3122 vator
2168 3064 2444 3141 asseruit,
2479 3082 2655 3146 quem
2689 3073 2747 3126 et
2793 3064 3136 3127 hominibus
3166 3064 3471 3145 patefecit)
3500 3081 3516 3139 ;
3550 3070 3642 3127 est

247 3154 457 3236 φύσεως
508 3158 671 3223 κακός
731 3180 789 3216 τε
844 3161 934 3217 καὶ
989 3164 1246 3243 πονηρὸς,
1292 3165 1347 3218 ἒν
1406 3160 1578 3236 ἀδικίᾳ
1612 3184 1898 3243 χαρακτη-

246 3243 545 3319 ριζόμενος⁶
591 3247 791 3304 τοὺτων
849 3246 903 3305 δὲ
962 3250 1050 3307 οὖν
1081 3251 1242 3323 μέσον
1293 3253 1585 3326 καθεστὼς,
1618 3254 1706 3309 καὶ
1762 3252 1896 3327 μήτε

244 3333 447 3410 ἀγαθὸς
503 3332 598 3409 ὤν,
645 3337 782 3411 μήτε
838 3338 937 3413 μὲν
992 3340 1182 3411 κακὸς,
1229 3341 1368 3415 μήτε
1419 3339 1621 3415 ἄδικος,
1653 3337 1793 3405 ἰδίως
1842 3363 1897 3397 τε

242 3419 470 3497 λεχθείη
514 3420 575 3478 ἄν
622 3420 842 3505 δίκαιος,
900 3426 998 3494 τῆς
1081 3425 1203 3484 κατ’
1266 3430 1421 3485 αὐτὸν
1462 3427 1793 3496 δικαιοσύνης
1823 3428 1898 3486 ὤν

240 3508 564 3589 βραϐευτῆς.
609 3514 709 3569 Καὶ
741 3511 885 3570 ἔσται
951 3515 1049 3589 μὲν
1104 3514 1505 3593 καταδεέστερος
1554 3524 1645 3573 τοῦ
1696 3515 1896 3572 τελείου

242 3604 406 3674 Θεοῦ,
458 3600 546 3656 καὶ
609 3601 705 3667 τῆς
760 3600 957 3662 ἐκείνου
1015 3601 1345 3672 δικαίοσύνης
1389 3602 1620 3660 ἔλαττων
1662 3607 1811 3667 οὗτος
1868 3606 1896 3659 6

242 3687 405 3766 Θεὸς,
438 3686 530 3744 ἅτε
585 3686 650 3759 δή
693 3691 781 3747 καί
824 3693 1079 3770 γεννητὸς
1135 3692 1231 3766 ὢν,
1276 3694 1365 3749 καὶ
1431 3695 1525 3750 οῦκ
1582 3692 1890 3771 ἀγέννητος.

240 3776 353 3839 Εἷς
419 3778 518 3856 γὰρ
574 3776 714 3834 ἐστιν
756 3778 1044 3858 ἀγέννητος
1098 3783 1126 3838 6
1181 3782 1384 3861 Πατὴρ,
1443 3779 1496 3847 ἐξ
1543 3781 1604 3838 οὗ
1631 3783 1697 3841 τὰ
1725 3782 1896 3838 πάντα

236 3863 414 3939 ἰδίως,
459 3872 565 3922 τῶν
607 3866 820 3925 πάντων
875 3868 1189 3947 ἠρτημένων
1222 3870 1315 3927 ἀπ’
1367 3872 1546 3930 αὐτοῦ.
1590 3872 1794 3941 Μείζων
1841 3868 1895 3925 δὲ

238 3954 337 4010 καὶ
375 3954 694 4035 κυριώτερος
737 3963 830 4013 τοῦ
888 3958 1251 4035 ἀντικειμένου
1308 3960 1612 4037 γενήσεται,
1647 3960 1734 4014 καὶ
1777 3957 1892 4014 ἐτέ-

237 4064 344 4120 ρας
401 4042 577 4107 οὐσίας
630 4065 689 4100 τε
729 4046 818 4102 καὶ
859 4047 1064 4126 φύσεως
1114 4048 1362 4128 πεφυκὼς
1392 4049 1534 4126 παρὰ
1574 4047 1671 4114 τὴν
1716 4047 1896 4104 ἑκατέ-

236 4151 354 4212 ρων
417 4131 611 4189 τούτων
640 4132 839 4197 οὐσίαν,
900 4142 1004 4192 Τοῦ
1058 4136 1156 4211 μὲν
1214 4136 1313 4214 γὰρ
1344 4135 1705 4211 ἀντικειμένου
1760 4134 1898 4191 ἐστὶν

234 4222 275 4289 ἡ
327 4218 477 4275 οὐσία
543 4221 705 4300 φθορά
759 4244 817 4278 τε
859 4224 947 4279 καὶ
995 4224 1205 4297 σκότος,
1252 4222 1432 4286 ῦλικὸς
1475 4224 1574 4302 γὰρ
1619 4225 1768 4289 οὗτος
1810 4224 1897 4279 καὶ

1981 3157 2173 3211 autem
2210 3158 2268 3213 et
2325 3153 2626 3215 contraria
2678 3159 2887 3214 natura
2918 3152 3221 3233 praeditus,
3254 3152 3445 3214 malus
3474 3151 3636 3215 vide-

1981 3236 2123 3300 licet
2151 3257 2218 3299 ac
2250 3257 2487 3320 pravus,
2546 3240 2645 3322 qui
2698 3240 2986 3320 injustitia
3032 3239 3190 3301 velut
3222 3242 3461 3321 propria
3495 3249 3636 3304 nota

1981 3325 2530 3411 circumscribitur;
2558 3330 2659 3409 qui
2689 3329 2847 3391 inter
2877 3328 3085 3391 ambos
3126 3328 3261 3393 illos
3282 3329 3637 3409 interjectus

1981 3421 2090 3495 est,
2126 3424 2190 3476 ut
2221 3435 2415 3497 neque
2442 3416 2660 3491 bonus,
2694 3435 2890 3498 neque
2915 3417 3105 3478 malus
3122 3417 3198 3478 sit
3228 3426 3326 3479 aut
3354 3416 3633 3498 injustus,

1982 3503 2263 3582 peculiari
2296 3506 2549 3585 quadam
2598 3505 2829 3568 ratione
2869 3506 3068 3586 justus
3098 3507 3386 3588 appellari
3418 3514 3632 3586 potest,

1980 3600 2268 3670 quatenus
2318 3594 2565 3674 justitiae
2623 3613 2800 3675 quam
2857 3594 3057 3671 habet,
3119 3595 3635 3657 administratione

1978 3681 2264 3760 fungitnr.
2290 3684 2485 3764 Atque
2534 3693 2592 3746 et
2615 3687 2878 3764 perfecto
2912 3687 3034 3748 Deo
3060 3685 3277 3762 minor,
3306 3691 3364 3745 et
3386 3683 3637 3763 justitiaa

1978 3770 2138 3833 illius
2166 3772 2360 3853 impar
2391 3774 2468 3833 sit
2497 3773 2656 3834 idem
2692 3773 2794 3835 ille
2822 3771 2981 3834 Deus
3008 3780 3262 3853 oportet,
3284 3780 3486 3853 utpote
3512 3790 3634 3834 non

1979 3860 2298 3938 ingenitus,
2333 3861 2437 3923 sed
2476 3861 2859 3940 generatione
2881 3861 3232 3942 productus.
3266 3862 3433 3924 Unus
3469 3864 3631 3923 enim

1979 3960 2070 4013 est
2096 3950 2395 4028 ingenitus
2430 3954 2622 4025 Pater,
2657 3970 2690 4012 a
2719 3969 2837 4032 quo
2870 3951 3112 4032 proprie
3163 3959 3302 4012 sunt
3330 3949 3630 4025 universa,

1976 4046 2111 4099 cam
2136 4038 2207 4100 ab
2235 4057 2304 4100 eo
2325 4038 2622 4119 pendeant
2642 4039 2865 4102 omnia.
2901 4038 3027 4100 Erit
3065 4047 3260 4101 tamen
3289 4037 3632 4101 adversario

1980 4127 2080 4188 illo
2105 4128 2290 4189 altero
2325 4129 2512 4209 major
2541 4147 2607 4189 ac
2644 4128 3043 4209 praestantior,
3077 4128 3313 4191 tametsi
3335 4127 3629 4189 diversam

1978 4216 2057 4277 sit
2085 4215 2161 4277 ab
2222 4224 2473 4297 utroque
2520 4226 2787 4278 naturam
2820 4216 3330 4297 substantiamque
3360 4216 3628 4278 sortitus.

234 4305 589 4388 πολυσχεδής
617 4308 703 4358 67⁸
756 4317 849 4369 τοῦ
905 4310 959 4367 δὲ
1011 4314 1218 4390 Πατρὸς
1246 4316 1353 4368 τῶν
1380 4310 1518 4367 ὅλων
1541 4318 1635 4368 τοῦ
1664 4310 1893 4390 ἀγεννή-

1982 4305 2126 4366 Nam
2158 4304 2483 4366 adversarii
2514 4314 2725 4367 natura
2754 4306 3057 4386 corruptio
3090 4315 3180 4367 est
3211 4323 3281 4366 ac
3311 4303 3574 4366 tenebras
3615 4325 3629 4367 :

234 4418 342 4454 του
395 4397 431 4464 ἡ
501 4398 648 4457 οὐσία
693 4401 831 4457 ἔστὶν
902 4400 1161 4481 ἀφθαρσία
1215 4421 1274 4457 τε
1342 4401 1432 4457 καὶ
1488 4404 1602 4480 φῶς
1632 4400 1783 4474 αῦτὸ,
1837 4398 1894 4456 ὅν

237 4482 451 4543 ἁπλοῦν
518 4507 576 4542 τε
621 4488 710 4545 καὶ
768 4480 1057 4563 μονοειδὲςς
1112 4480 1171 4548 (Ο
1203 4488 1258 4545 δὲ
1287 4488 1484 4546 τούτων
1528 4488 1676 4546 οὖσία
1718 4487 1896 4556 διττὴν

237 4575 350 4651 μὲν
408 4596 525 4632 τινα
554 4573 769 4653 δύναμιν
812 4578 1142 4659 προήγαγεν,
1188 4577 1343 4641 αὐτὸς
1374 4574 1429 4633 δὲ
1468 4584 1562 4634 τοῦ
1603 4578 1895 4657 κρείττονός

234 4666 394 4721 ἔστιν
448 4665 626 4726 εἰκών.
659 4664 807 4732 Μηδέ
837 4687 896 4722 σε
943 4674 1098 4724 τανῦν
1152 4668 1309 4723 τοῦτο
1378 4664 1677 4746 θορυϐείτω,
1709 4665 1896 4723 θέλου-

238 4774 349 4809 σαν
420 4756 633 4834 μαθεῖν,
666 4754 781 4817 πῶς
825 4754 931 4811 ἀπὸ
961 4761 1086 4831 μιᾶς
1117 4754 1295 4836 ἀρχῆς
1323 4754 1429 4811 τῶν
1459 4753 1601 4811 ὅλων
1632 4752 1790 4822 οὔσης
1838 4775 1896 4809 τε

235 4842 339 4900 καὶ
411 4839 840 4922 ὁμολογουμένης
881 4844 1045 4925 ἡμῖν,
1086 4846 1175 4902 καὶ
1216 4843 1663 4919 πεπιστευμένης,
1694 4849 1788 4900 τοῦ
1833 4841 1899 4893 68

236 4931 564 5008 ἆγεννήτου,
642 4932 728 4988 καὶ
796 4932 1077 5013 ἀφθάρτου,
1133 4934 1220 4989 καὶ
1280 4932 1508 5013 ἀγαθῆς,
1570 4932 1894 5000 συνέστησαν

236 5020 337 5077 καὶ
380 5018 532 5078 αὗται
587 5022 639 5076 αἱ
710 5020 910 5100 φύσεις,
976 5019 1094 5087 ἥτε
1123 5026 1222 5088 τῆς
1252 5024 1445 5100 φθορᾶς
1489 5023 1704 5087 καὶτῆς
1736 5021 1896 5096 μεσό-

235 5128 436 5181 τητος,
511 5107 850 5184 ἀνομοούσιαι
932 5109 1084 5166 αὗται
1140 5113 1492 5167 καθεστῶσαι·
1552 5116 1645 5165 τοῦ
1701 5109 1897 5187 ἀγαθοῦ

234 5196 402 5276 φύσιν
458 5195 678 5277 ἔχοντος
748 5198 814 5254 τὰ
856 5196 1016 5274 ὅμοια
1071 5198 1256 5257 ἑαυτοῦ
1284 5197 1380 5254 καὶ
1409 5198 1662 5272 ὁμοούσια
1707 5202 1895 5275 γεννᾷν

231 5306 309 5342 τε
351 5285 439 5341 καὶ
507 5285 809 5366 προφέρειν.
873 5288 1101 5365 Μαθήσῃ
1145 5288 1268 5367 γὰρ,
1316 5293 1448 5343 Θεοῦ
1487 5283 1739 5358 διδόντος,
1772 5285 1894 5352 ἑξῆς

232 5374 340 5432 καὶ
379 5374 476 5443 τὴν
502 5375 686 5432 τούτου
716 5374 892 5456 ἀρχήν
933 5396 991 5432 ιε
1032 5377 1121 5434 καὶ
1176 5375 1441 5455 γέννησιν,
1486 5372 1767 5451 ἀξιουμένη
1798 5380 1896 5441 τῆς

233 5462 614 5532 ἀποστυλικῆς
670 5461 1033 5544 παραδόσεως,
1078 5464 1144 5534 ἦν
1200 5464 1262 5522 ἐκ
1302 5462 1559 5545 διαδοχῆς
1592 5465 1677 5521 καὶ
1738 5466 1895 5540 ἡμεῖς

1978 4411 2112 4454 cum
2146 4393 2389 4454 materia
2447 4393 2667 4475 quippe
2727 4403 3041 4455 concretus
3073 4402 3164 4455 est
3192 4411 3260 4455 ac
3291 4392 3629 4473 multiplex.

1979 4484 2054 4544 At
2080 4480 2349 4543 Parentis
2376 4482 2642 4544 omnium
2679 4482 2936 4562 ingeniti
2964 4490 3175 4544 natura
3221 4481 3627 4563 corruptionis

1980 4579 2071 4631 est
2102 4587 2333 4651 expers,
2360 4571 2995 4653 luxqueipsa,simplex
3016 4579 3073 4633 et
3100 4570 3466 4633 uniusmodi.
3500 4569 3630 4633 Ho-

1978 4676 2112 4720 rum
2135 4666 2344 4720 natura
2371 4659 2672 4740 duplicem
2704 4677 2848 4722 sane
2896 4660 3171 4723 virtutem
3223 4660 3476 4741 peperit.
3510 4658 3630 4723 Sed

1981 4745 2266 4809 Conditor
2294 4755 2493 4810 tamen
2525 4748 2653 4829 ipse
2686 4751 2876 4828 imago
2909 4748 3338 4830 praestantioris
3357 4761 3477 4815 est.
3504 4747 3630 4810 Ne-

1978 4854 2093 4916 que
2123 4852 2261 4897 vero
2292 4854 2362 4898 ea
2420 4846 2474 4899 te
2528 4855 2626 4899 res
2677 4837 3006 4919 perturbet,
3073 4836 3229 4899 scire
3259 4836 3634 4918 cupientem,

1976 4924 2273 5004 quomodo
2292 4944 2427 4987 cum
2449 4944 2631 4988 unum
2665 4929 2759 4997 sit,
2797 4934 2855 4988 et
2888 4944 3019 4988 esse
3049 4927 3342 4989 fateamur
3372 4944 3443 4988 ac
3491 4944 3633 4988 cre-

1977 5017 2212 5088 damus,
2238 5033 2438 5076 rerum
2477 5015 2743 5077 omnium
2780 5016 3171 5098 Principium,
3226 5015 3634 5097 generationis

1974 5121 2142 5183 aeque
2184 5121 2253 5164 ac
2308 5103 2707 5185 corruptionis
2758 5123 2992 5187 expers,
3046 5105 3327 5185 idemque
3359 5104 3630 5181 bonum;

1976 5191 2166 5253 ambae
2182 5192 2274 5252 ha;
2313 5201 2536 5253 natura:
2566 5203 2839 5256 constare
2869 5194 3193 5275 potuerint,
3228 5194 3635 5274 corruptionis

1979 5281 2354 5356 nimirum,et
2378 5281 2590 5343 mediae
2611 5282 2920 5362 cujusdam
2942 5280 3329 5361 conditionis,
3352 5300 3483 5362 quae
3503 5301 3536 5344 a
3564 5300 3634 5344 se

1976 5369 2234 5431 invicem
2259 5376 2467 5431 natura
2489 5369 2874 5453 discrepent;
2910 5389 3047 5432 cum
3093 5370 3152 5432 id
3197 5369 3353 5431 bono
3383 5370 3631 5433 insitum

1981 5459 2150 5535 sit,ut
2170 5457 2283 5520 sibi
2307 5476 2482 5539 quam
2513 5459 2840 5536 simillima,
2867 5460 3258 5541 ejusdemque
3279 5476 3485 5522 secum
3520 5476 3634 5521 na-

332 5619 809 5703 5‘pr.u,l5.
893 5621 959 5676 ea
988 5623 1163 5691 Rom.
1195 5588 1302 5707 νη,
1340 5622 1437 5687 ιε.
1523 5622 1897 5686 θθΜειιιΙι.Χ;

2010 5619 2108 5680 17.
2193 5615 2255 5667 ⁸7
2288 5619 2428 5681 COI‘.
2458 5618 2811 5702 πολυσχιδής.
2899 5620 2962 5671 68
2991 5621 3127 5683 C01“
3188 5625 3310 5687 τῆς.

576 5771 841 5840 ΡΑτιιοι.
884 5771 996 5833 Gn.
1048 5768 1176 5834 Vlt.

3311 5764 3380 5826 41
