4096 6466
307 506 331 568 1
347 505 465 570 293

1537 512 2010 577 FRAGMENTA
2053 513 2160 576 GN
2164 512 2451 577 OSTICA.

3520 514 3671 580 1294

302 638 700 715 Fragmenta
727 636 1201 702 Commentarii
1233 638 1642 703 Heracleonis
1670 642 1744 704 in
1769 640 1837 704 S.
1868 643 2146 705 Joannis
2178 644 2632 723 Evangelia/In,
2666 662 2746 705 ea:
2776 645 3077 721 Origenis
3110 651 3299 709 tomis
3316 650 3389 709 in
3421 650 3665 712 dictum

382 725 839 818 Euangelium.
872 729 915 789 Α
950 727 1030 790 cl.
1067 727 1301 791 Grabio
1329 733 1661 809 recognita
1690 736 1744 793 et
1773 734 2121 795 emendata
2165 751 2245 795 ea:
2272 751 2428 796 mss.
2460 734 2640 795 codd.
2700 733 3079 796 bibliothecae
3103 734 3492 818 Bodleianae,
3528 738 3670 818 Spi-

380 816 567 896 cileg.
612 817 858 899 haeret,
906 836 1048 881 saec.
1080 835 1147 900 11,
1175 836 1328 899 pag.
1363 818 1448 882 85
1476 826 1536 882 et
1562 837 1732 900 seqq.
1765 855 1845 866 —
1872 821 1972 884 Ea:
2002 830 2154 885 tom.
2192 825 2271 902 II,
2304 840 2362 902 p.
2404 822 2504 886 60.

381 925 569 988 Βιαίως
615 926 772 1000 οἶμαι
827 928 914 983 καὶ
955 929 1122 1007 χωρὶς
1166 927 1446 1009 μαρτυρίου
1475 930 1563 984 τὸν
1598 925 1938 986 Οὐαλεντίνου

2102 926 2372 988 Arbitror
2400 926 2851 1003 Heracleonem,
2881 929 2983 1009 qui
3012 929 3229 991 dicitur
3259 948 3392 993 esse
3423 932 3672 996 familia-

301 1013 588 1092 λεγόμενον
658 1016 799 1072 εἶναι
843 1016 1110 1095 γνώριμον
1171 1008 1535 1093 Ἡρακλέωνα,
1597 1015 1941 1095 διηγούμενον

298 1105 382 1183 τὸ,
425 1105 599 1160 Πάντα
667 1102 734 1160 δι’
777 1107 933 1164 αὐτοῦ
960 1103 1191 1185 ἐγένετο,
1238 1102 1566 1185 ἐξειληφέναι
1623 1105 1795 1161 πάντα
1849 1108 1939 1163 τὸν

300 1194 496 1257 κόσμον
540 1193 718 1249 καὶτὰ
775 1193 829 1249 ἐν
859 1193 1021 1267 αὖτῷ,
1090 1193 1394 1250 ἒκκλείοντα
1439 1198 1545 1248 τῶν
1600 1193 1833 1266 πάντων,
1878 1195 1940 1249 τὸ

300 1283 419 1338 ὅσον
463 1281 549 1338 ἐπὶ
588 1288 657 1359 τῇ
694 1282 954 1355 ὑποθέσει,
988 1287 1166 1358 αὐτοῦ,
1225 1284 1292 1339 τὰ
1320 1291 1413 1338 τοῦ
1438 1282 1660 1356 κόσμου,
1697 1284 1784 1338 καὶ
1830 1285 1933 1339 τῶν

297 1370 351 1427 ἐν
392 1373 532 1445 αὖτῷ
572 1369 902 1451 διαφέροντα.
935 1373 1074 1439 Φησὶ
1111 1373 1210 1451 γὰρ
1253 1372 1311 1428 οὒ
1340 1373 1430 1428 τὸν
1462 1374 1621 1427 αἰῶνα
1673 1370 1709 1439 ἧ
1765 1372 1830 1428 τὰ
1882 1371 1936 1426 ἐν

299 1466 377 1534 τῷ
422 1461 576 1515 αἰῶνι
635 1460 908 1539 γεγονέναι
934 1458 1017 1520 διὰ
1058 1467 1148 1517 τοῦ
1200 1463 1393 1537 Λόγου,
1425 1459 1578 1516 ὁίτινα
1607 1460 1778 1517 οἴεται
1835 1481 1935 1537 προ

299 1555 391 1606 τοῦ
456 1551 626 1626 Λόγου
707 1548 1005 1627 γεγονέναι,
1091 1545 1481 1628 Ἀναιδέστερον
1536 1547 1591 1604 δὲ
1657 1550 1935 1624 ἱστάμενος

298 1639 430 1717 πρὸς
499 1638 582 1693 τὸ·
638 1639 737 1696 Καὶ
792 1638 959 1717 χωρὶς
1027 1636 1184 1694 αὗτοῦ
1239 1636 1444 1715 ἐγένετο
1528 1635 1644 1693 οὐδὲ
1721 1635 1773 1694 ἓν
1830 1635 1936 1715 (μὴ

301 1725 681 1801 εὒλαϐούμενος
750 1728 833 1799 τὸ,
885 1727 974 1795 Μὴ
1039 1728 1271 1803 προσθῇς
1326 1740 1445 1789 τοῖς
1516 1725 1695 1804 λόγοις
1757 1729 1935 1798 αὐτοῦ,

298 1816 391 1873 ’ίνα
444 1817 521 1891 μὴ
590 1812 776 1893 ἐλέγξῃ
835 1837 913 1888 σε,
978 1816 1064 1871 καὶ
1141 1813 1335 1890 ψευδὴς
1392 1814 1571 1894 γένῃ),
1629 1814 1937 1892 προστίθησι

300 1912 398 1980 τῷ,
457 1902 571 1963 οὐδὲ
600 1902 677 1975 ἔν,
732 1908 837 1959 τῶν
879 1903 933 1959 ἐν
960 1909 1038 1977 τῷ
1094 1903 1279 1978 κόσμῳ
1330 1904 1419 1959 καὶ
1479 1908 1548 1978 τῇ
1586 1903 1778 1963 κτίσει.
1842 1903 1939 1960 Καὶ

303 1994 415 2051 ἐπεὶ
458 1992 702 2073 προφανῆ
758 1991 870 2048 ἐστι
925 1992 992 2048 τὰ
1031 1989 1149 2047 '51:"
1187 1994 1344 2048 αὒτοῦ
1411 1990 1672 2068 λεγόμενα
1742 1989 1939 2069 σφόδρα

297 2081 639 2160 βεϐιασμένα,
697 2081 786 2137 καὶ
839 2080 981 2153 παρὰ
1031 2079 1131 2147 τὴν
1179 2078 1441 2159 ἐνέργειαν
1490 2078 1555 2130 75
1602 2076 1939 2157 ἐπαγγελλό-

297 2193 457 2249 μενα,
518 2170 562 2225 εί
616 2170 682 2225 τὰ
750 2172 1070 2244 νομιζόμενα
1133 2167 1274 2243 αὖτῴ
1342 2172 1460 2225 θεῖα
1516 2166 1803 2224 ἐκκλείεται
1834 2166 1939 2223 τῶν

294 2263 532 2332 πάντων,
570 2259 638 2314 τὰ
667 2255 744 2331 δὲ,
776 2259 849 2320 ὡς
907 2256 1111 2321 ἐκεῖνος
1144 2257 1337 2331 οἴεται,
1396 2256 1670 2318 παντελῶς
1726 2255 1938 2335 φθειρό-

294 2371 456 2428 μενα,
501 2349 685 2429 κυρίως
742 2346 911 2403 πάντα
953 2344 1224 2426 καλεῖται,
1279 2348 1375 2403 οὐκ
1402 2344 1819 2424 ἐπιδιατριπτὲον
1873 2349 1941 2419 τῇ

293 2440 570 2514 ἀνατροπῇ
639 2441 744 2493 τῶν
823 2434 1037 2492 αὐτόθεν
1103 2435 1203 2502 τὴν
1263 2434 1483 2490 ἀτοπίαν
1553 2433 1937 2513 ἐμφαινόντων·

296 2528 421 2585 οἷον
479 2526 533 2582 δὲ
564 2526 652 2581 καὶ
706 2525 794 2600 τὸ,
825 2523 921 2593 τῆς
979 2529 1193 2603 Γραφῆς
1226 2522 1513 2601 λεγοὺσης,
1547 2523 1646 2579 Καὶ
1681 2519 1746 2570 76
1774 2522 1940 2601 χωρὶς

295 2619 456 2674 αὖτοῦ
536 2612 741 2691 ἐγένετο
825 2610 941 2669 οὐδὲ
1033 2612 1110 2685 ἕν,
1196 2610 1537 2690 προστιθέντα
1614 2612 1771 2669 αὐτὸν
1818 2610 1940 2664 ἄνευ

292 2702 625 2785 παραμυθίας
694 2706 792 2769 τῆς
847 2701 952 2757 ἀπὸ
1002 2705 1102 2768 τῆς
1175 2700 1385 2779 Γραφῆς
1449 2701 1533 2767 τὸ,
1591 2704 1696 2755 τῶν
1753 2698 1806 2754 ἐν
1863 2702 1940 2770 τῷ

292 2795 486 2867 κόσμῳ
538 2792 634 2848 παὶ
674 2796 741 2867 τῇ
794 2790 981 2869 κτίσει,
1039 2787 1178 2864 μηδὲ
1233 2789 1372 2865 μετὰ
1412 2791 1760 2854 πιθανοτητος
1804 2787 1941 2843 ἀπο-

294 2883 594 2962 φαινεσθαι,
666 2876 995 2935 πιστεύεσθαι
1027 2877 1268 2943 ἀξιοῦντα
1316 2871 1511 2953 ὁμοίως
1555 2877 1851 2955 προφήταις
1904 2873 1938 2942 ἦ

293 2967 638 3043 ἀποστόλοις,
738 2980 856 3030 τοῖς
943 2965 1059 3042 μετ’
1129 2965 1360 3032 ἐξουσίας
1429 2966 1515 3021 καὶ
1583 2964 1939 3028 ἀνυπευθύνως

289 3055 666 3115 καταλείπουσι
729 3068 843 3118 τοῖς
902 3054 1016 3110 καθ’
1084 3054 1269 3119 αὐτούς
1324 3054 1412 3109 καὶ
1451 3049 1565 3128 μεθ’
1610 3052 1794 3116 αὐτοὺς
1826 3072 1938 3107 σω-

291 3148 456 3225 τήρια
511 3142 819 3223 γράμματα.
880 3132 1011 3200 "En
1069 3140 1124 3198 δὲ
1181 3140 1321 3206 ἰδίως
1374 3143 1461 3198 καὶ
1505 3143 1619 3202 τοῦ.
1666 3140 1842 3198 Πάντα
1872 3139 1937 3196 δι’

291 3240 457 3295 αὐτοῦ
510 3233 740 3311 ἐγένετο,
815 3230 1085 3306 ἐξήκουσε,
1173 3234 1388 3311 φάσκων
1459 3231 1550 3285 τὸν
1605 3229 1703 3297 τὴν
1775 3229 1943 3290 αἰτίαν

288 3321 647 3404 παρασχόντα
741 3320 838 3389 τῆς
932 3319 1186 3397 γενέσεως
1259 3324 1354 3374 τοῦ
1419 3318 1621 3392 κόσμου
1700 3322 1777 3390 τῷ
1814 3315 1939 3404 ,δη-

2023 1015 2107 1077 ris
2138 1015 2459 1091 Valentini,
2482 1024 3006 1097 enarrantem,noc
3029 1017 3251 1080 dictum
3280 1042 3292 1077 :
3321 1021 3540 1083 Omnia
3560 1042 3671 1103 per

2021 1105 2219 1183 ipsum
2237 1107 2406 1182 facta
2423 1113 2564 1167 sunt
2586 1106 2670 1177 73,
2703 1114 2929 1179 coacte,
2963 1113 3020 1167 et
3042 1106 3204 1168 nullo
3229 1115 3378 1171 teste
3402 1110 3667 1174 adhibito

2022 1192 2331 1272 excepisse
2367 1194 2677 1267 mundum,
2714 1202 2772 1255 et
2801 1213 2928 1275 quae
2957 1195 3168 1275 inipso
3202 1204 3376 1273 sunt;
3409 1217 3479 1261 ac
3497 1219 3669 1263 voca-

2020 1279 2185 1355 bulo,
2222 1284 2448 1356 omnia,
2483 1282 2828 1357 exclusisse,
2864 1291 3150 1362 quantum
3179 1283 3364 1363 ipsius
3393 1286 3527 1368 fert,
3556 1289 3666 1369 hy-

2020 1371 2306 1449 pothesis,
2339 1371 2450 1432 ista
2478 1370 2685 1451 quaein
2719 1369 2963 1454 mundo,
2991 1370 3175 1452 inque
3207 1390 3277 1434 eo
3329 1375 3666 1439 exsisteuti-

2020 1457 2130 1519 bus
2160 1468 2298 1521 sunt
2361 1459 2791 1540 praestantiora.
2834 1461 2954 1522 Per
3018 1458 3276 1522 Verbum
3319 1466 3505 1532 enim,
3568 1465 3665 1526 in-

2021 1548 2166 1628 quit,
2201 1566 2321 1610 non
2340 1550 2655 1624 saeculum,
2687 1564 2797 1611 nec
2824 1565 2959 1627 quo:
2979 1553 3045 1610 in
3072 1548 3291 1611 saeculo
3317 1558 3482 1625 sunt,
3504 1552 3670 1630 facta

2019 1636 2160 1696 365
2178 1638 2387 1717 fuere;
2423 1636 2767 1698 existimans
2790 1637 2888 1699 illa
2916 1646 3054 1699 ante
3083 1635 3344 1699 Verbum
3386 1640 3669 1704 existitis—

2021 1743 2106 1786 se.
2147 1725 2557 1805 Impudentius
2589 1726 2773 1787 etiam
2804 1724 3032 1786 instans
3075 1727 3145 1788 ad
3202 1726 3347 1787 illud
3380 1745 3398 1788 :
3431 1730 3574 1792 Sine
3601 1749 3669 1794 eo

2018 1813 2243 1893 factum
2274 1832 2332 1876 es
2359 1813 2518 1875 nihil
2547 1817 2765 1892 (neque
2793 1813 3014 1875 veritus
3040 1812 3185 1874 illud
3211 1831 3225 1876 :
3250 1815 3341 1879 Ne
3360 1816 3670 1881 addideris

2019 1901 2402 1964 sermonibus
2430 1903 2661 1981 ejus,ne
2677 1910 2729 1963 te
2748 1902 3166 1982 redarguat,et
3194 1904 3455 1967 mendax
3472 1907 3665 1989 sis“),

2022 1991 2107 2052 illi
2128 1992 2292 2052 nihil
2318 1990 2876 2069 addit,eorum,quae
2892 1992 2959 2051 in
2981 1989 3202 2052 mundo
3216 1998 3450 2068 sunt,et
3464 1996 3530 2057 iu
3548 1995 3664 2059 har-

2022 2081 2432 2142 creatione.Et
2482 2079 2759 2158 quoniam
2808 2086 3076 2157 apertum
3118 2087 3228 2148 est,
3282 2080 3440 2143 dicta
3477 2083 3665 2163 ipsius

1968 2183 2000 2232 si
2023 2170 2191 2229 valde
2221 2174 2425 2229 coacta
2456 2184 2609 2241 esse,
2646 2175 2975 2246 praeterque
3004 2166 3356 2229 evidentiam
3391 2189 3660 2250 pronun-

2025 2255 2183 2327 tiata,
2220 2255 2269 2316 si
2299 2273 2429 2335 quae
2461 2254 2585 2334 ipse
2632 2254 2831 2315 divina
2882 2254 3178 2334 cpinatur,
3215 2256 3603 2323 excludantur
3631 2281 3663 2323 a

2022 2363 2163 2406 voce
2192 2351 2627 2424 omniumque;
2655 2361 2794 2404 vero
2812 2352 2949 2404 sunt
2977 2341 3260 2422 opinione
3287 2363 3393 2406 sua
3418 2350 3661 2411 omnino

2021 2431 2454 2512 corruptibilia,
2491 2431 2729 2513 proprie
2760 2431 3032 2492 dicantur
3047 2437 3276 2506 omnia;
3305 2452 3423 2496 non
3444 2436 3661 2500 immo-

2021 2522 2272 2582 randum
2305 2520 2477 2581 nobis
2505 2529 2594 2581 est
2649 2521 2743 2581 his
2772 2519 3168 2593 confutandis,
3198 2539 3328 2601 quae
3351 2540 3421 2583 ex
3455 2542 3520 2586 se
3550 2526 3661 2587 ab-

2023 2609 2202 2670 surda
2232 2616 2538 2689 apparent.
2573 2608 2756 2680 Quale
2786 2617 2874 2669 est
2902 2607 3049 2668 illud
3078 2608 3278 2686 etiam,
3313 2612 3469 2691 quod
3497 2611 3663 2677 Scri-

2025 2705 2191 2777 ptura
2223 2698 2458 2760 dicente
2494 2697 2764 2760 :Etsine
2792 2700 2920 2776 ipso
2947 2696 3178 2775 factum
3207 2699 3513 2773 estnihil;
3535 2702 3665 2782 ipse

2020 2786 2186 2848 addit
2217 2789 2345 2848 sine
2393 2786 2739 2847 auctoritate
2769 2786 3335 2866 Scripturae,eorum
3364 2805 3499 2866 quae
3524 2801 3663 2855 sunt

2021 2877 2086 2937 in
2102 2876 2327 2938 mundo
2344 2882 2401 2938 et
2417 2877 2752 2950 creatione;
2770 2875 2928 2953 quod
2961 2893 3154 2954 neque
3171 2894 3302 2936 cum
3338 2877 3663 2956 probabili-

2022 2972 2138 3025 tate
2186 2964 2546 3045 pronuntiat,
2606 2963 2710 3025 sed
2765 2963 3009 3041 dignum
3069 2980 3135 3023 se
3183 2972 3363 3043 putat,
3397 2967 3493 3027 cui
3546 2988 3666 3031 non

2023 3071 2194 3114 secus
2226 3061 2401 3132 atque
2433 3053 2739 3133 prophetis
2768 3053 2857 3112 vel
2886 3051 3171 3131 apostolis
3230 3053 3527 3131 credatur,
3564 3059 3666 3138 qui

2024 3160 2155 3201 cum
2188 3141 2531 3202 auctoritate
2554 3149 2611 3200 et
2632 3140 2926 3219 inculpata
2965 3140 3176 3201 coaevis
3207 3141 3331 3202 suis
3359 3161 3427 3204 ac
3460 3153 3663 3223 poste-

2030 3230 2111 3290 ris
2132 3228 2409 3290 salutaria
2456 3228 2675 3309 scripta
2702 3228 3100 3308 reliquerunt.
3134 3229 3262 3290 lam
3304 3248 3441 3293 vero
3473 3241 3532 3293 et
3560 3234 3672 3296 hoc

2026 3318 2506 3397 dgctum:0mnia
2535 3335 2643 3396 per
2660 3318 2868 3396 ipsum
2885 3319 3056 3393 facta
3073 3328 3248 3399 sunt;
3284 3337 3461 3380 secus
3495 3340 3671 3401 quam

348 3414 355 3420 -
378 3402 387 3404 ⁷
498 3402 523 3427 ᾧ
595 3412 608 3428 \
942 3407 968 3430 Ἰ
1166 3407 1180 3428 9
1374 3407 1388 3424 τ
1438 3404 1453 3428 3
1554 3406 1579 3429 Υ
1680 3405 1695 3429 \
1746 3407 1760 3426 τ
1813 3402 1827 3424 θ
1889 3405 1917 3425 Ψ

289 3434 533 3493 μιουργῳ
559 3432 651 3466 τον
707 3410 877 3488 Λόγον
933 3429 1084 3481 οντα,
1131 3428 1190 3462 ου
1231 3410 1322 3464 τὸν
1365 3430 1434 3487 αφ
1522 3429 1601 3481 ου,
1661 3409 1697 3473 ἢ
1741 3428 1808 3484 υφ
1859 3427 1937 3476 ου,

2027 3406 2126 3467 alii
2156 3405 2682 3485 exposuit,dicens:
2726 3404 2981 3467 Verbum
3013 3405 3169 3466 illud
3196 3425 3324 3469 esse
3347 3410 3507 3488 quod
3522 3428 3670 3472 cau-

283 3501 436 3559 ἀλλὰ
464 3502 553 3555 τὸν
609 3497 681 3554 δι’
719 3499 799 3578 οὗ,
832 3498 949 3576 περὶ
974 3502 1079 3552 τῶν
1126 3494 1181 3551 ἐν
1227 3502 1295 3572 τῇ
1356 3494 1599 3568 συνηθείᾳ
1650 3495 1835 3573 φράσιν
1878 3492 1938 3542 ’Π

2021 3512 2151 3557 sam
2172 3496 2572 3573 generationis
2595 3494 2808 3556 mundi
2829 3494 3157 3573 praebuerit
3188 3498 3410 3574 opiﬁci,
3434 3515 3542 3560 nec
3574 3507 3667 3562 ta-

283 3588 649 3668 ἐκδεχόμενος
679 3608 742 3662 το
785 3583 1176 3665 γεγραμμένον.
1214 3585 1270 3641 Εἰ
1315 3584 1437 3663 γὰρ,
1470 3585 1543 3647 ὡς
1574 3592 1711 3655 νοεῖ,
1744 3585 1779 3650 ἡ
1808 3581 1940 3652 ἀλή-

279 3684 412 3736 θεια
468 3678 572 3734 τῶν
627 3674 952 3754 πραγμάτων
1006 3672 1099 3745 ἦν,
1157 3671 1258 3728 ἔδει
1328 3671 1412 3728 διὰ
1464 3678 1557 3728 τοῦ
1618 3668 1941 3750 δημιουργοῦ

276 3766 580 3849 γεγράφθω
623 3765 793 3824 πάντα
827 3761 1098 3841 γεγονέναι
1155 3762 1255 3818 ὑπὸ
1315 3769 1407 3819 τοῦ
1461 3759 1655 3838 Λόγου,
1711 3761 1832 3840 οὐχὶ
1886 3757 1942 3816 δὲ

272 3848 555 3915 ἀνάπαλιν
611 3851 695 3911 διὰ
749 3859 841 3909 τοῦ
900 3851 1072 3928 Λόγου
1128 3851 1229 3907 ὑπὸ
1286 3852 1382 3907 τοῦ
1438 3848 1782 3929 δημιουργοῦ.
1843 3851 1942 3907 Καὶ

270 3949 462 4023 ἡμεῖς
507 3943 604 4018 μὲν
646 3947 735 4014 τῇ,
771 3939 835 3997 δι’
867 3939 946 4013 οὗ,
981 3940 1316 4018 Χρησάμενοι
1348 3937 1651 4000 ἀκολούθως
1680 3943 1750 4014 τῇ
1780 3958 1945 4004 συνη-

271 4037 428 4108 θείᾳ,
487 4031 579 4087 οὒκ
627 4030 918 4107 ἀμάρτυρον
971 4029 1069 4095 τὴν
1128 4025 1360 4107 ἐκδοχὴν
1417 4026 1722 4106 ἀφήκαμεν
1794 4026 1944 4083 ἐκεῖ·

267 4147 373 4188 νος
419 4120 475 4177 δὲ
516 4121 645 4195 πρὸς
688 4121 747 4175 τὸ
804 4121 883 4194 μὴ
912 4119 1392 4196 παραμεμυθῶσθαι
1421 4115 1485 4164 ’78
1512 4116 1618 4172 ἀπὸ
1660 4115 1767 4171 τῶν
1793 4114 1943 4172 θείων

264 4210 622 4293 γραμμάτων
663 4209 754 4264 τὸν
809 4204 923 4266 καθ’
973 4205 1338 4293 ἕαυτὸνῗνοῦν,
1397 4205 1663 4293 φαίνεταιᾼᾲ
1687 4205 1775 4261 καὶ
1802 4205 1939 4293 ὑπο-

263 4290 523 4363 πτεύσας
555 4299 617 4354 τὸ
644 4295 860 4368 ἀληθὲς,
921 4296 1009 4353 καὶ
1038 4292 1259 4360 ἀναιδῶς
1317 4298 1460 4369 αὐτῷ
1502 4290 1820 4368 ἀντιϐλέψας
1849 4291 1931 4341 79-
1958 4355 1967 4363 _

266 4390 425 4475 φησὶ
494 4389 619 4467 γὰρ,
678 4384 758 4442 ὅτι
817 4389 921 4465 οὔχ
975 4386 1049 4449 ὡς
1100 4381 1187 4441 ὑπ’
1258 4381 1420 4441 ἄλλο)
1468 4383 1802 4462 ἐνεργοῦντος
1839 4386 1937 4441 αὒ-

263 4468 377 4545 εέὸς
441 4476 607 4534 ἐποίει
650 4477 678 4531 ὁ
751 4475 921 4553 Λόγος
984 4472 1098 4553 (ἴνα
1154 4473 1319 4542 νοηθῆ
1347 4472 1434 4544 τὸ,
1472 4468 1538 4527 δι’
1580 4472 1786 4551 αὐτοῦ),
1818 4469 1935 4526 ἀλλ’

262 4572 452 4629 αὒτοῦ
496 4566 825 4643 ἐνεργοῦντος
870 4561 1044 4642 ἕτερος
1088 4561 1277 4624 ἐποίει,

2023 3601 2161 3645 men
2178 3581 2360 3646 Verbo
2372 3592 2705 3663 competere
2721 3584 3311 3664 particulam,aquo,
3323 3585 3410 3646 vel
3421 3603 3498 3647 ex
3518 3605 3672 3666 quo-

2022 3672 2124 3733 sed
2150 3689 2263 3751 per
2280 3688 2477 3752 quem,
2511 3689 2577 3731 ex
2605 3671 2906 3733 communi
2937 3670 3215 3753 loquendi
3241 3675 3675 3737 consuetudine

2025 3759 2389 3841 Scripturam
2416 3779 2745 3841 exponens.
2780 3760 2894 3823 Sed
2927 3762 2976 3821 si
3017 3779 3218 3822 rerum
3254 3761 3473 3825 veritas
3520 3774 3671 3846 erat,

2025 3850 2232 3930 utipse
2265 3858 2449 3930 putat,
2485 3849 2768 3929 scriptum
2806 3849 2988 3910 fuisse
3030 3851 3311 3931 oportuit,
3339 3858 3546 3913 omnia
3566 3872 3677 3934 per

2029 3940 2297 4019 opiﬁcem
2324 3941 2481 4017 facta
2506 3940 2696 4016 fuisse
2726 3956 2764 4000 a
2800 3937 3010 4013 Verbo,
3036 3958 3153 3998 non
3184 3940 3309 4001 vice
3341 3958 3536 4013 versa,
3569 3960 3679 4022 per

2036 4026 2307 4090 Verbum
2330 4028 2407 4089 ab
2428 4030 2654 4107 opiﬁce.
2687 4026 2756 4087 Et
2780 4045 2897 4087 non
2928 4026 3167 4106 quidem
3202 4046 3333 4088 cum
3359 4030 3447 4089 usi
3472 4049 3676 4093 sumus

2027 4115 2348 4189 vocabulis,
2378 4134 2494 4196 per
2516 4133 2719 4195 quem,
2756 4122 2929 4195 prout
2956 4115 3016 4175 in
3049 4117 3350 4177 communi
3406 4118 3680 4180 feruntur

2028 4223 2161 4281 usu,
2198 4223 2313 4264 non
2346 4205 2477 4264 sine
2524 4213 2675 4264 teste
2724 4204 3156 4283 expositionem
3204 4203 3563 4273 dimisimus.
3598 4208 3676 4268 At

2020 4311 2157 4354 vero
2180 4292 2279 4354 ille
2312 4300 2703 4372 praeterquam
2734 4293 2890 4371 quod
2923 4310 3088 4352 suam
3112 4292 3449 4371 opinionem
3472 4312 3502 4353 e
3523 4294 3676 4358 divi-

2021 4380 2112 4442 nis
2133 4379 2458 4460 Scripturis
2477 4399 2591 4440 non
2610 4380 3186 4460 conﬁrmat,videtur
3207 4389 3264 4441 et
3286 4383 3673 4460 praesensisse

2021 4472 2354 4548 veritatem,
2385 4479 2441 4530 et
2476 4469 2855 4548 impudenter
2893 4469 2978 4531 illi
3009 4469 3379 4550 adversatus,
3414 4471 3621 4537 dicens
3659 4491 3672 4534 :

2021 4560 2159 4623 Non
2172 4560 2334 4620 enim
2355 4558 2610 4635 faciebat
2627 4559 2818 4637 ipsum
2834 4557 3084 4620 Verbum
3104 4564 3394 4638 tanquam
3407 4562 3531 4622 alio
3543 4578 3678 4641 ope-

262 4663 473 4724 rante
502 4659 584 4732 (ut
613 4650 700 4714 sic
730 4650 1163 4730 intelligeretur
1204 4649 1443 4726 vocula,
1469 4666 1579 4730 per
1609 4646 1968 4730 quem),'ml
1995 4656 2118 4729 ipso
2149 4654 2433 4727 cperante
2459 4646 2620 4709 alius
2647 4646 2933 4725 faciebat.

1576 4752 1682 4816 Ea:
1723 4759 1877 4818 tom.
1925 4758 2037 4836 IlI,
2079 4773 2235 4837 pag.
2284 4754 2383 4819 68.

356 4867 517 4925 Πάνυ
558 4862 612 4921 δὲ
642 4862 853 4940 βιαίως,
880 4862 1018 4933 κατὰ
1044 4862 1137 4918 τὸν
1185 4861 1352 4919 τόπον
1395 4859 1682 4941 γενόμενος
1715 4863 1743 4918 ὁ
1791 4855 1938 4943 Ἦρα.

2114 4866 2400 4927 Caeterum
2417 4862 2586 4925 valde
2605 4864 2889 4927 coactead
2910 4864 3416 4927 hunccontextum
3432 4867 3679 4928 veniens

250 4960 487 5030 κλὲωθ,
519 4957 579 5011 τὸ
639 4942 717 5012 ”Ο
760 4951 999 5032 γέγονεν,
1057 4950 1111 5006 ἐν
1168 4953 1309 5026 αὐτῷ
1350 4951 1462 5022 ζωὴ
1503 4953 1595 5030 ἦν,
1667 4942 1934 5035 ἐξείληφεν

2021 4952 2345 5015 Heracleon
2374 4973 2386 5014 :
2416 4951 2587 5027 Quod
2614 4954 2840 5031 factum
2880 4962 2992 5030 est,
3018 4955 3085 5015 in
3123 4956 3252 5034 ipso
3281 4960 3405 5017 vita
3433 4957 3675 5037 erat70‘;

248 5049 401 5110 ἀντὶ
436 5066 553 5124 του,
596 5042 650 5099 ἐν
713 5045 876 5116 αὒεῷ,
937 5041 1010 5103 εἷς
1066 5041 1181 5105 τούς
1236 5040 1536 5120 ἀνθρώπους
1593 5042 1714 5105 τοὺς
1771 5064 1936 5101 πνευ-

2021 5043 2086 5103 in
2112 5039 2669 5120 ipsointerpretatus
2686 5042 2868 5116 est,in
2885 5040 3228 5104 hominibus
3239 5042 3676 5120 spiritualibus:

247 5159 390 5219 ματ
405 5133 578 5197 ικούς⁶
641 5132 798 5190 οἱονεὶ
853 5129 1041 5187 ταότον
1085 5128 1304 5205 νομίσας
1335 5129 1476 5186 εἶναι
1518 5130 1611 5186 τὸν
1640 5131 1811 5209 Λόγον
1852 5132 1938 5188 καὶ

2021 5127 2189 5219 quasi
2220 5128 2486 5219 Verbum
2520 5138 2581 5192 et
2612 5129 2950 5210 spirituales
2993 5130 3163 5219 idem,
3200 5148 3330 5192 esse
3359 5129 3679 5193 arbitratus

247 5215 413 5291 λιτοὺς
475 5220 886 5299 πνευματικούς,
931 5220 975 5276 εἰ
1030 5220 1118 5276 καὶ
1173 5218 1251 5295 μὴ
1306 5224 1485 5299 σαφῶς
1526 5215 1673 5276 ταῦτ’
1730 5220 1936 5300 εἴρηκε.

2025 5217 2226 5298 fuerit,
2260 5217 2368 5278 etsi
2403 5237 2518 5278 non
2558 5226 2764 5299 aperte
2792 5219 2851 5281 id
2884 5218 3118 5281 dixerit.
3138 5218 3210 5280 At
3231 5219 3410 5280 veluti
3442 5236 3675 5281 causam

240 5320 378 5382 Καὶ
483 5310 710 5389 ὡσπερεὶ
805 5306 1120 5386 αἰτιολογῶν
1205 5324 1387 5387 φησιν’
1470 5306 1637 5366 Αὐτὸς
1690 5308 1789 5388 γὰρ
1843 5311 1938 5378 τὴν

2024 5306 2310 5387 reddens,
2343 5307 2535 5387 inquit
2560 5328 2574 5370 :
2599 5308 2712 5370 Ille
2727 5309 2890 5371 enim
2909 5310 3186 5389 primum
3216 5310 3673 5388 formationem,

239 5406 512 5490 πρώτην
589 5399 883 5479 μόρφωσιν,
945 5397 1042 5465 τὴν
1126 5397 1273 5454 κατὰ
1316 5395 1416 5464 τὴν
1475 5395 1704 5476 γένεσιν,
1764 5397 1938 5463 αὐτοῖς

2029 5395 2234 5490 quoad
2261 5402 2728 5490 orlumattinet,
2763 5398 3232 5490 ipsisproebuit;
3267 5398 3345 5461 ab
3375 5396 3498 5460 alio
3509 5416 3677 5490 pra-

234 5484 536 5577 πᾷρὲσχε
589 5489 657 5547 τὰ
711 5485 801 5545 ὑπ’
857 5484 1049 5577 ,ἄλλου
1126 5484 1506 5577 παρένταᾲὲῑς
1575 5485 1806 5577 μορφὴν,
1864 5502 1938 5544 κα.

2035 5485 2312 5577 termissa
2353 5487 2423 5547 in
2450 5487 2736 5564 formam,
2781 5492 2838 5577 et
2867 5486 3408 5577 illuminationem,
3438 5495 3495 5550 et
3524 5487 3677 5551 deli-

232 5570 355 5653 εἰξ
413 5570 722 5659 φωτισμὸν,
785 5575 875 5633 καὶ
952 5574 1305 5656 παραγραφὴν
1374 5570 1505 5630 ἰδίαν
1583 5573 1800 5653 ἀγαγὼν
1866 5588 1938 5632 καη

2036 5574 2381 5637 neationem
2402 5578 2728 5657 praprium
2771 5576 2991 5639 ducens
3010 5582 3064 5639 ct
3092 5576 3433 5642 ostendens.

228 5666 637 5809 avitae‘izéh.
675 5763 713 5818 ι,
748 5748 809 5808 3.
896 5743 963 5795 7‘
988 5746 1165 5808 Prov.
1199 5759 1340 5822 xxx,
1373 5742 1435 5822 6.
1452 5821 1459 5822 ί
1519 5742 1582 5793 75
1608 5742 1706 5805 Sic
1734 5743 1868 5822 cod.
1902 5742 2136 5806 Bodlei.
2171 5744 2351 5808 £980.
2441 5743 2503 5792 76
2529 5742 2687 5805 Duas
2718 5745 2858 5806 istas
2885 5764 3059 5806 voces
3110 5744 3337 5807 addidit
3372 5745 3548 5810 Grab.
3611 5767 3682 5811 ex

226 5836 369 5903 cit.
408 5827 564 5891 cod.
599 5826 828 5888 Bodlei.
917 5825 978 5875 77
1012 5822 1112 5886 Sic
1151 5823 1288 5885 cod.
1321 5819 1550 5886 Bodlei.
1636 5822 1698 5873 78
1726 5819 1822 5884 Sic
1858 5823 1991 5887 cod.
2023 5825 2253 5888 Bodlei.
2340 5826 2403 5877 79
2429 5825 2529 5887 Sic
2561 5823 2644 5886 id.
2678 5825 2812 5886 cod.
2898 5825 2982 5876 79'
3012 5828 3187 5913 Joan.
3210 5842 3253 5902 r,
3299 5826 3361 5886 4.
