4096 6406
355 363 369 424 l
384 363 497 427 297

1587 356 2066 428 FRAGMENTA
2108 363 2483 431 GNOSTICA

3565 376 3717 441 1298

341 498 613 576 μεγέθους,
684 501 771 555 καὶ
854 498 1020 585 σάρκα
1114 495 1277 575 λάϐῃ,
1350 499 1423 560 ὡς
1512 495 1803 585 ὑπόδημα,
1872 494 1988 574 περὶ

2076 498 2515 581 magnitudine,
2539 509 2602 563 et
2619 518 2872 566 carnem
2900 505 3178 585 accipiat,
3209 523 3316 569 ceu
3335 505 3720 572 calceamen-

341 585 405 654 ἧς
457 586 566 666 ἐγώ
620 586 777 666 λόγον
850 584 1129 647 ἀποδοῦναι
1186 589 1248 644 οὐ
1302 585 1547 664 δύναμαι,
1614 584 1732 644 οὐδὲ
1786 584 1986 663 διηγή-

340 679 547 750 σασθαι,
633 676 670 745 ἢ
753 674 996 733 ἐπιλῦσαι
1079 676 1177 744 τῆν
1252 678 1370 755 περὶ
1445 675 1606 744 αὐτῆς
1662 676 1985 750 οἰκονομίαν,

339 763 643 842 Ἀδρότερον
699 763 754 821 δὲ
822 767 912 823 καὶ
954 763 1440 845 μεγαλοφυέστερον
1485 768 1514 822 6
1571 767 1599 821 6
1642 765 1797 829 αὒτὸς
1833 757 1990 839 Ἦρα-

339 852 531 934 κλέων,
603 854 804 928 κόσμον
860 855 923 911 τὸ
1008 851 1258 921 ὑπόδημα
1328 852 1688 930 ἐκδεξάμενος,
1752 852 1986 920 μετέστη

338 943 422 1000 ἒπὶ
516 942 578 999 τό
654 941 993 1022 ἀσεϐέστερον
1090 943 1481 1022 ἀποφήνασθαι,
1572 942 1733 998 ταῦτα
1816 941 1989 999 πάντα

339 1029 449 1088 δεῖν
538 1033 812 1090 ἀκούεσθαι
913 1033 1001 1088 καὶ
1084 1034 1201 1112 περὶ
1295 1039 1389 1089 τοῦ
1456 1035 1741 1110 προσώπου
1807 1031 1989 1088 τούτου

340 1118 423 1176 διὰ
496 1129 589 1179 τοῦ
657 1119 899 1179 Ἰωάννου
959 1119 1243 1193 νοουμένου
1269 1135 1283 1150 ⁸
1347 1119 1517 1177 οἵεται
1580 1121 1679 1197 γὰρ
1720 1121 1809 1177 τὸν
1871 1130 1987 1187 Δη-

342 1210 592 1288 μιουργὸν
659 1217 752 1267 τοῦ
820 1210 1026 1285 κόσμου
1077 1208 1330 1266 ἐλάττονα
1388 1208 1516 1265 ὅντα
1574 1214 1667 1266 τοῦ
1738 1214 1985 1286 Χριστοῦ,

338 1304 492 1355 τοῦτο
534 1297 819 1377 ὁμολογεῖν
880 1297 964 1355 διὰ
1002 1299 1200 1355 τούτων
1260 1303 1367 1354 τῶν
1418 1296 1634 1372 λέξεων,
1691 1296 1819 1375 ὅπερ
1878 1297 1989 1354 ἐστὶ

340 1387 551 1443 πάντων
579 1385 948 1450 ἀσεϐέστατον.
996 1396 1036 1446 Ο
1064 1388 1165 1465 γὰρ
1206 1386 1427 1463 πέμψας
1482 1387 1638 1444 αὐτὸν
1694 1386 1898 1465 Πατὴρ,
1959 1387 1987 1441 6

340 1478 445 1531 τῶν
498 1475 711 1547 ζώντων
756 1478 911 1550 Θεὸς,
966 1477 1041 1540 ὡς
1098 1477 1254 1539 αὐτὸς
1306 1474 1509 1542 Ἰησοῦς
1554 1488 1829 1553 μαρτυρεῖ,
1893 1481 1985 1530 τοῦ

225 1588 232 1594 ·
343 1561 607 1643 Ἀϐραὰμ,
664 1566 753 1623 καὶ
807 1572 900 1622 τοῦ
961 1562 1166 1644 Ἰσαὰκ,
1240 1565 1329 1620 καὶ
1391 1571 1476 1620 τοῦ
1528 1561 1740 1636 Ἰακὼϐ,
1803 1565 1831 1619 6
1902 1560 1986 1619 διὰ

341 1659 494 1709 τοῦτο
554 1654 738 1732 Κύριος
766 1663 861 1713 τοῦ
890 1652 1107 1732 οὗρανοῦ
1149 1653 1237 1710 καὶ
1283 1656 1380 1719 τῆς
1439 1653 1566 1729 γῆς,
1613 1650 1693 1707 ὅτι
1750 1650 1985 1717 πεποίη-

2073 590 2219 656 tum,
2239 585 2311 648 de
2329 603 2448 665 qua
2480 593 2777 654 rationem
2801 593 3055 655 reddere
3083 612 3193 675 ego
3230 612 3354 658 non
3381 595 3578 674 ualeo,
3609 616 3718 661 ne-

2070 687 2180 762 que
2203 691 2516 756 enarrare,
2549 678 2638 740 vel
2665 681 2898 743 solvere
2943 682 3019 744 de
3044 684 3180 762 ipsa
3211 683 3718 762 dipensationem.

2071 761 2298 851 Rursus
2327 765 2521 827 minus
2553 767 2901 848 prudenter,
2932 761 3108 851 atque
3160 761 3484 833 animosius
3526 772 3720 835 Hera-

2074 848 2245 910 cleon
2273 850 2402 931 ipse
2428 872 2563 915 cum
2609 873 2714 935 per
2770 848 3039 919 calceum
3091 857 3515 940 interpretatus
3562 870 3721 925 esset

2072 940 2397 1031 mundum,
2416 941 2489 1003 ad
2519 962 2645 1003 rem
2671 944 2853 1024 magis
2881 944 3127 1025 impiam
3152 947 3609 1031 transit,nempe
3642 952 3719 1013 ad

2074 1028 2662 1104 enuntiandum/meo
2689 1035 2895 1095 omnia
2924 1033 3186 1111 intelligi
3233 1037 3419 1099 etiam
3442 1028 3718 1117 Oper-tere

2072 1117 2149 1178 de
2176 1134 2437 1195 persona
2478 1137 2591 1197 per
2638 1119 2933 1184 Joannem
2986 1122 3291 1187 intellecta
3328 1126 3572 1206 (nempe
3594 1127 3718 1193 De-

2072 1206 2355 1285 miurgo).
2388 1206 2699 1271 Existimat
2721 1209 2879 1271 enim
2908 1211 3116 1273 mundi
3146 1213 3421 1293 opiﬁcem
3469 1215 3713 1279 inferio-

2069 1312 2198 1354 rem
2228 1295 2463 1357 Christo
2495 1297 2901 1374 exsistentem,
2935 1298 3050 1360 hoc
3075 1318 3183 1380 per
3205 1303 3330 1363 hinc
3360 1301 3541 1365 verba
3569 1303 3715 1367 fate-

2069 1383 2351 1463 ri;quod
2384 1392 2474 1446 est
2504 1385 2769 1446 omnium
2831 1387 3279 1466 impiissimum.
3331 1389 3478 1452 Nam
3534 1391 3712 1456 Pater

2069 1472 2171 1551 qui
2190 1473 2355 1561 misit
2370 1473 2728 1550 illum,Deus
2757 1476 3169 1552 viventium,ut
3190 1477 3363 1541 etiam
3391 1480 3520 1561 ipse
3541 1481 3717 1545 Jesus

2068 1560 2208 1621 565
2239 1569 2507 1644 testatur,
2538 1581 2754 1643 nempe
2784 1563 3133 1646 Abrahami,
3184 1565 3371 1630 Isaaci
3404 1560 3463 1630 et
3488 1570 3720 1647 Jacobi,

2070 1657 2127 1710 ct
2157 1649 2379 1711 idcirco
2410 1649 2698 1712 Dominus
2718 1652 2851 1713 caeli
2874 1660 2935 1713 et
2961 1660 3153 1731 terrae,
3186 1656 3342 1735 quod
3375 1675 3443 1718 ea
3482 1658 3721 1736 fecerit;

341 1763 432 1797 κεν
472 1743 621 1817 αὐτὰ,
672 1742 825 1805 οὗτος
867 1744 954 1800 καὶ
1012 1743 1173 1817 μόνος
1245 1740 1465 1820 ἆγαθὸς,
1512 1741 1601 1798 καὶ
1644 1742 1835 1817 μείζων
1892 1746 1983 1796 τοῦ

2076 1739 2165 1799 hic
2207 1738 2386 1800 etiam
2433 1738 2593 1801 solus
2624 1738 2837 1816 bonus,
2873 1749 2932 1801 et
2962 1742 3156 1822 major
3188 1749 3281 1804 est
3309 1744 3515 1810 misso.
3550 1746 3719 1820 Quod

339 1829 688 1907 πεμφθέντος.
749 1832 809 1888 Εἰ
850 1828 905 1886 δὲ
946 1834 1057 1905 καὶ,
1116 1831 1189 1894 ὡς
1247 1829 1666 1908 προειρήκαμεν,
1712 1826 1988 1907 ἀδρότερον

2076 1826 2122 1887 si
2156 1828 2348 1888 minus
2394 1826 2738 1908 prudenter,
2774 1837 2838 1891 ut
2867 1836 3046 1893 antea
3097 1829 3378 1913 diximus,
3409 1833 3482 1895 ab
3525 1834 3720 1897 Hera-

341 1918 584 1986 νενόηται
618 1920 703 1975 καὶ
747 1925 849 1985 πᾶς
906 1921 933 1975 6
982 1918 1182 1994 κόσμος
1238 1916 1489 1993 ὑπόδημα
1525 1921 1663 1974 εἶναι
1692 1918 1785 1972 τοῦ
1812 1916 1988 1983 Ἰησοῦ

2076 1915 2279 1977 cleone
2311 1916 2705 1995 excogitatum
2736 1924 2847 1993 est,
2880 1936 3121 1981 omnem
3148 1919 3326 1982 etiam
3354 1922 3596 1984 mudum
3618 1941 3718 1986 es-

338 2014 416 2081 τῷ
474 1999 817 2087 Ἠρακλέωνι,
876 2006 998 2064 ἀλλ’
1056 2007 1152 2064 οὒκ
1207 2006 1368 2083 οἶμαι
1425 2004 1536 2063 δεῖν
1606 2005 1986 2084 συγκατατίθε-

2076 2022 2135 2065 se
2164 2005 2631 2067 calceamentum
2659 2004 2822 2083 Jesu,
2880 2024 2999 2067 non
3043 2007 3306 2071 arbitror
3351 2019 3628 2091 Oportere
3654 2019 3724 2073 ut

339 2097 480 2155 σθαι.

2076 2092 2155 2154 illi
2188 2095 2607 2155 assentiamur.

1487 2199 1622 2266 Sub
1654 2200 1861 2280 ﬁnem
1905 2200 2066 2261 torni
2094 2200 2200 2280 IX,
2246 2218 2402 2280 pag.
2445 2200 2581 2263 148.

421 2311 510 2369 Ἐν
564 2316 640 2386 τῷ
721 2311 870 2384 τόπῳ
963 2314 992 2368 6
1064 2303 1365 2391 ’Πρακλέων
1450 2310 1755 2388 γενόμενος,
1815 2307 1987 2388 χωρὶς

2149 2304 2237 2367 Ad
2282 2305 2440 2366 hunc
2494 2306 2691 2368 locum
2719 2303 2786 2355 63
2810 2304 3145 2369 Heracleon
3192 2308 3464 2381 veniens,
3496 2308 3722 2392 absque

339 2400 519 2466 πάσης
615 2400 946 2469 κατασκευῆς
1045 2403 1133 2458 καὶ
1228 2398 1565 2480 παραθέσεως
1665 2399 1985 2477 μαρτυρίων,

2076 2393 2269 2474 aliqua
2299 2393 2646 2473 probatione
2667 2402 2725 2455 et
2754 2395 3196 2476 comparatione
3222 2398 3719 2472 testimoniorum,

337 2489 707 2569 ἀποφαίνεται,
781 2487 862 2545 ὅτι
916 2491 980 2546 τὸ
1058 2490 1180 2565 μὲν,
1256 2487 1451 2564 Ἀμνὸς
1520 2492 1613 2569 τοῦ
1681 2493 1840 2560 Θεοῦ,
1916 2486 1988 2548 ὠς

2076 2482 2342 2544 enuntiat
2385 2485 2674 2544 Joannem
2742 2489 3020 2563 tanquam
3082 2485 3428 2564 prapbetam
3491 2485 3721 2561 dicere,

337 2567 617 2657 προφήτης
674 2579 830 2657 φησὶν
874 2580 902 2634 6
946 2576 1234 2645 Ἰωάννης’
1282 2578 1343 2632 τὸ
1412 2575 1490 2651 δὲ,
1560 2567 1616 2632 Ὀ
1674 2573 1845 2654 αἴρων
1892 2573 1988 2640 τὴν

2076 2573 2280 2651 Agnus
2315 2573 2450 2649 Dei;
2485 2580 2544 2632 et
2574 2572 2731 2633 velut
2764 2572 2893 2653 plus
2916 2590 3090 2652 quam
3123 2574 3471 2653 prophetam
3493 2575 3716 2650 dicere,

339 2667 595 2743 ἁμαρτίαν
641 2672 738 2723 τοῦ
792 2666 1017 2742 κόσμου,
1092 2668 1166 2730 ὡς
1247 2665 1617 2743 περισσότερον
1693 2664 1988 2743 προφήτου.

2076 2661 2182 2739 qui
2212 2659 2416 2739 aufert
2442 2667 2752 2739 peccatum
2781 2659 3290 2732 mundi.Quoru1n
3322 2661 3582 2742 primum
3611 2680 3718 2725 ex-

341 2758 441 2816 Καὶ
484 2756 656 2815 οἴεται
698 2759 761 2814 τὸ
803 2759 902 2833 μὲν
969 2759 1223 2838 πρότερον
1278 2758 1397 2835 περὶ
1452 2763 1547 2813 τοῦ
1601 2756 1847 2832 σώματος
1892 2755 1988 2810 αὒ-

2078 2748 2295 2810 istimat
2327 2750 2402 2810 de
2432 2766 2685 2829 corpore
2721 2750 2849 2829 eius
2905 2748 3047 2822 dici,
3110 2749 3439 2811 secundum
3470 2768 3610 2812 vero
3642 2751 3718 2815 de

339 2845 430 2902 τοῦ
492 2845 758 2925 λέγεσθαι,
815 2848 876 2903 τὸ
935 2845 990 2902 δὲ
1016 2837 1021 2838 ⁷
1046 2845 1279 2925 δεύτερον
1334 2844 1453 2923 περὶ
1503 2851 1594 2901 τοῦ
1643 2844 1697 2901 ἐν
1739 2851 1816 2918 τῷ
1877 2844 1988 2900 σώ-

2078 2856 2173 2911 εο,
2201 2837 2358 2918 quod
2381 2843 2469 2899 est
2492 2837 2555 2898 in
2584 2837 3001 2918 corpore,quia
3026 2854 3215 2916 agnus
3244 2837 3630 2919 imperfectus
3647 2840 3725 2901 sit

342 2956 493 3010 ματι,
552 2940 632 3008 τῷ
682 2937 773 2991 τὸν
829 2935 995 3011 ἀμνὸν
1049 2934 1213 3003 ἀτελῆ
1274 2938 1412 2992 εἶναι
1465 2933 1519 2990 ἐν
1573 2938 1649 3006 τῷ
1704 2936 1811 2989 τῶν
1854 2955 1988 3011 προ-

2077 2927 2135 2987 in
2173 2926 2365 2987 ovium
2397 2944 2639 3004 genere,
2672 2935 2849 3006 atque
2881 2926 2997 2987 tale
3029 2926 3204 2987 etiam
3231 2926 3307 2987 sit
3336 2945 3549 3008 corpus
3566 2947 3726 2989 com-

341 3020 514 3080 ϐάτων
566 3022 750 3102 γένει’
795 3023 932 3080 οὕτω
985 3022 1041 3080 δέ
1098 3024 1185 3080 καὶ
1243 3023 1304 3079 τὸ
1375 3025 1531 3096 σῶμα
1572 3022 1854 3101 παραθέσει
1897 3028 1991 3079 τοῦ

344 3112 669 3176 ἒκοινοῦντος
753 3113 920 3187 αὐτῷ.
994 3113 1066 3171 Τό
1155 3108 1209 3167 δὲ
1300 3107 1503 3166 τέλειον
1598 3110 1643 3165 εἷ
1720 3108 1986 3185 ἐϐούλετο,

342 3201 492 3279 φησὶ,
527 3207 603 3275 τῷ
658 3200 866 3277 σώματι
924 3205 1278 3280 μαρτυρῆσαι,
1327 3198 1475 3277 κριὸν
1518 3198 1690 3255 εἰπεῖν
1716 3195 1814 3248 ὃν·
1864 3200 1992 3255 αὐτὸ

341 3290 403 3344 τὸ
453 3287 650 3364 μέλλον
692 3291 928 3351 θύεσθαι.

2079 3014 2384 3096 paratione
2401 3014 2792 3076 inhabitantis
2819 3016 2880 3075 in
2904 3014 3058 3095 ipso.
3083 3014 3521 3094 Perfeotionem
3549 3034 3717 3095 vero,

2073 3104 2265 3185 inquit
2292 3105 2348 3165 si
2374 3104 2617 3166 volebat
2644 3104 2885 3183 corpori
2929 3103 3286 3181 attribuere;
3318 3106 3573 3167 arietem
3621 3107 3721 3186 ip-

2072 3212 2205 3257 sum
2230 3191 2672 3256 immolandum
2701 3192 2977 3255 dixisset.

1677 3392 1780 3455 Ea:
1810 3400 1978 3455 tome
2006 3392 2084 3471 X,
2117 3406 2264 3469 pag.
2301 3388 2441 3451 158.

426 3492 483 3560 ”Ο
554 3501 801 3581 μέντοιγε
852 3493 1154 3582 Ἡρακλέων
1209 3503 1292 3577 τὸ,
1367 3501 1512 3559 Μετά
1580 3507 1735 3558 τοῦτο
1789 3496 1990 3567 κατέϐη

342 3591 418 3655 εἷς
489 3592 867 3671 Καφαρναοὺμ,
955 3594 1108 3658 αὐτὸς
1192 3589 1560 3669 διηγούμενος,
1621 3585 1761 3654 ἄλλη
1831 3587 1992 3645 πάλιν

342 3680 644 3755 οἰκονομίας
700 3680 876 3761 ἀρχὴν
941 3703 1071 3760 φησι
1127 3679 1430 3761 δηλοῦσθαι,
1491 3682 1586 3738 οὐκ
1640 3677 1814 3756 ἀργῶς
1874 3684 1988 3752 τοῦ,

341 3766 566 3843 κατέϐη,
612 3770 912 3849 εἰρημένου.
987 3773 1086 3829 Καὶ
1157 3792 1287 3838 φησι
1329 3769 1427 3836 τὴν
1474 3768 1828 3847 Καφαρναοὺμ
1885 3790 1993 3835 ση-

342 3858 545 3933 μαίνειν
600 3865 763 3915 ταῦτα
842 3859 911 3918 τὰ
978 3858 1182 3939 ἔσχατα
1254 3864 1345 3915 τοῦ
1412 3857 1637 3932 κόσμου,
1699 3864 1862 3914 ταῦτα
1930 3857 1997 3912 τὰ

337 3944 513 4021 ὑλικά,
554 3946 629 4009 εἷς
688 3944 723 4002 ἂ
765 3946 992 4015 κατῆλθε
1024 3964 1039 3980 ·
1087 3950 1175 4005 καὶ
1238 3945 1324 4002 διὰ
1385 3946 1448 4001 τὸ
1490 3945 1776 4017 ἀνοίκειον,
1837 3946 1992 4024 φησὶ,

340 4034 487 4091 εῖναι
543 4035 635 4092 τὸν
676 4034 861 4113 τόπον,
922 4035 1037 4094 οὒδὲ
1067 4033 1381 4105 πεποιηκώς
1411 4055 1463 4089 τι
1490 4031 1703 4112 λέγεται
1747 4031 1801 4088 ἐν
1834 4031 1989 4112 αὐτῇ,

338 4122 374 4192 i‘,
416 4120 733 4192 λελαληκὼς
745 4171 756 4185 .

2154 3496 2308 3559 Sane
2363 3494 2694 3557 Heracleon
2751 3493 2878 3575 ipse
2945 3493 3057 3555 hoc
3126 3512 3479 3577 exponens:
3515 3497 3724 3560 Postea

2074 3584 2372 3649 descendit
2404 3586 2471 3645 in
2494 3581 2933 3663 Capharnaum
2961 3582 3045 3658 83,
3080 3582 3325 3645 alterius
3358 3601 3564 3645 rursus
3593 3585 3721 3648 dis-

2077 3673 2439 3756 pensationis
2467 3670 2824 3753 principium
2870 3671 3017 3733 dicit
3070 3672 3364 3734 declarari
3387 3691 3557 3749 voce,
3580 3672 3722 3736 des-

2077 3763 2294 3837 cendit,
2332 3779 2449 3823 non
2479 3760 2670 3823 otiose
2702 3760 2880 3821 dicta.
2927 3760 3144 3842 Aitque
3190 3760 3338 3822 urbe
3371 3762 3722 3843 Capharnao

2079 3852 2399 3933 signiﬁcari
2451 3852 2580 3915 haec
2635 3857 2899 3912 extrema
2928 3850 3160 3925 mundi,
3210 3852 3337 3913 haec
3367 3850 3723 3929 inalerialia,

2076 3944 2148 4004 ad
2173 3961 2305 4023 qua:
2333 3939 2658 4003 descendit.
2693 3939 2769 4003 Et
2798 3938 2936 4019 quia
2975 3957 3092 4000 non
3122 3947 3315 4020 aptus,
3350 3938 3561 4022 inquit,
3597 3948 3727 4002 erat

2077 4031 2260 4105 locus,
2296 4030 2443 4092 nihil
2493 4030 2553 4091 in
2585 4047 2654 4091 ea
2688 4028 2923 4090 civitate
2952 4028 3043 4091 vel
3075 4028 3312 4111 fecisse,
3349 4028 3438 4094 vel
3487 4028 3723 4092 locutus

2076 4138 2206 4181 esse
2243 4119 2484 4182 dicitur.

1512 4228 1645 4293 Sub
1671 4228 1877 4309 ﬁnem
1908 4226 2067 4288 torni
2109 4228 2185 4307 Χ,
2214 4243 2367 4307 pag.
2408 4225 2544 4296 167.

423 4324 478 4394 Ὀ
540 4327 866 4414 Ἡρακλέων,
929 4338 1094 4413 Αὕτη,
1160 4341 1341 4421 φησὶν,
1425 4340 1461 4406 ἡ
1516 4335 1726 4415 μεγάλη
1803 4334 1980 4412 ἑορτὴ,

2119 4328 2475 4421 _Heracleon
2500 4345 2523 4421 :_
2550 4329 2690 4421 Haec
2731 4345 2984 4421 magna,
3028 4328 3245 4410 inquit,
3286 4336 3375 4391 est
3404 4329 3723 4421 festiuitas

336 4430 429 4481 τοῦ
489 4426 588 4505 γάρ
668 4429 866 4492 πάθους
922 4435 1013 4485 τοῦ
1070 4435 1324 4508 Σωτῆρος
1379 4427 1543 4489 τύπος
1621 4426 1710 4504 ᾖν,
1772 4421 1860 4479 ὅτε
1931 4424 1991 4480 οὗ

339 4514 499 4578 μόνον
555 4515 811 4595 ἀνῃρεῖτο
880 4519 942 4573 τὸ
1018 4515 1305 4597 πρόϐατον,
1391 4512 1526 4570 ἀλλά
1602 4513 1691 4570 καὶ
1747 4512 1990 4567 ἀνάπαυ-

338 4624 420 4659 σιν
503 4618 767 4685 παρεῖχεν
849 4605 1175 4681 ἐσθιόμενον.
1260 4605 1358 4664 Καὶ
1428 4603 1705 4678 θυόμενον,
1775 4601 1837 4655 τὸ
1894 4597 1994 4655 πά-

338 4693 425 4753 θος
453 4690 552 4741 8³³⁷⁵
600 4693 692 4751 τοῧ
745 4699 995 4774 Σωτῆρος
1049 4697 1111 4751 τὸ
1167 4694 1221 4751 ἐν
1263 4695 1450 4769 κόσμῳ
1506 4690 1792 4766 ἐσήμαινεν
1827 4704 1839 4719 ’
1897 4687 1991 4743 ὲσ-

339 4778 586 4854 θιόμενον
614 4779 691 4854 δὲ,
723 4782 822 4838 τῆν
852 4782 1143 4842 ἀνάπαυσιν
1172 4782 1272 4851 τῆν
1299 4781 1354 4838 ἐν
1381 4780 1561 4860 γάμῳ.

2070 4419 2172 4499 (de
2194 4418 2479 4505 Paschate
2509 4417 2813 4497 loquitur),
2838 4418 3045 4499 ﬁgura
3065 4421 3227 4481 enim
3242 4419 3546 4499 passionis
3568 4418 3720 4480 Ser-

2072 4512 2303 4571 vatoris
2314 4507 2715 4587 erat,quando
2730 4525 2847 4569 non
2857 4507 3053 4577 solum
3071 4505 3552 4587 interﬁciebatur
3570 4510 3722 4589 ovis,

2076 4615 2281 4659 verum
2300 4600 2478 4660 etiam
2500 4613 2731 4659 comesa
2755 4596 3057 4676 prabebat
3077 4602 3372 4676 requiem.
3404 4596 3485 4658 Et
3508 4599 3720 4659 immo-

2074 4685 2199 4748 lata
2221 4686 2458 4765 quidem
2470 4688 2808 4764 passionem
2830 4684 3167 4748 Servatoris
3181 4686 3242 4745 in
3272 4685 3498 4747 mundo
3524 4687 3722 4765 signi-

2072 4773 2317 4853 ﬁcabat;
2338 4791 2567 4836 comesa
2587 4790 2729 4836 vero
2753 4774 3021 4852 requiem
3031 4775 3308 4853 futuram
3330 4779 3399 4835 in
3425 4776 3678 4854 nuptiis.

1333 4885 1536 4966 Prope
1563 4882 1767 4963 ﬁnem
1798 4888 1950 4943 tom.
1984 4882 2093 4961 XI,
2128 4898 2286 4960 pag.
2322 4881 2429 4944 181
2466 4888 2519 4943 et
2549 4897 2719 4960 seqq.

421 4976 657 5065 ’Ἱδωμεν
704 4990 770 5046 τά
816 4979 1201 5071 ’Πρακλέωνος,
1272 4992 1330 5056 ὃς
1386 5011 1516 5071 φησι
1573 4987 1672 5054 τὴν
1698 4985 1766 5035 84
1821 4976 1983 5066 Ἱερο-

340 5073 546 5153 σόλυμα
601 5076 785 5135 ἄνοδον
867 5082 1143 5156 σημαίνειν
1198 5080 1263 5131 85
1327 5080 1427 5147 τὴν
1483 5078 1588 5134 ἀπὸ
1632 5080 1739 5132 τῶν
1794 5073 1987 5132 ὑλικῶν

338 5166 413 5228 εἷς
471 5166 564 5221 τὸν
651 5169 886 5246 ψυχικὸν
965 5170 1154 5241 τόπον,
1238 5168 1573 5248 τυγχάνοντα
1647 5164 1822 5220 εἰκόνα
1890 5167 1987 5231 τῆς

337 5252 707 5333 Ἰερουσαλὴμ,
783 5254 1035 5314 ἀνάϐασιν
1119 5264 1214 5315 τοῦ
1296 5256 1508 5337 Κυρίου.
1590 5255 1660 5311 Τὸ
1730 5250 1809 5332 δὲ,
1897 5254 1987 5308 εὗ-

337 5364 423 5422 ρεν
481 5342 535 5401 ἐν
578 5350 656 5417 τῷ
710 5345 858 5425 ἱερῷ,
903 5348 991 5404 καὶ
1033 5347 1155 5428 οὐχὶ
1213 5353 1319 5405 τῶν
1365 5345 1475 5402 ἅνω
1504 5342 1677 5400 οἴεται
1726 5343 1983 5420 εἰρῆσθαι,

335 5432 465 5507 ὑπὲρ
519 5435 612 5489 τοῦ
642 5432 719 5508 μὴ
767 5435 866 5505 τήν
917 5435 1112 5505 κλῆσιν
1169 5438 1339 5513 μόνην
1396 5437 1649 5501 νοηθῆναι
1705 5430 1804 5513 τῆν
1860 5452 1984 5510 χω-

335 5522 409 5600 ρὶς
468 5521 774 5598 Πνεύματος
822 5524 1131 5600 βοηθεῖσθαι
1171 5510 1281 5584 υπὸ
1332 5527 1426 5583 τοῦ
1468 5522 1678 5601 Κυρίου.
1741 5510 1985 5598 Ἠγεῖται

2151 4983 2472 5047 Videamus
2503 5003 2634 5066 quae
2660 4983 2986 5046 Heracleon
3005 4983 3720 5067 dicat,inquiens,Domi-

2068 5075 2223 5136 mini
2246 5090 2567 5136 ascensum
2594 5073 2673 5135 ad
2694 5072 3135 5153 Jerosolymam
3155 5073 3220 5124 86
3246 5074 3600 5154 significare
3616 5093 3719 5138 as-

2069 5180 2311 5224 censum
2332 5182 2367 5222 a
2389 5161 2801 5225 materialibus
2821 5162 2899 5225 ad
2920 5162 3245 5225 animalem
3268 5164 3722 5243 locum,imagi-

2068 5269 2205 5312 nem
2218 5252 2596 5313 exsistentem
2611 5249 3182 5329 Jerosolymaelllud
3201 5250 3644 5325 etiam,invenit
3656 5254 3722 5317 in

2071 5340 2433 5420 templo,non
2448 5339 2666 5400 dictum
2684 5338 2713 5398 t‘
2711 5338 2868 5399 uisse
2884 5337 3228 5401 existimans
3241 5338 3317 5400 de
3331 5337 3478 5400 locis
3502 5357 3720 5421 super-

2070 5428 2267 5508 nis,ne
2284 5427 2758 5507 intelligeremus
2781 5428 3149 5490 vocationem
3172 5428 3359 5491 solam
3385 5427 3515 5490 sine
3534 5427 3721 5511 Spiri-

2067 5525 2161 5579 tus
2182 5534 2293 5596 ope
2305 5516 2571 5597 adjuvari
2591 5515 3229 5581 aDomino.Existimat
3244 5517 3403 5581 enim
3432 5521 3717 5602 templum

411 5647 479 5737 ΒΞ
504 5650 747 5737 10:91,},
770 5651 871 5719 29,
915 5656 1003 5708 82⁸
1031 5656 1167 5721 For.
1202 5657 1348 5737 κριὸν
1377 5653 1439 5712 ἂν
1461 5652 1638 5713 εἶπεν.
1680 5648 1744 5699 35
1767 5647 1938 5712 Joan.
1970 5664 1988 5712 l

2076 5651 2170 5713 12.
2222 5651 2296 5695 8³·
2330 5653 2428 5717 Sic
2451 5651 2583 5715 cod.
2620 5651 2787 5715 Bodl.
2833 5653 3062 5734 841.03.
3095 5657 3166 5722 εἰς
3189 5657 3310 5727 τήν.
3358 5655 3422 5708 85
3449 5657 3552 5724 Sic
3577 5662 3716 5726 cod.

333 5728 505 5791 Bodl.
592 5729 655 5781 86
680 5728 851 5798 JOan.
885 5752 949 5816 II,
989 5738 1061 5803 i3
1090 5728 1258 5821 seqq'.
