4096 6396
379 277 403 338 1
420 276 537 342 299

1274 278 1664 343 APPENDIX
1707 279 1807 340 AD
1850 272 2189 351 QUINQUE
2232 271 2523 333 lREN/EI
2567 272 2858 335 LIBROS.

3598 264 3756 331 1300

376 428 510 472 esse
538 412 754 473 Sancta
785 411 1215 486 sanctorum,in
1230 429 1361 492 qua
1390 411 1554 472 solus
1574 428 1843 472 summus
1872 426 2041 491 pon-.

2098 403 2197 482 γὰρ
2239 403 2306 459 τὰ
2332 403 2433 492 μὲν
2494 392 2666 482 υΑγια
2694 410 2801 460 τῶν
2852 405 3017 492 ἁγίων
3053 406 3195 461 εἶναι
3247 406 3309 461 τὸ
3363 405 3526 483 ἱερὸν,
3579 404 3663 492 ,είς
3724 400 3759 457 ἃ

375 497 514 560 tifex
531 497 1130 579 ingrediebatur,quo
1161 499 1336 561 etiam
1361 498 1656 579 proﬁcisci
1678 498 2017 580 spirituales

376 586 631 649 arbitror
664 586 829 648 illum
862 586 1089 664 dicere;
1139 586 1488 650 vestibulum
1510 605 1674 664 vero,
1713 586 1815 648 ubi
1835 588 2015 649 etiam

378 677 596 738 Levita
625 675 1152 752 erant,arbitratur
1181 676 1510 757 symbolum
1544 695 1675 737 esse
1706 678 2014 757 psychico-

374 783 532 839 rum,
564 767 663 845 qui
688 764 1075 827 inveniuntur
1101 765 1162 826 in
1193 765 1381 827 salute
1408 772 1574 827 extra
1604 764 1895 829 Pleroma.
1921 764 2014 828 Ad

376 854 807 927 hac,inventos
835 853 896 914 in
927 855 1148 935 templo
1179 853 1502 916 vendentes
1552 852 1752 930 boves,
1784 872 1922 915 oves
1959 862 2018 915 et

374 942 767 1016 columbas,et
786 942 1065 1004 sedentes
1092 942 1443 1019 mensarios,
1468 942 1588 1004 dici
1617 943 1887 1023 exposuit
1911 962 2015 1024 pro

375 1031 599 1112 his,qui
629 1031 777 1094 nihil
807 1031 1009 1111 gratia
1039 1031 1436 1109 tribuunt,sed
1478 1040 1866 1093 mercaturam
1901 1051 2015 1113 pu—

374 1127 503 1182 tant
533 1127 591 1181 et
643 1120 898 1196 lucrum,
947 1120 1251 1200 ingressus
1300 1128 1714 1183 extraneorum
1764 1120 1825 1180 in
1857 1127 2014 1181 tem-

376 1208 559 1289 plum;
591 1208 884 1281 victimas,
944 1208 1166 1289 proprii
1199 1208 1349 1271 lncri
1405 1215 1464 1269 et
1509 1208 1768 1270 avaritia
1812 1226 2011 1290 causa,

372 1296 443 1357 ad
478 1297 700 1359 cultum
733 1297 839 1359 Dei
854 1298 1324 1379 suppeditantes.
1357 1296 1526 1369 Quod
1559 1304 1756 1358 autem
1785 1299 1959 1359 Jesus
1980 1315 2014 1359 e

372 1384 653 1448 funiculis
681 1386 890 1448 fecerit
917 1386 1239 1467 ﬂagellum,
1272 1404 1390 1447 non
1422 1384 1497 1446 ab
1527 1385 1641 1447 alio
1671 1385 1816 1447 illud
1847 1389 2011 1447 acci-

374 1474 544 1554 piens
572 1492 680 1535 suo
704 1492 879 1537 more
908 1475 1180 1554 explicat,
1205 1474 1434 1548 dicens,
1471 1473 1766 1553 ﬂagellum
1797 1474 2012 1554 imagi-

371 1564 786 1625 nem556esse
808 1564 1082 1644 potentia
1103 1571 1161 1624 et
1181 1563 1544 1644 operationis
1561 1561 1816 1643 Spiritus
1834 1581 2012 1624 sanc-

376 1651 583 1722 ti,ﬂatu
594 1651 2013 1752 expellentis‘malos.ArfﬁrmatqueﬂagellumJi-
2036 1703 2075 1752 Β

371 1740 954 1818 num,sindonem,et
975 1748 1194 1802 caetera
1215 1741 1730 1820 talia,imaginem
1758 1759 1882 1803 esse
1899 1759 2010 1820 po-

372 1828 571 1889 tentia
597 1834 661 1889 et
682 1829 1044 1908 operationis
1071 1827 1348 1908 Spiritus
1378 1830 1598 1891 sancti.
1626 1831 1839 1891 Postea
1868 1828 2014 1890 illud

370 1914 620 1995 insuper
649 1915 763 1977 sibi
787 1916 991 1978 tribuit
1026 1917 1181 1997 quod
1212 1917 1497 1997 scriptum
1535 1936 1652 1979 nou
1677 1930 1794 1992 est,
1828 1917 2011 1979 nimi-

370 2020 505 2063 rum
524 2002 679 2084 quod
702 2004 994 2084 ﬂagellum
1015 2004 1087 2066 ad
1110 2005 1333 2084 lignum
1360 2004 1601 2085 ligatum
1635 2006 1834 2079 fuerit;
1854 2005 2010 2087 quod

371 2091 596 2168 lignum
625 2092 1047 2173 interpretatus
1078 2102 1167 2154 est
1217 2095 1462 2173 ﬁguram
1495 2113 1626 2156 esse
1656 2096 1873 2170 crucis,
1908 2096 2014 2157 hoc

370 2179 555 2259 ligno,
615 2179 843 2261 dicens,
900 2189 1279 2262 consumptos
1325 2190 1380 2245 et
1420 2184 1644 2246 deletos
1692 2184 2008 2254 aleatores,

368 2277 1115 2350 mercatores,omnemque
1136 2271 1588 2334 malitiam.Nec
1619 2273 1742 2333 scio
1769 2291 2015 2353 quomo-

370 2356 444 2419 do
466 2359 873 2436 nugansdicat
900 2359 1197 2437 ﬂagellum
1226 2379 1295 2422 ex
1328 2361 1495 2423 hisce
1547 2360 1777 2423 duabus
1829 2359 2012 2422 rebus

369 2454 633 2525 paratum
662 2446 865 2523 fuisse,
893 2448 1202 2528 inquirens
1232 2449 1391 2530 quod
1416 2468 1449 2510 a
1475 2447 1508 2511 J
1515 2468 1613 2511 ese
1638 2450 1853 2512 factum
1880 2448 2006 2511 fuit:

367 2532 573 2614 Neque
601 2539 759 2597 enim
793 2554 864 2598 ex
895 2537 1074 2617 pelle,
1094 2536 1547 2618 inquit,mortua
1577 2538 1724 2599 illud
1756 2538 1918 2613 fecit,
1947 2547 2013 2600 ut

369 2621 695 2686 Ecclesiam
754 2625 1016 2689 efﬁceret
1063 2646 1181 2688 non
1229 2627 1483 2707 amplius
1538 2627 1884 2708 speluncam
1918 2627 2010 2688 la-

368 2719 603 2773 tronum
635 2721 691 2774 et
723 2723 1142 2788 mercatorum,
1165 2716 1270 2777 sed
1299 2715 1540 2777 domum
1574 2716 1763 2779 Patris
1794 2715 1907 2778 sui.

2101 492 2259 569 μόνος
2319 490 2600 571 ἀρχιερεὺς
2658 493 2831 567 είσίει,
2890 491 3010 550 ἔνθα
3091 493 3282 570 οἴομαι
3351 492 3509 552 αὐτὸν
3578 489 3756 570 λέγειν

2097 582 2217 647 τοὺς
2288 581 2677 656 πνευματικοὺς
2719 594 2925 662 χωρεῖν
2958 599 2974 617 '
3019 582 3086 639 τὰ
3130 580 3186 638 δὲ
3217 582 3465 662 προνάου,
3500 579 3633 639 ὅπου
3669 580 3761 635 καὶ

2100 671 2148 727 οἱ
2204 675 2444 742 Λευῖται,
2495 667 2758 746 σύμϐολον
2821 674 2962 727 εἶναι
3017 678 3124 728 τῶν
3166 669 3265 736 ἔξω
3306 676 3398 727 τοῦ
3444 668 3757 748 Πληρώμα-

2098 780 2188 822 τος
2248 760 2522 840 ψυχικῶν,
2570 759 2957 839 εὕρισκομένων
3014 759 3070 817 ἐν
3128 760 3386 837 σωτηρίᾳ,
3444 760 3585 836 Πρὸς
3626 758 3757 814 τού-

2096 868 2231 924 τοις,
2290 849 2412 914 τοὺς
2482 848 2884 928 εὖρισκομένους
2956 849 3011 906 ἐν
3093 855 3171 924 τῷ
3225 852 3373 929 ἱερῷ,
3446 846 3756 910 πωλοῦντας

2097 935 2250 1013 βόας,
2307 939 2396 993 καὶ
2446 935 2705 1015 πρόϐατα,
2770 939 2857 994 καὶ
2914 938 3245 1017 περιστερᾶς,
3306 938 3393 993 καὶ
3448 937 3571 1001 τοὺς
3621 939 3758 991 καθ-

2096 1025 2326 1100 ημένους
2381 1027 2760 1106 κερματιστὰς,
2833 1025 3098 1093 ἐξεδέξατο
3166 1026 3410 1105 λέγεσθαι
3467 1026 3581 1081 ἀντὶ
3649 1031 3758 1081 τῶν

2097 1113 2265 1190 μηδὲν
2297 1137 2479 1195 χαριτι
2511 1114 2782 1190 διδόντων,
2830 1113 2949 1171 ἀλλ’
3004 1115 3258 1195 ἐμπορίαν
3290 1115 3377 1172 καὶ
3416 1111 3599 1193 κέρδος
3657 1113 3759 1179 τὴν

2093 1209 2199 1259 τῶν
2254 1201 2413 1268 ξένων
2459 1205 2533 1267 είς
2584 1207 2645 1261 1b
2703 1206 2843 1283 ἱερὸν
2890 1201 3099 1261 εἴσοδον
3129 1205 3475 1280 νομιζόντων,
3508 1209 3600 1259 τοῦ
3628 1200 3759 1258 ἰδίου

2094 1290 2304 1371 κέρδους
2361 1293 2457 1349 καὶ
2505 1292 2845 1373 φιλαργυρίας
2904 1291 3102 1373 ἕνεκεν,
3173 1294 3269 1356 τὰς
3338 1294 3412 1355 είς
3486 1292 3589 1360 τὴν
3645 1290 3755 1347 λα-

2093 1381 2268 1459 τρείαν
2319 1388 2413 1439 τοῦ
2466 1384 2598 1439 Θεοῦ
2637 1382 2815 1446 θυσίας
2860 1383 3266 1461 χορηγούντων.
3331 1382 3428 1439 Καὶ
3469 1384 3531 1437 τὸ
3574 1403 3754 1461 φραγ-

2096 1468 2272 1547 γέλιον
2320 1470 2376 1527 δὲ
2429 1475 2750 1539 πεποιῆσθαι
2808 1471 2869 1528 ἐκ
2923 1473 3177 1552 σχοινίων
3232 1472 3334 1527 ὑπὸ
3403 1473 3494 1528 τοῦ
3551 1469 3752 1543 Ἰησοῦ,

2097 1559 2221 1639 οὖχὶ
2277 1559 2401 1639 παρ’
2473 1558 2635 1620 ἄλλου
2702 1557 2982 1641 λαϐόντος,
3037 1559 3347 1640 ἰδιοτρόπως
3399 1558 3669 1638 an:an
3682 1581 3751 1631 ει,

2098 1647 2269 1726 λέγων
2320 1651 2382 1705 τὸ
2441 1648 2760 1729 φραγγέλιον
2805 1650 2979 1706 εἰκόνα
3030 1650 3313 1728 τυγχάνειν
3340 1647 3404 1697 87
3460 1653 3561 1715 τῆς
3590 1646 3753 1704 δυνά-

2097 1758 2263 1812 μεως,
2323 1740 2412 1794 καὶ
2454 1737 2717 1815 ἐνεργείας
2747 1738 2840 1794 τοῦ
2887 1738 3034 1815 ἁγίου
3094 1737 3427 1817 Πνεύματος,
3479 1736 3756 1817 ἐκφυσῶν-

2093 1848 2185 1889 τος
2248 1826 2370 1890 τοὺς
2433 1828 2707 1907 χείρονας.
2770 1827 2870 1884 Καί
2919 1848 3071 1906 φησι,
3133 1827 3196 1881 τὸ
3266 1823 3610 1905 φραγγὲλιον,
3666 1828 3756 1883 καὶ

2095 1916 2156 1971 τὸ
2223 1914 2387 1996 λίνον,
2471 1917 2559 1972 καὶ
2637 1917 2734 1983 τὴν
2821 1912 3051 1988 σινδόνα,
3140 1915 3228 1970 καὶ
3316 1912 3415 1970 ὅσα
3507 1914 3748 1995 τοιαῦτα,

2095 2002 2300 2067 είκόνας
2401 2009 2497 2071 τῆς
2578 2001 2847 2079 δυνάμεως
2935 2004 3023 2060 καὶ
3097 2008 3198 2070 τῆς
3273 2003 3536 2081 ἐνεργείας
3607 2003 3751 2059 εἶναι

2096 2099 2189 2148 τοῦ
2244 2093 2391 2170 ἁγίου
2467 2093 2794 2168 Πνεύματος,
2891 2081 3129 2150 ’Ἔπειτα
3186 2092 3357 2164 ἐαυτῷ
3425 2090 3752 2171 «pausa-qq):

2094 2182 2157 2237 τὸ
2201 2182 2279 2256 μὴ
2336 2181 2728 2261 γεγραμμένον,
2792 2183 2866 2245 ὡς
2936 2179 3035 2261 ἄρα
3106 2181 3180 2243 εἰς
3238 2177 3388 2245 ξύλον
3445 2176 3651 2237 ἐδέδετο
3693 2183 3753 2235 τὸ

2095 2268 2437 2350 φραγγέλιον,
2489 2269 2618 2349 ὅπερ
2661 2268 2810 2336 ξύλον
2852 2270 2917 2320 88
2957 2271 3120 2326 τύπον
3176 2266 3417 2325 ἐκλαϐὼν
3460 2269 3605 2325 εἶναι
3660 2276 3751 2326 τοῦ

2097 2361 2342 2438 σταυροῦ,
2375 2360 2504 2439 φησὶ
2552 2360 2719 2432 τούτῳ
2762 2364 2839 2433 τῷ
2895 2356 3031 2432 ξύλῳ
3083 2356 3411 2429 ἀνηλῶσθαι,
3473 2359 3561 2414 καὶ
3617 2359 3753 2439 ipp:-

2095 2448 2261 2503 νίσθαι
2318 2447 2439 2512 τοῦς
2511 2445 2787 2521 κυϐευτὰς,
2847 2447 3133 2527 ἐμπόρους,
3222 2448 3309 2503 καὶ
3383 2452 3560 2502 πᾶσαν
3646 2448 3747 2514 τὴν

2093 2538 2307 2596 κακίαν.
2371 2538 2466 2595 Καὶ
2527 2537 2622 2593 οὐκ
2668 2535 2778 2594 οἶδ’
2843 2536 2990 2600 ὅπως
3033 2534 3278 2616 φλυαρῶν
3335 2557 3497 2615 φησιν
3554 2535 3614 2592 ἐκ
3664 2534 3751 2593 δύο

2093 2626 2291 2682 τούτων
2394 2626 2721 2705 πραγμάτων
2827 2623 3145 2706 φραγγέλιον
3250 2625 3747 2700 κατασκευάζεσθαι,

2095 2721 2270 2786 ζητῶν
2298 2716 2359 2770 τὸ
2388 2716 2490 2771 ὑπὸ
2531 2714 2624 2770 τοῦ
2669 2715 2846 2782 Ἰησοῦ
2884 2714 3192 2792 γενόμενον.
3228 2718 3300 2772 Οὔ
3342 2714 3443 2793 γὰρ
3473 2713 3536 2770 ἐκ
3564 2712 3754 2793 δέρμα-

364 2823 477 2875 τος,
524 2805 672 2882 φησὶ,
746 2811 927 2883 νεκροῦ
983 2805 1229 2873 ἐποίησευ
1278 2807 1426 2886 αὺτὸ,
1501 2805 1591 2863 ἵνα
1659 2808 1758 2873 την
1827 2804 2152 2872 Ἐκκλησίαν
2208 2803 2580 2880 κατασκευάσῃ
2652 2803 2827 2860 οὺκέτι
2884 2801 3098 2880 λῃστῶν
3152 2803 3240 2859 καὶ
3307 2801 3558 2882 ἐμπόρων
3601 2805 3750 2874 σπή-

364 2888 536 2971 λαιον,
569 2890 692 2968 ἆλλ,
722 2894 876 2950 οἶκον
919 2904 1012 2953 τοῦ
1040 2896 1243 2974 Πατρός
1274 2898 1453 2958 αὑτοῦ.

1442 3000 1521 3062 Et
1549 3005 1623 3062 in
1651 3002 1788 3081 ipso
1834 3001 1960 3081 ﬁne
1990 3001 2149 3062 tomi
2179 3001 2287 3082 XI,
2319 3017 2485 3082 pag.
2522 2996 2659 3063 183.

439 3099 891 3164 Inobservanter
917 3101 1242 3167 Heracleon
1265 3102 1440 3169 illud:
1462 3108 1515 3167 Ζ
1519 3105 1653 3168 elus
1664 3107 1873 3169 domus
1894 3117 2012 3170 tuae
2032 3121 2041 3162 ι

2181 3107 2636 3185 ’Λπαρατηρήτως
2696 3108 2724 3162 ὁ
2779 3096 3083 3184 ’Πρακλέων
3138 3104 3309 3162 οἴεται
3351 3104 3442 3186 τὸ,
3487 3095 3545 3163 Ὀ
3589 3104 3751 3176 ζῆλος

360 3190 617 3253 comedit
636 3209 730 3253 me
747 3191 834 3269 89,
870 3193 986 3255 dici
1017 3203 1182 3275 putat
1204 3214 1272 3256 ex
1297 3213 1553 3276 persona
1585 3213 1786 3257 earum
1808 3205 2009 3274 potes-

2095 3205 2188 3256 τοῦ
2272 3198 2423 3255 οἴκου
2498 3218 2590 3252 σου
2667 3196 3030 3274 καταφάγεται
3117 3217 3185 3270 με
3220 3214 3235 3229 ·
3332 3194 3393 3251 ἐκ
3462 3194 3754 3274 προσώπου

363 3285 571 3359 tutum,
604 3297 735 3359 qua
764 3280 969 3360 ejecta
1001 3283 1313 3344 fueruntet
1335 3291 1700 3364 consumpta
1729 3302 1763 3345 a
1794 3284 2010 3347 Serva-

2095 3294 2199 3345 τῶν
2254 3284 2611 3353 ἐκϐληθέντων
2653 3286 2743 3341 καὶ
2799 3283 3175 3341 ἀναλωθέντων
3216 3285 3318 3340 ὑπὸ
3346 3283 3440 3340 τοῦ
3497 3289 3752 3361 Σωτῆρος

362 3375 509 3443 tore,
537 3385 655 3428 non
683 3368 884 3430 valens
910 3370 1125 3431 seriem
1178 3371 1503 3452 prophetia
1535 3374 1592 3433 in
1644 3374 2008 3453 psalmoser-

2095 3374 2363 3452 δυνάμεων
2426 3373 2693 3451 λέγεσθαι,
2756 3372 2834 3448 μὴ
2877 3371 3162 3447 δυνάμενος
3246 3374 3339 3429 τὸν
3403 3374 3584 3452 εἱρμὸν
3652 3380 3752 3439 τῆς

359 3472 518 3518 vare.
552 3456 701 3517 Nam
734 3456 785 3517 si
814 3457 939 3519 hac
980 3458 1388 3538 intelligantur
1447 3479 1515 3522 ex
1579 3461 1902 3541 ejectarum
1953 3472 2012 3525 et

2095 3465 2147 3522 ἐν
2178 3471 2254 3540 τῷ
2298 3461 2498 3540 ψαλμῷ
2526 3464 2853 3542 προφητείας
2883 3466 3140 3539 τηρῆσαι,
3174 3459 3487 3536 Νοουμένων
3531 3462 3632 3540 γὰρ
3659 3459 3751 3539 90,

359 3552 844 3624 consumptarum
879 3554 1233 3626 potestatum
1286 3566 1563 3629 persona,
1610 3549 1749 3626 dici,
1795 3570 2008 3613 conse-

2095 3554 2152 3610 ἐκ
2203 3556 2488 3632 πρεσωπου
2530 3558 2637 3607 τῶν
2694 3546 3056 3617 ἐκϐληθέντων
3106 3551 3193 3606 καὶ
3245 3548 3621 3606 ἀναλωθέντων
3650 3548 3754 3601 90"

361 3651 550 3711 quens
582 3640 698 3709 est,
727 3635 892 3713 juxta
922 3636 1050 3715 ejus
1099 3636 1464 3717 opinionem,
1504 3638 1580 3701 de
1636 3640 1781 3720 ipsis
1831 3644 2006 3703 etiam

2095 3640 2358 3719 δυνάμεων
2404 3639 2686 3720 λέγεσθαι,
2767 3637 3054 3695 ἀκόλουθον
3133 3636 3188 3694 δὲ
3251 3638 3360 3695 ἐστι
3419 3638 3542 3694 κατ’
3593 3642 3752 3697 αζτὸν

359 3722 477 3784 dici
499 3722 601 3784 illa
631 3744 647 3785 :
680 3724 987 3787 Dederunt
1015 3728 1084 3788 in
1113 3744 1314 3790 escam
1339 3746 1542 3792 meum
1571 3718 1760 3808 felt”;
1786 3749 1919 3811 qua
1946 3732 2006 3793 in

2095 3730 2176 3786 καὶ
2242 3731 2329 3804 τὸ,
2403 3718 2658 3786 ’Ἑδωκαν
2720 3729 2794 3792 είς
2853 3728 2915 3783 τὸ
2983 3727 3172 3804 βρῶμα
3228 3749 3331 3803 μου
3401 3725 3603 3807 χολὴν,
3658 3731 3752 3785 καὶ

360 3812 571 3900 eodem
603 3812 822 3894 scripta
852 3824 994 3877 sunt.
1015 3816 1265 3896 psalmo.
1302 3815 1441 3893 Sed,
1475 3826 1536 3879 ut
1557 3818 1868 3900 probabile
1892 3830 2001 3895 est,

2095 3817 2176 3875 ἐπ’
2233 3817 2445 3874 ἐκείνων
2501 3816 2768 3896 λέγεσθαι,
2827 3815 2881 3872 ἐν
2922 3822 3000 3890 τῷ
3073 3818 3215 3890 αὐτῷ
3273 3817 3753 3897 ἀναγεγραμμένον

355 3898 523 3988 illum
542 3900 797 3964 turbavit
818 3921 944 3978 vox,
981 3906 1265 3978 comedit,
1291 3898 1724 3988 perindequasi
1756 3908 2008 3972 aChris-

2095 3905 2316 3983 ψαλμῷ.
2370 3904 2520 3963 Ἀλλ’
2576 3909 2651 3971 ὡς
2695 3907 2859 3979 εἰκὸς,
2907 3902 3153 3984 ἐτάραξεν
3211 3905 3370 3962 αυτὸν
3427 3909 3515 3978 τὸ,
3571 3928 3752 3963 κατα-

359 3996 415 4049 to
447 3987 566 4050 dici
587 4008 706 4079 non
736 4000 959 4072 posset,
993 4012 1111 4055 non
1142 3994 1442 4057 videntem
1478 3987 1706 4058 morem
1737 3996 2009 4079 Scriptu-

2095 3997 2317 4076 φάγεταί
2374 4017 2464 4071 με,
2528 3997 2601 4060 ὡς
2661 3996 2738 4071 μὴ
2792 3992 3079 4070 δυνάμενον
3134 3995 3236 4051 ὑπὸ
3281 4002 3509 4073 Χριστοῦ
3564 3995 3753 4074 ἀπαγ-

357 4095 583 4153 rarum,
612 4078 918 4142 hominum
944 4082 1188 4145 aﬂ‘ectus
1216 4083 1337 4146 Deo
1381 4096 1441 4147 et.
1470 4084 1705 4147 Christo
1737 4078 2013 4149 tribuen-

2096 4084 2396 4165 γέλλεσθαι,
2442 4087 2503 4143 οὔ
2544 4095 2822 4166 χωροῦντα
2878 4086 2940 4140 τὸ
2996 4082 3110 4150 ἔθος
3166 4089 3273 4141 τῶν
3317 4085 3754 4165 ἂνθρωποπαθῶν

358 4167 529 4230 tium.
2094 4176 2211 4255 περὶ
2243 4181 2375 4232 Θεοῦ
2402 4177 2493 4231 καὶ
2520 4176 2747 4254 Χριστοῦ
2773 4173 2973 4253 λόγων.

1624 4283 1724 4345 Ea:
1764 4292 1931 4346 tomo
1965 4280 2095 4362 XII,
2126 4298 2281 4362 pag.
2319 4280 2459 4344 187.

434 4378 797 4458 Heracleon,
829 4385 895 4446 in
917 4384 1142 4462 tribus,
1175 4385 1339 4468 dicit,
1370 4405 1476 4467 pro
1500 4406 1571 4449 eo
1597 4388 1753 4469 quod
1782 4397 1892 4466 est,
1938 4391 2041 4450 in]

2172 4378 2229 4447 Ὀ
2284 4378 2586 4467 ’Πρακλέων
2637 4389 2723 4469 τὸ,
2783 4387 2837 4444 ἐν
2895 4389 3054 4467 τρισὶ,
3115 4387 3297 4465 φησὶν,
3357 4387 3473 4442 ἀντὶ
3514 4386 3629 4458 τοῦ,
3700 4386 3759 4443 ἐν

359 4470 546 4533 tertia
567 4470 653 4546 93,
679 4490 796 4534 non
818 4482 1220 4553 perscrutatus
1249 4478 1542 4557 (quamvis
1574 4478 1792 4539 notarit
1814 4497 1996 4540 vocu-

2095 4477 2253 4555 ερίτῃ,
2314 4478 2389 4551 μὴ
2457 4475 2744 4555 ἐρευνήσας
2789 4477 3056 4555 (καίτοιγε
3114 4476 3408 4544 ἐπιστήσας
3451 4482 3530 4547 τῷ
3571 4474 3636 4525 93
3695 4476 3755 4532 ἐν

355 4558 470 4619 lam
518 4558 731 4642 tribus)
780 4562 1075 4641 quomodo
1124 4565 1184 4626 in
1215 4564 1404 4627 tribus
1433 4565 1645 4628 diebus
1691 4576 2003 4647 peragatur

2095 4566 2441 4647 :piot),“1rd3;
2485 4565 2539 4623 ἐν
2599 4566 2765 4644 τρισὶν
2821 4567 2856 4633 ἡ
2919 4565 3209 4626 ἀνάστασις
3259 4565 3553 4640 ἐνερθεϊται
3604 4566 3760 4642 ἡγέ-

354 4648 719 4711 resurrectio
730 4649 942 4731 .Atque
966 4653 1141 4714 etiam
1158 4660 1444 4732 praterea
1466 4642 1707 4717 tertiani
1719 4642 1879 4718 diem
1892 4674 2002 4736 ap-

2095 4642 2222 4731 οαις,
2250 4642 2405 4710 ”Ἐτι
2460 4652 2517 4709 δὲ
2569 4642 2657 4710 καὶ
2697 4653 2798 4722 τὴν
2855 4652 3036 4731 τρίτην
3086 4653 3215 4732 φησί
3246 4651 3347 4718 τὴν
3377 4650 3757 4728 πνευματξκὴν

355 4736 535 4817 pellat
552 4739 1037 4819 spiritualem,in
1057 4760 1172 4822 qua
1192 4741 1480 4804 declarari
1498 4751 1706 4824 putant
1724 4743 2006 4806 Ecclesia

2095 4742 2310 4821 ἡμέραν,
2356 4742 2412 4799 ἐν
2454 4743 2490 4819 ᾗ
2547 4744 2749 4800 οἴονται
2800 4740 3081 4810 δηλοῦσθαι
3128 4741 3228 4807 τὴν
3270 4746 3369 4807 τῆς
3420 4738 3627 4809 Ἐκκλτι
3676 4745 3759 4811 ἀς

353 4828 882 4892 resurrectionem.
914 4827 1019 4891 His
1041 4848 1411 4911 consequens
1442 4841 1545 4893 est.
1570 4841 1633 4894 ut
1664 4832 1854 4913 prima
1874 4834 2005 4895 dies

2095 4832 2391 4894 Ξινάστασιν.
2452 4834 2660 4891 Τούτων
2691 4832 2746 4889 δὲ
2802 4830 3087 4888 ἀκόλουθόν
3122 4830 3257 4903 ἐστι,
3323 4830 3543 4908 πρώτην
3572 4831 3761 4912 λὲγειν

356 4916 676 4993 terrestris,
712 4917 976 4979 secunda
1001 4919 1273 4982 animalis
1303 4920 1684 5001 dicatur,non
1714 4920 1865 4983 facta
1886 4921 2002 4983 Ec-

2095 4922 2229 4978 εἶναι
2273 4923 2371 4989 τὴν
2422 4924 2624 5003 χοϊκὴν
2680 4922 2907 5001 ἡμέραν,
2959 4922 3048 4977 καὶ
3089 4920 3189 4986 τὴν
3219 4917 3470 4997 δευτέραν
3509 4921 3609 4989 τὴν
3640 4927 3762 4996 ςςυ..

355 5003 553 5067 clesia
573 5011 1014 5069 resurrectione
1037 5008 1098 5069 in
1128 5007 1297 5089 ipsis.

2095 5014 2276 5094 χικῆν,
2338 5016 2399 5072 οὒ
2452 5014 2784 5095 γεννημένης
2856 5011 3179 5079 Ἐκκλησίας
3250 5018 3350 5078 τῆς
3403 5011 3607 5070 ἀναστὶ
3646 5033 3760 5081 εως

2088 5103 2142 5158 ἐν
2174 5103 2390 5169 αὐταῖς.

1602 5205 1679 5267 Et
1706 5216 1912 5286 paulo
1952 5215 2116 5289 post,
2158 5228 2317 5291 pag.
2354 5210 2489 5276 189.

435 5306 766 5371 Heracleon
788 5327 865 5372 ne
883 5310 1157 5391 inspecta
1177 5310 1416 5391 quidem
1440 5310 1687 5373 historia
1716 5311 1999 5395 dicit,Sa-

2167 5309 2225 5376 Ὀ
2282 5309 2607 5398 Ἡρακλέων,
2668 5315 2805 5396 μηδὲ
2880 5316 3168 5387 ἐπιστήσας
3221 5316 3292 5384 τῇ
3332 5317 3557 5396 ἱστορίᾳ,
3607 5320 3751 5399 φησὶ

434 5441 496 5491 87
518 5439 638 5504 Sic.
659 5442 797 5502 cod.
818 5443 991 5506 Bodl.
1015 5445 1162 5504 2281
1184 5490 1198 5506 .
1281 5442 1346 5493 88
1367 5440 1719 5514 Quicunque
1741 5463 1915 5507 voces
1930 5446 2147 5512 addita
2169 5468 2240 5512 ex
2256 5449 2426 5513 codd.
2452 5449 2624 5513 Bold.
2648 5449 2827 5514 2281.

355 5534 416 5601 [1,
454 5522 549 5601 l7.
636 5520 701 5570 90
730 5518 825 5601 Sit;
873 5522 1005 5585 cod.
1040 5520 1210 5584 Bodl.
1253 5516 1261 5522 ’
1295 5522 1378 5574 90⁸
1441 5523 1583 5601 Leg.
1618 5516 1979 5592 ἐκϐληθεισῶν
2010 5552 2041 5586 κ

2095 5531 2516 5593 ,ἀναλωθεισῶν.
2559 5529 2724 5593 Εῡιτ.
2760 5533 3020 5595 PATROL.

357 5567 416 5647 δέ
447 5567 623 5664 io'aln.
645 5567 1005 5672 ἰὶῗᾶὀῖῗέ
1028 5567 1507 5668 ᾗῖἑὲιάξίδοᾶἳῖ

2914 5449 2983 5500 89
3002 5446 3171 5529 Psal.
3196 5464 3226 5512 ι
3240 5464 3409 5529 xvm,
3440 5447 3520 5509 10
3540 5468 3557 5529 ς
3598 5450 3763 5513 Joan

3114 5527 3175 5570 θί
3210 5529 3367 5592 Psal.
3395 5527 3403 5529 “
3427 5527 3638 5611 vam,
3676 5530 3769 5593 22
