4096 6402
292 417 440 484 1301

1492 417 1984 488 FRAGMENTA
2027 416 2422 484 GNOSTICA.

3516 417 3667 484 1302

289 553 383 608 τὸν
468 552 794 631 Σολομῶντα
866 557 1255 634 τεσσαράκοντα
1322 557 1410 614 καὶ
1479 554 1531 623 ἕξ
1586 556 1725 614 ἔτεσι
1780 578 1932 614 κατε-

2026 554 2314 615 lomouem
2345 552 2732 633 quadraginta
2752 560 2809 615 et
2837 571 2940 615 sex
2959 552 3132 614 annis
3152 551 3477 615 aediﬁcasse
3503 558 3663 615 tem-

287 642 732 726 axsuaxévatt_t0v
766 645 914 719 ναῖον,
947 645 1122 703 εἰκόνα
1147 645 1481 726 τνγχάνοντα
1536 652 1631 703 τοῦ
1658 650 1928 725 Σωτῆρος.

290 730 390 787 Καὶ
418 730 511 788 τὸν
544 720 627 806 ς’
654 731 873 809 ἀριθμὸν
917 735 991 797 εἰς
1028 734 1127 802 τὴν
1179 720 1334 810 ὕλην,
1388 733 1624 791 τουτέστι
1680 736 1741 791 τὸ
1792 720 1934 791 πλα-

289 839 425 893 σμα,
469 819 714 900 ἀναφέρει
749 839 767 858 ·
819 823 912 878 τὸν
954 819 1007 878 δὲ
1049 829 1155 879 τῶν
1196 823 1588 902 τεσσαράκοντα
1646 821 1699 902 (ὃ
1752 823 1937 902 τετρὰς

291 906 426 985 ἐστι,
487 910 670 990 φησίν,
744 912 780 979 ἡ
839 909 1261 991 ἀπρόσπλοκος),
1350 913 1421 978 εἰς
1486 913 1550 968 τὸ
1620 910 1934 991 ἐμφύσημα,

293 998 381 1053 καὶ
439 999 500 1054 τὸ
551 998 605 1054 ἐν
659 1005 738 1075 τῷ
765 999 1103 1081 ἐμφυσήματι
1135 1001 1363 1078 σπέρμα.

2020 641 2202 722 plum,
2236 640 2554 721 imaginem
2590 639 2915 704 Servatoris
2934 640 3223 704 referens.
3250 639 3323 704 Et
3348 659 3665 705 numerum

2016 729 2315 792 senarium
2339 730 2412 791 ad
2437 729 2770 806 materiam,
2797 731 2910 792 hoc
2940 740 3054 806 est,
3087 730 3161 793 ad
3184 729 3408 811 plasma
3436 730 3623 794 refert
3648 755 3666 808 ;

2018 818 2549 900 quadragenarium
2580 826 2776 882 autem
2804 825 3284 901 {quaternarius,
3312 819 3524 900 inquit,
3557 838 3670 889 nu-

2015 925 2222 971 merus
2249 916 2352 989 est,
2380 910 2482 987 qui
2512 926 2635 970 non
2669 908 3037 990 implicatur)
3065 908 3141 972 ad
3171 909 3398 989 ﬂatum,
3432 915 3491 970 et
3517 908 3667 971 illud

2017 1015 2221 1059 semen
2247 997 2403 1078 quod
2436 1004 2525 1059 est
2548 1000 2604 1059 in
2635 999 2799 1062 ﬂatu.

1415 1104 1517 1168 Ea:
1562 1112 1730 1169 torno
1758 1108 1926 1186 XIII,
1954 1122 2108 1186 pag.
2141 1102 2260 1166 205
2287 1111 2347 1166 et
2370 1122 2536 1185 seqq.

377 1198 612 1286 υΙδωμεν
668 1210 723 1268 δὲ
785 1215 873 1269 καὶ
915 1213 981 1269 τὰ
1028 1203 1389 1292 Ἡρακλέωνος
1433 1216 1506 1277 εἰς
1548 1213 1670 1279 τοὺς
1714 1214 1932 1284 τόπους,

296 1297 441 1361 ὅστις
484 1300 641 1377 φησίν
697 1300 903 1377 ἄτονον,
960 1303 1047 1359 καὶ
1078 1301 1418 1383 πρόσκαιρον,
1449 1304 1533 1359 κοί
1586 1301 1936 1360 ὶπιπλείπου-

178 1459 185 1468 ,
298 1410 393 1444 σαν
454 1389 660 1456 εκείνην
702 1391 976 1469 γεγονέναι
1005 1391 1103 1459 τὴν
1130 1392 1296 1466 ζωὴν,
1328 1393 1415 1448 καί
1464 1393 1564 1458 τὴν
1612 1389 1732 1448 κατ’
1774 1391 1935 1457 αὐτὴν

292 1474 444 1540 δόξαν
477 1492 491 1506 ·
550 1483 784 1552 κοσμική
839 1479 959 1559 γὰρ,
1019 1482 1201 1560 φησὶν,
1272 1482 1341 1547 ἦν
1375 1499 1389 1515 ⁸
1449 1481 1537 1537 καὶ
1606 1478 1776 1537 οἴεται
1847 1484 1937 1535 τοῦ

293 1566 557 1639 κοσμικὴν
616 1566 781 1635 αὐτὴν
812 1568 956 1624 εἶναι
987 1566 1249 1634 ἀπόδειξιν
1291 1568 1487 1649 φέρειν,
1532 1568 1593 1624 ἐκ
1637 1578 1730 1627 1:06
1783 1568 1938 1647 θρέμ-

298 1675 440 1728 ματα
495 1664 587 1713 τοῦ
643 1653 836 1714 Ἰακὼϐ
885 1656 937 1723 ἐξ
994 1657 1156 1726 αὐτῆς
1198 1658 1526 1718 πεπωκέναι.
1585 1660 1685 1716 Καὶ
1739 1659 1783 1714 εἰ
1840 1658 1936 1732 μὲν

296 1742 505 1819 ἄτονον,
591 1746 678 1801 καὶ
758 1744 1101 1825 πρόσκαιρον,
1184 1749 1272 1803 καὶ
1342 1745 1710 1804 ἐπιλείπουσαν
1763 1745 1935 1819 ἐλάμ-

298 1828 423 1887 ϐανε
478 1832 576 1899 τὴν
654 1831 712 1889 ἔκ
781 1834 970 1915 μέρους
1012 1836 1259 1912 ’γνῶσιν,
1332 1835 1451 1903 ἦτοι
1532 1842 1603 1913 τῇ
1659 1835 1765 1891 ἀπὸ
1832 1835 1938 1891 τῶν

1203 1923 1441 2003 aegram»
1537 1925 1814 2002 ῥημάτων,
1911 1922 1944 1978 ἂ

299 1927 516 2000 Γραφῶν
611 1922 873 2001 συγκρίσει
982 1930 1087 1981 τῶν

2101 1206 2215 1270 Sed
2235 1209 2362 1288 jam
2386 1209 2694 1271 videamus
2716 1209 3105 1272 Heracleonis
3133 1208 3196 1270 in
3219 1200 3379 1271 hnn'c
3395 1209 3591 1272 locum
3609 1210 3674 1261 94

2020 1296 2198 1377 dicta,
2229 1296 2329 1377 qui
2365 1297 2445 1358 ait
2496 1297 2748 1376 (fontem
2776 1297 2974 1377 illum)
3032 1296 3390 1360 imbecillem
3424 1305 3482 1359 et
3512 1308 3671 1361 tem-

2020 1385 2336 1465 porariam,
2372 1395 2426 1447 et
2484 1387 2864 1448 deﬁcientem
2912 1385 3096 1448 fuisse
3147 1386 3343 1459 vitam,
3396 1386 3675 1468 illiusque

2018 1473 2264 1550 gloriam
2290 1476 2638 1551 ;mundana
2666 1474 3067 1556 enim,inquit,
3092 1483 3260 1537 erat:
3292 1481 3353 1537 et
3378 1478 3675 1538 existimat

2018 1580 2084 1623 se
2110 1562 2680 1625 demonstrationem
2712 1564 2926 1626 afferre
2954 1581 3061 1643 per
3092 1563 3314 1625 fontem
3346 1562 3674 1641 signiﬁcari

2018 1649 2194 1711 vitam
2227 1651 2612 1719 mundanam.
2660 1670 2729 1713 eo
2762 1652 2918 1732 quod
2968 1669 3187 1731 pecora
3211 1650 3400 1714 Jacob
3450 1669 3521 1714 ex
3573 1652 3672 1715 illo

2020 1739 2302 1801 biberint.
2362 1738 2435 1800 Et
2479 1740 2791 1821 siquidem
2849 1739 3231 1810 imbecillem.
3265 1748 3325 1803 et
3381 1747 3676 1820 tempora-

2023 1829 2199 1901 riam,
2226 1836 2284 1889 et
2312 1828 2687 1892 deﬁcientem
2720 1829 3051 1909 accepisset
3087 1829 3483 1909 cognitionem
3517 1848 3672 1905 eam,

2026 1934 2156 1996 quas
2182 1925 2372 1995 est,ex
2403 1926 2592 1996 parte,
2626 1935 2841 1998 nempe
2876 1918 3273 1995 cognitionem
3298 1936 3331 1979 e
3357 1916 3677 1998 Scripturis

301 2011 397 2109 οὐκ
466 2008 580 2075 ἐξὸν
634 2010 891 2087 ἀνθρώπῳ
957 2010 1211 2084 λαλῆσαι,
1288 2019 1463 2071 πᾶσαν
1541 2014 1639 2081 τὴν
1706 2020 1793 2070 νῦν
1873 2007 1939 2068 δι’

2026 2004 2498 2085 provenientem,
2554 2007 2997 2086 comparatione
3026 2004 3341 2069 verborum
3396 2006 3676 2069 ineffabi-

294 2098 552 2178 ὶσόπτρου
680 2101 769 2157 καὶ
898 2101 1205 2178 αἰνίγματος
1328 2101 1611 2180 γινομένην

297 2187 754 2266 καταργουμένην,
813 2187 940 2246 ὅταν
983 2189 1117 2267 ἔλθῃ·
1149 2191 1210 2246 τὸ
1250 2189 1476 2263 τέλειον,
1549 2192 1643 2248 οὐκ
1698 2188 1759 2247 ἂν
1815 2191 1940 2249 αὒτὸ

294 2274 677 2354 ἕνεκαλέσαμεν
707 2294 721 2308 ⁸
770 2277 898 2335 εἰδὲ
928 2280 1057 2358 ὑπὲρ
1112 2286 1205 2337 τοῦ
1247 2278 1551 2337 διαϐάλλειν
1595 2280 1662 2337 τὰ
1713 2280 1935 2352 παλαιὰ,

300 2366 452 2421 τοῦτο
505 2379 678 2446 ποιεῖ,
709 2365 998 2447 ὲγκλητέος
1043 2366 1104 2424 ἂν
1135 2367 1253 2435 εἴη,
1316 2358 1392 2426 υΟ
1449 2366 1504 2424 δὲ
1559 2366 1764 2425 δίδωσιν
1806 2364 1939 2445 ὕδωρ

297 2455 325 2510 ὁ
376 2455 589 2535 Σωτὴρ,
648 2458 805 2535 φησὶν
875 2459 1014 2512 εἶναι
1058 2455 1117 2513 ἐκ
1164 2463 1256 2513 τοῦ
1326 2455 1628 2533 Πνεόματος
1697 2457 1785 2512 καὶ
1839 2461 1939 2522 τῆς

300 2540 567 2619 δυνάμεως
627 2546 806 2620 αὐτοῦ,
867 2546 927 2602 οὗ
996 2543 1337 2621 ψευδόμενος.
1421 2546 1520 2603 Καὶ
1579 2547 1653 2609 εἰς
1709 2546 1794 2618 τὸ,
1870 2545 1941 2601 Οὔ

298 2631 375 2706 μὴ
444 2629 656 2707 διψήσει
714 2631 769 2688 δὲ
839 2634 911 2697 εἰς
981 2635 1070 2690 τὶν
1135 2635 1322 2708 αἰῶνα,
1382 2632 1711 2691 ἀποδέδωκεν
1753 2634 1938 2695 αὐταῖς

301 2717 501 2785 λέξεσιν
587 2720 751 2786 οὕτως
786 2737 800 2752 ⁸
888 2721 1111 2786 Αἰώνιος
1167 2722 1266 2801 γὰρ
1335 2724 1370 2791 ἡ
1426 2723 1538 2794 ζωὴ
1596 2722 1777 2796 αὐτοῦ,
1852 2722 1941 2777 καὶ

299 2806 566 2884 μηδέποτε
616 2810 957 2890 φθειρομένη,
1018 2813 1092 2874 ὡς
1160 2812 1249 2866 καὶ
1315 2811 1349 2878 ἡ
1410 2810 1596 2888 πρώτη
1660 2812 1695 2878 ἡ
1738 2808 1799 2866 ἐκ
1850 2816 1942 2866 τοῦ

298 2896 540 2977 φρέατος,
607 2898 744 2958 ἀλλά
814 2900 1043 2975 μένουσα
1076 2918 1093 2937 ο
1151 2899 1492 2979 ἀναφαίρετος
1547 2898 1647 2977 γὰρ
1707 2900 1743 2967 ἡ
1826 2898 1939 2977 χά-

300 3009 379 3065 ρις
434 2989 522 3043 καὶ
576 2990 612 3057 ἡ
655 2986 824 3067 δωρεὰ
864 2996 956 3046 τοῦ
1013 2987 1261 3069 Σωτῆρος
1304 2990 1482 3063 ἡμῶν,
1546 2989 1631 3044 καὶ
1675 2988 1751 3063 μὴ
1806 2986 1938 3044 ἀνα-

299 3075 612 3157 λισκομένη,
702 3076 839 3153 μηδὲ
917 3078 1233 3158 φθειρομένη
1321 3077 1374 3134 ἐν
1469 3083 1546 3151 τῷ
1616 3076 1939 3157 μετασχόντι

299 3165 483 3232 αὒτῆς.
544 3167 896 3246 Φθειρομένηδ
967 3164 1022 3223 δὲ
1104 3166 1202 3234 τὴν
1284 3166 1502 3245 πρώτην
1561 3163 1731 3230 διδοὺς
1798 3165 1940 3222 εἶναι

298 3255 465 3334 ζωὴν,
512 3255 556 3310 εἰ
611 3254 708 3331 μὲν
760 3256 861 3324 τὴν
916 3257 1051 3313 κατὰ
1093 3256 1154 3311 τὸ
1196 3256 1416 3335 γράμμα
1454 3253 1626 3333 ἔλεγε,
1671 3256 1845 3326 ζητῶν
1875 3258 1942 3328 τῇ

300 3343 617 3424 περιαιρέσει
675 3351 767 3401 τοῦ
834 3344 1180 3421 καλύμματος
1244 3342 1551 3423 γινομένην,
1616 3342 1653 3411 ἢ
1695 3343 1830 3400 κατὰ
1882 3343 2001 3429 16C

298 3435 531 3509 Πνεῦμα,
587 3434 674 3489 καὶ
717 3433 991 3511 εὗρίσκων,
1049 3434 1211 3512 ὑγιῶς
1242 3431 1305 3489 ἂν
1334 3431 1513 3510 ἔλεγεν
1550 3454 1561 3465 ·
1596 3433 1639 3488 εἰ
1672 3430 1726 3488 δὲ
1767 3431 1942 3497 πάντη

299 3523 492 3602 φθορὰν
567 3535 862 3601 κατηγορεῖ
916 3524 1021 3579 τῶν
1077 3521 1344 3601 παλαιῶν,
1429 3520 1610 3601 δῆλον,
1657 3520 1737 3577 ὅτι
1791 3526 1944 3576 τοῦτο

298 3624 470 3691 ποιεῖ,
504 3613 578 3676 ὡς
622 3612 698 3688 μὴ
772 3613 906 3691 ὀρῶν
956 3610 1018 3667 δὰ
1047 3612 1217 3690 ἀγαθά
1243 3616 1347 3667 τῶν
1378 3608 1680 3686 μελλόντων
1709 3609 1857 3690 ἔχειν
1883 3607 1948 3658 96

302 3699 485 3756 ἐκεῖνα
524 3702 620 3768 τὴν
680 3702 855 3762 σκιάν.
905 3702 1011 3758 Οὐκ
1066 3699 1332 3763 ἀπιθάνως
1387 3698 1442 3754 δὲ
1483 3700 1567 3772 τὸ,
1627 3697 1943 3773 ἁλλομένου,

297 3786 611 3867 διηγήσατο,
684 3790 773 3845 καὶ
839 3790 962 3854 τοὺς
1033 3785 1535 3864 μεταλαμϐάνοντας
1591 3793 1682 3843 τοῦ
1752 3785 1947 3844 ἄνωθεν

300 3877 794 3958 ἐπιχορηγουμένου
848 3876 1137 3950 πλουσίως,
1181 3878 1269 3933 καὶ
1337 3875 1525 3940 αὐτοὺς
1581 3872 1831 3932 ἑκϐλῦσαι
1876 3878 1947 3938 εἰς

299 3968 400 4035 τὴν
456 3965 645 4046 ἐτέρων
677 3967 883 4024 αἰώνιον
925 3967 1067 4037 ζωὴν
1110 3967 1176 4023 τὰ
1204 3964 1710 4045 ἐπικεχορηγημένα
1737 3966 1942 4028 αὐτοῖς.

300 4055 470 4114 Ἀλλὰ
499 4057 587 4112 καὶ
629 4055 838 4113 ἐπαινεῖ
893 4058 992 4122 τὴν
1045 4062 1400 4130 Σαμαρεῖτιν,
1459 4055 1530 4119 ὡς
1577 4051 1944 4129 ἀνενδειξαμέ-

302 4169 400 4214 νην
442 4145 539 4213 τὴν
582 4143 886 4224 ἀδιάκριτον
934 4144 1023 4201 καὶ
1067 4141 1405 4210 κατάλληλον
1446 4149 1515 4220 τῇ
1560 4143 1710 4221 φύσει
1751 4142 1943 4208 ἑαυτῆς

306 4236 505 4310 πίστιν,
563 4235 641 4310 μὴ
692 4232 1047 4313 διακριθεῖσαν
1106 4231 1189 4313 ἐφ’
1232 4232 1320 4297 οῖς
1362 4229 1541 4308 ’ἔλεγεν
1572 4232 1727 4307 αὐτῇ,
1761 4232 1819 4287 Εἰ
1849 4231 1945 4305 μὲν

304 4324 391 4381 οὗν
458 4324 556 4391 τὴν
604 4322 906 4403 προαίρεσιν
974 4319 1293 4402 ἀπεδέχετο,
1351 4319 1518 4396 μηδὲν
1568 4321 1685 4399 περὶ
1740 4320 1943 4399 φύσεως

302 4412 680 4491 αἰνιττόμενος,
734 4413 808 4474 ὡς
865 4408 1233 4491 διαφερούσης,
1283 4410 1369 4466 καὶ
1411 4410 1573 4483 ἡμεῖς
1604 4406 1666 4465 ἂν
1713 4430 1945 4486 συγκατ-

302 4501 521 4576 εθέμεθα
554 4518 568 4533 ’
631 4498 762 4557 εἰδὲ
816 4505 885 4577 τῇ
942 4505 1137 4578 φυσικῇ
1192 4503 1493 4575 κατασκευῇ
1545 4496 1788 4577 ἀναφέρει
1843 4497 1941 4564 τὴν

304 4595 402 4656 τῆς
461 4588 889 4669 συγκαταθέσεως
931 4589 1119 4667 αἰτίαν,
1170 4589 1244 4650 ὡς
1291 4591 1351 4646 οὗ
1392 4592 1520 4643 πᾶσι
1549 4587 1744 4653 ταύτης
1800 4607 1940 4664 παρα

310 4679 496 4752 ούσης,
554 4676 902 4756 ἀνατρεπτέον
949 4681 1106 4736 αὐτοῦ
1160 4677 1251 4733 τὸν
1294 4675 1475 4754 λόγον.
1534 4679 1640 4733 Οὐκ
1694 4671 1819 4731 οῖδα
1861 4672 1940 4754 δὲ,

1721 2106 1936 2181 γνῶσιν,

2026 2094 2193 2174 lium,
2228 2101 2385 2154 ιω
2422 2103 2480 2155 et
2509 2112 2641 2175 quae
2664 2094 2736 2156 ad
2764 2094 3070 2157 hominem
3088 2095 3286 2175 eloqui
3307 2114 3425 2157 non
3455 2102 3544 2158 est
3562 2095 3671 2172 fas,

2023 2200 2261 2243 omnem
2293 2182 2520 2245 scilicet
2545 2190 2899 2263 praesentem
2957 2182 3380 2261 cognitionem,
3410 2202 3540 2265 quae
3569 2201 3679 2265 per

2023 2273 2331 2351 speculum
2364 2282 2474 2352 est,
2513 2262 2570 2333 et
2617 2289 2723 2351 per
2751 2272 3022 2351 aenigma,
3058 2279 3274 2353 etquae
3312 2262 3671 2352 destruet—6r,

2022 2378 2155 2421 cum
2189 2360 2415 2421 venerit
2446 2360 2611 2432 illud,
2644 2359 2801 2441 quod
2834 2360 3159 2441 perfectum
3192 2369 3303 2435 est,
3354 2360 3674 2441 haudqua-

2023 2466 2197 2528 quam
2230 2448 2375 2509 illud
2421 2448 3019 2529 reprehendissemus
3047 2472 3063 2525 ς
3087 2450 3177 2512 sin
3196 2467 3332 2511 vero
3355 2448 3513 2512 istud
3533 2448 3670 2528 agit.

2023 2544 2086 2596 ut
2115 2536 2522 2617 reprehendat
2555 2544 2771 2612 vetera,
2831 2537 3366 2618 reprehendendus
3396 2543 3489 2601 est
3518 2536 3670 2619 ipse.

2023 2624 2206 2685 Porro
2264 2623 2421 2704 quod
2477 2624 2579 2699 ait,
2614 2642 2860 2706 aquam.
2894 2642 3071 2703 quam
3103 2626 3208 2689 dat
3239 2627 3550 2707 Servator,
3598 2643 3678 2688 ea:

2021 2712 2261 2791 Spiritu
2307 2730 2457 2785 esse,
2491 2721 2547 2774 et
2572 2731 2650 2776 ex
2685 2714 2877 2792 ipsius
2899 2719 3196 2794 potentia,
3227 2731 3365 2776 vera
3401 2713 3571 2777 dicit.
3602 2713 3675 2775 Et

2023 2802 2176 2864 istud
2208 2803 2364 2867 :Non
2393 2806 2561 2866 sitiet
2580 2806 2645 2865 in
2670 2812 2965 2866 aeternum
2982 2804 3048 2856 95
3065 2805 3254 2881 ;bisce
3276 2803 3473 2868 verbis
3491 2805 3677 2867 inter-

2024 2900 2289 2971 pretatus
2322 2900 2434 2965 est,
2469 2892 2674 2956 dicens
2710 2910 2724 2954 :
2779 2893 2909 2955 Vita
2937 2903 3173 2956 ceterna
3200 2900 3283 2957 est
3310 2896 3436 2957 vita
3458 2895 3674 2975 ipsius.

2021 2987 2079 3040 et
2097 2998 2231 3059 quae
2258 2998 2564 3061 nunquam
2589 2983 3020 3061 corrumpitur,
3042 2983 3451 3063 sicutquidem
3466 2983 3679 3062 prima

2023 3069 2138 3131 illa
2163 3088 2350 3150 aqua,
2375 3087 2506 3149 quae
2531 3077 2622 3131 est
2646 3071 3253 3147 exputeo,sedmauet
3279 3091 3294 3131 :
3317 3089 3503 3150 neque
3517 3073 3679 3133 enim

2023 3159 2262 3237 auferri
2288 3165 2483 3239 potest
2509 3158 2737 3220 donum
2769 3164 2827 3222 et
2858 3164 3065 3239 gratia
3090 3159 3430 3223 Servatoris
3457 3160 3673 3240 nostri,

2024 3265 2360 3328 quoeneque
2372 3248 2968 3328 consumiturmeque
2980 3249 3397 3329 corrumpitur
3409 3252 3553 3310 ineo
3573 3248 3681 3329 qui

2022 3339 2327 3416 particeps
2358 3338 2548 3417 ipsius
2573 3338 2790 3413 fuerit.
2814 3334 2997 3397 Porro
3028 3344 3224 3399 autem
3259 3356 3392 3400 cum
3424 3336 3679 3418 primam

2030 3426 2202 3488 vitam
2232 3424 2676 3506 corruptibilem
2727 3425 3066 3506 supposuit,
3117 3426 3436 3508 siquidem
3480 3426 3555 3489 de
3613 3445 3684 3488 ea

2028 3514 2257 3575 locutus
2286 3522 2396 3588 est,
2432 3532 2563 3595 quae
2624 3522 2681 3574 et
2714 3514 3044 3575 secundum
3078 3514 3354 3589 litteram,
3406 3533 3681 3596 quaerens

2028 3621 2182 3683 eam,
2215 3621 2345 3685 quae
2374 3620 2446 3664 ex
2494 3602 2787 3664 ablatione
2818 3603 3130 3665 velaminis
3159 3604 3368 3677 oritur,
3428 3621 3681 3684 quaeque

2027 3700 2117 3752 est
2169 3690 2498 3752 secundum
2529 3691 2835 3772 Spiritum,
2888 3701 2944 3753 et
2974 3692 3283 3754 inveniens
3312 3710 3467 3771 eam,
3518 3701 3682 3754 recte

2030 3781 2196 3843 dixit.
2231 3779 2333 3843 Sin
2367 3799 2507 3842 vero
2540 3781 2940 3862 corruptionis
2971 3782 3213 3843 omnino
3252 3789 3488 3844 accusat
3513 3788 3680 3844 vete-

2032 3888 2153 3944 res,
2178 3869 2556 3950 perspicuum
2586 3879 2699 3948 est,
2727 3889 2864 3931 eum
2897 3872 3011 3933 hoc
3037 3870 3259 3945 facere,
3283 3878 3561 3951 tanquam
3582 3869 3684 3951 qui

2033 3977 2150 4019 non
2181 3959 2374 4020 videat
2433 3960 2587 4021 bona
2615 3960 2718 4020 illa
2751 3959 3021 4023 umbram
3076 3959 3301 4022 habere
3348 3960 3682 4021 futurorum

2032 4048 2291 4116 illorum.
2324 4046 2614 4110 Caeterum
2642 4068 2762 4110 non
2794 4049 3447 4129 insciteinterpretatus
3477 4056 3567 4109 est
3594 4066 3688 4110 vo-

2031 4156 2183 4212 cem,
2217 4136 2495 4200 salient-is
2552 4156 2751 4220 aquae,
2782 4138 2989 4202 dicens
3038 4156 3139 4200 eos
3169 4137 3270 4219 qui
3301 4147 3359 4200 et
3406 4136 3686 4218 supernis

2028 4225 2188 4286 illam
2246 4226 2618 4289 abundanter
2649 4228 3067 4308 participarent
3095 4225 3556 4308 suppeditatam,
3591 4225 3685 4289 vi-

2029 4312 2232 4374 cissim
2258 4315 2429 4376 etiam
2456 4333 2526 4376 ea
2546 4314 2617 4376 ad
2637 4315 2887 4377 aliorum
2921 4316 3168 4377 salutem
3190 4321 3474 4376 aeternam
3501 4314 3689 4376 eﬂ'un-

2029 4401 2173 4463 dere
2204 4422 2335 4483 quae
2360 4402 2470 4463 sibi
2502 4403 2876 4483 suppeditata
2906 4403 3146 4465 fuerint.
3182 4401 3299 4465 Sed
3326 4411 3387 4466 et
3417 4402 3686 4465 Samari-

2029 4490 2212 4553 lidem
2245 4491 2465 4573 laudat,
2524 4500 2590 4553 ut
2616 4510 2747 4573 qua;
2797 4493 2977 4554 ﬁdem
3008 4490 3428 4554 inconcussam
3469 4510 3537 4554 ac
3568 4509 3689 4553 sua:

2028 4579 2218 4658 ipsius
2247 4589 2474 4641 naturae
2513 4579 2964 4642 convenientem
2999 4579 3365 4644 ostenderit:
3401 4599 3520 4642 non
3552 4598 3685 4641 mo-

2027 4675 2146 4728 tam
2178 4666 2253 4729 ob
2285 4686 2374 4741 ea,
2411 4686 2538 4748 quae
2572 4668 2657 4730 illi
2710 4668 2944 4731 dicebat
2977 4667 3328 4750 (Servator).
3365 4669 3473 4732 Cui
3505 4669 3683 4733 etiam

302 4772 415 4830 πῶς
461 4770 490 4824 ὁ
536 4758 866 4846 Ἡρακλέων,
899 4768 960 4823 τὸ
990 4766 1068 4843 μὴ
1111 4764 1482 4845 γεγραμμένον
1512 4761 1774 4833 ἐκλαϐὼν,
1821 4763 1939 4843 φησῖ

2034 4775 2140 4817 nos
2174 4757 2514 4833 annuimus,
2549 4757 2598 4818 si
2630 4756 2982 4819 electionem
3029 4757 3249 4835 laudat,
3283 4758 3433 4819 nihil
3464 4757 3540 4819 de
3570 4775 3685 4820 na-

308 4857 437 4931 πρὸς
492 4857 576 4932 τὸ,
640 4856 740 4919 Δός
784 4878 876 4931 μοι
931 4858 1084 4913 τοῦτο
1137 4856 1198 4911 τὸ
1253 4852 1412 4933 ὕδωρ,
1456 4854 1530 4916 ὼς
1588 4850 1688 4932 ἄρα
1744 4849 1939 4931 βραχέα

2036 4856 2165 4911 tura
2193 4847 2371 4909 veluti
2390 4847 2623 4910 meliori
2647 4848 2903 4910 innuens
2929 4869 2943 4930 ;
2973 4848 3065 4909 sin
3094 4866 3232 4910 vero
3255 4848 3326 4910 ad
3356 4848 3686 4910 naturalem

311 4943 656 5025 διανυχθετσα
709 4946 810 5002 ὑπὸ
852 4950 947 5002 τοὺ
1002 4943 1182 5023 λόγου,
1231 4943 1451 5019 ἐμίσησε
1505 4940 1692 4999 λοιπὸν
1732 4943 1820 4998 καὶ
1846 4942 1939 5025 ea»

2036 4936 2517 4999 constitutionem
2537 4938 2740 5014 refert,
2768 4938 2923 5019 quod
2955 4937 3241 5001 Salvatori
3262 4936 3687 5018 obtemperarit

303 5019 491 5091 τόπονν
522 5033 722 5091 ἐκείνου
772 5036 864 5090 τοῦ
892 5019 1179 5112 λεγομέδου
1222 5028 1412 5088 Ἰακὼϐ
1440 5029 1660 5111 φρέατος
1698 5027 1782 5088 98.
1818 5019 1939 5086 "Eri

2036 5026 2358 5106 Samaritis,
2421 5027 2588 5107 quasi
2622 5044 2691 5088 ea
2723 5046 2841 5088 non
2901 5026 3177 5089 omnibus
3211 5026 3375 5108 insit,
3434 5026 3684 5088 subver-

307 5121 374 5193 δὴ
431 5125 521 5180 καὶ
579 5125 710 5204 πρὸς
768 5124 853 5203 τὸ,
905 5123 1005 5187 Δός
1066 5144 1156 5199 μοι
1197 5127 1350 5178 τοῦτο
1401 5122 1462 5176 τὸ
1514 5119 1672 5200 ὕδωρ,
1725 5118 1819 5175 ’ίνα
1874 5116 1939 5193 μ’)

2037 5114 2212 5176 tenda
2243 5122 2331 5176 est
2354 5114 2511 5175 illius
2543 5116 2748 5177 oratio.
2795 5115 3006 5177 Nescio
3036 5132 3201 5191 vero,
3232 5114 3529 5196 quomodo
3559 5113 3685 5176 He-

303 5212 443 5289 διψῶ
476 5261 494 5293 ,
647 5212 785 5290 μηδὲ
931 5210 1226 5292 διέρχωμαι
1389 5206 1564 5266 ἒνθάδε
1686 5206 1900 5264 ἀντλεῖν
1932 5254 1939 5279 ,

2035 5204 2300 5277 racleon,
2333 5204 2490 5285 quod
2521 5205 2806 5286 scriptum
2843 5207 3022 5267 etiam
3055 5223 3173 5267 non
3205 5211 3315 5277 est,
3347 5222 3681 5293 assumens,

305 5291 487 5383 φησὶῖ
514 5300 594 5359 ὅτι
637 5308 802 5359 ταῦτα
839 5300 988 5381 λέγει
1138 5300 1269 5379 γυνὴ
1322 5293 1642 5378 ἐμφαίνουσα
1696 5298 1759 5353 τὸ
1828 5296 1939 5352 ἐπί-

2033 5294 2248 5383 dixerit
2275 5294 2341 5383 in
2369 5296 2479 5355 hoc
2509 5315 2522 5357 :
2554 5295 2647 5356 Da
2663 5295 2815 5357 mihi
2829 5295 2987 5358 hanc
3007 5312 3229 5376 aquam
3249 5293 3313 5344 97
3339 5312 3356 5369 ;
3389 5291 3546 5383 quod
3571 5301 3686 5356 sta.

309 5382 535 5470 μοχθον.
610 5392 698 5448 καὶ
750 5389 1115 5470 δυσπόριστον,
1173 5390 1262 5446 καὶ
1325 5386 1549 5467 ἄτροφον
1603 5385 1803 5444 ἐκείνου
1856 5392 1939 5442 τοῦ

2027 5382 2130 5449 tim
2163 5401 2195 5444 a
2224 5382 2405 5444 verbo
2440 5383 2736 5446 stimulata
2766 5385 2981 5446 mulier
3037 5383 3175 5446 odio
3205 5382 3483 5445 habuerit
3511 5383 3686 5446 etiam

308 5478 515 5545 {SBa-tor
561 5481 727 5537 Πόθεν
781 5480 881 5560 γὰρ
936 5478 1193 5560 δεικνύναι
1238 5476 1355 5560 ἔχει
1426 5474 1648 5555 ἄτροφον
1695 5474 1837 5531 εἶναι
1885 5475 1939 5531 τὲ

2028 5472 2222 5533 locum
2256 5471 2415 5532 illius
2468 5473 2651 5553 putei,
2690 5472 2790 5553 qui
2820 5472 3132 5535 dicebatur
3157 5471 3362 5535 Jacob.
3392 5474 3690 5535 Praterea

307 5578 402 5628 τοῦ
461 5565 653 5627 Ἰακὼϐ
950 5558 1080 5627 ’Ἔτι
1137 5566 1191 5625 δὲ
1250 5556 1624 5643 ὄήἮρακλέων
1681 5564 1812 5642 πρὸς
1853 5563 1939 5637 τὰ,

2026 5561 2089 5621 in
2120 5560 2266 5622 illud
2294 5579 2309 5624 :
2344 5561 2433 5623 Da
2464 5561 2616 5624 mihi
2642 5561 2798 5624 hanc
2820 5579 3069 5641 aquam,
3100 5567 3165 5624 ut
3187 5563 3686 5641 non_sitiam,ne-

383 5724 633 5792 9‘Joan.
659 5745 740 5807 ιν,
774 5728 834 5794 6.
919 5727 1184 5805 951bid.,
1214 5726 1313 5789 14.
1397 5722 1463 5776 96
1492 5721 1592 5788 Sic
1616 5722 1748 5787 cod.
1782 5721 1932 5787 Bodl

2026 5722 2173 5786 :281.
2258 5720 2320 5771 97
2344 5721 2511 5784 Joan.
2537 5737 2619 5803 ιν,
2650 5724 2743 5787 15.
2829 5719 2918 5785 Ita
2944 5730 3108 5786 recte
3133 5721 3268 5785 cod.
3294 5720 3465 5785 Bodl.
3498 5719 3683 5786 2281.
