4096 6406
433 369 589 434 1303
667 354 679 375 ’

1348 365 1740 432 APPENDIX
1784 366 1886 429 AD
1927 362 2267 436 QUINQUE
2310 366 2601 429 IREN/EI
2651 365 2939 429 LIBROS.

3678 359 3846 425 1304

421 519 538 580 que
564 502 811 564 veniam
830 500 946 586 huc
965 499 1468 562 adhaurirndum
1487 500 1595 572 ;ait
1618 498 2115 586 mulieremlhmc.

2177 499 2326 580 Λέγει
2358 503 2492 579 αὒτῇ
2522 503 2652 582 φησί
2686 522 2699 536 ·
2755 501 2931 570 Δῆλον
2973 502 3056 559 ὅτι
3111 508 3321 561 τοιοῦτο
3375 524 3426 558 τι
3482 498 3658 578 λέγων
3694 518 3707 530 ·
3781 485 3853 555 Εἷ

426 590 630 654 dicere
657 584 1075 651 ostendentem
1106 605 1262 667 aegre
1294 587 1541 663 hauriri,
1580 595 1792 652 etcum
1820 584 2087 658 difﬁcul-

427 687 549 742 tate
571 676 906 758 comparari
932 692 1142 757 aquam
1194 675 1377 752 illam,
1411 694 1522 738 nec
1552 678 1864 742 nutritioni
1894 690 2089 763 aptam

425 785 584 831 esse.
619 765 790 830 Unde
842 773 1036 847 potest
1064 763 1380 828 ostendere
1411 783 1620 847 aquam
1652 767 1856 844 lacob,
1895 770 2090 834 nutri-

422 856 571 918 tioni
601 854 759 918 haud
792 854 1177 917 conducere?
1202 852 1412 915 Adhuc
1439 853 1500 915 in
1548 856 1676 917 haec
1706 856 1824 920 duo
1855 859 2036 921 verba
2069 878 2082 919 :

422 945 591 1008 Dicit
621 944 739 1018 illi,
772 941 918 1005 dicit
969 943 1342 1007 Heracleon:
1375 942 1625 1006 Scilicet
1675 945 1796 1008 tale
1823 949 1962 1027 quid
1989 948 2087 1010 di-

423 1051 580 1096 cens:
615 1032 692 1095 Si
704 1035 793 1095 vis
805 1031 1248 1113 acciperehanc
1259 1049 1504 1111 aquam,
1529 1034 1702 1109 vade,
1729 1052 1871 1097 voca
1891 1039 2090 1099 virum

424 1133 594 1184 tuum
629 1143 642 1186 :
679 1130 737 1183 et
768 1121 1073 1183 existimat
1099 1120 1314 1195 virum,
1351 1139 1527 1201 quem
1559 1120 1929 1186 Samarltidis
1957 1142 2091 1186 esse

424 1209 703 1273 Servator
731 1208 901 1288 dicit,
938 1209 1217 1273 Pleroma
1248 1208 1620 1272 Samaritidis
1651 1229 1803 1287 esse,
1850 1220 1914 1273 ut
1943 1231 2087 1292 pro-

424 1297 578 1361 fecta
630 1318 765 1360 cum
796 1297 901 1360 illo
956 1297 1029 1359 ad
1059 1296 1459 1372 Servatorem,
1515 1307 1820 1378 reportare
1851 1301 1923 1363 ab
1957 1300 2087 1380 ipso

422 1387 773 1469 potentiam,
810 1396 868 1449 et
895 1385 1210 1463 unionem,
1241 1392 1303 1447 et
1334 1386 1809 1449 commistionem
1843 1389 1915 1451 ad
1947 1390 2088 1453 Ple-

422 1493 591 1539 roma
618 1494 791 1538 suum
824 1482 1050 1556 posset.
1084 1474 1202 1537 Ast
1231 1474 1516 1537 Christus
1544 1494 1666 1538 non
1689 1478 1873 1553 dixit,
1897 1477 2091 1559 inquit

423 1565 785 1638 Heracleon,
820 1563 1075 1626 mulieri
1103 1563 1174 1625 de
1204 1565 1445 1627 homine
1474 1565 1879 1641 mundano,ut
1905 1585 2089 1629 voca-

420 1661 536 1729 ret,
570 1655 855 1732 quianon
879 1651 1368 1731 ignorabat,eam
1387 1653 1731 1732 legitimum
1755 1657 1955 1717 virum
1970 1673 2091 1717 non

422 1741 674 1805 habere.
709 1743 997 1805 Caeterum
1025 1740 1342 1802 manifeste
1365 1741 1479 1803 hoc
1508 1742 1567 1802 in
1605 1742 1738 1807 loco
1759 1742 1955 1806 verbis
1976 1745 2090 1805 vim

426 1830 615 1893 infert
640 1828 1049 1910 dicens,quod
1074 1828 1309 1890 mulieri
1324 1831 1600 1893 Servator
1631 1831 1879 1895 dixerit:
1912 1835 2088 1913 Vade,
2113 1813 2152 1863 ο

425 1937 575 1984 voca
603 1921 805 1982 virum
831 1925 1024 1989 tuum,
1049 1925 1107 1980 et
1126 1919 1262 1980 veni
1281 1918 1401 1981 hac
1421 1919 1486 1969 99
1509 1939 1525 1994 ;
1560 1919 1899 1998 signiﬁcans
1921 1922 2096 1983 mari-

432 2012 584 2080 tum,
616 2026 793 2088 quem
824 2024 894 2068 ex
925 2005 1257 2068 Pleromate
1284 2006 1583 2070 habebat:
1618 2026 1750 2069 nam
1785 2012 1831 2071 si
1865 2010 1977 2072 hoc
2008 2012 2093 2073 sic

430 2115 497 2158 se
528 2095 808 2170 habebat,
870 2103 1215 2176 oportuerat
1269 2097 1462 2157 virum
1509 2096 1787 2169 dicendo,
1849 2100 2092 2160 modum

431 2186 630 2259 etiam,
667 2203 784 2266 quo
809 2184 1104 2246 vocandus
1136 2192 1285 2258 erat,
1319 2184 1547 2259 dicere,
1582 2194 1644 2247 ut
1673 2205 1805 2247 cum
1860 2188 1987 2269 ipso
2018 2189 2090 2250 ad

428 2273 799 2337 Servatorem
834 2279 1136 2354 pergeret.
1170 2272 1289 2336 Sed
1322 2276 1633 2354 quoniam,
1668 2282 1732 2337 ut
1755 2274 2092 2340 Heracleon

429 2361 593 2442 dicit,
599 2365 777 2439 iuxta
792 2360 1257 2440 intelligentiam
1269 2362 1651 2440 spiritualem
1666 2365 1991 2443 ignorabat
2008 2368 2096 2428 vi-

428 2467 569 2514 rum
578 2449 1115 2529 suum,secundum
1129 2467 1271 2512 vero
1281 2449 1617 2529 simplicem
1627 2450 2095 2529 intelligentiam

431 2538 813 2601 erubescebat
833 2537 1225 2615 dicere,quod
1244 2537 1537 2599 moechum
1561 2537 1823 2611 haberet,
1850 2558 1972 2602 non
1991 2549 2088 2601 vi-

432 2626 903 2708 rum;quomodo
929 2643 1048 2687 non
1076 2625 1294 2688 frustra
1318 2625 1891 2704 imperavit,dicens:
1911 2628 2086 2703 Vade,

433 2733 581 2780 voca
602 2724 763 2776 808
788 2714 1550 2797 virumtuum,etvenihuc
1573 2713 1605 2762 ἓ
1624 2713 1649 2776 ?
1668 2715 1896 2783 Deinde
1908 2718 2050 2781 adid
2073 2746 2086 2790 ;

440 2804 586 2868 Vere
602 2805 989 2885 dixisti,un
1001 2808 1199 2868 virum
1217 2821 1338 2866 non
1347 2802 1743 2884 habes,inquit
1767 2808 2089 2881 :Quoniam

2171 588 2339 654 θέλεις
2410 588 2599 648 λαϐεῖν
2675 598 2836 649 τοῦτο
2922 592 2983 648 τὸ
3068 589 3226 670 ὕδωρ,
3303 587 3498 669 ὕπαγε,
3587 588 3850 668 (inﬁmam

2171 680 2263 734 τὸν
2320 677 2476 758 ἄνδρα
2520 702 2617 740 σου
2649 697 2662 712 ⁸
2750 683 2840 738 καὶ
2897 679 3069 738 οἴεται
3135 685 3235 747 τῆς
3308 675 3687 756 Σαμαρείτιδύς
3745 677 3846 731 τὸν

2171 765 2460 845 λεγόμενον
2513 771 2616 826 ὑπὸ
2659 776 2753 827 τοῦ
2808 771 3060 850 Σωτῆρος
3122 766 3280 847 ἄνδρα
3321 768 3383 824 τὸ
3434 765 3713 844 Πλήρωμα
3744 765 3846 821 εἶ·-

2171 879 2253 913 ναι
2305 857 2490 931 αὐτῆς,
2534 857 2629 914 ἵνα
2684 859 2772 915 οῦν
2830 858 3014 932 ἐκείνῳ
3088 856 3352 936 γενομένη
3399 857 3531 934 πρὸς
3582 855 3674 912 τὶν
3717 861 3849 910 Σω-

2170 950 2307 1025 τῆρα
2363 946 2669 1022 κομίσεσθαι
2733 947 2859 1026 παρ’
2916 951 3077 1007 αὺτοῦ
3131 945 3228 1014 τὴν
3285 943 3528 1021 δύναμιν,
3587 945 3677 1000 καὶ
3734 942 3842 1009 τὴν

2172 1033 2383 1116 ἕνωσιν,
2439 1036 2530 1092 καὶ
2580 1036 2678 1104 τὴν
2734 1036 3026 1114 ἀνάκρασιν
3074 1036 3170 1103 τὴν
3228 1035 3362 1113 πρὸς
3434 1034 3528 1089 τὸν
3559 1030 3845 1110 Πλήρωμα

2174 1124 2336 1192 αὐτῆς
2407 1120 2624 1201 δυνηθῇ.
2702 1127 2775 1182 Οὒ
2828 1126 2929 1203 γὰρ
2984 1124 3105 1203 περὶ
3156 1121 3365 1202 ἀνδρὸς,
3425 1122 3578 1201 φησὶ,
3637 1128 3842 1194 κοσμι-
3900 1138 3909 1147 '

2170 1219 2265 1268 κοῦ
2333 1210 2514 1291 ἔλεγεν
2593 1217 2749 1290 αὐτῇ,
2810 1212 2903 1269 ’ίνα
2977 1211 3204 1289 καλέσῃ,
3277 1209 3497 1290 ἐπείπερ
3576 1211 3671 1269 οῦκ
3726 1208 3843 1286 ἠγ-

2172 1301 2279 1357 νόει
2337 1299 2418 1357 ὅτι
2470 1305 2567 1361 οὐκ
2634 1303 2765 1382 εἶχε
2847 1302 3074 1377 νόμιμον
3152 1296 3334 1378 ἄνδρα.
3420 1295 3708 1378 Προδήλως
3783 1295 3843 1353 δὲ

2171 1389 2390 1446 ἐνταῦθα
2460 1388 2694 1467 βιάζεται
2765 1389 2958 1469 λέγων,
3021 1391 3155 1466 αὒτῇ
3220 1390 3311 1446 τὸν
3357 1392 3588 1467 Σωτῆρα
3630 1386 3845 1463 εἰρηκέ-

2172 1498 2307 1535 ναι·
2375 1477 2632 1545 Φώνησόν
2686 1502 2801 1539 σου
2855 1480 2948 1535 τὸν
3017 1476 3198 1557 ἄνδρα,
3272 1478 3360 1533 καὶ
3431 1476 3551 1534 ἐλθὲ
3623 1473 3842 1556 ἐνθάδέ,

2173 1565 2434 1633 δηλοῦντα
2488 1569 2579 1623 τὸν
2651 1568 2756 1625 ἀπὸ
2798 1574 2890 1626 τοῦ
2933 1565 3304 1646 Πληρώματος
3350 1565 3571 1642 σύζυγον
3603 1580 3619 1596 ⁸
3682 1561 3845 1643 εἴπερ

2173 1656 2273 1734 γὰρ
2314 1653 2455 1712 τοῦθ’
2485 1654 2651 1720 οὕτως
2697 1657 2880 1736 εἶχεν,
2917 1656 3089 1735 ἐχρῆν
3121 1656 3210 1711 τὸν
3256 1653 3416 1732 ἄνδρα
3444 1654 3535 1710 καὶ
3564 1653 3679 1708 τίνα
3706 1652 3843 1729 τρό-

2174 1766 2272 1801 πον
2303 1744 2573 1824 φωνητέον
2604 1743 2749 1801 ’έσται
2780 1745 2937 1802 αὒτὸν
2959 1746 2978 1793 Ι
2999 1793 3014 1824 ,
3037 1743 3132 1800 ἵνα
3163 1744 3254 1800 σὺν
3285 1747 3427 1817 αὐτῷ
3459 1740 3681 1820 γένηται
3703 1741 3842 1819 πρὸς

2175 1835 2266 1891 τὸν
2309 1834 2553 1913 Σωτῆρα,
2628 1831 2781 1890 Ἀλλ’
2845 1835 2982 1909 ἐπεὶ,
3046 1834 3121 1896 ὡς
3168 1824 3474 1910 ’Πρακλέων
3519 1831 3651 1911 φησὶ
3701 1830 3846 1886 κατὰ

2174 1924 2236 1978 τὸ
2308 1923 2588 1997 νοούμενον
2661 1922 2844 2001 ἠγνόει
2896 1924 2989 1978 τὸν
3061 1920 3198 1978 ἴδιον
3256 1917 3441 1998 ἄνδρα,
3486 1918 3626 1976 κατᾶ
3666 1916 3723 1973 δὲ
3783 1919 3847 1974 τὸ

2175 2010 2374 2068 ἁπλοῦν
2477 2012 2744 2092 ᾐσχύνετο
2831 2014 3028 2084 εἰπεῖν,
3116 2010 3199 2067 ὅτι
3294 2010 3518 2088 μοιχὸν,
3593 2010 3719 2087 οὐχὶ
3788 2005 3847 2062 δὲ

2173 2100 2356 2180 ἄνδρα,
2410 2104 2558 2180 εἶχε,
2606 2104 2719 2166 πῶς
2765 2102 2887 2181 οὒχὶ
2950 2100 3124 2175 μάτην
3180 2097 3327 2156 ἔσται
3399 2097 3754 2175 προστάσσων
3816 2098 3846 2152 ὅ

2173 2177 2386 2267 λέγων·
2469 2177 2716 2269 ⁷’²ῐ³παγε,
2787 2177 3036 2271 φῶιιησον
3118 2189 3208 2244 τόν
3299 2185 3460 2265 ἄνδρα
3532 2209 3652 2259 σου,
3756 2177 3850 2240 καὶ

2173 2278 2290 2336 ἔλθέ
2347 2276 2573 2358 ἐνθέδες
2623 2280 2762 2336 Εἶτα
2832 2280 2965 2358 πρὸς
3030 2283 3187 2334 τοῦτο
3221 2292 3237 2309 ⁶
3301 2274 3531 2342 Ἀληθές
3585 2274 3840 2353 εἴρηκας,

2177 2368 2256 2423 ὅτι
2312 2365 2471 2447 ἄνδρα
2516 2372 2612 2427 οὒκ
2680 2366 2827 2447 ἔχεις
2862 2385 2875 2400 ·
2926 2365 3085 2447 φησίν
3120 2381 3136 2397 ⁹
3199 2362 3351 2423 Ἐπεὶ
3402 2363 3458 2419 ἒν
3514 2370 3593 2438 τῷ
3647 2362 3841 2438 κόσμῳ

2178 2458 2270 2512 οὒκ
2359 2459 2516 2536 εἶχεν
2586 2455 2743 2533 ἄνδρα
2794 2458 2829 2523 ἡ
2888 2462 3239 2536 Σαμαρεῖτις,
3303 2452 3367 2520 ἧν
3420 2452 3521 2530 γὰρ
3566 2450 3733 2517 αὐτῆς
3808 2452 3838 2506 ὁ

2174 2545 2304 2623 ἀνὴρ
2359 2545 2414 2601 ὲν
2449 2535 2547 2618 τῷ
2631 2548 2812 2605 Αἱῶνι.
2892 2535 3084 2620 Ἠμετς
3143 2542 3240 2619 μὲν
3325 2543 3415 2598 οὖν
3475 2539 3778 2617 ἀνέγνωμεν
3812 2557 3832 2574 ο

2174 2632 2337 2690 Πέντε
2394 2631 2581 2712 ἄνδρας
2640 2633 2803 2713 ἔσχες
2843 2653 2855 2665 ·
2910 2633 3052 2712 παρὰ
3121 2630 3177 2687 δὲ
3219 2637 3299 2706 τῷ
3376 2627 3688 2708 Ηραύέωνι
3745 2627 3838 2684 εῦ-

2176 2744 2334 2802 ρομεν
2368 2738 2383 2753 ⁸
2472 2721 2562 2789 Ἐξ
2642 2720 2829 2801 ἄνδρας
2889 2719 3052 2801 ἔσχες
3087 2736 3102 2751 ⁸
3166 2721 3254 2777 καὶ
3296 2717 3580 2799 ἑρμηνεύει
3631 2739 3693 2796 γε
3743 2719 3843 2786 τὴν

2176 2810 2366 2879 ὑλικὴν
2420 2833 2594 2869 πασαν
2638 2811 2825 2868 κακίαν
2891 2809 3172 2877 δηλοῦσθαι
3227 2806 3313 2864 διὰ
3354 2813 3462 2863 τῶν
3506 2805 3558 2872 ’ἐξ
3618 2804 3845 2882 ἀνδρῶν,

433 2897 501 2957 in
522 2896 749 2957 mundo
766 2896 968 2957 virum
981 2912 1105 2957 non
1115 2891 1865 2968 habebatSamaritis,viro
1875 2912 1985 2957 suo
1998 2915 2097 2959 ea:—

2179 2905 2216 2978 ᾒ
2262 2900 2652 2958 συνεπέπλεκτο
2706 2901 2794 2957 καὶ
2852 2898 3163 2974 ἐπλησίαζε,
3209 2898 3354 2975 παρὰ
3407 2895 3572 2973 λόγον
3615 2896 3841 2972 πορνεύ-

433 2982 684 3045 sistente
711 2984 875 3045 inter
904 2985 1139 3047 Eones.
1169 2981 1363 3062 Atque
1388 2997 1497 3041 nos
1526 2980 1769 3061 quidem
1803 2981 2052 3061 legimus
2080 3015 2092 3052 ;

2180 3011 2334 3069 ουσα,
2405 2991 2493 3046 καὶ
2536 2987 2930 3067 ἐνυϐριζομένη,
3005 2988 3095 3044 καὶ
3146 2984 3494 3060 ἀθετουμένη,
3540 2986 3632 3041 καὶ
3675 2984 3840 3063 ἐγκα-

436 3071 709 3150 Quinque
734 3072 902 3171 enim
921 3073 1085 3133 viros
1112 3069 1472 3171 habuisti:
1492 3068 2096 3171 apudHeracleonem

2179 3077 2544 3154 ταλειπομένη
2582 3075 2674 3135 ὑπ’
2728 3078 2922 3138 αὐτῶν,
2971 3074 3199 3133 Λεκτέον
3247 3073 3300 3130 δὲ
3352 3075 3484 3154 πρὸς
3542 3074 3727 3145 αὐτὸν,
3761 3071 3845 3130 ὅτι

433 3177 573 3220 vero
595 3158 965 3222 invenimus:
993 3162 1119 3222 Sea;
1138 3163 1305 3222 viros
1330 3157 1631 3221 habuisti:
1657 3159 2100 3240 interpretatur-

2182 3164 2337 3245 εἴπερ
2393 3163 2668 3244 ἒπόρνευεν
2723 3167 2757 3231 ἡ
2802 3162 3164 3243 πνευματική,
3193 3160 3499 3241 ἡμάρτανε)
3530 3162 3566 3228 ἡ
3597 3181 3846 3219 πνευμα-

434 3266 549 3328 que
572 3266 679 3327 per
706 3247 865 3310 viros
894 3266 1020 3324 sex,
1055 3248 1391 3311 universam
1421 3246 1704 3310 malitiam
1731 3249 2095 3312 materialem

2180 3255 2303 3325 τική
2340 3272 2354 3287 ⁸
2403 3257 2449 3311 εἰ
2504 3252 2559 3310 δὲ
2621 3254 2892 3333 ἡμάρτανε
2955 3251 3314 3329 πνευματικὴ,
3370 3247 3579 3327 δένδρον
3646 3251 3845 3327 ἀγαθὸν

437 3335 756 3410 declarari,
818 3354 937 3414 qua
967 3354 1106 3399 sese
1147 3335 1547 3418 implicuerat,
1597 3343 1655 3397 et
1680 3336 1752 3397 ad
1785 3356 1955 3417 qaam
1992 3358 2093 3400 ac-

2178 3346 2273 3400 οὖκ
2339 3342 2409 3410 ἦν
2450 3343 2486 3411 ἡ
2541 3343 2897 3417 πνευματική.
2952 3342 3098 3399 Κατὰ
3128 3340 3228 3418 γὰρ
3272 3340 3333 3394 τὸ
3380 3335 3726 3414 Εὖαγγέλιον,
3768 3340 3845 3396 Οὔ

435 3432 717 3505 cesserat,
754 3433 965 3506 praeter
1021 3426 1311 3488 rationem
1343 3423 1670 3501 fornicans,
1713 3428 2095 3490 contumeliis

2177 3428 2387 3488 δύναται
2472 3429 2677 3510 δένδρον
2762 3431 2956 3508 ἀγαθὸν
3028 3429 3262 3508 καρποὺς
3347 3426 3616 3505 πονηροὺς
3685 3425 3842 3505 ἐνεγ-

432 3513 673 3586 aﬂ'ecta,
709 3523 768 3576 et
827 3516 1073 3597 rejecta,
1130 3523 1192 3578 et
1217 3513 1504 3577 derelicta
1533 3512 1607 3574 ab
1658 3512 1800 3577 illis.
1835 3516 1949 3578 Sed
1982 3517 2091 3598 ipsi

2177 3523 2295 3576 κεῖν
2329 3535 2343 3550 ⁸
2406 3521 2494 3577 καὶ
2552 3517 2736 3596 δῆλον,
2800 3517 2882 3575 ὅτι
2940 3517 3157 3598 οἴχεται
3215 3518 3398 3580 αὐτοῖς
3441 3515 3508 3571 τὰ
3550 3521 3651 3584 τῆς
3683 3520 3842 3593 μυθο-

433 3601 790 3665 Heracleoni
818 3602 1138 3668 dicendum
1171 3609 1284 3679 est,
1307 3601 1357 3663 si
1377 3600 1666 3663 fornicata
1697 3608 1789 3663 est
1814 3603 2094 3682 spiritua-
2179 3612 2375 3672 ποιίας,

435 3690 535 3768 lis,
582 3710 866 3773 peccasse
897 3692 1265 3773 spiritualem
1295 3712 1311 3766 ;
1344 3691 1396 3752 si
1457 3706 1591 3751 vero
1623 3691 1889 3769 peccavit
1931 3692 2286 3772 spiritualis,
2342 3695 2620 3761 arborem
2654 3695 2873 3758 bonam
2933 3700 3054 3757 non
3085 3692 3269 3755 fuisse
3324 3692 3500 3754 istam
3551 3692 3846 3773 spiritua-

435 3788 592 3849 lem.
651 3783 825 3845 Juxta
871 3781 1031 3844 enim
1064 3779 1470 3860 Evangelium,
1526 3776 1667 3840 Non
1689 3784 1882 3858 potest
1912 3780 2096 3842 arbor
2150 3781 2305 3846 bona
2334 3787 2532 3848 malos
2576 3787 2813 3863 [ructus
2860 3784 3030 3862 ferre
3056 3779 3085 3824 ⁴
3116 3803 3132 3860 ;
3167 3779 3421 3863 proinde
3451 3790 3660 3861 aperte
3727 3781 3848 3844 illis

448 3870 672 3952 perire,
706 3889 838 3952 quas
866 3871 1188 3933 ﬁnxerunt.

1824 3956 1986 4037 Pag.
2018 3958 2137 4023 209
2169 3969 2228 4024 et
2267 3980 2435 4044 seqq.

520 4061 854 4126 Heracleon
882 4064 946 4127 in
993 4064 1123 4127 haec
1164 4063 1347 4128 verba
1388 4063 1630 4144 (Patres
1678 4064 1870 4152 nostri
1896 4064 1962 4152 in
1991 4063 2103 4127 hoc

2270 4062 2326 4128 Ὀ
2390 4062 2692 4151 Ἡρακλέων
2739 4070 2812 4131 εἰς
2846 4069 2912 4125 τὰ
2945 4069 3077 4126 αὐτὰ
3105 4068 3318 4146 ῥήματα
3347 4066 3516 4149 λέγει,
3550 4070 3844 4152 εὒο-χημό-

435 4160 638 4215 monte
666 4154 1081 4217 adoraverunt
1107 4155 1141 4206 ὕ
1176 4160 1189 4227 )
1220 4152 1323 4231 ait,
1383 4152 1634 4213 honeste
1680 4150 2101 4214 Samaritidem

2184 4181 2289 4222 νως
2334 4157 2745 4238 ὡμολογηκέναι
2769 4158 2869 4226 τὴν
2912 4165 3241 4236 Σαμαρεῖτιν
3269 4157 3336 4213 τὰ
3383 4156 3475 4216 ὑπ’
3504 4150 3688 4219 αὗτοῦ-
3711 4162 3845 4236 πρὸς

439 4241 652 4303 fassam
683 4240 893 4319 fuisse,
928 4260 1019 4323 qm
1049 4240 1163 4330 sibi
1191 4244 1365 4303 Jesus
1389 4238 1634 4302 dixisset
1661 4259 1673 4300 :
1707 4238 1911 4330 Solius
1940 4243 2102 4304 enim

2184 4248 2343 4316 αὐτὴν
2417 4248 2668 4327 εἰρημένα
2699 4262 2717 4279 ⁸
2832 4248 3114 4327 Προφήτου
3196 4246 3297 4324 γὰρ
3376 4247 3565 4324 μόνου,
3656 4250 3845 4330 φησὶν,

431 4332 767 4410 prophetae,
800 4330 998 4412 inquit
1021 4329 1428 4412 (Haracleon),
1466 4336 1553 4391 est
1581 4329 1786 4389 omnia
1814 4345 2096 4392 cer-nere:

2185 4333 2323 4392 ἐστὶν
2394 4334 2581 4392 εἰδέναι
2624 4337 2691 4394 τὰ
2765 4336 2964 4409 πάντα,
3012 4332 3336 4411 ψευδόμενος
3394 4329 3687 4414 ἑκατέρως,
3750 4344 3851 4396 Καὶ

434 4394 1103 4499 ἶιῑτὸδίᾳυέωθῖιιίειῖε.
1138 4418 1285 4483 Nam
1319 4394 1497 4480 etiam
1531 4415 1731 4494 angeli
1763 4416 2098 4495 hujusmodi

2191 4424 2291 4502 γὰρ
2346 4426 2394 4481 οἱ
2442 4422 2658 4503 ἄγγελοι
2715 4424 2781 4481 τὰ
2836 4432 3053 4481 τοιαῦτα
3123 4420 3366 4479 δύνανται
3440 4421 3658 4500 εἰδέναι,
3704 4425 3791 4481 καὶ
3823 4426 3853 4480 ὃ

440 4524 691 4569 cernere
742 4517 992 4591 queunt,
1023 4520 1081 4571 et
1139 4508 1432 4589 propheta
1461 4524 1582 4567 non
1638 4504 1802 4565 videt
1857 4505 2100 4572 omnia:

2190 4514 2468 4593 προφήτης
2513 4515 2571 4570 οὐ
2613 4513 2785 4569 πάντα
2838 4510 2984 4568 οἶδεν
3020 4530 3036 4546 θ
3097 4507 3194 4568 Ἐκ
3223 4510 3416 4589 μέρους
3447 4512 3549 4589 γὰρ
3579 4513 3854 4590 γινώσκο-

438 4595 545 4659 Ea:
566 4602 747 4676 parte
760 4599 921 4659 enim
954 4599 1457 4679 cognoscimus,et
1481 4601 1748 4674 exparte
1776 4593 2104 4675 propheta-

2190 4622 2311 4682 μεν,
2371 4603 2459 4659 καὶ
2508 4601 2568 4656 ἐκ
2619 4599 2809 4680 μέρους
2881 4603 3311 4680 προφητεύομεν,
3368 4597 3469 4655 κᾶν
3511 4601 3854 4681 προφητεύο-

437 4701 575 4747 mus
601 4683 654 4761 6,
695 4684 823 4749 sive
853 4687 1303 4768 prophetemus,
1338 4685 1461 4746 sive
1492 4699 1947 4762 cognoscamus.
1981 4685 2100 4746 De-

434 4772 579 4835 inde
608 4772 1020 4837 Samaritidem
1066 4777 1289 4853 laudat,
1324 4786 1605 4854 tanquam
1651 4788 1784 4850 quae
1813 4770 2099 4832 decenter

438 4869 664 4925 natura;
689 4880 812 4924 suae
840 4862 1071 4941 fecerit,
1113 4885 1243 4947 quae
1270 4881 1465 4945 neque
1498 4857 1745 4921 mentita
1782 4858 1878 4933 sit,
1902 4877 2098 4941 neque

435 4951 628 5031 palam
659 4952 817 5014 fassa
847 4953 1274 5033 turpitudinem
1304 4971 1472 5016 suam
1500 4969 1515 5011 :
1544 4957 1601 5011 et
1630 4964 1970 5028 persuasam
1998 4951 2095 5011 in-

435 5040 565 5121 quit
592 5040 805 5121 ipsam,
863 5042 1064 5104 Jesum
1124 5044 1474 5125 prophetam
1511 5054 1666 5117 esse,
1726 5034 2096 5116 interrogare

433 5147 595 5206 eum,
631 5129 1047 5192 ostendentem
1104 5133 1283 5195 simul
1317 5133 1494 5193 etiam
1555 5141 1817 5197 causam,
1855 5135 2099 5206 propter

432 5236 610 5299 quam
668 5218 962 5282 fornicata
1013 5218 1193 5282 fuerit
1238 5244 1254 5291 ;
1310 5219 1598 5281 nimirum
1637 5210 1795 5292 quod
1832 5223 2097 5299 prapter

434 5298 834 5387 ignorantiam
865 5307 996 5383 Dei,
1059 5317 1119 5371 et
1149 5310 1413 5371 divinum
1449 5306 1671 5369 cultum
1712 5298 2091 5380 neglexisset,

433 5403 493 5457 et
520 5395 723 5457 omnia
769 5396 1052 5460 deessent
1103 5417 1235 5479 quae
1264 5398 1381 5460 sibi
1441 5395 1517 5458 ad
1545 5393 1726 5453 vitam
1760 5392 2095 5453 necessaria

512 5561 774 5623 9810811.
824 5580 904 5638 IV,
944 5564 1040 5626 16.
1125 5565 1148 5608 ί
1180 5565 1351 5629 Adde
1394 5569 1586 5624 εἰπεῖν.

432 5639 466 5690 ϐ
492 5639 519 5702 l
545 5643 681 5703 Cor.
730 5657 857 5718 xui,
890 5643 952 5703 9.

429 5718 464 5769 9
499 5720 641 5798 Leg.
676 5724 804 5783 τῶν.

1670 5557 1875 5600 31mm
1954 5571 2012 5600 ιν
2071 5563 2141 5600 Δτ

1037 5610 1040 5621 .
1125 5565 1148 5608 ί
1180 5565 1351 5629 Adde
1394 5569 1586 5624 εἰπεῖν.
1670 5557 1698 5600 9
1725 5556 1901 5618 Joan.
1954 5571 2034 5631 ιν,
2071 5563 2115 5620 1·

1037 5644 1065 5691 7
1095 5643 1239 5726 Leg.
1302 5647 1393 5704 ἅτε
1423 5645 1491 5702 δι’
1523 5641 1763 5722 ἄγνοιαν.
1848 5635 1881 5684 8
1905 5637 2115 5718 Supplt

2255 5564 2282 5607 3
2310 5564 2488 5642 lbid.,
2523 5565 2623 5629 48.
2712 5565 2742 5608 ⁴
2766 5564 2971 5625 Matth.
3004 5581 3106 5639 vu,
3138 5560 3237 5624 18.
3322 5563 3551 5625 5Joan.
3585 5578 3669 5643 ιν,
3729 5561 3849 5628 20.

2177 5646 2314 5708 dum
2347 5653 2513 5726 puto,
2573 5646 3080 5728 ἀποτυγχάνουσαν,
3125 5641 3219 5705 vel
3249 5641 3555 5723 quidpiam
3601 5642 3851 5709 simile.

2190 4710 2309 4770 μεν²
2356 4690 2442 4746 καὶ
2501 4691 2854 4767 γινώσκομεν.
2911 4689 3058 4745 Μετὰ
3122 4685 3179 4742 δὲ
3248 4695 3414 4745 ταῦτα
3490 4686 3707 4745 ἐπαινεῖ
3772 4691 3853 4753 ὡς

2185 4778 2490 4858 πρεπόντως
2520 4784 2589 4854 τῇ
2647 4776 2810 4845 αὐτῆς
2854 4777 3004 4857 φύσει
3057 4776 3362 4845 ποιήσασαν
3406 4776 3504 4842 τὴν
3562 4783 3851 4856 Σαμαρεῖ-

2180 4889 2284 4941 τιν,
2330 4868 2416 4923 καὶ
2459 4867 2597 4942 μήτε
2657 4864 3014 4944 ψευσαμένην,
3076 4865 3214 4939 μήτε
3257 4860 3501 4942 ἄντικρυς
3562 4863 3845 4943 ὁμολογή-

2180 4978 2347 5012 σασαν
2401 4960 2500 5021 τήν
2551 4955 2745 5021 ἑαυτῆς
2826 4952 3241 5032 ἀσχημοσύνην,
3332 4953 3703 5027 πεπεισμένην
3755 4975 3847 5026 τε,

2179 5045 2358 5124 φησὶν,
2420 5043 2612 5118 αὒτην,
2672 5041 2752 5097 ὅτι
2801 5043 3080 5121 προφήτης
3134 5040 3251 5115 εἴη,
3289 5039 3489 5119 ἐρωτᾷν
3517 5040 3698 5116 αὖτὸν,
3731 5040 3854 5115 ἅμα

2178 5135 2275 5200 την
2348 5133 2516 5189 αἰτίαν
2597 5130 2976 5211 ἐμφαὶνουσαν,
3053 5129 3120 5186 δι’
3188 5130 3255 5198 ἢν
3315 5129 3681 5210 ἐξεπόρευσεν,
3759 5129 3853 5187 ὅτι

2176 5221 2406 5278 διάνοιαν
2460 5220 2490 5269 7
2527 5227 2682 5294 Θεοῦ,
2746 5221 2833 5276 καὶ
2906 5219 3004 5287 τῆς
3063 5218 3199 5275 κατὰ
3258 5220 3350 5274 τὸν
3411 5220 3545 5275 Θεὸν
3599 5218 3857 5298 λατρείας

2177 5309 2547 5386 ἂμελήσασαν,
2608 5310 2697 5366 καὶ
2775 5309 2988 5367 πάντων
3044 5310 3151 5364 τῶν
3203 5308 3341 5365 κατὰ
3397 5309 3490 5363 τὸν
3535 5307 3650 5384 βίον
3712 5308 3861 5387 αῦτῇ

2177 5398 2477 5478 ἀναγκαίων
2504 5396 2558 5473 8,
2605 5398 2693 5454 καὶ
2725 5393 2901 5462 ἄλλως
2945 5396 3026 5453 ἀεὶ
3066 5395 3165 5463 τὴν
3193 5392 3226 5443 9
3274 5397 3333 5452 ἒν
3375 5400 3454 5469 τῷ
3483 5395 3586 5472 βίῳ
3627 5399 3857 5476 τυγχά-

2255 5564 2282 5607 3
2310 5564 2488 5642 lbid.,
2523 5565 2623 5629 48.
2712 5565 2742 5608 ⁴
2766 5564 2971 5625 Matth.
3004 5581 3106 5639 vu,
3138 5560 3237 5643 18.
3322 5563 3551 5643 δίλοεω.
3585 5578 3669 5643 1v,
