4096 6384
301 378 458 445 1305

292 533 471 572 νουσαν
504 530 519 546 ⁸

289 602 444 682 φρέαρ
500 602 599 669 ἔξω
667 610 768 672 τῆς
823 605 1029 670 πόλεως
1073 605 1361 685 τυγχάνον,
1419 604 1733 684 Προστίθησί
1773 626 1830 661 τε
1872 605 1929 655 ¹0

286 692 512 769 τούτοις,
558 691 639 749 ὅτι
669 692 964 770 βουλομένη
996 697 1209 767 μαθεῖν,
1247 700 1361 759 πῶς
1401 695 1490 751 καὶ
1527 695 1625 751 τίνι
1668 694 1848 771 τρόπῳ
1874 691 1922 736 ﬂ

286 780 695 860 εὖαρεστῆσασα,
787 784 875 839 καὶ
955 790 1070 857 Θεῳ
1149 783 1523 861 προκυνήσασα
1591 781 1923 861 ἀπαλλαγείη

281 876 378 926 τοῦ
428 871 717 949 πορνεύειν,
778 870 920 949 λέγει
977 874 1037 928 τὸ
1071 891 1086 909 ο
1160 874 1219 930 Οἱ
1289 871 1510 950 πατέρες
1551 872 1706 946 ἡμῶν
1752 872 1805 928 ἐν
1849 876 1926 946 τῷ

281 955 390 1034 ὄρει
443 962 613 1033 τούτῳ
681 960 1100 1039 προσεκύνησαν,
1173 961 1260 1017 καὶ
1322 961 1388 1016 τὰ
1430 958 1572 1028 ἒξῆς.
1619 959 1826 1040 Σφόδρα
1867 960 1922 1017 δὲ

280 1044 424 1102 ἐστιν
465 1046 748 1126 εὐέλεγκτα
798 1051 865 1106 τὰ
917 1048 1169 1129 εἰρημένα
1201 1069 1216 1084 ο
1256 1049 1414 1105 πόθεν
1440 1049 1545 1128 γὰρ
1571 1047 1731 1115 δῆλον
1760 1049 1817 1099 ’3
1844 1047 1925 1105 ὅτι

277 1135 523 1210 βούλεται
581 1140 771 1211 μαθεῖν
819 1138 921 1194 τίνι
960 1138 1141 1216 τρόπῳ
1171 1137 1565 1216 εὒαρεστήσασα
1591 1136 1924 1217 ἀπαλλαγείη

275 1230 368 1281 τοῦ
410 1226 681 1303 πορνεύειν
716 1246 733 1302 ;
765 1225 920 1304 Λέγει
951 1229 1083 1303 αὐτῇ
1112 1230 1139 1282 6
1171 1224 1400 1293 Ἰησοῦςο
1435 1226 1651 1282 Πίστευε
1681 1248 1797 1301 μοι,
1828 1229 1922 1305 γύψ

275 1334 390 1389 ναι,
435 1314 518 1370 ὅτι
561 1315 776 1394 ἔρχεται
807 1315 941 1395 ὥρα,
988 1314 1075 1371 ὅτε
1121 1315 1236 1372 οὔτε
1267 1312 1323 1356 ﬂ
1349 1315 1403 1370 ἐν
1432 1314 1540 1392 ὅρει
1570 1316 1761 1389 τούτῳ,
1808 1315 1925 1395 οὔτε

274 1400 331 1457 ἐν
419 1400 805 1480 Ἰεροσολύμοις
858 1394 1281 1482 ίπροσκυνήσετε
1376 1410 1454 1478 τῷ
1523 1404 1705 1482 Πατρί.
1781 1394 1922 1461 UOre

273 1487 419 1556 ἔδοξε
449 1493 786 1549 πιθανώτατα
813 1493 1162 1570 τετηρηκέναι
1201 1497 1229 1550 6
1276 1485 1578 1571 ’Πρακλέων
1608 1491 1661 1548 ἐν
1690 1493 1916 1567 τούτοις,

269 1579 335 1635 τὸ
391 1579 476 1637 ἐπὶ
546 1580 642 1656 μὲν
710 1584 814 1638 τῶν
874 1582 1140 1661 προτέρων
1198 1582 1274 1657 μὴ
1326 1584 1559 1661 εἰρῆσθαι
1631 1585 1786 1657 αὗτῇ,
1832 1583 1922 1637 Πί-

270 1667 422 1723 στευέ
476 1690 589 1744 μοι,
636 1669 813 1747 γύναι,
877 1673 963 1726 νῦν
1021 1669 1075 1727 δὲ
1130 1678 1285 1727 τοῦτο
1315 1671 1447 1739 αὒτῆ
1479 1670 1869 1749 προστετάχθαι
1902 1686 1918 1703 ⁸

267 1756 393 1812 τότε
433 1756 730 1814 επεθόλωσε
792 1760 852 1815 τὸ
915 1760 991 1834 μὴ
1033 1759 1276 1816 ἀπίθανον
1332 1761 1713 1838 παρατήρημα,
1760 1759 1922 1816 εἰπὼν

1517 384 1993 449 FRAGMENTA
2037 380 2437 447 GNOSTICA.

579 516 657 574 Ού
706 516 805 593 γὰρ
860 515 947 590 ἂν,
1021 517 1201 597 φησὶν,
1261 516 1393 583 αὐτὴ
1452 514 1654 596 ἤρχετο
1708 515 1794 573 ἐπὶ
1870 518 1906 572 τί

1989 521 2236 589 essent,
2271 523 2329 577 et
2358 516 2609 597 proinde
2636 517 2750 579 alio
2802 515 2977 579 modo
3008 515 3224 576 victum
3252 508 3366 571 sibi
3391 524 3661 589 quaerere

3504 375 3527 433 1
3542 372 3659 435 306

2009 602 2458 683 soleret.Neque
2468 606 3133 688 enim,inquit,venisset
3145 603 3278 679 ipsa
3293 598 3371 660 ad
3382 604 3655 688 puteum,

2007 693 2274 770 quierat
2305 701 2480 755 extra
2509 684 2948 756 urbem—Hisce
2979 690 3163 771 addit,
3197 706 3328 750 eam
3358 684 3656 747 volentem

2007 779 2260 860 discere,
2306 782 2601 861 quomodo
2628 782 2819 845 Deum
2870 781 3145 852 adorans,
3179 785 3237 838 et
3268 774 3354 836 illi
3388 781 3652 852 accepta,

2005 867 2362 930 liberaretur
2385 887 2417 930 a
2439 869 3001 952 fornicatione,illud
3025 868 3247 929 dixisse
3273 866 3514 926 :Patres
3544 879 3657 923 tto-‘-

2004 959 2118 1018 stri
2140 958 2206 1018 in
2227 957 2337 1020 hoc
2356 967 2555 1021 monte
2568 960 2975 1022 adoravcrunt
2998 957 3069 1034 η,
3091 963 3146 1017 et
3172 971 3240 1017 ea
3253 970 3383 1033 quae
3405 969 3659 1030 sequun-

2008 1052 2124 1105 tur.
2158 1043 2270 1107 Sed
2300 1046 2473 1109 facile
2500 1047 2819 1109 admodum
2850 1047 3288 1124 redarguuntur
3305 1042 3431 1101 haec
3455 1039 3610 1099 dicta
3637 1055 3651 1100 :

2006 1133 2166 1194 unde
2192 1134 2349 1195 enim
2371 1136 2553 1216 liquet
2580 1156 2708 1198 eam
2734 1136 2966 1197 discere
2987 1133 3158 1207 velle,
3195 1150 3308 1211 quo
3344 1136 3510 1216 pacto
3531 1126 3655 1188 Deo

2006 1230 2173 1300 grata
2220 1215 2574 1286 liberaretur
2601 1244 2636 1286 a
2666 1224 3057 1286 fornicatione
3085 1221 3116 1280 ?
3137 1220 3286 1284 Dicit
3315 1217 3402 1278 illi
3430 1215 3602 1279 Jesus
3636 1232 3649 1276 :

2010 1311 2202 1373 Crede
2229 1314 2405 1389 mihi,
2433 1314 2675 1391 mulier,
2711 1317 2875 1376 venit
2902 1313 3074 1391 hora,
3100 1308 3338 1389 quando
3367 1322 3563 1387 neque
3588 1309 3655 1365 in

2005 1399 2117 1460 ltoc
2130 1407 2345 1475 monte,
2367 1420 2559 1481 neque
2568 1403 2798 1465 Jerosot
2802 1405 2953 1482 ymis
2968 1401 3157 1463 adora
3166 1398 3557 1459 bitisPatrem
3573 1393 3650 1453 15.

2003 1485 2247 1557 Quando
2290 1489 2449 1552 visus
2478 1500 2565 1553 est
2587 1491 2919 1553 Heracleon
2946 1488 3253 1568 aptissime
3284 1484 3344 1544 in
3378 1484 3504 1543 haec
3536 1482 3651 1541 ob-

2004 1592 2292 1650 servasse,
2326 1578 2389 1640 in
2420 1578 2893 1658 praecedentibus
2920 1596 3037 1639 non
3069 1576 3289 1637 dictum
3317 1571 3497 1632 fuisse
3524 1569 3607 1629 illi
3633 1589 3647 1631 :

2003 1661 2248 1746 Mulier,
2265 1668 2441 1729 crede
2466 1670 2647 1744 milii;
2678 1687 2836 1729 nunc
2866 1674 3060 1728 autem
3088 1666 3200 1726 hoc
3217 1663 3297 1723 illi
3317 1660 3650 1738 injunctum

2003 1751 2179 1813 fuisse
2208 1774 2222 1816 :
2256 1762 2395 1817 tunc
2426 1775 2542 1817 non
2575 1757 2843 1817 inscitam
2875 1752 3347 1816 observationem
3381 1746 3652 1808 observa-

270 1844 395 1923 ὅρος
441 1847 543 1920 μὲν
592 1848 684 1903 τὸν
740 1844 981 1905 διάϐολον
1025 1846 1293 1927 λέγεσθαι,
1344 1849 1381 1916 ἢ
1412 1835 1781 1922 τὸν-κόσμον
1821 1850 1906 1906 αὖ·

2005 1840 2107 1915 vit,
2142 1859 2276 1903 cum
2308 1844 2573 1919 dixisset,
2610 1864 2715 1925 per
2746 1854 3006 1905 montem
3038 1838 3292 1917 intelligi
3324 1835 3644 1898 diabolum.

267 1940 364 1990 τοῦ
399 1953 412 1967 ’
463 1932 712 2013 Ἐπείπερ
810 1936 971 2013 μέρος
1055 1936 1107 1991 ἓν
1181 1939 1208 1993 6
1291 1934 1531 1999 διάϐολος
1616 1936 1747 2004 ὅλης
1823 1940 1922 2003 τῆς

267 2021 429 2103 ὕλης,
491 2025 672 2102 φησὶν,
719 2028 784 2094 ἧν
841 2023 917 2100 ίδ,
982 2027 1010 2081 6
1053 2023 1108 2080 δὲ
1164 2025 1361 2101 κόσμος
1427 2027 1488 2081 τὸ
1544 2026 1753 2099 σύμπαν
1822 2025 1919 2092 τῆς

275 2111 470 2176 κακίας
553 2110 697 2181 ὅρος,
789 2113 989 2191 ἔρημον
1074 2115 1377 2191 οἱκηττςριον
1456 2114 1672 2195 θηρίων,
1742 2117 1788 2188 ᾧ
1868 2112 1920 2155 17

267 2199 625 2282 προσεκύνουν
695 2201 889 2264 πάντες
961 2205 1008 2258 οἱ
1076 2204 1176 2282 πρὸ
1228 2204 1389 2275 νόμου
1456 2206 1543 2260 καὶ
1585 2206 1631 2259 οἱ
1674 2203 1913 2260 ἐθνικοί·

272 2277 616 2362 Ἰεροσόλυμα
659 2286 713 2344 δὲ
756 2288 855 2356 τὴν
911 2277 1183 2362 κτίσινξῆ
1226 2291 1315 2345 τὸν
1360 2292 1608 2369 Κρίστην,
1659 2294 1704 2365 ᾧ
1744 2312 1916 2368 προσ-

270 2376 486 2433 εκύνουν
555 2378 602 2433 οἱ
658 2374 926 2441 Ἰουδαῖοι,
988 2376 1154 2435 Ἀλλὰ
1217 2380 1307 2435 καὶ
1366 2377 1613 2459 δευτέρως
1658 2378 1772 2458 ὅρος
1818 2379 1915 2454 μὲν

272 2462 518 2539 ἐνόμισεν
576 2466 719 2523 εἶναι
762 2467 860 2534 τὴν
933 2468 1124 2541 κτίσιν,
1177 2466 1213 2543 ᾖ
1267 2468 1455 2525 ἐθνικοὶ
1510 2469 1857 2547 προσεκύνουν
1893 2482 1908 2497 ⁸

273 2543 613 2634 Ἰεροσόλυμα
669 2552 725 2610 δὲ
783 2556 875 2612 τὸν
932 2556 1181 2634 Κρίστην,
1227 2560 1272 2630 ᾧ
1316 2543 1562 2613 Ἰουδαῖοι
1590 2555 1863 2633 ἐλάτρευον
1897 2571 1911 2586 ⁶

274 2632 459 2717 Ὑμεῖς
529 2645 643 2717 οὗν,
717 2645 898 2723 φησὶν,
988 2646 1139 2701 οἱονεὶ
1230 2648 1275 2701 οἱ
1345 2646 1708 2721 πνευματικοὶ,
1794 2643 1914 2701 οὔτε

269 2737 337 2806 τῇ
427 2731 609 2805 κτίσει,
700 2733 818 2790 οὕτε
916 2739 994 2807 τῷ
1094 2738 1413 2812 Δημιουργῴ
1494 2734 1907 2813 προσκυνήσετε,

267 2817 405 2876 ἀλλὰ
485 2828 564 2895 τῷ
645 2824 808 2897 Πατρὶ
905 2823 1003 2890 τῆς
1065 2820 1363 2889 ’Λληθείας.
1453 2832 1547 2880 Και
1627 2842 1910 2901 συμπαρα-

266 2906 529 2984 λαμϐάνει
588 2931 672 2988 γε,
751 2911 931 2990 φησὶν,
994 2912 1177 2982 αὐτὴν,
1266 2913 1338 2974 ὡς
1418 2910 1521 2979 ἤδη
1578 2911 1773 2978 πιστὴν
1823 2921 1911 2975 καὶ

267 3000 748 3076 συναριθμουμένην
844 3013 961 3063 τοῖς
1081 2999 1200 3057 κατ’
1305 3000 1553 3071 ἀλήθειαν
1676 3021 1911 3075 προσκυ-

272 3100 463 3154 νηταϊς
474 3137 487 3152 ,

2002 1931 2091 1991 vel
2145 1932 2430 1994 mundum
2464 1934 2591 2013 ejus
2620 1951 2633 1995 :
2696 1932 3191 2011 Quandoquidem
3214 1944 3359 2008 pars
3386 1942 3510 1987 una
3541 1930 3646 1994 est,

1999 2016 2214 2099 inquit,
2234 2021 2507 2083 diabolus
2534 2024 2717 2083 totius
2738 2029 3012 2084 materia
3035 2043 3050 2094 ;
3071 2018 3335 2081 mundus
3354 2030 3494 2075 vero
3513 2014 3650 2073 uni-

1999 2124 2208 2170 versus
2229 2109 2480 2171 malitia:
2504 2119 2761 2185 mons,et
2780 2111 3012 2171 deserta
3033 2107 3325 2171 habitatio
3346 2104 3644 2180 ferarum,

1997 2212 2174 2274 quem
2195 2198 2534 2261 adorabunt
2556 2216 2761 2261 omnes
2781 2206 2921 2260 ante
2942 2199 3214 2278 legem,et
3227 2189 3480 2273 gentiles
3504 2208 3517 2247 :
3540 2206 3651 2278 per

1996 2285 2432 2365 Jerosolymam
2479 2305 2615 2350 vero
2656 2286 2915 2367 intelligi
2967 2274 3111 2346 dicit
3139 2285 3518 2350 creationem,
3550 2274 3641 2367 vel

2001 2364 2344 2437 Creatorem
2375 2392 2548 2455 quem
2588 2364 2921 2438 adorabunt
2948 2373 3164 2436 Judaei.
3199 2368 3351 2441 Quin
3380 2364 3643 2425 secunda

1996 2462 2120 2523 vice
2185 2462 2534 2525 existimavit
2564 2472 2823 2525 montem
2884 2481 3015 2524 esse
3045 2459 3429 2527 creationem,
3465 2471 3641 2532 quam

1998 2552 2248 2629 gentiles
2263 2551 2578 2614 adorarent
2596 2550 3039 2640 glerosolymam
3054 2557 3247 2640 autem
3274 2548 3640 2640 Creatorem,

1995 2658 2168 2720 quem
2201 2640 2382 2703 Judaei
2414 2641 2713 2703 colerent:
2757 2630 2865 2702 Vos
2893 2656 3050 2718 ergo,
3078 2630 3643 2729 inquit,_velutispi-

1992 2729 2261 2804 rituales,
2292 2747 2487 2809 neque
2514 2731 2899 2801 creationem,
2926 2746 3116 2808 neque
3136 2723 3349 2787 mundi
3371 2720 3637 2798 opiﬁcem

1989 2818 2451 2892 adorabitis,sed
2482 2816 3037 2880 PatremVeritatis.
3060 2819 3145 2877 Ac
3166 2813 3346 2875 illam
3365 2827 3517 2874 sane
3535 2809 3644 2868 ad-

1976 2907 2179 2985 juvat,
2212 2907 2418 2988 inquit,
2458 2914 2747 2986 tanquam
2764 2907 2899 2985 jam
2924 2905 3188 2986 ﬁdelem,
3209 2912 3260 2964 et
3290 2918 3422 2980 quae
3445 2915 3640 2961 annu-

1988 3003 2252 3058 meretur
2277 2995 2676 3059 adorantibas
2715 3012 2849 3057 eum
2880 2995 2943 3056 in
2971 2997 3239 3056 veritate.

1335 3194 1475 3258 569
1506 3194 1602 3257 Ea:
1632 3201 1800 3256 tomo
1827 3196 1990 3271 XIV,
2021 3208 2179 3272 pag.
2213 3190 2330 3255 213
2360 3198 2419 3253 et
2446 3208 2570 3270 seq.
3154 3280 3163 3287 ο

344 3299 414 3356 Τὸ
457 3299 723 3378 μέντοιγε,
793 3292 983 3377 Ἡμεῖς
1037 3305 1447 3380 προσκυνοῦμεν,
1517 3306 1545 3358 6
1606 3294 1906 3382 Ἡρακλέων

2070 3296 2225 3359 Sane
2255 3297 2383 3358 istis
2440 3295 2661 3371 verbis,
2695 3295 2820 3359 Nos
2849 3296 3169 3358 adoramus
3200 3293 3280 3374 18,
3311 3289 3640 3382 Heracleon

261 3385 435 3445 οἴεται
478 3388 646 3464 εἶναι,
693 3392 721 3446 6
747 3389 800 3447 ἐν
830 3392 1012 3465 Alam,
1045 3392 1132 3447 καὶ
1165 3395 1209 3447 οἱ
1240 3392 1328 3448 σὺν
1356 3392 1499 3465 αὒτῳ
1526 3390 1758 3455 ἐλθόντες
1789 3387 1899 3431 ⁸8⁸⁸

258 3479 416 3534 Οὗτοι
468 3477 590 3557 γὰρ,
649 3480 830 3559 φησὶν,
903 3478 1097 3546 ἧδεσαν
1160 3482 1259 3536 τίνι
1343 3502 1711 3560 προσκυνουσι,
1768 3481 1903 3537 κατὰ

255 3564 509 3635 ἀλήθειαν
589 3574 1024 3647 προσκυνοῦντες.
1084 3568 1251 3625 Ἀλλὰ
1307 3558 1395 3625 xxi
1452 3570 1514 3625 τὸ
1546 3586 1559 3599 ⁸
1643 3558 1779 3630 ιὈτι
1863 3570 1898 3638 ἡ

256 3655 493 3733 σωτηρία
545 3655 604 3710 ἐκ
674 3661 778 3713 τῶν
848 3655 1109 3713 ἰουδαίων
1167 3658 1348 3712 ἐστίν’
1395 3657 1508 3713 ἐπεὶ
1538 3657 1591 3712 ἐν
1634 3662 1701 3733 τῇ
1760 3654 1897 3713 Ἰου-

253 3740 396 3822 δαίᾳ,
442 3744 622 3821 φησὶν,
668 3744 947 3822 ἐγεννήθη,
994 3743 1112 3801 ἀλλ’
1157 3747 1252 3802 οὐκ
1296 3745 1350 3800 ἐν
1401 3749 1584 3808 αὖτοῒς
1622 3764 1634 3777 ⁶
1682 3749 1740 3804 ού
1798 3746 1896 3824 γὰρ

252 3831 329 3894 εἰς
385 3831 586 3895 πάντας
642 3834 828 3896 αὐτοὺς
887 3831 1137 3900 εὖδόκησε
1170 3853 1184 3869 ο
1257 3835 1345 3890 καὶ
1414 3832 1493 3889 ὅτι
1560 3832 1616 3899 ἒξ
1700 3834 1897 3891 ἐκείνου

250 3921 347 3975 τοῦ
400 3919 573 3985 ἔθνους
631 3919 840 3987 ἐξῆλθεν
895 3923 929 3990 ἡ
978 3924 1211 4001 σωτηρία
1251 3923 1340 3979 καὶ
1391 3924 1418 3978 6
1477 3922 1633 4000 λόγος
1678 3923 1751 3985 εἷς
1799 3923 1898 3989 τὴν

250 4008 591 4084 οἰκουμένην,
624 4011 772 4069 Κατὰ
800 4008 855 4066 δὲ
897 4012 956 4066 τὸ
1001 4011 1303 4086 νοούμενον,
1350 4009 1410 4067 ἐκ
1457 4010 1565 4066 τῶν
1635 4008 1898 4067 Ἰουδαίων

249 4096 350 4163 τὴν
404 4098 670 4175 σωτηρίαν
715 4096 982 4175 διηγεῖται
1053 4099 1345 4177 γεγονέναι,
1412 4100 1626 4176 ἒπείπερ
1702 4099 1897 4163 εἰκόνες

252 4186 394 4241 οὗτοι
437 4192 541 4242 τῶν
570 4188 627 4242 ἒν
655 4193 732 4260 τῷ
782 4187 1131 4266 Πληρώματι,
1195 4188 1336 4261 αύτῷ
1373 4189 1515 4244 εἶναι
1572 4190 1893 4263 νομίζονται.

253 4272 456 4353 Ἐχρῆν
512 4272 567 4329 δὲ
611 4276 770 4331 αὐτὸν
811 4277 898 4332 καὶ
928 4278 1048 4339 τοὺς
1088 4276 1176 4333 ἀπ’
1224 4279 1381 4335 αὐτοῦ
1422 4275 1641 4332 ἕκαστον
1694 4283 1799 4332 τῶν
1842 4276 1895 4332 ἐν

249 4367 320 4437 τῇ
363 4360 573 4442 λατρεία
628 4360 909 4444 δεικνύνέι,
980 4372 1093 4429 πῶς
1148 4364 1287 4421 ἐστιν
1360 4366 1513 4422 εἰκὼν
1575 4370 1679 4421 τῶν
1723 4365 1778 4420 ἐν
1819 4372 1896 4439 τῷ

248 4450 606 4528 Πληρώματι,
641 4450 757 4531 εἴγε
801 4454 879 4527 μὴ
910 4453 1068 4527 μόνον
1102 4461 1249 4533 φωνξ,
1284 4460 1433 4510 τοῦτο
1463 4452 1726 4531 λέγουσιν,
1760 4452 1895 4509 ἀλλὰ

245 4539 338 4594 καὶ
405 4538 623 4611 ἀληθείᾳ
677 4548 953 4621 φρονοῦσιν
1010 4542 1159 4600 αὐτὸ.
1219 4543 1352 4619 Πρὸς
1409 4543 1613 4605 τούτοις
1679 4543 1762 4617 τὸ,
1840 4541 1893 4597 ἐν

246 4628 511 4702 πνεύματι
581 4630 669 4684 καὶ
759 4628 978 4703 ἀληθείᾳ
1076 4634 1477 4708 προσκυνεῖσθαι
1574 4632 1664 4686 τὸν
1735 4631 1888 4701 Θεὸν,

245 4717 541 4794 ἡγούμενος
599 4714 648 4757 ²¹
711 4715 877 4795 λέγει,
941 4716 1027 4775 ὅτι
1100 4722 1145 4775 οἱ
1223 4720 1463 4799 πρότεροι
1534 4721 1893 4795 προσκυνηταὶ

245 4804 303 4860 ἐν
353 4807 504 4884 σαρκὶ
575 4807 661 4862 καὶ
716 4805 892 4883 πλάνη
975 4809 1324 4885 προσεκύνουν
1406 4814 1484 4882 τῷ
1554 4808 1631 4881 μὴ
1704 4808 1886 4885 Πατρὶ,

245 4893 382 4950 ὥστε
436 4896 524 4950 καὶ
581 4896 770 4950 ταυτὸν
822 4894 1188 4963 πεπλανῆσθαι
1272 4897 1476 4959 πάντας
1544 4897 1665 4961 τοὺς
1720 4916 1889 4970 προσ-

241 4984 601 5066 κεκυνηκότας
686 4988 763 5056 τῷ
834 4982 1165 5062 δημιουργῷ,
1255 4987 1350 5042 Καὶ
1418 4985 1648 5066 ἐπιφέρει
1715 5005 1777 5062 γε
1861 4985 1889 5039 6

247 5062 573 5150 Ἡρακλέων,
662 5071 741 5129 ὅτι
839 5072 1114 5152 ἐλάτρευον
1213 5080 1279 5149 τῇ
1376 5062 1584 5149 κτίσει,
1654 5075 1741 5129 καὶ
1830 5076 1888 5129 οὗ

240 5164 320 5233 τῷ
365 5157 481 5216 κατ’
540 5158 789 5230 ἀλήθειαν
848 5163 1066 5240 Κρίστῃ,
1138 5163 1195 5226 ὃς
1269 5163 1379 5219 ἐστι
1462 5163 1709 5241 Χριστὸς,
1770 5161 1888 5239 εἴγε

238 5248 413 5304 πάντα
482 5246 548 5304 δι’
620 5252 778 5308 αὐτοῦ
834 5249 1066 5327 ἐγένετο,
1129 5254 1216 5308 καὶ
1258 5254 1424 5332 χωρὶς
1482 5253 1639 5307 αύτοῦ
1679 5248 1887 5327 ἐγένετο

239 5335 410 5402 οὒδὲν.
460 5338 556 5395 Καὶ
583 5337 683 5417 γὰρ
713 5338 741 5393 6
783 5337 966 5417 Πατὴρ
1022 5340 1287 5406 τοιούτους
1329 5349 1484 5411 ζητεῖ
1551 5339 1672 5402 τοὺς
1714 5360 1883 5416 προσ-

314 5481 368 5527 ¹⁰
396 5482 495 5547 Sic
526 5483 663 5547 cod.
696 5485 867 5550 Bodl.
903 5491 1085 5552 2281.
1168 5492 1218 5535 ίί
1251 5490 1349 5554 Sic
1371 5490 1505 5553 cod.
1539 5488 1708 5551 Bodl.

1805 5485 1857 5528 ιε
1884 5484 2058 5565 Joan.
2092 5503 2176 5565 iv,
2210 5490 2308 5555 20.

1984 3386 2235 3464 intelligi
2290 3387 2411 3448 vult
2458 3403 2617 3465 eum,
2651 3385 2749 3465 qui
2782 3393 2872 3447 est
2930 3384 2992 3446 in
3021 3384 3233 3458 Eone,
3269 3390 3327 3444 et
3373 3381 3475 3462 qui
3504 3396 3638 3440 cum

1981 3473 2109 3553 ipso
2139 3483 2427 3535 venerunt
2452 3495 2464 3533 :
2489 3473 2648 3536 Nam
2660 3473 3275 3554 hi,inquit,n0verunt
3295 3486 3470 3550 quem
3486 3469 3639 3529 ado-

1979 3569 2141 3635 rant,
2194 3562 2523 3624 secundum
2554 3564 2868 3624 veritatem
2924 3562 3262 3624 adorantes.
3296 3557 3448 3630 Quin
3494 3554 3636 3617 illud

1979 3651 2157 3712 etiam
2184 3672 2196 3711 :
2229 3649 2415 3713 Salus
2436 3669 2513 3713 ea:
2539 3650 2769 3713 Judazis
2792 3659 2877 3713 est
2894 3651 2984 3724 ‘9,-
3012 3650 3299 3730 quoniam
3322 3648 3390 3707 in
3416 3644 3635 3707 Iudaea

1978 3742 2222 3818 genitus
2236 3739 2563 3821 est,inquit,
2592 3742 2696 3802 sed
2725 3758 2845 3803 non
2870 3743 3029 3802 inter
3050 3742 3206 3820 ipsos
3232 3754 3245 3799 :
3267 3737 3411 3817 quia
3432 3750 3553 3795 non
3574 3736 3638 3794 in

1981 3844 2183 3890 omnes
2195 3830 2354 3909 ipsos
2367 3830 2561 3891 animi
2565 3836 3029 3909 prapensionem
3043 3827 3339 3902 habuit,et
3352 3824 3640 3902 quoniam

1981 3933 2059 3979 ea:
2074 3916 2181 3978 illa
2200 3924 2380 3996 gente
2390 3935 2629 3997 egressa
2647 3927 2730 3980 est
2743 3917 2910 3980 salus
2922 3926 3185 3982 etsermo
3199 3916 3265 3978 in
3287 3914 3489 3975 orbem
3509 3918 3634 3972 ter-

1983 4022 2218 4068 rarum.
2248 4004 2426 4067 Juxta
2452 4006 2911 4087 intelligentiam
2965 4024 3101 4066 vero
3134 4000 3532 4085 spiritualem,
3566 4018 3634 4059 ex

1980 4092 2201 4156 Judaeis
2230 4102 2428 4155 narrat
2457 4094 2672 4158 factam
2713 4095 2897 4156 fuisse
2944 4096 3221 4167 salutem,
3258 4089 3541 4172 quoniam
3575 4088 3636 4149 bi

1982 4181 2269 4261 imagines
2291 4183 2405 4261 ipsi
2428 4184 2704 4246 videntur
2724 4202 2855 4245 esse
2889 4201 3118 4258 eorum,
3138 4181 3239 4262 qui
3262 4177 3474 4240 suntin
3504 4176 3637 4238 Ple-

1978 4280 2225 4332 romate.
2264 4268 2729 4352 Sed,‘ostendere
2760 4273 2889 4352 ipse
2922 4289 3169 4333 necesse
3203 4276 3350 4349 erat,
3387 4266 3636 4345 ejusque

1978 4377 2283 4442 sequaces,
2318 4365 2615 4442 quomodo
2647 4361 3051 4443 unusquisque
3082 4378 3312 4431 eorum,
3350 4356 3451 4437 qui
3479 4364 3657 4415 verm

1978 4448 2251 4526 religioni
2273 4458 2411 4510 sunt
2438 4450 2762 4526 addicti,sit
2788 4450 3111 4511 similitudo
3142 4444 3477 4524 eorum,qui
3502 4455 3639 4506 sunt

1979 4534 2039 4596 in
2068 4537 2402 4599 Pleromate
2431 4558 2446 4615 ;
2482 4539 2654 4599 modo
2689 4559 2805 4599 non
2839 4539 2962 4599 sola
2992 4557 3133 4599 voce
3163 4538 3273 4597 hoc
3297 4534 3633 4607 dicant,sed

1977 4643 2114 4687 vero
2144 4627 2257 4691 hoc
2286 4628 2568 4692 sentiant.
2602 4627 2893 4690 Praeterea
2921 4626 3213 4689 enarrand
3244 4623 3487 4698 illud,in
3514 4623 3634 4703 spi-

1975 4716 2100 4777 ritu
2113 4722 2169 4777 et
2182 4721 2434 4779 veritate
2451 4718 2705 4779 adorari
2712 4719 2897 4779 Deum
2914 4716 2998 4776 90:
3002 4718 3244 4796 priores
3259 4713 3629 4783 adoratores,

1972 4803 2256 4882 inquit,in
2274 4821 2463 4867 carne
2493 4815 2549 4867 et
2571 4822 2779 4868 errore
2790 4805 3199 4867 adoraverunt
3218 4819 3373 4877 eum,
3396 4803 3504 4880 qui
3526 4800 3636 4859 Pa-

1972 4900 2069 4952 ter
2090 4909 2211 4952 non
2239 4893 2603 4968 erat.Quare
2633 4895 2845 4956 eadem
2876 4909 3113 4975 quoque
3138 4892 3376 4952 ratione
3406 4889 3635 4975 decepti

1971 4982 1999 5054 Ι
2006 4996 2144 5041 uere
2159 4984 2494 5060 omnes,qui
2514 4973 2927 5045 adoraverunt
2942 4982 3164 5043 mundi
3183 4973 3633 5058 opiﬁcemSub—

1965 5067 2279 5148 jungitque
2302 5069 2764 5145 Heracleon,eos
2792 5072 3043 5133 servisse
3069 5076 3515 5140 creaturaemon
3548 5067 3650 5145 ei,‘

1971 5158 2079 5235 qui
2108 5163 2175 5218 in
2205 5159 2720 5223 veritateCreator
2735 5161 3003 5240 erat,qui
3024 5156 3391 5220 estC/tristus
3419 5171 3634 5234 :quan-

1971 5244 2289 5325 doquidem
2319 5250 2525 5312 omnia
2540 5267 2654 5328 per
2683 5251 2881 5329 ipsum
2903 5252 3069 5326 facta
3095 5249 3322 5324 sunt,et
3350 5245 3481 5305 sine
3500 5243 3632 5322 ipso

1968 5336 2197 5411 factum
2228 5344 2317 5399 est
2344 5336 2502 5399 nihil
2520 5336 2598 5397 22.
2623 5336 2857 5400 Etenim
2883 5337 3070 5398 Pater
3113 5332 3261 5397 tales
3278 5331 3630 5413 quaerit,qui

2396 5487 2449 5531 ’³
2477 5494 2575 5558 Sic
2620 5495 2757 5556 cod.
2790 5490 2961 5556 Bodl.
3052 5487 3106 5531 ¹⁴
3137 5489 3238 5550 Sic
3284 5486 3416 5549 cod.
3451 5487 3625 5550 Bodl-

251 5562 506 5655 {3:10am
534 5580 639 5655 1v,
661 5566 769 5655 _2l_.
858 5567 1049 5655 “Sic
1087 5571 1221 5635 cod.
1256 5571 1425 5633 Bodl.
1488 5569 1567 5655 _‘7
1597 5565 1863 5655 Siccod.
1898 5564 2069 5655 Bodl.
2101 5562 2207 5655 hic
2252 5580 2312 5633 et
2342 5574 2523 5637 Paulo
2558 5571 3175 5655 ροεινριιοίῲε-ε-ι-οἱη
3206 5564 3285 5655 ,⁸⁸
3310 5564 3482 5655 Joan.
3540 5583 3623 5631 ιν»

242 5644 342 5706 22.
429 5644 504 5688 ιε’
532 5644 714 5707 Forte
749 5646 868 5727 leg.
897 5652 990 5706 τὸν
1037 5650 1092 5706 ὲν

238 5723 613 5804 διηγοὺμενος.
698 5726 753 5770 ³³
776 5728 948 5793 Joan.
980 5746 1023 5809 Ι,
1057 5729 1117 5795 3.

429 5643 504 5688 ‘8'
532 5643 715 5727 Forte
734 5646 868 5727 leg.
897 5652 990 5706 τὸν
1037 5650 1092 5706 ὲν
1122 5655 1279 5710 Atth
1308 5655 1396 5708 καὶ
1425 5653 1622 5716 τοὺς...
1668 5647 1906 5712 ἐλθόντας

1989 5647 2135 5711 Eutr.
2173 5651 2429 5715 Parnon.

2535 5647 2589 5699 1'9
2617 5647 2767 5718 lbid'.
2854 5649 3119 5726 201bid.,
3154 5653 3252 5714 23.
3340 5647 3389 5689 ²¹
3419 5648 3620 5735 Forte,
