  <div class='ocr_page' id='page_1' title='image "/cluster/home/n/w/nwhite01/storage/ocr_20150623/7/mdp.39015078384511/662.png"; bbox 0 0 4096 6468; ppageno 0'>
   <div class='ocr_carea' id='block_1_1' title="bbox 217 379 363 447">
    <p class='ocr_par' dir='ltr' id='par_1_1' title="bbox 217 379 363 447">
     <span class='ocr_line' id='line_1_1' title="bbox 217 379 363 447; baseline 0.021 -3"><span class='ocrx_word' id='word_1_1' title='bbox 217 382 240 444; x_wconf 84' lang='lat' dir='ltr'><strong>l</strong></span> <span class='ocrx_word' id='word_1_2' title='bbox 252 379 363 447; x_wconf 82' lang='lat'><strong>309</strong></span> 
     </span>
    </p>
   </div>
   <div class='ocr_carea' id='block_1_2' title="bbox 1404 374 2322 441">
    <p class='ocr_par' dir='ltr' id='par_1_2' title="bbox 1404 374 2322 441">
     <span class='ocr_line' id='line_1_2' title="bbox 1404 374 2322 441; baseline -0.008 0"><span class='ocrx_word' id='word_1_3' title='bbox 1404 375 1881 441; x_wconf 77' lang='lat' dir='ltr'><strong>FRAGMENTA</strong></span> <span class='ocrx_word' id='word_1_4' title='bbox 1922 375 2027 439; x_wconf 84' lang='lat' dir='ltr'><strong>GN</strong></span> <span class='ocrx_word' id='word_1_5' title='bbox 2034 374 2322 438; x_wconf 86' lang='lat' dir='ltr'><strong>OSTICA.</strong></span> 
     </span>
    </p>
   </div>
   <div class='ocr_carea' id='block_1_3' title="bbox 3421 369 3571 435">
    <p class='ocr_par' dir='ltr' id='par_1_3' title="bbox 3421 369 3571 435">
     <span class='ocr_line' id='line_1_3' title="bbox 3421 369 3571 435; baseline 0.007 -4"><span class='ocrx_word' id='word_1_6' title='bbox 3421 369 3571 435; x_wconf 84' lang='grc'><strong>1310</strong></span> 
     </span>
    </p>
   </div>
   <div class='ocr_carea' id='block_1_4' title="bbox 215 498 1852 593">
    <p class='ocr_par' dir='ltr' id='par_1_4' title="bbox 215 498 1844 593">
     <span class='ocr_line' id='line_1_4' title="bbox 215 498 1844 593; baseline -0.006 -21"><span class='ocrx_word' id='word_1_7' title='bbox 215 535 353 589; x_wconf 82' lang='grc' dir='ltr'>μεως</span> <span class='ocrx_word' id='word_1_8' title='bbox 418 518 519 583; x_wconf 92' lang='grc' dir='ltr'><strong>τῆς</strong></span> <span class='ocrx_word' id='word_1_9' title='bbox 580 513 722 593; x_wconf 80' lang='grc' dir='ltr'>παρὰ</span> <span class='ocrx_word' id='word_1_10' title='bbox 791 519 883 571; x_wconf 83' lang='grc' dir='ltr'><strong>τοῦ</strong></span> <span class='ocrx_word' id='word_1_11' title='bbox 967 515 1243 588; x_wconf 76' lang='grc' dir='ltr'><strong>Σωτῆρος,</strong></span> <span class='ocrx_word' id='word_1_12' title='bbox 1316 498 1550 568; x_wconf 64' lang='grc' dir='ltr'>υΗντινα</span> <span class='ocrx_word' id='word_1_13' title='bbox 1624 505 1844 565; x_wconf 85' lang='grc' dir='ltr'>καταλι-</span> 
     </span>
    </p>
   </div>
   <div class='ocr_carea' id='block_1_5' title="bbox 1940 498 3581 593">
    <p class='ocr_par' dir='ltr' id='par_1_5' title="bbox 1940 502 3581 593">
     <span class='ocr_line' id='line_1_5' title="bbox 1940 502 3581 593; baseline -0.003 -26"><span class='ocrx_word' id='word_1_14' title='bbox 1940 505 2026 568; x_wconf 68' lang='lat' dir='ltr'><strong>tite</strong></span> <span class='ocrx_word' id='word_1_15' title='bbox 2050 524 2228 587; x_wconf 68' lang='lat' dir='ltr'><strong>quam</strong></span> <span class='ocrx_word' id='word_1_16' title='bbox 2253 508 2570 570; x_wconf 85' lang='lat' dir='ltr'><strong>Servatore</strong></span> <span class='ocrx_word' id='word_1_17' title='bbox 2592 512 2710 568; x_wconf 88' lang='lat' dir='ltr'><strong>est:</strong></span> <span class='ocrx_word' id='word_1_18' title='bbox 2747 506 2936 583; x_wconf 85' lang='lat' dir='ltr'><strong>Quam</strong></span> <span class='ocrx_word' id='word_1_19' title='bbox 2969 502 3581 593; x_wconf 73' lang='lat' dir='ltr'><strong>reiinquem,inquit,</strong></span> 
     </span>
    </p>
   </div>
   <div class='ocr_carea' id='block_1_6' title="bbox 214 596 1853 682">
    <p class='ocr_par' dir='ltr' id='par_1_6' title="bbox 214 596 1853 682">
     <span class='ocr_line' id='line_1_6' title="bbox 214 596 1853 682; baseline -0.004 -24"><span class='ocrx_word' id='word_1_20' title='bbox 214 603 400 679; x_wconf 79' lang='grc' dir='ltr'>ποῦσα,</span> <span class='ocrx_word' id='word_1_21' title='bbox 460 602 609 682; x_wconf 76' lang='grc' dir='ltr'>φησί,</span> <span class='ocrx_word' id='word_1_22' title='bbox 695 598 819 680; x_wconf 85' lang='grc' dir='ltr'>παρ’</span> <span class='ocrx_word' id='word_1_23' title='bbox 901 604 1066 680; x_wconf 68' lang='grc' dir='ltr'>αὐτῷ,</span> <span class='ocrx_word' id='word_1_24' title='bbox 1139 598 1404 659; x_wconf 81' lang='grc' dir='ltr'><strong>τουτέστιν</strong></span> <span class='ocrx_word' id='word_1_25' title='bbox 1456 596 1657 677; x_wconf 69' lang='grc' dir='ltr'>ἔχουσα</span> <span class='ocrx_word' id='word_1_26' title='bbox 1711 596 1853 674; x_wconf 78' lang='grc' dir='ltr'>παρὰ</span> 
     </span>
    </p>
   </div>
   <div class='ocr_carea' id='block_1_7' title="bbox 210 683 1851 771">
    <p class='ocr_par' dir='ltr' id='par_1_7' title="bbox 210 683 1851 771">
     <span class='ocr_line' id='line_1_7' title="bbox 210 683 1851 771; baseline -0.003 -26"><span class='ocrx_word' id='word_1_27' title='bbox 210 698 286 765; x_wconf 83' lang='grc' dir='ltr'>τῷ</span> <span class='ocrx_word' id='word_1_28' title='bbox 340 691 548 771; x_wconf 85' lang='grc' dir='ltr'>Σωτῆρι</span> <span class='ocrx_word' id='word_1_29' title='bbox 613 691 675 747; x_wconf 81' lang='grc' dir='ltr'>τὸ</span> <span class='ocrx_word' id='word_1_30' title='bbox 730 693 966 748; x_wconf 79' lang='grc' dir='ltr'>τοιοῦτον</span> <span class='ocrx_word' id='word_1_31' title='bbox 1023 691 1232 767; x_wconf 72' lang='grc' dir='ltr'>σκεῦος,</span> <span class='ocrx_word' id='word_1_32' title='bbox 1294 688 1348 744; x_wconf 78' lang='grc' dir='ltr'><strong>ἐν</strong></span> <span class='ocrx_word' id='word_1_33' title='bbox 1403 689 1449 761; x_wconf 81' lang='grc' dir='ltr'>ᾤ</span> <span class='ocrx_word' id='word_1_34' title='bbox 1479 684 1718 753; x_wconf 73' lang='grc' dir='ltr'><strong>ἐληλύθει</strong></span> <span class='ocrx_word' id='word_1_35' title='bbox 1747 683 1851 741; x_wconf 90' lang='grc' dir='ltr'>λα-</span> 
     </span>
    </p>
   </div>
   <div class='ocr_carea' id='block_1_8' title="bbox 210 774 1849 859">
    <p class='ocr_par' dir='ltr' id='par_1_8' title="bbox 210 774 1849 859">
     <span class='ocr_line' id='line_1_8' title="bbox 210 774 1849 859; baseline -0.005 -23"><span class='ocrx_word' id='word_1_36' title='bbox 210 778 327 837; x_wconf 72' lang='grc' dir='ltr'>ϐεῖν</span> <span class='ocrx_word' id='word_1_37' title='bbox 380 782 440 837; x_wconf 79' lang='grc' dir='ltr'>τὸ</span> <span class='ocrx_word' id='word_1_38' title='bbox 514 781 617 852; x_wconf 81' lang='grc' dir='ltr'>ζῶν</span> <span class='ocrx_word' id='word_1_39' title='bbox 688 777 846 859; x_wconf 75' lang='grc' dir='ltr'>ὕδωρ,</span> <span class='ocrx_word' id='word_1_40' title='bbox 924 778 1247 858; x_wconf 72' lang='grc' dir='ltr'><strong>ὑπέστρεψεν</strong></span> <span class='ocrx_word' id='word_1_41' title='bbox 1332 777 1405 841; x_wconf 76' lang='grc' dir='ltr'>εἰς</span> <span class='ocrx_word' id='word_1_42' title='bbox 1475 776 1566 831; x_wconf 78' lang='grc' dir='ltr'><strong>τὸν</strong></span> <span class='ocrx_word' id='word_1_43' title='bbox 1625 774 1849 853; x_wconf 83' lang='grc' dir='ltr'>κόσμον,</span> 
     </span>
    </p>
   </div>
   <div class='ocr_carea' id='block_1_9' title="bbox 211 867 1850 948">
    <p class='ocr_par' dir='ltr' id='par_1_9' title="bbox 211 867 1850 948">
     <span class='ocr_line' id='line_1_9' title="bbox 211 867 1850 948; baseline -0.004 -23"><span class='ocrx_word' id='word_1_44' title='bbox 211 868 653 948; x_wconf 80' lang='grc' dir='ltr'>εὖαγγελιζομένη</span> <span class='ocrx_word' id='word_1_45' title='bbox 736 876 805 946; x_wconf 78' lang='grc' dir='ltr'><strong>τῇ</strong></span> <span class='ocrx_word' id='word_1_46' title='bbox 888 867 1076 938; x_wconf 68' lang='grc' dir='ltr'>κλήσει</span> <span class='ocrx_word' id='word_1_47' title='bbox 1159 868 1251 924; x_wconf 74' lang='grc' dir='ltr'><strong>τοῦ</strong></span> <span class='ocrx_word' id='word_1_48' title='bbox 1343 873 1568 944; x_wconf 79' lang='grc' dir='ltr'><strong>Χριστοῦ</strong></span> <span class='ocrx_word' id='word_1_49' title='bbox 1647 884 1850 942; x_wconf 86' lang='grc' dir='ltr'>παρου-</span> 
     </span>
    </p>
   </div>
   <div class='ocr_carea' id='block_1_10' title="bbox 209 952 1852 1037">
    <p class='ocr_par' dir='ltr' id='par_1_10' title="bbox 209 952 1852 1037">
     <span class='ocr_line' id='line_1_10' title="bbox 209 952 1852 1037; baseline -0.004 -23"><span class='ocrx_word' id='word_1_50' title='bbox 209 959 324 1014; x_wconf 89' lang='grc' dir='ltr'>σίαν</span> <span class='ocrx_word' id='word_1_51' title='bbox 358 977 373 993; x_wconf 87' lang='grc'><strong>·</strong></span> <span class='ocrx_word' id='word_1_52' title='bbox 419 956 504 1015; x_wconf 82' lang='grc' dir='ltr'>διὰ</span> <span class='ocrx_word' id='word_1_53' title='bbox 556 960 656 1037; x_wconf 76' lang='grc' dir='ltr'>γὰρ</span> <span class='ocrx_word' id='word_1_54' title='bbox 723 967 818 1017; x_wconf 84' lang='grc' dir='ltr'>τοῦ</span> <span class='ocrx_word' id='word_1_55' title='bbox 875 957 1178 1032; x_wconf 80' lang='grc' dir='ltr'>Πνεύματος</span> <span class='ocrx_word' id='word_1_56' title='bbox 1236 955 1325 1012; x_wconf 86' lang='grc' dir='ltr'><strong>καὶ</strong></span> <span class='ocrx_word' id='word_1_57' title='bbox 1377 954 1477 1010; x_wconf 79' lang='grc' dir='ltr'><strong>ὑπὸ</strong></span> <span class='ocrx_word' id='word_1_58' title='bbox 1522 962 1613 1012; x_wconf 73' lang='grc' dir='ltr'><strong>τοῦ⁹</strong></span> <span class='ocrx_word' id='word_1_59' title='bbox 1682 952 1852 1008; x_wconf 82' lang='grc' dir='ltr'>Πνεύ-</span> 
     </span>
    </p>
   </div>
   <div class='ocr_carea' id='block_1_11' title="bbox 210 1040 1850 1125">
    <p class='ocr_par' dir='ltr' id='par_1_11' title="bbox 210 1040 1850 1125">
     <span class='ocr_line' id='line_1_11' title="bbox 210 1040 1850 1125; baseline -0.004 -22"><span class='ocrx_word' id='word_1_60' title='bbox 210 1069 378 1121; x_wconf 88' lang='grc' dir='ltr'>ματος</span> <span class='ocrx_word' id='word_1_61' title='bbox 433 1048 753 1125; x_wconf 78' lang='grc' dir='ltr'><strong>προσάγεται</strong></span> <span class='ocrx_word' id='word_1_62' title='bbox 794 1048 830 1115; x_wconf 77' lang='grc' dir='ltr'>ἡ</span> <span class='ocrx_word' id='word_1_63' title='bbox 887 1046 1042 1124; x_wconf 75' lang='grc' dir='ltr'>ψυχὴ</span> <span class='ocrx_word' id='word_1_64' title='bbox 1098 1051 1174 1119; x_wconf 79' lang='grc' dir='ltr'>τῷ</span> <span class='ocrx_word' id='word_1_65' title='bbox 1228 1047 1477 1121; x_wconf 85' lang='grc' dir='ltr'>Σωτῆρι.’</span> <span class='ocrx_word' id='word_1_66' title='bbox 1511 1040 1850 1108; x_wconf 82' lang='grc' dir='ltr'>Κατανόησον</span> 
     </span>
    </p>
   </div>
   <div class='ocr_carea' id='block_1_12' title="bbox 207 1127 1845 1213">
    <p class='ocr_par' dir='ltr' id='par_1_12' title="bbox 207 1127 1845 1213">
     <span class='ocr_line' id='line_1_12' title="bbox 207 1127 1845 1213; baseline 0.004 -23"><span class='ocrx_word' id='word_1_67' title='bbox 207 1132 273 1201; x_wconf 83' lang='grc' dir='ltr'><strong>δὴ</strong></span> <span class='ocrx_word' id='word_1_68' title='bbox 325 1137 369 1192; x_wconf 75' lang='grc' dir='ltr'><strong>εἰ</strong></span> <span class='ocrx_word' id='word_1_69' title='bbox 418 1133 628 1193; x_wconf 81' lang='grc' dir='ltr'>δύναται</span> <span class='ocrx_word' id='word_1_70' title='bbox 669 1134 1022 1210; x_wconf 71' lang='grc' dir='ltr'><strong>ἐπαινουμένη</strong></span> <span class='ocrx_word' id='word_1_71' title='bbox 1081 1132 1365 1213; x_wconf 76' lang='grc' dir='ltr'><strong>τυγχάνειν</strong></span> <span class='ocrx_word' id='word_1_72' title='bbox 1413 1132 1449 1199; x_wconf 74' lang='grc' dir='ltr'><strong>ἡ</strong></span> <span class='ocrx_word' id='word_1_73' title='bbox 1492 1129 1632 1203; x_wconf 72' lang='grc' dir='ltr'>ὑδρία</span> <span class='ocrx_word' id='word_1_74' title='bbox 1688 1127 1845 1210; x_wconf 63' lang='grc' dir='ltr'>αὕτη,</span> 
     </span>
    </p>
   </div>
   <div class='ocr_carea' id='block_1_13' title="bbox 208 1216 1854 1304">
    <p class='ocr_par' dir='ltr' id='par_1_13' title="bbox 208 1216 1854 1304">
     <span class='ocr_line' id='line_1_13' title="bbox 208 1216 1854 1304; baseline -0.004 -26"><span class='ocrx_word' id='word_1_75' title='bbox 208 1224 384 1291; x_wconf 80' lang='grc' dir='ltr'>πάντη</span> <span class='ocrx_word' id='word_1_76' title='bbox 437 1224 696 1304; x_wconf 75' lang='grc' dir='ltr'>ἀφιεμένη</span> <span class='ocrx_word' id='word_1_77' title='bbox 729 1240 744 1256; x_wconf 90' lang='grc'><strong>·</strong></span> <span class='ocrx_word' id='word_1_78' title='bbox 801 1221 1003 1303; x_wconf 72' lang='grc' dir='ltr'>Ἀφῆκε</span> <span class='ocrx_word' id='word_1_79' title='bbox 1071 1223 1193 1299; x_wconf 77' lang='grc' dir='ltr'>γὰρ,</span> <span class='ocrx_word' id='word_1_80' title='bbox 1279 1221 1429 1301; x_wconf 72' lang='grc' dir='ltr'>φησὶ,</span> <span class='ocrx_word' id='word_1_81' title='bbox 1508 1219 1606 1285; x_wconf 73' lang='grc' dir='ltr'><strong>τὴν</strong></span> <span class='ocrx_word' id='word_1_82' title='bbox 1682 1216 1854 1298; x_wconf 80' lang='grc' dir='ltr'>ὑδρίαν</span> 
     </span>
    </p>
   </div>
   <div class='ocr_carea' id='block_1_14' title="bbox 209 1306 1853 1390">
    <p class='ocr_par' dir='ltr' id='par_1_14' title="bbox 209 1306 1853 1390">
     <span class='ocr_line' id='line_1_14' title="bbox 209 1306 1853 1390; baseline -0.012 -10"><span class='ocrx_word' id='word_1_83' title='bbox 209 1314 373 1379; x_wconf 73' lang='grc' dir='ltr'>αὖτῆς</span> <span class='ocrx_word' id='word_1_84' title='bbox 425 1315 460 1381; x_wconf 81' lang='grc' dir='ltr'><strong>ἡ</strong></span> <span class='ocrx_word' id='word_1_85' title='bbox 515 1314 646 1390; x_wconf 79' lang='grc' dir='ltr'>γυνή</span> <span class='ocrx_word' id='word_1_86' title='bbox 683 1332 696 1347; x_wconf 92' lang='grc'><strong>·</strong></span> <span class='ocrx_word' id='word_1_87' title='bbox 758 1315 818 1370; x_wconf 76' lang='grc' dir='ltr'>οὗ</span> <span class='ocrx_word' id='word_1_88' title='bbox 858 1313 958 1390; x_wconf 77' lang='grc' dir='ltr'>γὰρ</span> <span class='ocrx_word' id='word_1_89' title='bbox 1012 1311 1338 1389; x_wconf 79' lang='grc' dir='ltr'>πρόσκειται,</span> <span class='ocrx_word' id='word_1_90' title='bbox 1387 1306 1466 1364; x_wconf 72' lang='grc' dir='ltr'>ὅτι</span> <span class='ocrx_word' id='word_1_91' title='bbox 1510 1309 1710 1386; x_wconf 69' lang='grc' dir='ltr'>ὰφῆκεν</span> <span class='ocrx_word' id='word_1_92' title='bbox 1754 1307 1853 1363; x_wconf 74' lang='grc' dir='ltr'><strong>αὖ·</strong></span> 
     </span>
    </p>
   </div>
   <div class='ocr_carea' id='block_1_15' title="bbox 208 1396 1851 1482">
    <p class='ocr_par' dir='ltr' id='par_1_15' title="bbox 208 1396 1851 1482">
     <span class='ocr_line' id='line_1_15' title="bbox 208 1396 1851 1482; baseline -0.004 -24"><span class='ocrx_word' id='word_1_93' title='bbox 208 1401 309 1468; x_wconf 81' lang='grc' dir='ltr'>τῆν</span> <span class='ocrx_word' id='word_1_94' title='bbox 365 1403 506 1482; x_wconf 78' lang='grc' dir='ltr'>παρὰ</span> <span class='ocrx_word' id='word_1_95' title='bbox 557 1408 635 1476; x_wconf 83' lang='grc' dir='ltr'><strong>τῷ</strong></span> <span class='ocrx_word' id='word_1_96' title='bbox 663 1405 899 1478; x_wconf 80' lang='grc' dir='ltr'><strong>Σωτῆρι.</strong></span> <span class='ocrx_word' id='word_1_97' title='bbox 948 1405 1068 1463; x_wconf 84' lang='grc' dir='ltr'><strong>Πῶς</strong></span> <span class='ocrx_word' id='word_1_98' title='bbox 1126 1398 1180 1454; x_wconf 78' lang='grc' dir='ltr'>δὲ</span> <span class='ocrx_word' id='word_1_99' title='bbox 1209 1398 1297 1453; x_wconf 90' lang='grc' dir='ltr'><strong>καὶ</strong></span> <span class='ocrx_word' id='word_1_100' title='bbox 1327 1399 1418 1453; x_wconf 73' lang='grc' dir='ltr'><strong>υῦκ</strong></span> <span class='ocrx_word' id='word_1_101' title='bbox 1446 1396 1717 1475; x_wconf 80' lang='grc' dir='ltr'>ἀπίθανον,</span> <span class='ocrx_word' id='word_1_102' title='bbox 1748 1418 1851 1452; x_wconf 86' lang='grc' dir='ltr'>κα-</span> 
     </span>
    </p>
   </div>
   <div class='ocr_carea' id='block_1_16' title="bbox 205 1482 1851 1564">
    <p class='ocr_par' dir='ltr' id='par_1_16' title="bbox 205 1482 1851 1564">
     <span class='ocr_line' id='line_1_16' title="bbox 205 1482 1851 1564; baseline -0.004 -19"><span class='ocrx_word' id='word_1_103' title='bbox 205 1490 533 1548; x_wconf 80' lang='grc' dir='ltr'>ταλιποῦσαν</span> <span class='ocrx_word' id='word_1_104' title='bbox 591 1490 756 1556; x_wconf 70' lang='grc' dir='ltr'>αὐτὴν</span> <span class='ocrx_word' id='word_1_105' title='bbox 812 1489 911 1555; x_wconf 79' lang='grc' dir='ltr'><strong>τὴν</strong></span> <span class='ocrx_word' id='word_1_106' title='bbox 967 1487 1211 1553; x_wconf 73' lang='grc' dir='ltr'>δεκτικὴν</span> <span class='ocrx_word' id='word_1_107' title='bbox 1264 1490 1364 1553; x_wconf 91' lang='grc' dir='ltr'><strong>τῆς</strong></span> <span class='ocrx_word' id='word_1_108' title='bbox 1408 1486 1550 1555; x_wconf 87' lang='grc' dir='ltr'>ζωῆς</span> <span class='ocrx_word' id='word_1_109' title='bbox 1600 1482 1851 1564; x_wconf 76' lang='grc' dir='ltr'>διάθεσιν,</span> 
     </span>
    </p>
   </div>
   <div class='ocr_carea' id='block_1_17' title="bbox 206 1574 1853 1652">
    <p class='ocr_par' dir='ltr' id='par_1_17' title="bbox 206 1574 1853 1652">
     <span class='ocr_line' id='line_1_17' title="bbox 206 1574 1853 1652; baseline -0.013 -12"><span class='ocrx_word' id='word_1_110' title='bbox 206 1583 296 1640; x_wconf 77' lang='grc' dir='ltr'><strong>καὶ</strong></span> <span class='ocrx_word' id='word_1_111' title='bbox 349 1582 450 1647; x_wconf 77' lang='grc' dir='ltr'><strong>τὴν</strong></span> <span class='ocrx_word' id='word_1_112' title='bbox 505 1577 707 1634; x_wconf 72' lang='grc' dir='ltr'>ἔννοιαν</span> <span class='ocrx_word' id='word_1_113' title='bbox 763 1582 863 1643; x_wconf 90' lang='grc' dir='ltr'><strong>τῆς</strong></span> <span class='ocrx_word' id='word_1_114' title='bbox 902 1574 1169 1651; x_wconf 63' lang='grc' dir='ltr'>δυνάμεως</span> <span class='ocrx_word' id='word_1_115' title='bbox 1222 1579 1320 1641; x_wconf 84' lang='grc' dir='ltr'><strong>τῆς</strong></span> <span class='ocrx_word' id='word_1_116' title='bbox 1364 1576 1506 1652; x_wconf 78' lang='grc' dir='ltr'>παρὰ</span> <span class='ocrx_word' id='word_1_117' title='bbox 1527 1580 1619 1630; x_wconf 82' lang='grc' dir='ltr'><strong>τοῦ</strong></span> <span class='ocrx_word' id='word_1_118' title='bbox 1662 1574 1853 1640; x_wconf 80' lang='grc' dir='ltr'>Σωτῆ-</span> 
     </span>
    </p>
   </div>
   <div class='ocr_carea' id='block_1_18' title="bbox 205 1660 1855 1751">
    <p class='ocr_par' dir='ltr' id='par_1_18' title="bbox 205 1660 1855 1751">
     <span class='ocr_line' id='line_1_18' title="bbox 205 1660 1855 1751; baseline -0.004 -27"><span class='ocrx_word' id='word_1_119' title='bbox 205 1694 321 1751; x_wconf 82' lang='grc' dir='ltr'>ρος,</span> <span class='ocrx_word' id='word_1_120' title='bbox 384 1667 559 1723; x_wconf 80' lang='grc' dir='ltr'>καὶτὸ</span> <span class='ocrx_word' id='word_1_121' title='bbox 600 1671 807 1737; x_wconf 80' lang='grc' dir='ltr'>σκεῦος,</span> <span class='ocrx_word' id='word_1_122' title='bbox 841 1664 897 1720; x_wconf 83' lang='grc' dir='ltr'>ἐν</span> <span class='ocrx_word' id='word_1_123' title='bbox 946 1667 992 1739; x_wconf 84' lang='grc' dir='ltr'>ᾧ</span> <span class='ocrx_word' id='word_1_124' title='bbox 1047 1661 1286 1729; x_wconf 79' lang='grc' dir='ltr'><strong>ἐληλύθει</strong></span> <span class='ocrx_word' id='word_1_125' title='bbox 1348 1660 1632 1738; x_wconf 71' lang='grc' dir='ltr'>λαμϐάνειν</span> <span class='ocrx_word' id='word_1_126' title='bbox 1662 1663 1723 1718; x_wconf 80' lang='grc' dir='ltr'><strong>τὸ</strong></span> <span class='ocrx_word' id='word_1_127' title='bbox 1752 1668 1855 1732; x_wconf 82' lang='grc' dir='ltr'><strong>ζῶν</strong></span> 
     </span>
    </p>
   </div>
   <div class='ocr_carea' id='block_1_19' title="bbox 1933 590 3581 675">
    <p class='ocr_par' dir='ltr' id='par_1_19' title="bbox 1933 590 3581 675">
     <span class='ocr_line' id='line_1_19' title="bbox 1933 590 3581 675; baseline -0.003 -19"><span class='ocrx_word' id='word_1_128' title='bbox 1933 595 2095 675; x_wconf 84' lang='lat' dir='ltr'><strong>apud</strong></span> <span class='ocrx_word' id='word_1_129' title='bbox 2125 599 2345 675; x_wconf 84' lang='lat' dir='ltr'><strong>ipsum,</strong></span> <span class='ocrx_word' id='word_1_130' title='bbox 2371 595 2482 657; x_wconf 86' lang='lat' dir='ltr'><strong>hoc</strong></span> <span class='ocrx_word' id='word_1_131' title='bbox 2498 594 2833 670; x_wconf 84' lang='lat' dir='ltr'><strong>est,habens</strong></span> <span class='ocrx_word' id='word_1_132' title='bbox 2853 594 3018 674; x_wconf 82' lang='lat' dir='ltr'><strong>apud</strong></span> <span class='ocrx_word' id='word_1_133' title='bbox 3049 593 3440 658; x_wconf 82' lang='lat' dir='ltr'><strong>Servatorem</strong></span> <span class='ocrx_word' id='word_1_134' title='bbox 3462 590 3581 654; x_wconf 83' lang='lat' dir='ltr'><strong>tale</strong></span> 
     </span>
    </p>
   </div>
   <div class='ocr_carea' id='block_1_20' title="bbox 1935 682 3578 764">
    <p class='ocr_par' dir='ltr' id='par_1_20' title="bbox 1935 682 3578 764">
     <span class='ocr_line' id='line_1_20' title="bbox 1935 682 3578 764; baseline -0.004 -18"><span class='ocrx_word' id='word_1_135' title='bbox 1935 684 2139 755; x_wconf 81' lang='lat' dir='ltr'><strong>vas,in</strong></span> <span class='ocrx_word' id='word_1_136' title='bbox 2170 700 2286 763; x_wconf 89' lang='lat' dir='ltr'><strong>quo</strong></span> <span class='ocrx_word' id='word_1_137' title='bbox 2318 702 2543 764; x_wconf 86' lang='lat' dir='ltr'><strong>aquam</strong></span> <span class='ocrx_word' id='word_1_138' title='bbox 2568 686 2770 745; x_wconf 82' lang='lat' dir='ltr'><strong>vivam</strong></span> <span class='ocrx_word' id='word_1_139' title='bbox 2790 682 3578 756; x_wconf 78' lang='lat' dir='ltr'><strong>Izausturavenerat,rever-</strong></span> 
     </span>
    </p>
   </div>
   <div class='ocr_carea' id='block_1_21' title="bbox 1933 771 3580 849">
    <p class='ocr_par' dir='ltr' id='par_1_21' title="bbox 1933 771 3580 849">
     <span class='ocr_line' id='line_1_21' title="bbox 1933 771 3580 849; baseline -0.003 -15"><span class='ocrx_word' id='word_1_140' title='bbox 1933 789 2003 834; x_wconf 87' lang='lat' dir='ltr'><strong>sa</strong></span> <span class='ocrx_word' id='word_1_141' title='bbox 2024 779 2116 834; x_wconf 84' lang='lat' dir='ltr'><strong>est</strong></span> <span class='ocrx_word' id='word_1_142' title='bbox 2137 772 2202 833; x_wconf 85' lang='lat' dir='ltr'><strong>iu</strong></span> <span class='ocrx_word' id='word_1_143' title='bbox 2228 773 2524 834; x_wconf 85' lang='lat' dir='ltr'><strong>mundum</strong></span> <span class='ocrx_word' id='word_1_144' title='bbox 2564 773 2860 834; x_wconf 83' lang='lat' dir='ltr'><strong>nuntians</strong></span> <span class='ocrx_word' id='word_1_145' title='bbox 2879 771 3163 834; x_wconf 82' lang='lat' dir='ltr'><strong>vocandis</strong></span> <span class='ocrx_word' id='word_1_146' title='bbox 3191 774 3580 849; x_wconf 68' lang='lat' dir='ltr'><strong>praesentiam</strong></span> 
     </span>
    </p>
   </div>
   <div class='ocr_carea' id='block_1_22' title="bbox 1936 858 3581 941">
    <p class='ocr_par' dir='ltr' id='par_1_22' title="bbox 1936 858 3581 941">
     <span class='ocr_line' id='line_1_22' title="bbox 1936 858 3581 941; baseline -0.002 -20"><span class='ocrx_word' id='word_1_147' title='bbox 1936 858 2166 922; x_wconf 79' lang='lat' dir='ltr'><strong>Christi</strong></span> <span class='ocrx_word' id='word_1_148' title='bbox 2189 877 2207 920; x_wconf 90' lang='lat'><strong><em>:</em></strong></span> <span class='ocrx_word' id='word_1_149' title='bbox 2228 878 2340 941; x_wconf 82' lang='lat' dir='ltr'><strong>per</strong></span> <span class='ocrx_word' id='word_1_150' title='bbox 2354 860 2659 941; x_wconf 75' lang='lat' dir='ltr'><strong>Spiritum</strong></span> <span class='ocrx_word' id='word_1_151' title='bbox 2676 863 2839 924; x_wconf 84' lang='lat' dir='ltr'><strong>enim</strong></span> <span class='ocrx_word' id='word_1_152' title='bbox 2862 868 2968 923; x_wconf 67' lang='grc' dir='ltr'>δία</span> <span class='ocrx_word' id='word_1_153' title='bbox 2991 862 3232 939; x_wconf 78' lang='lat' dir='ltr'><strong>Spiritu</strong></span> <span class='ocrx_word' id='word_1_154' title='bbox 3250 860 3461 921; x_wconf 85' lang='lat' dir='ltr'><strong>anima</strong></span> <span class='ocrx_word' id='word_1_155' title='bbox 3500 858 3581 918; x_wconf 80' lang='lat' dir='ltr'><strong>ad</strong></span> 
     </span>
    </p>
   </div>
   <div class='ocr_carea' id='block_1_23' title="bbox 1933 945 3580 1030">
    <p class='ocr_par' dir='ltr' id='par_1_23' title="bbox 1933 945 3580 1030">
     <span class='ocr_line' id='line_1_23' title="bbox 1933 945 3580 1030; baseline -0.003 -19"><span class='ocrx_word' id='word_1_156' title='bbox 1933 947 2320 1012; x_wconf 84' lang='lat' dir='ltr'><strong>Servatorem</strong></span> <span class='ocrx_word' id='word_1_157' title='bbox 2341 948 2877 1030; x_wconf 64' lang='lat' dir='ltr'><strong>adduciturlgiiur</strong></span> <span class='ocrx_word' id='word_1_158' title='bbox 2894 945 3580 1023; x_wconf 86' lang='lat' dir='ltr'><strong>considera,laudabilis-</strong></span> 
     </span>
    </p>
   </div>
   <div class='ocr_carea' id='block_1_24' title="bbox 1932 1034 3572 1120">
    <p class='ocr_par' dir='ltr' id='par_1_24' title="bbox 1932 1034 3572 1120">
     <span class='ocr_line' id='line_1_24' title="bbox 1932 1034 3572 1120; baseline -0.002 -23"><span class='ocrx_word' id='word_1_159' title='bbox 1932 1054 2009 1097; x_wconf 89' lang='lat' dir='ltr'><strong>ne</strong></span> <span class='ocrx_word' id='word_1_160' title='bbox 2030 1053 2161 1098; x_wconf 88' lang='lat' dir='ltr'><strong>esse</strong></span> <span class='ocrx_word' id='word_1_161' title='bbox 2178 1037 2361 1118; x_wconf 88' lang='lat' dir='ltr'><strong>possit</strong></span> <span class='ocrx_word' id='word_1_162' title='bbox 2384 1039 2504 1099; x_wconf 63' lang='lat' dir='ltr'><strong>hinc</strong></span> <span class='ocrx_word' id='word_1_163' title='bbox 2520 1038 2883 1120; x_wconf 72' lang='lat' dir='ltr'><strong>hydria,quaa</strong></span> <span class='ocrx_word' id='word_1_164' title='bbox 2910 1037 3151 1099; x_wconf 85' lang='lat' dir='ltr'><strong>omnino</strong></span> <span class='ocrx_word' id='word_1_165' title='bbox 3173 1034 3526 1117; x_wconf 78' lang='lat' dir='ltr'><strong>relinquitur</strong></span> <span class='ocrx_word' id='word_1_166' title='bbox 3559 1054 3572 1093; x_wconf 93' lang='lat'>:</span> 
     </span>
    </p>
   </div>
   <div class='ocr_carea' id='block_1_25' title="bbox 1944 1123 3577 1209">
    <p class='ocr_par' dir='ltr' id='par_1_25' title="bbox 1944 1123 3577 1209">
     <span class='ocr_line' id='line_1_25' title="bbox 1944 1123 3577 1209; baseline -0.002 -24"><span class='ocrx_word' id='word_1_167' title='bbox 1944 1123 2199 1186; x_wconf 74' lang='lat' dir='ltr'><strong>Dimisit</strong></span> <span class='ocrx_word' id='word_1_168' title='bbox 2217 1131 2398 1200; x_wconf 78' lang='lat' dir='ltr'><strong>enim,</strong></span> <span class='ocrx_word' id='word_1_169' title='bbox 2424 1126 2636 1207; x_wconf 89' lang='lat' dir='ltr'><strong>inquit,</strong></span> <span class='ocrx_word' id='word_1_170' title='bbox 2689 1128 2973 1209; x_wconf 71' lang='lat' dir='ltr'><strong>hydriam</strong></span> <span class='ocrx_word' id='word_1_171' title='bbox 2998 1144 3175 1188; x_wconf 86' lang='lat' dir='ltr'><strong>suam</strong></span> <span class='ocrx_word' id='word_1_172' title='bbox 3196 1126 3439 1196; x_wconf 88' lang='lat' dir='ltr'><strong>mulier;</strong></span> <span class='ocrx_word' id='word_1_173' title='bbox 3462 1142 3577 1184; x_wconf 91' lang='lat' dir='ltr'><strong>non</strong></span> 
     </span>
    </p>
   </div>
   <div class='ocr_carea' id='block_1_26' title="bbox 1939 1213 3573 1296">
    <p class='ocr_par' dir='ltr' id='par_1_26' title="bbox 1939 1213 3573 1296">
     <span class='ocr_line' id='line_1_26' title="bbox 1939 1213 3573 1296; baseline -0.002 -22"><span class='ocrx_word' id='word_1_174' title='bbox 1939 1213 2099 1274; x_wconf 88' lang='lat' dir='ltr'><strong>enim</strong></span> <span class='ocrx_word' id='word_1_175' title='bbox 2113 1213 2534 1296; x_wconf 84' lang='lat' dir='ltr'><strong>additur,quod</strong></span> <span class='ocrx_word' id='word_1_176' title='bbox 2550 1216 2844 1277; x_wconf 88' lang='lat' dir='ltr'><strong>dimiserit</strong></span> <span class='ocrx_word' id='word_1_177' title='bbox 2860 1234 2988 1277; x_wconf 85' lang='lat' dir='ltr'><strong>eam</strong></span> <span class='ocrx_word' id='word_1_178' title='bbox 3002 1216 3154 1296; x_wconf 86' lang='lat' dir='ltr'><strong>apud</strong></span> <span class='ocrx_word' id='word_1_179' title='bbox 3175 1217 3573 1278; x_wconf 83' lang='lat' dir='ltr'><strong>Servatorom.</strong></span> 
     </span>
    </p>
   </div>
   <div class='ocr_carea' id='block_1_27' title="bbox 1939 1301 3580 1383">
    <p class='ocr_par' dir='ltr' id='par_1_27' title="bbox 1939 1301 3580 1383">
     <span class='ocr_line' id='line_1_27' title="bbox 1939 1301 3580 1383; baseline -0.001 -20"><span class='ocrx_word' id='word_1_180' title='bbox 1939 1301 2055 1364; x_wconf 89' lang='lat' dir='ltr'><strong>Sed</strong></span> <span class='ocrx_word' id='word_1_181' title='bbox 2084 1304 2380 1383; x_wconf 90' lang='lat' dir='ltr'><strong>quomodo</strong></span> <span class='ocrx_word' id='word_1_182' title='bbox 2417 1323 2533 1365; x_wconf 90' lang='lat' dir='ltr'><strong>non</strong></span> <span class='ocrx_word' id='word_1_183' title='bbox 2573 1304 2891 1367; x_wconf 89' lang='lat' dir='ltr'><strong>absurdum</strong></span> <span class='ocrx_word' id='word_1_184' title='bbox 2919 1305 3034 1367; x_wconf 88' lang='lat' dir='ltr'><strong>erit</strong></span> <span class='ocrx_word' id='word_1_185' title='bbox 3062 1323 3215 1379; x_wconf 87' lang='lat' dir='ltr'><strong>eam,</strong></span> <span class='ocrx_word' id='word_1_186' title='bbox 3249 1322 3379 1383; x_wconf 68' lang='lat' dir='ltr'><strong>qum</strong></span> <span class='ocrx_word' id='word_1_187' title='bbox 3401 1303 3580 1362; x_wconf 89' lang='lat' dir='ltr'><strong>dese-</strong></span> 
     </span>
    </p>
   </div>
   <div class='ocr_carea' id='block_1_28' title="bbox 1937 1389 3575 1475">
    <p class='ocr_par' dir='ltr' id='par_1_28' title="bbox 1937 1389 3575 1475">
     <span class='ocr_line' id='line_1_28' title="bbox 1937 1389 3575 1475; baseline -0.001 -24"><span class='ocrx_word' id='word_1_188' title='bbox 1937 1389 2155 1453; x_wconf 85' lang='lat' dir='ltr'><strong>ruisset</strong></span> <span class='ocrx_word' id='word_1_189' title='bbox 2185 1391 2555 1455; x_wconf 75' lang='lat' dir='ltr'><strong>aﬂ‘ectionem</strong></span> <span class='ocrx_word' id='word_1_190' title='bbox 2605 1394 2997 1475; x_wconf 88' lang='lat' dir='ltr'><strong>susceptivam</strong></span> <span class='ocrx_word' id='word_1_191' title='bbox 3029 1393 3180 1467; x_wconf 72' lang='lat' dir='ltr'><strong>vitm,</strong></span> <span class='ocrx_word' id='word_1_192' title='bbox 3218 1400 3274 1454; x_wconf 89' lang='lat' dir='ltr'><strong>et</strong></span> <span class='ocrx_word' id='word_1_193' title='bbox 3306 1390 3575 1453; x_wconf 83' lang='lat' dir='ltr'><strong>notitiam</strong></span> 
     </span>
    </p>
   </div>
   <div class='ocr_carea' id='block_1_29' title="bbox 1939 1481 3579 1562">
    <p class='ocr_par' dir='ltr' id='par_1_29' title="bbox 1939 1481 3579 1562">
     <span class='ocr_line' id='line_1_29' title="bbox 1939 1481 3579 1562; baseline -0.001 -20"><span class='ocrx_word' id='word_1_194' title='bbox 1939 1482 2216 1562; x_wconf 68' lang='lat' dir='ltr'><strong>potentiae</strong></span> <span class='ocrx_word' id='word_1_195' title='bbox 2237 1499 2271 1543; x_wconf 89' lang='lat' dir='ltr'><strong>a</strong></span> <span class='ocrx_word' id='word_1_196' title='bbox 2294 1481 2603 1546; x_wconf 85' lang='lat' dir='ltr'><strong>Servatore</strong></span> <span class='ocrx_word' id='word_1_197' title='bbox 2627 1484 2932 1551; x_wconf 86' lang='lat' dir='ltr'><strong>manantis,</strong></span> <span class='ocrx_word' id='word_1_198' title='bbox 2963 1492 3020 1545; x_wconf 90' lang='lat' dir='ltr'><strong>et</strong></span> <span class='ocrx_word' id='word_1_199' title='bbox 3043 1486 3231 1559; x_wconf 88' lang='lat' dir='ltr'><strong>vas,in</strong></span> <span class='ocrx_word' id='word_1_200' title='bbox 3258 1501 3372 1559; x_wconf 82' lang='lat' dir='ltr'><strong>quo</strong></span> <span class='ocrx_word' id='word_1_201' title='bbox 3395 1498 3579 1542; x_wconf 87' lang='lat' dir='ltr'><strong>vene—</strong></span> 
     </span>
    </p>
   </div>
   <div class='ocr_carea' id='block_1_30' title="bbox 1937 1570 3577 1654">
    <p class='ocr_par' dir='ltr' id='par_1_30' title="bbox 1937 1570 3577 1654">
     <span class='ocr_line' id='line_1_30' title="bbox 1937 1570 3577 1654; baseline -0.001 -24"><span class='ocrx_word' id='word_1_202' title='bbox 1937 1578 2122 1650; x_wconf 89' lang='lat' dir='ltr'><strong>rat,ut</strong></span> <span class='ocrx_word' id='word_1_203' title='bbox 2148 1571 2446 1652; x_wconf 88' lang='lat' dir='ltr'><strong>acciperet</strong></span> <span class='ocrx_word' id='word_1_204' title='bbox 2482 1593 2693 1654; x_wconf 90' lang='lat' dir='ltr'><strong>aquam</strong></span> <span class='ocrx_word' id='word_1_205' title='bbox 2718 1574 2924 1646; x_wconf 89' lang='lat' dir='ltr'><strong>vivam,</strong></span> <span class='ocrx_word' id='word_1_206' title='bbox 2953 1573 3169 1635; x_wconf 89' lang='lat' dir='ltr'><strong>abiisse</strong></span> <span class='ocrx_word' id='word_1_207' title='bbox 3207 1572 3267 1632; x_wconf 88' lang='lat' dir='ltr'><strong>in</strong></span> <span class='ocrx_word' id='word_1_208' title='bbox 3293 1570 3577 1631; x_wconf 90' lang='lat' dir='ltr'><strong>mundum</strong></span> 
     </span>
    </p>
   </div>
   <div class='ocr_carea' id='block_1_31' title="bbox 1937 1657 3587 1741">
    <p class='ocr_par' dir='ltr' id='par_1_31' title="bbox 1937 1657 3587 1741">
     <span class='ocr_line' id='line_1_31' title="bbox 1937 1657 3587 1741; baseline 0 -23"><span class='ocrx_word' id='word_1_209' title='bbox 1937 1657 2067 1719; x_wconf 91' lang='lat' dir='ltr'><strong>sine</strong></span> <span class='ocrx_word' id='word_1_210' title='bbox 2084 1658 2270 1739; x_wconf 87' lang='lat' dir='ltr'><strong>his,ut</strong></span> <span class='ocrx_word' id='word_1_211' title='bbox 2288 1663 2714 1741; x_wconf 66' lang='lat' dir='ltr'><strong>evangelizaret</strong></span> <span class='ocrx_word' id='word_1_212' title='bbox 2742 1661 3020 1724; x_wconf 72' lang='lat' dir='ltr'><strong>vorandis</strong></span> <span class='ocrx_word' id='word_1_213' title='bbox 3049 1662 3361 1723; x_wconf 83' lang='lat' dir='ltr'><strong>adventum</strong></span> <span class='ocrx_word' id='word_1_214' title='bbox 3384 1658 3587 1721; x_wconf 78' lang='lat' dir='ltr'><strong>Chris—</strong></span> 
     </span>
    </p>
   </div>
   <div class='ocr_carea' id='block_1_32' title="bbox 201 1736 1852 1837">
    <p class='ocr_par' dir='ltr' id='par_1_32' title="bbox 201 1736 1849 1837">
     <span class='ocr_line' id='line_1_32' title="bbox 201 1736 1849 1837; baseline -0.006 -21"><span class='ocrx_word' id='word_1_215' title='bbox 201 1736 374 1837; x_wconf 67' lang='lat' dir='ltr'><strong>iiatop,</strong></span> <span class='ocrx_word' id='word_1_216' title='bbox 449 1753 833 1821; x_wconf 79' lang='grc' dir='ltr'><strong>ἀπεληλυθέναι</strong></span> <span class='ocrx_word' id='word_1_217' title='bbox 904 1754 974 1818; x_wconf 79' lang='grc' dir='ltr'><strong>εἷς</strong></span> <span class='ocrx_word' id='word_1_218' title='bbox 1017 1754 1107 1808; x_wconf 80' lang='grc' dir='ltr'>τὸν</span> <span class='ocrx_word' id='word_1_219' title='bbox 1163 1752 1364 1825; x_wconf 82' lang='grc' dir='ltr'>κόσμον</span> <span class='ocrx_word' id='word_1_220' title='bbox 1418 1752 1585 1829; x_wconf 81' lang='grc' dir='ltr'>χωρὶς</span> <span class='ocrx_word' id='word_1_221' title='bbox 1627 1750 1849 1825; x_wconf 83' lang='grc' dir='ltr'>τούτων,</span> 
     </span>
    </p>
   </div>
   <div class='ocr_carea' id='block_1_33' title="bbox 1940 1736 3586 1837">
    <p class='ocr_par' dir='ltr' id='par_1_33' title="bbox 1941 1736 3586 1837">
     <span class='ocr_line' id='line_1_33' title="bbox 1941 1736 3586 1837; baseline 0 -31"><span class='ocrx_word' id='word_1_222' title='bbox 1941 1736 2305 1837; x_wconf 77' lang='lat' dir='ltr'><strong>t_i?.....Quin</strong></span> <span class='ocrx_word' id='word_1_223' title='bbox 2330 1759 2386 1810; x_wconf 91' lang='lat' dir='ltr'><strong>et</strong></span> <span class='ocrx_word' id='word_1_224' title='bbox 2407 1736 2547 1813; x_wconf 73' lang='lat' dir='ltr'><strong>illud</strong></span> <span class='ocrx_word' id='word_1_225' title='bbox 2564 1752 2884 1827; x_wconf 74' lang='lat' dir='ltr'><strong>;Exieruut</strong></span> <span class='ocrx_word' id='word_1_226' title='bbox 2901 1770 2931 1813; x_wconf 74' lang='grc' dir='ltr'><strong><em>θ</em></strong></span> <span class='ocrx_word' id='word_1_227' title='bbox 2955 1752 3191 1814; x_wconf 74' lang='lat' dir='ltr'><strong>civitate</strong></span> <span class='ocrx_word' id='word_1_228' title='bbox 3208 1750 3293 1828; x_wconf 76' lang='lat'><strong>55,</strong></span> <span class='ocrx_word' id='word_1_229' title='bbox 3320 1748 3586 1828; x_wconf 81' lang='lat' dir='ltr'><strong>exposuit</strong></span> 
     </span>
    </p>
   </div>
   <div class='ocr_carea' id='block_1_34' title="bbox 204 1839 1849 1925">
    <p class='ocr_par' dir='ltr' id='par_1_34' title="bbox 204 1839 1849 1925">
     <span class='ocr_line' id='line_1_34' title="bbox 204 1839 1849 1925; baseline -0.004 -24"><span class='ocrx_word' id='word_1_230' title='bbox 204 1843 643 1925; x_wconf 76' lang='grc' dir='ltr'>εὐαγγελίσασθαι</span> <span class='ocrx_word' id='word_1_231' title='bbox 688 1847 757 1918; x_wconf 75' lang='grc' dir='ltr'>τῇ</span> <span class='ocrx_word' id='word_1_232' title='bbox 796 1841 985 1911; x_wconf 83' lang='grc' dir='ltr'>κλήσει</span> <span class='ocrx_word' id='word_1_233' title='bbox 1027 1842 1124 1907; x_wconf 74' lang='grc' dir='ltr'>τὴν</span> <span class='ocrx_word' id='word_1_234' title='bbox 1165 1840 1388 1916; x_wconf 72' lang='grc' dir='ltr'><strong>Χριστοῦ</strong></span> <span class='ocrx_word' id='word_1_235' title='bbox 1434 1839 1723 1917; x_wconf 76' lang='grc' dir='ltr'>παρουσίαν</span> <span class='ocrx_word' id='word_1_236' title='bbox 1753 1859 1849 1919; x_wconf 65' lang='grc' dir='ltr'><strong>ς...</strong></span> 
     </span>
    </p>
   </div>
   <div class='ocr_carea' id='block_1_35' title="bbox 206 1925 1855 2006">
    <p class='ocr_par' dir='ltr' id='par_1_35' title="bbox 206 1925 1855 2006">
     <span class='ocr_line' id='line_1_35' title="bbox 206 1925 1855 2006; baseline -0.004 -15"><span class='ocrx_word' id='word_1_237' title='bbox 206 1937 311 1995; x_wconf 79' lang='grc' dir='ltr'><strong>Καὶ</strong></span> <span class='ocrx_word' id='word_1_238' title='bbox 340 1936 423 2006; x_wconf 85' lang='grc' dir='ltr'>τὸ,</span> <span class='ocrx_word' id='word_1_239' title='bbox 472 1929 721 1998; x_wconf 82' lang='grc' dir='ltr'>Ἐξῆλθον</span> <span class='ocrx_word' id='word_1_240' title='bbox 765 1928 819 1985; x_wconf 74' lang='grc' dir='ltr'>δὲ</span> <span class='ocrx_word' id='word_1_241' title='bbox 863 1929 923 1986; x_wconf 81' lang='grc' dir='ltr'>ἐκ</span> <span class='ocrx_word' id='word_1_242' title='bbox 960 1931 1059 1995; x_wconf 83' lang='grc' dir='ltr'><strong>τῆς</strong></span> <span class='ocrx_word' id='word_1_243' title='bbox 1116 1926 1348 2001; x_wconf 81' lang='grc' dir='ltr'>πόλεως,</span> <span class='ocrx_word' id='word_1_244' title='bbox 1407 1925 1700 2006; x_wconf 83' lang='grc' dir='ltr'>διηγήσατο</span> <span class='ocrx_word' id='word_1_245' title='bbox 1743 1927 1855 1984; x_wconf 76' lang='grc' dir='ltr'>ἀντὶ</span> 
     </span>
    </p>
   </div>
   <div class='ocr_carea' id='block_1_36' title="bbox 1937 1833 3577 1920">
    <p class='ocr_par' dir='ltr' id='par_1_36' title="bbox 1937 1833 3577 1920">
     <span class='ocr_line' id='line_1_36' title="bbox 1937 1833 3577 1920; baseline 0.002 -26"><span class='ocrx_word' id='word_1_246' title='bbox 1937 1833 2011 1896; x_wconf 91' lang='lat' dir='ltr'><strong>de</strong></span> <span class='ocrx_word' id='word_1_247' title='bbox 2038 1836 2506 1917; x_wconf 85' lang='lat' dir='ltr'><strong>primaipsorum</strong></span> <span class='ocrx_word' id='word_1_248' title='bbox 2529 1840 3076 1920; x_wconf 78' lang='lat' dir='ltr'><strong>conversione,quae</strong></span> <span class='ocrx_word' id='word_1_249' title='bbox 3105 1838 3401 1900; x_wconf 82' lang='lat' dir='ltr'><strong>mundana</strong></span> <span class='ocrx_word' id='word_1_250' title='bbox 3431 1843 3577 1898; x_wconf 87' lang='lat' dir='ltr'><strong>erat:</strong></span> 
     </span>
    </p>
   </div>
   <div class='ocr_carea' id='block_1_37' title="bbox 1943 1926 3478 2011">
    <p class='ocr_par' dir='ltr' id='par_1_37' title="bbox 1943 1926 3478 2011">
     <span class='ocr_line' id='line_1_37' title="bbox 1943 1926 3478 2011; baseline -0.001 -23"><span class='ocrx_word' id='word_1_251' title='bbox 1943 1926 2015 1988; x_wconf 82' lang='lat' dir='ltr'><strong>Et</strong></span> <span class='ocrx_word' id='word_1_252' title='bbox 2030 1934 2329 1991; x_wconf 80' lang='lat' dir='ltr'><strong>venerunt</strong></span> <span class='ocrx_word' id='word_1_253' title='bbox 2347 1945 2455 2008; x_wconf 85' lang='lat' dir='ltr'><strong>per</strong></span> <span class='ocrx_word' id='word_1_254' title='bbox 2473 1929 2680 2009; x_wconf 81' lang='lat' dir='ltr'><strong>ﬁdem,</strong></span> <span class='ocrx_word' id='word_1_255' title='bbox 2707 1929 2921 2011; x_wconf 78' lang='lat' dir='ltr'><strong>inquit,</strong></span> <span class='ocrx_word' id='word_1_256' title='bbox 2955 1931 3038 1991; x_wconf 86' lang='lat' dir='ltr'><strong>ad</strong></span> <span class='ocrx_word' id='word_1_257' title='bbox 3067 1932 3478 1991; x_wconf 83' lang='lat' dir='ltr'><strong>Servatorem.</strong></span> 
     </span>
    </p>
   </div>
   <div class='ocr_carea' id='block_1_38' title="bbox 203 2014 3581 2103">
    <p class='ocr_par' dir='ltr' id='par_1_38' title="bbox 203 2014 3581 2103">
     <span class='ocr_line' id='line_1_38' title="bbox 203 2014 3581 2103; baseline -0.002 -25"><span class='ocrx_word' id='word_1_258' title='bbox 203 2033 322 2103; x_wconf 79' lang='grc' dir='ltr'>τοῦ,</span> <span class='ocrx_word' id='word_1_259' title='bbox 371 2022 432 2078; x_wconf 73' lang='grc' dir='ltr'>ἐκ</span> <span class='ocrx_word' id='word_1_260' title='bbox 472 2024 571 2087; x_wconf 84' lang='grc' dir='ltr'><strong>τῆς</strong></span> <span class='ocrx_word' id='word_1_261' title='bbox 613 2018 868 2099; x_wconf 78' lang='grc' dir='ltr'><strong>προτέρας</strong></span> <span class='ocrx_word' id='word_1_262' title='bbox 914 2018 1085 2075; x_wconf 74' lang='grc' dir='ltr'>αὐτῶν</span> <span class='ocrx_word' id='word_1_263' title='bbox 1114 2019 1445 2096; x_wconf 74' lang='grc' dir='ltr'><strong>ἀναστροφῆς</strong></span> <span class='ocrx_word' id='word_1_264' title='bbox 1497 2014 1656 2084; x_wconf 66' lang='grc' dir='ltr'>οὔσης</span> <span class='ocrx_word' id='word_1_265' title='bbox 1710 2022 1997 2093; x_wconf 74' lang='grc' dir='ltr'><strong>κοσμικῆς,</strong></span> <span class='ocrx_word' id='word_1_266' title='bbox 2059 2017 2147 2072; x_wconf 88' lang='grc' dir='ltr'><strong>καὶ</strong></span> <span class='ocrx_word' id='word_1_267' title='bbox 2199 2015 2433 2096; x_wconf 73' lang='grc' dir='ltr'>ἤρχοντο</span> <span class='ocrx_word' id='word_1_268' title='bbox 2497 2017 2580 2074; x_wconf 80' lang='grc' dir='ltr'>διὰ</span> <span class='ocrx_word' id='word_1_269' title='bbox 2637 2018 2734 2085; x_wconf 80' lang='grc' dir='ltr'>τῆς</span> <span class='ocrx_word' id='word_1_270' title='bbox 2795 2021 3046 2091; x_wconf 82' lang='grc' dir='ltr'>πίστεως,</span> <span class='ocrx_word' id='word_1_271' title='bbox 3100 2040 3255 2098; x_wconf 70' lang='grc' dir='ltr'>φησι,</span> <span class='ocrx_word' id='word_1_272' title='bbox 3301 2018 3432 2095; x_wconf 81' lang='grc' dir='ltr'>πρὸς</span> <span class='ocrx_word' id='word_1_273' title='bbox 3490 2016 3581 2071; x_wconf 83' lang='grc' dir='ltr'>τὸν</span> 
     </span>
    </p>
   </div>
   <div class='ocr_carea' id='block_1_39' title="bbox 203 2114 457 2189">
    <p class='ocr_par' dir='ltr' id='par_1_39' title="bbox 203 2114 457 2189">
     <span class='ocr_line' id='line_1_39' title="bbox 203 2114 457 2189; baseline -0.012 -21"><span class='ocrx_word' id='word_1_274' title='bbox 203 2114 457 2189; x_wconf 88' lang='grc' dir='ltr'>Σωτῆρα.</span> 
     </span>
    </p>
   </div>
   <div class='ocr_carea' id='block_1_40' title="bbox 1204 2191 2572 2276">
    <p class='ocr_par' dir='ltr' id='par_1_40' title="bbox 1204 2191 2572 2276">
     <span class='ocr_line' id='line_1_40' title="bbox 1204 2191 2572 2276; baseline 0.002 -21"><span class='ocrx_word' id='word_1_275' title='bbox 1204 2191 1337 2255; x_wconf 82' lang='lat' dir='ltr'><strong>Sub</strong></span> <span class='ocrx_word' id='word_1_276' title='bbox 1365 2193 1643 2255; x_wconf 79' lang='lat' dir='ltr'><strong>initium</strong></span> <span class='ocrx_word' id='word_1_277' title='bbox 1678 2192 1838 2255; x_wconf 85' lang='lat' dir='ltr'><strong>tomi</strong></span> <span class='ocrx_word' id='word_1_278' title='bbox 1871 2193 2001 2272; x_wconf 88' lang='lat' dir='ltr'><strong>XV,</strong></span> <span class='ocrx_word' id='word_1_279' title='bbox 2027 2209 2182 2271; x_wconf 81' lang='lat' dir='ltr'><strong>pag.</strong></span> <span class='ocrx_word' id='word_1_280' title='bbox 2218 2192 2332 2257; x_wconf 71' lang='lat'><strong>224</strong></span> <span class='ocrx_word' id='word_1_281' title='bbox 2364 2202 2419 2256; x_wconf 81' lang='lat' dir='ltr'><strong>et</strong></span> <span class='ocrx_word' id='word_1_282' title='bbox 2445 2213 2572 2276; x_wconf 89' lang='lat' dir='ltr'><strong>seq.</strong></span> 
     </span>
    </p>
   </div>
   <div class='ocr_carea' id='block_1_41' title="bbox 289 2306 1854 2392">
    <p class='ocr_par' dir='ltr' id='par_1_41' title="bbox 289 2306 1854 2392">
     <span class='ocr_line' id='line_1_41' title="bbox 289 2306 1854 2392; baseline -0.004 -20"><span class='ocrx_word' id='word_1_283' title='bbox 289 2306 349 2372; x_wconf 66' lang='grc' dir='ltr'><strong>Ὀ</strong></span> <span class='ocrx_word' id='word_1_284' title='bbox 409 2306 708 2392; x_wconf 69' lang='grc' dir='ltr'>’Πρακλέων</span> <span class='ocrx_word' id='word_1_285' title='bbox 766 2313 946 2391; x_wconf 72' lang='grc' dir='ltr'>φησὶν,</span> <span class='ocrx_word' id='word_1_286' title='bbox 1011 2307 1091 2366; x_wconf 80' lang='grc' dir='ltr'>ὅτι</span> <span class='ocrx_word' id='word_1_287' title='bbox 1140 2306 1414 2366; x_wconf 79' lang='grc' dir='ltr'>ἐϐούλοντο</span> <span class='ocrx_word' id='word_1_288' title='bbox 1456 2322 1736 2366; x_wconf 83' lang='grc' dir='ltr'>κοινωνεῖν</span> <span class='ocrx_word' id='word_1_289' title='bbox 1765 2314 1854 2370; x_wconf 77' lang='grc' dir='ltr'><strong>αὖ·</strong></span> 
     </span>
    </p>
   </div>
   <div class='ocr_carea' id='block_1_42' title="bbox 199 2398 1858 2481">
    <p class='ocr_par' dir='ltr' id='par_1_42' title="bbox 199 2398 1858 2481">
     <span class='ocr_line' id='line_1_42' title="bbox 199 2398 1858 2481; baseline -0.005 -18"><span class='ocrx_word' id='word_1_290' title='bbox 199 2413 281 2481; x_wconf 82' lang='grc' dir='ltr'><strong>τῷ</strong></span> <span class='ocrx_word' id='word_1_291' title='bbox 339 2403 391 2470; x_wconf 79' lang='grc' dir='ltr'><strong>ἐξ</strong></span> <span class='ocrx_word' id='word_1_292' title='bbox 443 2405 516 2459; x_wconf 81' lang='grc' dir='ltr'>ὧν</span> <span class='ocrx_word' id='word_1_293' title='bbox 572 2401 926 2480; x_wconf 75' lang='grc' dir='ltr'>ἀγοράσαντες</span> <span class='ocrx_word' id='word_1_294' title='bbox 978 2400 1079 2455; x_wconf 78' lang='grc' dir='ltr'><strong>ὑπὸ</strong></span> <span class='ocrx_word' id='word_1_295' title='bbox 1136 2403 1234 2465; x_wconf 87' lang='grc' dir='ltr'><strong>τῆς</strong></span> <span class='ocrx_word' id='word_1_296' title='bbox 1293 2398 1593 2476; x_wconf 74' lang='grc' dir='ltr'>Σαμαρείας</span> <span class='ocrx_word' id='word_1_297' title='bbox 1644 2400 1858 2471; x_wconf 80' lang='grc' dir='ltr'>κεκομί-</span> 
     </span>
    </p>
   </div>
   <div class='ocr_carea' id='block_1_43' title="bbox 199 2486 1854 2571">
    <p class='ocr_par' dir='ltr' id='par_1_43' title="bbox 199 2486 1854 2571">
     <span class='ocr_line' id='line_1_43' title="bbox 199 2486 1854 2571; baseline -0.004 -20"><span class='ocrx_word' id='word_1_298' title='bbox 199 2516 413 2553; x_wconf 86' lang='grc' dir='ltr'>κεισαν.</span> <span class='ocrx_word' id='word_1_299' title='bbox 473 2488 606 2550; x_wconf 84' lang='grc' dir='ltr'>Τάδε</span> <span class='ocrx_word' id='word_1_300' title='bbox 653 2490 833 2571; x_wconf 71' lang='grc' dir='ltr'>φησὶν,</span> <span class='ocrx_word' id='word_1_301' title='bbox 905 2488 998 2543; x_wconf 75' lang='grc' dir='ltr'><strong>ἵνα</strong></span> <span class='ocrx_word' id='word_1_302' title='bbox 1058 2487 1307 2549; x_wconf 75' lang='grc' dir='ltr'><strong>τινὰ.....</strong></span> <span class='ocrx_word' id='word_1_303' title='bbox 1357 2489 1409 2542; x_wconf 81' lang='grc' dir='ltr'>αἱ</span> <span class='ocrx_word' id='word_1_304' title='bbox 1456 2486 1612 2543; x_wconf 82' lang='grc' dir='ltr'>πέντε</span> <span class='ocrx_word' id='word_1_305' title='bbox 1686 2491 1854 2567; x_wconf 76' lang='grc' dir='ltr'>μωραὶ</span> 
     </span>
    </p>
   </div>
   <div class='ocr_carea' id='block_1_44' title="bbox 200 2575 1857 2663">
    <p class='ocr_par' dir='ltr' id='par_1_44' title="bbox 200 2575 1857 2663">
     <span class='ocr_line' id='line_1_44' title="bbox 200 2575 1857 2663; baseline -0.004 -24"><span class='ocrx_word' id='word_1_306' title='bbox 200 2582 584 2663; x_wconf 85' lang='grc' dir='ltr'>παρθένοι.....</span> <span class='ocrx_word' id='word_1_307' title='bbox 617 2578 722 2634; x_wconf 81' lang='grc' dir='ltr'><strong>ἀπὸ</strong></span> <span class='ocrx_word' id='word_1_308' title='bbox 764 2584 856 2633; x_wconf 82' lang='grc' dir='ltr'><strong>τοῦ</strong></span> <span class='ocrx_word' id='word_1_309' title='bbox 885 2576 1105 2653; x_wconf 73' lang='grc' dir='ltr'>νυμφίου</span> <span class='ocrx_word' id='word_1_310' title='bbox 1130 2595 1143 2608; x_wconf 87' lang='grc'><strong>·</strong></span> <span class='ocrx_word' id='word_1_311' title='bbox 1179 2581 1294 2638; x_wconf 85' lang='grc' dir='ltr'>πῶς</span> <span class='ocrx_word' id='word_1_312' title='bbox 1336 2575 1626 2650; x_wconf 57' lang='lat' dir='ltr'><strong>cluat”...</strong></span> <span class='ocrx_word' id='word_1_313' title='bbox 1664 2598 1698 2632; x_wconf 88' lang='grc' dir='ltr'><strong>α</strong></span> <span class='ocrx_word' id='word_1_314' title='bbox 1727 2579 1857 2633; x_wconf 78' lang='grc' dir='ltr'>αὑτὰ</span> 
     </span>
    </p>
   </div>
   <div class='ocr_carea' id='block_1_45' title="bbox 202 2663 1855 2751">
    <p class='ocr_par' dir='ltr' id='par_1_45' title="bbox 202 2663 1855 2751">
     <span class='ocr_line' id='line_1_45' title="bbox 202 2663 1855 2751; baseline -0.004 -24"><span class='ocrx_word' id='word_1_315' title='bbox 202 2672 436 2751; x_wconf 74' lang='grc' dir='ltr'><strong>ἔχειν...</strong></span> <span class='ocrx_word' id='word_1_316' title='bbox 483 2669 714 2747; x_wconf 78' lang='grc' dir='ltr'>ἐγονται,</span> <span class='ocrx_word' id='word_1_317' title='bbox 884 2670 975 2728; x_wconf 84' lang='grc' dir='ltr'>αἷς</span> <span class='ocrx_word' id='word_1_318' title='bbox 1020 2663 1413 2727; x_wconf 84' lang='grc' dir='ltr'>ἀποκλιθείσαις</span> <span class='ocrx_word' id='word_1_319' title='bbox 1473 2677 1680 2742; x_wconf 84' lang='grc' dir='ltr'>μωραϊς</span> <span class='ocrx_word' id='word_1_320' title='bbox 1712 2687 1855 2744; x_wconf 87' lang='grc' dir='ltr'>παρ-</span> 
     </span>
    </p>
   </div>
   <div class='ocr_carea' id='block_1_46' title="bbox 202 2752 1855 2838">
    <p class='ocr_par' dir='ltr' id='par_1_46' title="bbox 202 2752 1855 2838">
     <span class='ocr_line' id='line_1_46' title="bbox 202 2752 1855 2838; baseline -0.004 -22"><span class='ocrx_word' id='word_1_321' title='bbox 202 2761 402 2838; x_wconf 72' lang='grc' dir='ltr'>θένοις,</span> <span class='ocrx_word' id='word_1_322' title='bbox 462 2757 603 2824; x_wconf 70' lang='grc' dir='ltr'>ἄξιον</span> <span class='ocrx_word' id='word_1_323' title='bbox 647 2755 778 2813; x_wconf 77' lang='grc' dir='ltr'>ἰδεῖν</span> <span class='ocrx_word' id='word_1_324' title='bbox 821 2753 1142 2831; x_wconf 70' lang='grc' dir='ltr'>κατηγορίαν</span> <span class='ocrx_word' id='word_1_325' title='bbox 1192 2752 1515 2832; x_wconf 81' lang='grc' dir='ltr'>περιέχοντα</span> <span class='ocrx_word' id='word_1_326' title='bbox 1544 2759 1650 2809; x_wconf 77' lang='grc' dir='ltr'><strong>τῶν</strong></span> <span class='ocrx_word' id='word_1_327' title='bbox 1682 2757 1855 2828; x_wconf 66' lang='grc' dir='ltr'>μαθη-</span> 
     </span>
    </p>
   </div>
   <div class='ocr_carea' id='block_1_47' title="bbox 200 2841 1853 2920">
    <p class='ocr_par' dir='ltr' id='par_1_47' title="bbox 200 2841 1853 2920">
     <span class='ocr_line' id='line_1_47' title="bbox 200 2841 1853 2920; baseline -0.004 -15"><span class='ocrx_word' id='word_1_328' title='bbox 200 2855 316 2905; x_wconf 84' lang='grc' dir='ltr'><strong>τῶν</strong></span> <span class='ocrx_word' id='word_1_329' title='bbox 357 2860 477 2911; x_wconf 65' lang='grc' dir='ltr'>τοῖς</span> <span class='ocrx_word' id='word_1_330' title='bbox 526 2845 706 2908; x_wconf 77' lang='grc' dir='ltr'>αὖτοϊς</span> <span class='ocrx_word' id='word_1_331' title='bbox 760 2842 1109 2917; x_wconf 78' lang='grc' dir='ltr'>κοιμωμένων</span> <span class='ocrx_word' id='word_1_332' title='bbox 1161 2854 1283 2906; x_wconf 77' lang='grc' dir='ltr'>ταῖς</span> <span class='ocrx_word' id='word_1_333' title='bbox 1315 2855 1523 2919; x_wconf 78' lang='grc' dir='ltr'>μωραϊς</span> <span class='ocrx_word' id='word_1_334' title='bbox 1555 2841 1853 2920; x_wconf 88' lang='grc' dir='ltr'>παρθένοις.</span> 
     </span>
    </p>
   </div>
   <div class='ocr_carea' id='block_1_48' title="bbox 204 2927 1852 3010">
    <p class='ocr_par' dir='ltr' id='par_1_48' title="bbox 204 2927 1852 3010">
     <span class='ocr_line' id='line_1_48' title="bbox 204 2927 1852 3010; baseline -0.007 -14"><span class='ocrx_word' id='word_1_335' title='bbox 204 2927 378 2996; x_wconf 76' lang='grc' dir='ltr'>’Ἔστι</span> <span class='ocrx_word' id='word_1_336' title='bbox 421 2933 476 2991; x_wconf 79' lang='grc' dir='ltr'>δὲ</span> <span class='ocrx_word' id='word_1_337' title='bbox 517 2936 606 2992; x_wconf 80' lang='grc' dir='ltr'><strong>καὶ</strong></span> <span class='ocrx_word' id='word_1_338' title='bbox 648 2933 775 2989; x_wconf 69' lang='grc' dir='ltr'>αὐτὸ</span> <span class='ocrx_word' id='word_1_339' title='bbox 831 2932 893 2987; x_wconf 76' lang='grc' dir='ltr'><strong>ἂν</strong></span> <span class='ocrx_word' id='word_1_340' title='bbox 934 2928 1116 3005; x_wconf 69' lang='grc' dir='ltr'>ὅμοιον</span> <span class='ocrx_word' id='word_1_341' title='bbox 1145 2936 1237 2986; x_wconf 81' lang='grc' dir='ltr'>τοῦ</span> <span class='ocrx_word' id='word_1_342' title='bbox 1266 2931 1438 3008; x_wconf 78' lang='grc' dir='ltr'>φωτὸς</span> <span class='ocrx_word' id='word_1_343' title='bbox 1470 2930 1600 3007; x_wconf 82' lang='grc' dir='ltr'>πρὸς</span> <span class='ocrx_word' id='word_1_344' title='bbox 1630 2933 1852 3010; x_wconf 70' lang='grc' dir='ltr'>τροφὴν,</span> 
     </span>
    </p>
   </div>
   <div class='ocr_carea' id='block_1_49' title="bbox 196 3018 1855 3098">
    <p class='ocr_par' dir='ltr' id='par_1_49' title="bbox 196 3018 1855 3098">
     <span class='ocr_line' id='line_1_49' title="bbox 196 3018 1855 3098; baseline -0.01 -15"><span class='ocrx_word' id='word_1_345' title='bbox 196 3027 295 3083; x_wconf 85' lang='grc' dir='ltr'>καὶ</span> <span class='ocrx_word' id='word_1_346' title='bbox 349 3031 441 3081; x_wconf 81' lang='grc' dir='ltr'>τοῦ</span> <span class='ocrx_word' id='word_1_347' title='bbox 485 3030 649 3080; x_wconf 79' lang='grc' dir='ltr'>ποτοῦ</span> <span class='ocrx_word' id='word_1_348' title='bbox 701 3022 832 3098; x_wconf 84' lang='grc' dir='ltr'>πρὸς</span> <span class='ocrx_word' id='word_1_349' title='bbox 889 3019 954 3074; x_wconf 71' lang='grc' dir='ltr'>τὰ</span> <span class='ocrx_word' id='word_1_350' title='bbox 1010 3018 1393 3095; x_wconf 81' lang='grc' dir='ltr'><strong>βρώματα.....</strong></span> <span class='ocrx_word' id='word_1_351' title='bbox 1429 3039 1623 3082; x_wconf 85' lang='grc' dir='ltr'>σαντας</span> <span class='ocrx_word' id='word_1_352' title='bbox 1678 3020 1855 3075; x_wconf 82' lang='grc' dir='ltr'>αἰτιά-</span> 
     </span>
    </p>
   </div>
   <div class='ocr_carea' id='block_1_50' title="bbox 2014 2308 3577 2395">
    <p class='ocr_par' dir='ltr' id='par_1_50' title="bbox 2014 2308 3577 2395">
     <span class='ocr_line' id='line_1_50' title="bbox 2014 2308 3577 2395; baseline 0.001 -25"><span class='ocrx_word' id='word_1_353' title='bbox 2014 2308 2339 2375; x_wconf 88' lang='lat' dir='ltr'><strong>Heracleon</strong></span> <span class='ocrx_word' id='word_1_354' title='bbox 2368 2315 2624 2378; x_wconf 86' lang='lat' dir='ltr'><strong>ait.disci</strong></span> <span class='ocrx_word' id='word_1_355' title='bbox 2635 2316 2806 2395; x_wconf 82' lang='lat' dir='ltr'><strong>pulos</strong></span> <span class='ocrx_word' id='word_1_356' title='bbox 2824 2316 3224 2378; x_wconf 88' lang='lat' dir='ltr'><strong>voluissecum</strong></span> <span class='ocrx_word' id='word_1_357' title='bbox 3252 2315 3388 2375; x_wconf 81' lang='lat' dir='ltr'><strong>lesu</strong></span> <span class='ocrx_word' id='word_1_358' title='bbox 3408 2331 3577 2374; x_wconf 91' lang='lat' dir='ltr'><strong>com-</strong></span> 
     </span>
    </p>
   </div>
   <div class='ocr_carea' id='block_1_51' title="bbox 1939 2399 3577 2486">
    <p class='ocr_par' dir='ltr' id='par_1_51' title="bbox 1939 2399 3577 2486">
     <span class='ocr_line' id='line_1_51' title="bbox 1939 2399 3577 2486; baseline 0.002 -29"><span class='ocrx_word' id='word_1_359' title='bbox 1939 2399 2245 2486; x_wconf 83' lang='lat' dir='ltr'><strong>municare</strong></span> <span class='ocrx_word' id='word_1_360' title='bbox 2265 2405 2881 2486; x_wconf 59' lang='lat' dir='ltr'><strong>quaemissentatque</strong></span> <span class='ocrx_word' id='word_1_361' title='bbox 2895 2404 3201 2468; x_wconf 87' lang='lat' dir='ltr'><strong>aSamaria</strong></span> <span class='ocrx_word' id='word_1_362' title='bbox 3219 2402 3577 2464; x_wconf 76' lang='lat' dir='ltr'><strong>attulissent.</strong></span> 
     </span>
    </p>
   </div>
   <div class='ocr_carea' id='block_1_52' title="bbox 1935 2485 3583 2573">
    <p class='ocr_par' dir='ltr' id='par_1_52' title="bbox 1935 2485 3583 2573">
     <span class='ocr_line' id='line_1_52' title="bbox 1935 2485 3583 2573; baseline 0.004 -26"><span class='ocrx_word' id='word_1_363' title='bbox 1935 2485 2072 2548; x_wconf 79' lang='lat' dir='ltr'><strong>Haec</strong></span> <span class='ocrx_word' id='word_1_364' title='bbox 2085 2497 2283 2549; x_wconf 86' lang='lat' dir='ltr'><strong>autem</strong></span> <span class='ocrx_word' id='word_1_365' title='bbox 2303 2485 2825 2569; x_wconf 85' lang='lat' dir='ltr'><strong>commemorat,ut</strong></span> <span class='ocrx_word' id='word_1_366' title='bbox 2849 2492 3389 2573; x_wconf 87' lang='lat' dir='ltr'><strong>aliqua...quinque</strong></span> <span class='ocrx_word' id='word_1_367' title='bbox 3413 2492 3583 2553; x_wconf 70' lang='lat' dir='ltr'><strong>fatuae</strong></span> 
     </span>
    </p>
   </div>
   <div class='ocr_carea' id='block_1_53' title="bbox 1939 2574 3581 2660">
    <p class='ocr_par' dir='ltr' id='par_1_53' title="bbox 1939 2574 3581 2660">
     <span class='ocr_line' id='line_1_53' title="bbox 1939 2574 3581 2660; baseline 0.005 -27"><span class='ocrx_word' id='word_1_368' title='bbox 1939 2574 2203 2654; x_wconf 85' lang='lat' dir='ltr'><strong>viegines</strong></span> <span class='ocrx_word' id='word_1_369' title='bbox 2238 2597 2319 2640; x_wconf 87' lang='lat' dir='ltr'><strong>..a</strong></span> <span class='ocrx_word' id='word_1_370' title='bbox 2345 2580 2900 2660; x_wconf 87' lang='lat' dir='ltr'><strong>sponso.Quomodo</strong></span> <span class='ocrx_word' id='word_1_371' title='bbox 2922 2590 3115 2643; x_wconf 89' lang='lat' dir='ltr'><strong>autem</strong></span> <span class='ocrx_word' id='word_1_372' title='bbox 3140 2581 3439 2643; x_wconf 75' lang='lat' dir='ltr'><strong>arbitror..</strong></span> <span class='ocrx_word' id='word_1_373' title='bbox 3460 2600 3581 2642; x_wconf 86' lang='lat' dir='ltr'><strong>.ra-</strong></span> 
     </span>
    </p>
   </div>
   <div class='ocr_carea' id='block_1_54' title="bbox 1939 2662 3580 2750">
    <p class='ocr_par' dir='ltr' id='par_1_54' title="bbox 1939 2662 3580 2750">
     <span class='ocr_line' id='line_1_54' title="bbox 1939 2662 3580 2750; baseline 0.005 -28"><span class='ocrx_word' id='word_1_374' title='bbox 1939 2662 2074 2724; x_wconf 91' lang='lat' dir='ltr'><strong>dem</strong></span> <span class='ocrx_word' id='word_1_375' title='bbox 2095 2664 2612 2750; x_wconf 89' lang='lat' dir='ltr'><strong>habere...quibus</strong></span> <span class='ocrx_word' id='word_1_376' title='bbox 2631 2670 2884 2731; x_wconf 89' lang='lat' dir='ltr'><strong>occlusis</strong></span> <span class='ocrx_word' id='word_1_377' title='bbox 2904 2670 3075 2730; x_wconf 82' lang='lat' dir='ltr'><strong>fatuis</strong></span> <span class='ocrx_word' id='word_1_378' title='bbox 3088 2668 3580 2749; x_wconf 80' lang='lat' dir='ltr'><strong>virginibus,ope-</strong></span> 
     </span>
    </p>
   </div>
   <div class='ocr_carea' id='block_1_55' title="bbox 1940 2753 3579 2840">
    <p class='ocr_par' dir='ltr' id='par_1_55' title="bbox 1940 2753 3579 2840">
     <span class='ocr_line' id='line_1_55' title="bbox 1940 2753 3579 2840; baseline 0.004 -28"><span class='ocrx_word' id='word_1_379' title='bbox 1940 2770 2021 2812; x_wconf 69' lang='lat' dir='ltr'><strong>rae</strong></span> <span class='ocrx_word' id='word_1_380' title='bbox 2038 2753 2294 2840; x_wconf 84' lang='lat' dir='ltr'><strong>pretium</strong></span> <span class='ocrx_word' id='word_1_381' title='bbox 2319 2765 2409 2818; x_wconf 90' lang='lat' dir='ltr'><strong>est</strong></span> <span class='ocrx_word' id='word_1_382' title='bbox 2427 2758 2627 2820; x_wconf 87' lang='lat' dir='ltr'><strong>videre</strong></span> <span class='ocrx_word' id='word_1_383' title='bbox 2644 2777 2877 2839; x_wconf 65' lang='lat' dir='ltr'><strong>ea,quw</strong></span> <span class='ocrx_word' id='word_1_384' title='bbox 2895 2758 3317 2840; x_wconf 89' lang='lat' dir='ltr'><strong>discipulorum</strong></span> <span class='ocrx_word' id='word_1_385' title='bbox 3333 2775 3579 2819; x_wconf 86' lang='lat' dir='ltr'><strong>accusa-</strong></span> 
     </span>
    </p>
   </div>
   <div class='ocr_carea' id='block_1_56' title="bbox 1939 2839 3582 2928">
    <p class='ocr_par' dir='ltr' id='par_1_56' title="bbox 1939 2839 3582 2928">
     <span class='ocr_line' id='line_1_56' title="bbox 1939 2839 3582 2928; baseline 0.005 -28"><span class='ocrx_word' id='word_1_386' title='bbox 1939 2839 2226 2904; x_wconf 89' lang='lat' dir='ltr'><strong>sationem</strong></span> <span class='ocrx_word' id='word_1_387' title='bbox 2251 2845 2802 2919; x_wconf 88' lang='lat' dir='ltr'><strong>continent,eodem</strong></span> <span class='ocrx_word' id='word_1_388' title='bbox 2817 2850 2991 2910; x_wconf 92' lang='lat' dir='ltr'><strong>modo</strong></span> <span class='ocrx_word' id='word_1_389' title='bbox 3013 2847 3310 2928; x_wconf 73' lang='lat' dir='ltr'><strong>quofatuaa</strong></span> <span class='ocrx_word' id='word_1_390' title='bbox 3327 2846 3582 2924; x_wconf 82' lang='lat' dir='ltr'><strong>virgines</strong></span> 
     </span>
    </p>
   </div>
   <div class='ocr_carea' id='block_1_57' title="bbox 1940 2928 3585 3000">
    <p class='ocr_par' dir='ltr' id='par_1_57' title="bbox 1940 2928 3585 3000">
     <span class='ocr_line' id='line_1_57' title="bbox 1940 2928 3585 3000; baseline 0.006 -12"><span class='ocrx_word' id='word_1_391' title='bbox 1940 2928 2517 3000; x_wconf 60' lang='lat' dir='ltr'><strong>dormientiumlloc</strong></span> <span class='ocrx_word' id='word_1_392' title='bbox 2546 2946 2740 2999; x_wconf 87' lang='lat' dir='ltr'><strong>autem</strong></span> <span class='ocrx_word' id='word_1_393' title='bbox 2761 2938 3031 2999; x_wconf 90' lang='lat' dir='ltr'><strong>eamdem</strong></span> <span class='ocrx_word' id='word_1_394' title='bbox 3057 2937 3344 2997; x_wconf 90' lang='lat' dir='ltr'><strong>rationem</strong></span> <span class='ocrx_word' id='word_1_395' title='bbox 3370 2936 3585 2998; x_wconf 87' lang='lat' dir='ltr'><strong>habeat</strong></span> 
     </span>
    </p>
   </div>
   <div class='ocr_carea' id='block_1_58' title="bbox 1938 3016 3581 3106">
    <p class='ocr_par' dir='ltr' id='par_1_58' title="bbox 1938 3016 3581 3106">
     <span class='ocr_line' id='line_1_58' title="bbox 1938 3016 3581 3106; baseline 0.005 -29"><span class='ocrx_word' id='word_1_396' title='bbox 1938 3016 2089 3080; x_wconf 88' lang='lat' dir='ltr'><strong>lucis</strong></span> <span class='ocrx_word' id='word_1_397' title='bbox 2100 3022 2171 3083; x_wconf 87' lang='lat' dir='ltr'><strong>ad</strong></span> <span class='ocrx_word' id='word_1_398' title='bbox 2185 3023 2592 3106; x_wconf 85' lang='lat' dir='ltr'><strong>cibum,quam</strong></span> <span class='ocrx_word' id='word_1_399' title='bbox 2612 3033 2785 3103; x_wconf 88' lang='lat' dir='ltr'><strong>potus</strong></span> <span class='ocrx_word' id='word_1_400' title='bbox 2796 3026 2869 3087; x_wconf 87' lang='lat' dir='ltr'><strong>ad</strong></span> <span class='ocrx_word' id='word_1_401' title='bbox 2882 3025 3077 3087; x_wconf 88' lang='lat' dir='ltr'><strong>cibum</strong></span> <span class='ocrx_word' id='word_1_402' title='bbox 3103 3023 3581 3106; x_wconf 74' lang='lat' dir='ltr'><strong>habet..accusa-</strong></span> 
     </span>
    </p>
   </div>
   <div class='ocr_carea' id='block_1_59' title="bbox 198 3095 1852 3189">
    <p class='ocr_par' dir='ltr' id='par_1_59' title="bbox 198 3095 1852 3189">
     <span class='ocr_line' id='line_1_59' title="bbox 198 3095 1852 3189; baseline -0.005 -18"><span class='ocrx_word' id='word_1_403' title='bbox 198 3117 395 3171; x_wconf 86' lang='grc' dir='ltr'>σασθαι</span> <span class='ocrx_word' id='word_1_404' title='bbox 426 3114 524 3179; x_wconf 74' lang='grc' dir='ltr'>τὴν</span> <span class='ocrx_word' id='word_1_405' title='bbox 569 3095 799 3189; x_wconf 67' lang='grc' dir='ltr'>ἐκδοχῆν</span> <span class='ocrx_word' id='word_1_406' title='bbox 834 3124 846 3136; x_wconf 91' lang='grc'>·</span> <span class='ocrx_word' id='word_1_407' title='bbox 895 3107 1083 3182; x_wconf 84' lang='grc' dir='ltr'>καίπερ</span> <span class='ocrx_word' id='word_1_408' title='bbox 1138 3107 1275 3162; x_wconf 81' lang='grc' dir='ltr'>κατὰ</span> <span class='ocrx_word' id='word_1_409' title='bbox 1306 3127 1353 3161; x_wconf 90' lang='grc' dir='ltr'>τι</span> <span class='ocrx_word' id='word_1_410' title='bbox 1382 3103 1667 3182; x_wconf 80' lang='grc' dir='ltr'>δυνάμενον</span> <span class='ocrx_word' id='word_1_411' title='bbox 1715 3109 1852 3188; x_wconf 71' lang='grc' dir='ltr'>σαφῆ</span> 
     </span>
    </p>
   </div>
   <div class='ocr_carea' id='block_1_60' title="bbox 1940 3095 3580 3189">
    <p class='ocr_par' dir='ltr' id='par_1_60' title="bbox 1940 3095 3580 3187">
     <span class='ocr_line' id='line_1_60' title="bbox 1940 3095 3580 3187; baseline -0.001 -20"><span class='ocrx_word' id='word_1_412' title='bbox 1940 3095 2578 3187; x_wconf 79' lang='lat' dir='ltr'><strong>rereprehenderéque</strong></span> <span class='ocrx_word' id='word_1_413' title='bbox 2613 3095 3185 3186; x_wconf 79' lang='lat' dir='ltr'><strong>interpretationem.</strong></span> <span class='ocrx_word' id='word_1_414' title='bbox 3238 3103 3580 3185; x_wconf 85' lang='lat' dir='ltr'><strong>Quanquam</strong></span> 
     </span>
    </p>
   </div>
   <div class='ocr_carea' id='block_1_61' title="bbox 202 3193 1850 3278">
    <p class='ocr_par' dir='ltr' id='par_1_61' title="bbox 202 3193 1850 3278">
     <span class='ocr_line' id='line_1_61' title="bbox 202 3193 1850 3278; baseline -0.004 -18"><span class='ocrx_word' id='word_1_415' title='bbox 202 3208 439 3270; x_wconf 85' lang='grc' dir='ltr'>ποιῆσαι</span> <span class='ocrx_word' id='word_1_416' title='bbox 466 3203 558 3258; x_wconf 83' lang='grc' dir='ltr'><strong>τὸν</strong></span> <span class='ocrx_word' id='word_1_417' title='bbox 586 3199 747 3278; x_wconf 87' lang='grc' dir='ltr'>λόγον</span> <span class='ocrx_word' id='word_1_418' title='bbox 805 3197 974 3277; x_wconf 78' lang='grc' dir='ltr'>ἐχρῆν</span> <span class='ocrx_word' id='word_1_419' title='bbox 1013 3196 1193 3268; x_wconf 70' lang='grc' dir='ltr'>αὐτὸν,</span> <span class='ocrx_word' id='word_1_420' title='bbox 1244 3193 1327 3250; x_wconf 77' lang='grc' dir='ltr'><strong>διὰ</strong></span> <span class='ocrx_word' id='word_1_421' title='bbox 1380 3194 1639 3252; x_wconf 83' lang='grc' dir='ltr'>πλειόνων</span> <span class='ocrx_word' id='word_1_422' title='bbox 1687 3219 1850 3275; x_wconf 71' lang='grc' dir='ltr'>παραε</span> 
     </span>
    </p>
   </div>
   <div class='ocr_carea' id='block_1_62' title="bbox 207 3282 1545 3369">
    <p class='ocr_par' dir='ltr' id='par_1_62' title="bbox 207 3282 1545 3369">
     <span class='ocr_line' id='line_1_62' title="bbox 207 3282 1545 3369; baseline -0.01 -19"><span class='ocrx_word' id='word_1_423' title='bbox 207 3293 491 3369; x_wconf 78' lang='grc' dir='ltr'>μυθεῖσθαι</span> <span class='ocrx_word' id='word_1_424' title='bbox 520 3289 972 3357; x_wconf 78' lang='grc' dir='ltr'>κατασκεοοίζοντα</span> <span class='ocrx_word' id='word_1_425' title='bbox 1001 3284 1100 3350; x_wconf 78' lang='grc' dir='ltr'>τὴν</span> <span class='ocrx_word' id='word_1_426' title='bbox 1129 3282 1258 3339; x_wconf 76' lang='grc' dir='ltr'>ἰδίαν</span> <span class='ocrx_word' id='word_1_427' title='bbox 1289 3282 1545 3363; x_wconf 63' lang='grc' dir='ltr'>ἐκδοχὴν,</span> 
     </span>
    </p>
   </div>
   <div class='ocr_carea' id='block_1_63' title="bbox 1939 3192 3583 3275">
    <p class='ocr_par' dir='ltr' id='par_1_63' title="bbox 1939 3192 3583 3275">
     <span class='ocr_line' id='line_1_63' title="bbox 1939 3192 3583 3275; baseline -0.001 -20"><span class='ocrx_word' id='word_1_428' title='bbox 1939 3195 2209 3273; x_wconf 89' lang='lat' dir='ltr'><strong>provirili</strong></span> <span class='ocrx_word' id='word_1_429' title='bbox 2232 3201 2396 3275; x_wconf 89' lang='lat' dir='ltr'><strong>parte</strong></span> <span class='ocrx_word' id='word_1_430' title='bbox 2419 3194 2476 3255; x_wconf 90' lang='lat' dir='ltr'><strong>id</strong></span> <span class='ocrx_word' id='word_1_431' title='bbox 2495 3194 2649 3275; x_wconf 90' lang='lat' dir='ltr'><strong>quod</strong></span> <span class='ocrx_word' id='word_1_432' title='bbox 2666 3194 2771 3274; x_wconf 86' lang='lat' dir='ltr'><strong>ait,</strong></span> <span class='ocrx_word' id='word_1_433' title='bbox 2807 3194 3047 3274; x_wconf 84' lang='lat' dir='ltr'><strong>planum</strong></span> <span class='ocrx_word' id='word_1_434' title='bbox 3066 3192 3260 3254; x_wconf 84' lang='lat' dir='ltr'><strong>facere</strong></span> <span class='ocrx_word' id='word_1_435' title='bbox 3280 3194 3506 3269; x_wconf 89' lang='lat' dir='ltr'><strong>debuit,</strong></span> <span class='ocrx_word' id='word_1_436' title='bbox 3525 3202 3583 3255; x_wconf 89' lang='lat' dir='ltr'><strong>et</strong></span> 
     </span>
    </p>
   </div>
   <div class='ocr_carea' id='block_1_64' title="bbox 1941 3282 3581 3364">
    <p class='ocr_par' dir='ltr' id='par_1_64' title="bbox 1941 3282 3581 3364">
     <span class='ocr_line' id='line_1_64' title="bbox 1941 3282 3581 3364; baseline 0.003 -19"><span class='ocrx_word' id='word_1_437' title='bbox 1941 3284 2209 3364; x_wconf 92' lang='lat' dir='ltr'><strong>pluribus</strong></span> <span class='ocrx_word' id='word_1_438' title='bbox 2221 3282 2816 3359; x_wconf 77' lang='lat' dir='ltr'><strong>docore,contirmans</strong></span> <span class='ocrx_word' id='word_1_439' title='bbox 2830 3283 3384 3363; x_wconf 87' lang='lat' dir='ltr'><strong>interpretationem</strong></span> <span class='ocrx_word' id='word_1_440' title='bbox 3396 3302 3581 3350; x_wconf 85' lang='lat' dir='ltr'><strong>suam.</strong></span> 
     </span>
    </p>
   </div>
   <div class='ocr_carea' id='block_1_65' title="bbox 1582 3389 2179 3471">
    <p class='ocr_par' dir='ltr' id='par_1_65' title="bbox 1582 3389 2179 3471">
     <span class='ocr_line' id='line_1_65' title="bbox 1582 3389 2179 3471; baseline 0 -23"><span class='ocrx_word' id='word_1_441' title='bbox 1582 3390 1715 3450; x_wconf 72' lang='lat'><strong>57!</strong></span> <span class='ocrx_word' id='word_1_442' title='bbox 1753 3389 1833 3451; x_wconf 86' lang='lat' dir='ltr'><strong>Et</strong></span> <span class='ocrx_word' id='word_1_443' title='bbox 1858 3407 2008 3471; x_wconf 83' lang='lat' dir='ltr'><strong>pag.</strong></span> <span class='ocrx_word' id='word_1_444' title='bbox 2041 3389 2179 3453; x_wconf 73' lang='lat'><strong>227.</strong></span> 
     </span>
    </p>
   </div>
   <div class='ocr_carea' id='block_1_66' title="bbox 286 3491 1852 3578">
    <p class='ocr_par' dir='ltr' id='par_1_66' title="bbox 286 3491 1850 3578">
     <span class='ocr_line' id='line_1_66' title="bbox 286 3491 1850 3578; baseline -0.013 -18"><span class='ocrx_word' id='word_1_445' title='bbox 286 3491 531 3578; x_wconf 65' lang='grc' dir='ltr'>’Ἔλεγον</span> <span class='ocrx_word' id='word_1_446' title='bbox 587 3498 676 3556; x_wconf 79' lang='grc' dir='ltr'><strong>οὖν</strong></span> <span class='ocrx_word' id='word_1_447' title='bbox 719 3500 765 3554; x_wconf 81' lang='grc' dir='ltr'>οἱ</span> <span class='ocrx_word' id='word_1_448' title='bbox 809 3496 1040 3572; x_wconf 78' lang='grc' dir='ltr'>μαθηταὶ</span> <span class='ocrx_word' id='word_1_449' title='bbox 1097 3495 1227 3571; x_wconf 77' lang='grc' dir='ltr'>πρὸς</span> <span class='ocrx_word' id='word_1_450' title='bbox 1280 3492 1570 3564; x_wconf 70' lang='grc' dir='ltr'>ἀλλήλους·</span> <span class='ocrx_word' id='word_1_451' title='bbox 1638 3496 1725 3564; x_wconf 65' lang='grc' dir='ltr'><strong>Μή</strong></span> <span class='ocrx_word' id='word_1_452' title='bbox 1771 3518 1850 3558; x_wconf 72' lang='grc' dir='ltr'><strong>τις</strong></span> 
     </span>
    </p>
   </div>
   <div class='ocr_carea' id='block_1_67' title="bbox 1940 3491 3582 3578">
    <p class='ocr_par' dir='ltr' id='par_1_67' title="bbox 2015 3492 3582 3575">
     <span class='ocr_line' id='line_1_67' title="bbox 2015 3492 3582 3575; baseline 0.001 -20"><span class='ocrx_word' id='word_1_453' title='bbox 2015 3493 2300 3557; x_wconf 85' lang='lat' dir='ltr'><strong>Dicebant</strong></span> <span class='ocrx_word' id='word_1_454' title='bbox 2329 3493 2508 3573; x_wconf 81' lang='lat' dir='ltr'><strong>igitur</strong></span> <span class='ocrx_word' id='word_1_455' title='bbox 2548 3492 2824 3575; x_wconf 84' lang='lat' dir='ltr'><strong>discipuli</strong></span> <span class='ocrx_word' id='word_1_456' title='bbox 2855 3495 3010 3555; x_wconf 89' lang='lat' dir='ltr'><strong>inter</strong></span> <span class='ocrx_word' id='word_1_457' title='bbox 3035 3512 3098 3554; x_wconf 89' lang='lat' dir='ltr'><strong>se</strong></span> <span class='ocrx_word' id='word_1_458' title='bbox 3124 3510 3138 3555; x_wconf 91' lang='lat'>:</span> <span class='ocrx_word' id='word_1_459' title='bbox 3173 3492 3327 3556; x_wconf 88' lang='lat' dir='ltr'><strong>Num</strong></span> <span class='ocrx_word' id='word_1_460' title='bbox 3359 3495 3582 3574; x_wconf 78' lang='lat' dir='ltr'><strong>aliquis</strong></span> 
     </span>
    </p>
   </div>
   <div class='ocr_carea' id='block_1_68' title="bbox 187 3580 1852 3671">
    <p class='ocr_par' dir='ltr' id='par_1_68' title="bbox 187 3581 1852 3671">
     <span class='ocr_line' id='line_1_68' title="bbox 187 3581 1852 3671; baseline -0.004 -25"><span class='ocrx_word' id='word_1_461' title='bbox 187 3591 429 3671; x_wconf 74' lang='grc' dir='ltr'>ἤνεγκεν</span> <span class='ocrx_word' id='word_1_462' title='bbox 455 3588 598 3661; x_wconf 75' lang='grc' dir='ltr'><strong>αὗτῷ</strong></span> <span class='ocrx_word' id='word_1_463' title='bbox 654 3590 900 3668; x_wconf 66' lang='grc' dir='ltr'>φαγεῖνς</span> <span class='ocrx_word' id='word_1_464' title='bbox 963 3585 1019 3641; x_wconf 83' lang='grc' dir='ltr'>Εἰ</span> <span class='ocrx_word' id='word_1_465' title='bbox 1075 3584 1161 3639; x_wconf 89' lang='grc' dir='ltr'><strong>καὶ</strong></span> <span class='ocrx_word' id='word_1_466' title='bbox 1219 3584 1482 3661; x_wconf 81' lang='grc' dir='ltr'>σαρκικῶς</span> <span class='ocrx_word' id='word_1_467' title='bbox 1540 3581 1852 3659; x_wconf 74' lang='grc' dir='ltr'>ὑπολαμϐά-</span> 
     </span>
    </p>
   </div>
   <div class='ocr_carea' id='block_1_69' title="bbox 1940 3580 3583 3671">
    <p class='ocr_par' dir='ltr' id='par_1_69' title="bbox 1940 3580 3583 3663">
     <span class='ocr_line' id='line_1_69' title="bbox 1940 3580 3583 3663; baseline 0.002 -21"><span class='ocrx_word' id='word_1_468' title='bbox 1940 3583 2143 3645; x_wconf 78' lang='lat' dir='ltr'><strong>attulit</strong></span> <span class='ocrx_word' id='word_1_469' title='bbox 2172 3582 2269 3644; x_wconf 88' lang='lat' dir='ltr'><strong>illi</strong></span> <span class='ocrx_word' id='word_1_470' title='bbox 2299 3582 2536 3663; x_wconf 84' lang='lat' dir='ltr'><strong>aliquid</strong></span> <span class='ocrx_word' id='word_1_471' title='bbox 2560 3583 2640 3645; x_wconf 86' lang='lat' dir='ltr'><strong>ad</strong></span> <span class='ocrx_word' id='word_1_472' title='bbox 2668 3580 3042 3645; x_wconf 58' lang='lat' dir='ltr'><strong>edendum”?</strong></span> <span class='ocrx_word' id='word_1_473' title='bbox 3063 3581 3307 3643; x_wconf 83' lang='lat' dir='ltr'><strong>Etiamsi</strong></span> <span class='ocrx_word' id='word_1_474' title='bbox 3323 3584 3583 3646; x_wconf 83' lang='lat' dir='ltr'><strong>carnali-</strong></span> 
     </span>
    </p>
   </div>
   <div class='ocr_carea' id='block_1_70' title="bbox 188 3663 1852 3755">
    <p class='ocr_par' dir='ltr' id='par_1_70' title="bbox 188 3663 1852 3755">
     <span class='ocr_line' id='line_1_70' title="bbox 188 3663 1852 3755; baseline -0.004 -21"><span class='ocrx_word' id='word_1_475' title='bbox 188 3701 274 3735; x_wconf 88' lang='grc' dir='ltr'><strong>νει</strong></span> <span class='ocrx_word' id='word_1_476' title='bbox 314 3663 501 3736; x_wconf 40' lang='grc' dir='ltr'>,ταῦτα</span> <span class='ocrx_word' id='word_1_477' title='bbox 551 3663 792 3755; x_wconf 39' lang='grc' dir='ltr'>λέγε-σθαι</span> <span class='ocrx_word' id='word_1_478' title='bbox 837 3675 865 3729; x_wconf 84' lang='grc' dir='ltr'><strong>ὁ</strong></span> <span class='ocrx_word' id='word_1_479' title='bbox 922 3663 1224 3750; x_wconf 74' lang='grc' dir='ltr'>Ἡρακλέων</span> <span class='ocrx_word' id='word_1_480' title='bbox 1280 3673 1381 3727; x_wconf 76' lang='grc' dir='ltr'>ὑπὸ</span> <span class='ocrx_word' id='word_1_481' title='bbox 1434 3678 1539 3727; x_wconf 84' lang='grc' dir='ltr'><strong>τῶν</strong></span> <span class='ocrx_word' id='word_1_482' title='bbox 1583 3675 1852 3747; x_wconf 78' lang='grc' dir='ltr'>μαθητῶν,</span> 
     </span>
    </p>
   </div>
   <div class='ocr_carea' id='block_1_71' title="bbox 1940 3663 3579 3755">
    <p class='ocr_par' dir='ltr' id='par_1_71' title="bbox 1947 3670 3579 3752">
     <span class='ocr_line' id='line_1_71' title="bbox 1947 3670 3579 3752; baseline 0.003 -20"><span class='ocrx_word' id='word_1_483' title='bbox 1947 3678 2041 3733; x_wconf 85' lang='lat' dir='ltr'><strong>ter</strong></span> <span class='ocrx_word' id='word_1_484' title='bbox 2061 3671 2388 3733; x_wconf 77' lang='lat' dir='ltr'><strong>Heracleon</strong></span> <span class='ocrx_word' id='word_1_485' title='bbox 2409 3672 2582 3732; x_wconf 67' lang='lat' dir='ltr'><strong>hocea</strong></span> <span class='ocrx_word' id='word_1_486' title='bbox 2595 3670 2903 3750; x_wconf 83' lang='lat' dir='ltr'><strong>discipulis</strong></span> <span class='ocrx_word' id='word_1_487' title='bbox 2915 3671 3074 3733; x_wconf 82' lang='lat' dir='ltr'><strong>dicta</strong></span> <span class='ocrx_word' id='word_1_488' title='bbox 3096 3679 3579 3752; x_wconf 82' lang='lat' dir='ltr'><strong>putet,tanquam</strong></span> 
     </span>
    </p>
   </div>
   <div class='ocr_carea' id='block_1_72' title="bbox 185 3758 1852 3842">
    <p class='ocr_par' dir='ltr' id='par_1_72' title="bbox 185 3758 1852 3842">
     <span class='ocr_line' id='line_1_72' title="bbox 185 3758 1852 3842; baseline -0.004 -18"><span class='ocrx_word' id='word_1_489' title='bbox 185 3769 270 3833; x_wconf 83' lang='grc' dir='ltr'>ὡς</span> <span class='ocrx_word' id='word_1_490' title='bbox 338 3765 416 3822; x_wconf 78' lang='grc' dir='ltr'><strong>ἔτι</strong></span> <span class='ocrx_word' id='word_1_491' title='bbox 473 3764 844 3842; x_wconf 60' lang='grc' dir='ltr'>ταπεινότερον</span> <span class='ocrx_word' id='word_1_492' title='bbox 929 3758 1298 3834; x_wconf 80' lang='grc' dir='ltr'>διακειμένων,</span> <span class='ocrx_word' id='word_1_493' title='bbox 1374 3762 1463 3816; x_wconf 80' lang='grc' dir='ltr'><strong>καὶ</strong></span> <span class='ocrx_word' id='word_1_494' title='bbox 1518 3761 1616 3828; x_wconf 79' lang='grc' dir='ltr'><strong>τῆν</strong></span> <span class='ocrx_word' id='word_1_495' title='bbox 1670 3767 1852 3836; x_wconf 84' lang='grc' dir='ltr'>Σαμα-</span> 
     </span>
    </p>
   </div>
   <div class='ocr_carea' id='block_1_73' title="bbox 1940 3758 3677 3842">
    <p class='ocr_par' dir='ltr' id='par_1_73' title="bbox 1943 3758 3677 3837">
     <span class='ocr_line' id='line_1_73' title="bbox 1943 3758 3677 3837; baseline -0.001 -16"><span class='ocrx_word' id='word_1_496' title='bbox 1943 3760 2047 3837; x_wconf 85' lang='lat' dir='ltr'><strong>qui</strong></span> <span class='ocrx_word' id='word_1_497' title='bbox 2066 3761 2265 3821; x_wconf 86' lang='lat' dir='ltr'><strong>adhuc</strong></span> <span class='ocrx_word' id='word_1_498' title='bbox 2307 3758 2598 3822; x_wconf 80' lang='lat' dir='ltr'><strong>humilius</strong></span> <span class='ocrx_word' id='word_1_499' title='bbox 2626 3760 2942 3833; x_wconf 82' lang='lat' dir='ltr'><strong>sentirent,</strong></span> <span class='ocrx_word' id='word_1_500' title='bbox 2976 3759 3414 3824; x_wconf 81' lang='lat' dir='ltr'><strong>Samaritidem</strong></span> <span class='ocrx_word' id='word_1_501' title='bbox 3444 3765 3587 3825; x_wconf 88' lang='lat' dir='ltr'><strong>imi-</strong></span> <span class='ocrx_word' id='word_1_502' title='bbox 3672 3816 3677 3820; x_wconf 89' lang='lat'><strong>.</strong></span> 
     </span>
    </p>
   </div>
   <div class='ocr_carea' id='block_1_74' title="bbox 184 3847 1852 3934">
    <p class='ocr_par' dir='ltr' id='par_1_74' title="bbox 184 3847 1852 3934">
     <span class='ocr_line' id='line_1_74' title="bbox 184 3847 1852 3934; baseline -0.004 -22"><span class='ocrx_word' id='word_1_503' title='bbox 184 3870 376 3934; x_wconf 84' lang='grc' dir='ltr'>ρεϊτιν</span> <span class='ocrx_word' id='word_1_504' title='bbox 430 3851 773 3930; x_wconf 83' lang='grc' dir='ltr'>μιμουμένων</span> <span class='ocrx_word' id='word_1_505' title='bbox 831 3849 1085 3927; x_wconf 86' lang='grc' dir='ltr'>λέγουσαν</span> <span class='ocrx_word' id='word_1_506' title='bbox 1123 3863 1136 3876; x_wconf 84' lang='grc'><strong>⁸</strong></span> <span class='ocrx_word' id='word_1_507' title='bbox 1195 3847 1343 3905; x_wconf 68' lang='grc' dir='ltr'>Οὕτω</span> <span class='ocrx_word' id='word_1_508' title='bbox 1385 3847 1629 3925; x_wconf 79' lang='grc' dir='ltr'>ἄντλημα</span> <span class='ocrx_word' id='word_1_509' title='bbox 1686 3848 1852 3929; x_wconf 76' lang='grc' dir='ltr'><strong>ἔχεις¹</strong></span> 
     </span>
    </p>
   </div>
   <div class='ocr_carea' id='block_1_75' title="bbox 1940 3847 3584 3934">
    <p class='ocr_par' dir='ltr' id='par_1_75' title="bbox 1944 3847 3584 3933">
     <span class='ocr_line' id='line_1_75' title="bbox 1944 3847 3584 3933; baseline 0.004 -24"><span class='ocrx_word' id='word_1_510' title='bbox 1944 3854 2140 3910; x_wconf 78' lang='lat' dir='ltr'><strong>tantes</strong></span> <span class='ocrx_word' id='word_1_511' title='bbox 2162 3849 2454 3911; x_wconf 84' lang='lat' dir='ltr'><strong>dicentem</strong></span> <span class='ocrx_word' id='word_1_512' title='bbox 2480 3865 2498 3908; x_wconf 90' lang='lat'><strong><em>:</em></strong></span> <span class='ocrx_word' id='word_1_513' title='bbox 2531 3847 2741 3927; x_wconf 86' lang='lat' dir='ltr'><strong>Neque</strong></span> <span class='ocrx_word' id='word_1_514' title='bbox 2771 3848 3150 3910; x_wconf 81' lang='lat' dir='ltr'><strong>haustorium</strong></span> <span class='ocrx_word' id='word_1_515' title='bbox 3165 3849 3369 3933; x_wconf 85' lang='lat' dir='ltr'><strong>habes,</strong></span> <span class='ocrx_word' id='word_1_516' title='bbox 3390 3860 3447 3915; x_wconf 89' lang='lat' dir='ltr'><strong>et</strong></span> <span class='ocrx_word' id='word_1_517' title='bbox 3463 3871 3584 3933; x_wconf 86' lang='lat' dir='ltr'><strong>pu-</strong></span> 
     </span>
    </p>
   </div>
   <div class='ocr_carea' id='block_1_76' title="bbox 181 3933 1852 4022">
    <p class='ocr_par' dir='ltr' id='par_1_76' title="bbox 181 3933 1852 4022">
     <span class='ocr_line' id='line_1_76' title="bbox 181 3933 1852 4022; baseline -0.007 -21"><span class='ocrx_word' id='word_1_518' title='bbox 181 3933 287 4002; x_wconf 79' lang='grc' dir='ltr'><strong>καὶ</strong></span> <span class='ocrx_word' id='word_1_519' title='bbox 352 3966 413 4000; x_wconf 94' lang='grc' dir='ltr'>το</span> <span class='ocrx_word' id='word_1_520' title='bbox 458 3943 620 4022; x_wconf 75' lang='grc' dir='ltr'>φρέαρ</span> <span class='ocrx_word' id='word_1_521' title='bbox 676 3940 790 3997; x_wconf 68' lang='grc' dir='ltr'>εστὶ</span> <span class='ocrx_word' id='word_1_522' title='bbox 827 3935 955 3994; x_wconf 77' lang='grc' dir='ltr'>ϐαθύ</span> <span class='ocrx_word' id='word_1_523' title='bbox 989 3952 1001 3966; x_wconf 86' lang='grc'><strong><em>⁸</em></strong></span> <span class='ocrx_word' id='word_1_524' title='bbox 1065 3933 1208 4001; x_wconf 72' lang='grc' dir='ltr'>ἄξιον</span> <span class='ocrx_word' id='word_1_525' title='bbox 1266 3937 1406 4011; x_wconf 79' lang='grc' dir='ltr'>ἡμᾶς</span> <span class='ocrx_word' id='word_1_526' title='bbox 1453 3935 1604 4009; x_wconf 72' lang='grc' dir='ltr'>ἱδετν,</span> <span class='ocrx_word' id='word_1_527' title='bbox 1651 3940 1852 4013; x_wconf 71' lang='grc' dir='ltr'>μήποτε</span> 
     </span>
    </p>
   </div>
   <div class='ocr_carea' id='block_1_77' title="bbox 1940 3933 3585 4022">
    <p class='ocr_par' dir='ltr' id='par_1_77' title="bbox 1942 3936 3585 4014">
     <span class='ocr_line' id='line_1_77' title="bbox 1942 3936 3585 4014; baseline 0.004 -16"><span class='ocrx_word' id='word_1_528' title='bbox 1942 3945 2069 3998; x_wconf 83' lang='lat' dir='ltr'><strong>teus</strong></span> <span class='ocrx_word' id='word_1_529' title='bbox 2092 3936 2249 3999; x_wconf 88' lang='lat' dir='ltr'><strong>allus</strong></span> <span class='ocrx_word' id='word_1_530' title='bbox 2279 3947 2395 4012; x_wconf 85' lang='lat' dir='ltr'><strong>est;</strong></span> <span class='ocrx_word' id='word_1_531' title='bbox 2418 3937 2659 4014; x_wconf 83' lang='lat' dir='ltr'><strong>dignum</strong></span> <span class='ocrx_word' id='word_1_532' title='bbox 2687 3944 2798 4009; x_wconf 88' lang='lat' dir='ltr'><strong>est,</strong></span> <span class='ocrx_word' id='word_1_533' title='bbox 2822 3944 3237 4013; x_wconf 86' lang='lat' dir='ltr'><strong>utcernamus,</strong></span> <span class='ocrx_word' id='word_1_534' title='bbox 3267 3959 3408 4002; x_wconf 85' lang='lat' dir='ltr'><strong>num</strong></span> <span class='ocrx_word' id='word_1_535' title='bbox 3435 3943 3585 4004; x_wconf 86' lang='lat' dir='ltr'><strong>forte</strong></span> 
     </span>
    </p>
   </div>
   <div class='ocr_carea' id='block_1_78' title="bbox 185 4024 1852 4110">
    <p class='ocr_par' dir='ltr' id='par_1_78' title="bbox 185 4024 1852 4110">
     <span class='ocr_line' id='line_1_78' title="bbox 185 4024 1852 4110; baseline -0.011 -20"><span class='ocrx_word' id='word_1_536' title='bbox 185 4032 497 4110; x_wconf 75' lang='grc' dir='ltr'>βλέποντες</span> <span class='ocrx_word' id='word_1_537' title='bbox 531 4053 581 4086; x_wconf 91' lang='grc' dir='ltr'>τι</span> <span class='ocrx_word' id='word_1_538' title='bbox 636 4027 896 4106; x_wconf 87' lang='grc' dir='ltr'>θειότερον</span> <span class='ocrx_word' id='word_1_539' title='bbox 940 4029 987 4082; x_wconf 82' lang='grc' dir='ltr'><strong>οἱ</strong></span> <span class='ocrx_word' id='word_1_540' title='bbox 1042 4025 1296 4103; x_wconf 76' lang='grc' dir='ltr'>μαθηταὶ,</span> <span class='ocrx_word' id='word_1_541' title='bbox 1341 4026 1464 4104; x_wconf 69' lang='grc' dir='ltr'>φασὶ</span> <span class='ocrx_word' id='word_1_542' title='bbox 1511 4027 1639 4105; x_wconf 78' lang='grc' dir='ltr'>πρὸς</span> <span class='ocrx_word' id='word_1_543' title='bbox 1682 4024 1852 4096; x_wconf 78' lang='grc' dir='ltr'>ἀλλή-</span> 
     </span>
    </p>
   </div>
   <div class='ocr_carea' id='block_1_79' title="bbox 1940 4024 3581 4110">
    <p class='ocr_par' dir='ltr' id='par_1_79' title="bbox 1941 4024 3581 4110">
     <span class='ocr_line' id='line_1_79' title="bbox 1941 4024 3581 4110; baseline 0.004 -23"><span class='ocrx_word' id='word_1_544' title='bbox 1941 4025 2168 4110; x_wconf 87' lang='lat' dir='ltr'><strong>aliquid</strong></span> <span class='ocrx_word' id='word_1_545' title='bbox 2202 4025 2458 4087; x_wconf 88' lang='lat' dir='ltr'><strong>divinius</strong></span> <span class='ocrx_word' id='word_1_546' title='bbox 2484 4025 2749 4086; x_wconf 85' lang='lat' dir='ltr'><strong>videntes</strong></span> <span class='ocrx_word' id='word_1_547' title='bbox 2774 4024 3267 4104; x_wconf 88' lang='lat' dir='ltr'><strong>discipulidicant</strong></span> <span class='ocrx_word' id='word_1_548' title='bbox 3297 4028 3455 4094; x_wconf 89' lang='lat' dir='ltr'><strong>inter</strong></span> <span class='ocrx_word' id='word_1_549' title='bbox 3476 4049 3539 4093; x_wconf 91' lang='lat' dir='ltr'><strong>se</strong></span> <span class='ocrx_word' id='word_1_550' title='bbox 3568 4052 3581 4093; x_wconf 89' lang='lat'><strong>:</strong></span> 
     </span>
    </p>
   </div>
   <div class='ocr_carea' id='block_1_80' title="bbox 183 4108 1852 4196">
    <p class='ocr_par' dir='ltr' id='par_1_80' title="bbox 183 4108 1331 4196">
     <span class='ocr_line' id='line_1_80' title="bbox 183 4108 1331 4196; baseline -0.01 -15"><span class='ocrx_word' id='word_1_551' title='bbox 183 4108 340 4186; x_wconf 85' lang='grc' dir='ltr'>λους</span> <span class='ocrx_word' id='word_1_552' title='bbox 374 4138 388 4153; x_wconf 83' lang='grc'><strong>⁸</strong></span> <span class='ocrx_word' id='word_1_553' title='bbox 424 4121 511 4191; x_wconf 80' lang='grc' dir='ltr'><strong>Μή</strong></span> <span class='ocrx_word' id='word_1_554' title='bbox 544 4141 624 4184; x_wconf 88' lang='grc' dir='ltr'>τις</span> <span class='ocrx_word' id='word_1_555' title='bbox 654 4116 877 4196; x_wconf 69' lang='grc' dir='ltr'>ἤνεγκεν</span> <span class='ocrx_word' id='word_1_556' title='bbox 919 4116 1061 4187; x_wconf 75' lang='grc' dir='ltr'><strong>αὖτῷ</strong></span> <span class='ocrx_word' id='word_1_557' title='bbox 1090 4125 1281 4192; x_wconf 74' lang='grc' dir='ltr'>φαγεῖν</span> <span class='ocrx_word' id='word_1_558' title='bbox 1314 4132 1331 4189; x_wconf 82' lang='grc'><strong>;</strong></span> 
     </span>
    </p>
   </div>
   <div class='ocr_carea' id='block_1_81' title="bbox 1940 4108 3195 4196">
    <p class='ocr_par' dir='ltr' id='par_1_81' title="bbox 1940 4108 3195 4195">
     <span class='ocr_line' id='line_1_81' title="bbox 1940 4108 3195 4195; baseline -0.001 -19"><span class='ocrx_word' id='word_1_559' title='bbox 1940 4114 2102 4176; x_wconf 87' lang='lat' dir='ltr'><strong>Num</strong></span> <span class='ocrx_word' id='word_1_560' title='bbox 2132 4108 2273 4195; x_wconf 82' lang='lat' dir='ltr'><strong>quis</strong></span> <span class='ocrx_word' id='word_1_561' title='bbox 2306 4114 2512 4177; x_wconf 82' lang='lat' dir='ltr'><strong>attulit</strong></span> <span class='ocrx_word' id='word_1_562' title='bbox 2542 4112 2658 4194; x_wconf 79' lang='lat' dir='ltr'><strong>illi,</strong></span> <span class='ocrx_word' id='word_1_563' title='bbox 2688 4112 2849 4193; x_wconf 82' lang='lat' dir='ltr'><strong>quod</strong></span> <span class='ocrx_word' id='word_1_564' title='bbox 2875 4112 3052 4175; x_wconf 81' lang='lat' dir='ltr'><strong>edat?</strong></span> <span class='ocrx_word' id='word_1_565' title='bbox 3080 4124 3195 4177; x_wconf 88' lang='lat' dir='ltr'><strong>etc.</strong></span> 
     </span>
    </p>
   </div>
   <div class='ocr_carea' id='block_1_82' title="bbox 1742 4218 2076 4299">
    <p class='ocr_par' dir='ltr' id='par_1_82' title="bbox 1742 4218 2076 4299">
     <span class='ocr_line' id='line_1_82' title="bbox 1742 4218 2076 4299; baseline -0.003 -17"><span class='ocrx_word' id='word_1_566' title='bbox 1742 4221 1904 4299; x_wconf 85' lang='lat' dir='ltr'><strong>Pag.</strong></span> <span class='ocrx_word' id='word_1_567' title='bbox 1936 4218 2076 4283; x_wconf 77' lang='lat'><strong>230.</strong></span> 
     </span>
    </p>
   </div>
   <div class='ocr_carea' id='block_1_83' title="bbox 281 4324 1852 4413">
    <p class='ocr_par' dir='ltr' id='par_1_83' title="bbox 281 4324 1852 4413">
     <span class='ocr_line' id='line_1_83' title="bbox 281 4324 1852 4413; baseline -0.007 -19"><span class='ocrx_word' id='word_1_568' title='bbox 281 4328 353 4394; x_wconf 68' lang='grc' dir='ltr'><strong>1ιΟ</strong></span> <span class='ocrx_word' id='word_1_569' title='bbox 414 4324 716 4413; x_wconf 75' lang='grc' dir='ltr'>Ἡρακλέων</span> <span class='ocrx_word' id='word_1_570' title='bbox 772 4330 852 4387; x_wconf 79' lang='grc' dir='ltr'>διὰ</span> <span class='ocrx_word' id='word_1_571' title='bbox 911 4332 1002 4388; x_wconf 78' lang='grc' dir='ltr'>τοῦ</span> <span class='ocrx_word' id='word_1_572' title='bbox 1039 4350 1051 4365; x_wconf 76' lang='grc'><strong><em>⁸</em></strong></span> <span class='ocrx_word' id='word_1_573' title='bbox 1111 4331 1274 4409; x_wconf 77' lang='grc' dir='ltr'>Ἐμὸν</span> <span class='ocrx_word' id='word_1_574' title='bbox 1320 4333 1507 4410; x_wconf 83' lang='grc' dir='ltr'>βρῶμα</span> <span class='ocrx_word' id='word_1_575' title='bbox 1551 4328 1713 4402; x_wconf 77' lang='grc' dir='ltr'>ἐστιν,</span> <span class='ocrx_word' id='word_1_576' title='bbox 1763 4326 1852 4383; x_wconf 77' lang='grc' dir='ltr'><strong>ἵνα</strong></span> 
     </span>
    </p>
   </div>
   <div class='ocr_carea' id='block_1_84' title="bbox 1940 4324 3587 4413">
    <p class='ocr_par' dir='ltr' id='par_1_84' title="bbox 2021 4324 3587 4411">
     <span class='ocr_line' id='line_1_84' title="bbox 2021 4324 3587 4411; baseline 0.008 -24"><span class='ocrx_word' id='word_1_577' title='bbox 2021 4324 2349 4387; x_wconf 87' lang='lat' dir='ltr'><strong>Heracleon</strong></span> <span class='ocrx_word' id='word_1_578' title='bbox 2385 4344 2491 4406; x_wconf 89' lang='lat' dir='ltr'><strong>per</strong></span> <span class='ocrx_word' id='word_1_579' title='bbox 2513 4328 2828 4395; x_wconf 65' lang='lat' dir='ltr'><strong>haecverba</strong></span> <span class='ocrx_word' id='word_1_580' title='bbox 2863 4357 2877 4397; x_wconf 87' lang='lat'><strong>:</strong></span> <span class='ocrx_word' id='word_1_581' title='bbox 2910 4339 3078 4401; x_wconf 80' lang='lat' dir='ltr'><strong>Meus</strong></span> <span class='ocrx_word' id='word_1_582' title='bbox 3097 4337 3263 4399; x_wconf 84' lang='lat' dir='ltr'><strong>cibus</strong></span> <span class='ocrx_word' id='word_1_583' title='bbox 3284 4344 3468 4411; x_wconf 86' lang='lat' dir='ltr'><strong>est,ul</strong></span> <span class='ocrx_word' id='word_1_584' title='bbox 3486 4337 3587 4407; x_wconf 83' lang='lat' dir='ltr'><strong>fa-</strong></span> 
     </span>
    </p>
   </div>
   <div class='ocr_carea' id='block_1_85' title="bbox 182 4414 1852 4511">
    <p class='ocr_par' dir='ltr' id='par_1_85' title="bbox 182 4415 1852 4498">
     <span class='ocr_line' id='line_1_85' title="bbox 182 4415 1852 4498; baseline -0.007 -15"><span class='ocrx_word' id='word_1_585' title='bbox 182 4425 429 4494; x_wconf 83' lang='grc' dir='ltr'>ποιήσω</span> <span class='ocrx_word' id='word_1_586' title='bbox 468 4422 530 4478; x_wconf 78' lang='grc' dir='ltr'><strong>τὰ</strong></span> <span class='ocrx_word' id='word_1_587' title='bbox 586 4420 794 4497; x_wconf 81' lang='grc' dir='ltr'>θέλημα</span> <span class='ocrx_word' id='word_1_588' title='bbox 836 4428 926 4478; x_wconf 83' lang='grc' dir='ltr'>τοῦ</span> <span class='ocrx_word' id='word_1_589' title='bbox 980 4421 1287 4496; x_wconf 80' lang='grc' dir='ltr'>πέμψαντός</span> <span class='ocrx_word' id='word_1_590' title='bbox 1333 4441 1421 4494; x_wconf 80' lang='grc' dir='ltr'><strong>με,</strong></span> <span class='ocrx_word' id='word_1_591' title='bbox 1460 4418 1589 4498; x_wconf 78' lang='grc' dir='ltr'><strong>φησί</strong></span> <span class='ocrx_word' id='word_1_592' title='bbox 1618 4415 1852 4495; x_wconf 75' lang='grc' dir='ltr'>διηγεῖσ-</span> 
     </span>
    </p>
   </div>
   <div class='ocr_carea' id='block_1_86' title="bbox 1940 4414 3595 4511">
    <p class='ocr_par' dir='ltr' id='par_1_86' title="bbox 1948 4414 3595 4511">
     <span class='ocr_line' id='line_1_86' title="bbox 1948 4414 3595 4511; baseline 0.009 -36"><span class='ocrx_word' id='word_1_593' title='bbox 1948 4415 2110 4476; x_wconf 89' lang='lat' dir='ltr'><strong>ciam</strong></span> <span class='ocrx_word' id='word_1_594' title='bbox 2139 4414 2511 4511; x_wconf 73' lang='lat' dir='ltr'><strong>voluntatem</strong></span> <span class='ocrx_word' id='word_1_595' title='bbox 2540 4420 2690 4511; x_wconf 76' lang='lat' dir='ltr'><strong>eius,</strong></span> <span class='ocrx_word' id='word_1_596' title='bbox 2724 4438 2830 4501; x_wconf 72' lang='lat' dir='ltr'><strong>qui</strong></span> <span class='ocrx_word' id='word_1_597' title='bbox 2859 4426 3032 4487; x_wconf 84' lang='lat' dir='ltr'><strong>misit</strong></span> <span class='ocrx_word' id='word_1_598' title='bbox 3059 4444 3153 4488; x_wconf 90' lang='lat' dir='ltr'><strong>me</strong></span> <span class='ocrx_word' id='word_1_599' title='bbox 3177 4425 3250 4501; x_wconf 80' lang='lat'><strong>37,</strong></span> <span class='ocrx_word' id='word_1_600' title='bbox 3284 4424 3429 4487; x_wconf 84' lang='lat' dir='ltr'><strong>dicit</strong></span> <span class='ocrx_word' id='word_1_601' title='bbox 3449 4426 3595 4490; x_wconf 83' lang='lat' dir='ltr'><strong>Ser-</strong></span> 
     </span>
    </p>
   </div>
   <div class='ocr_carea' id='block_1_87' title="bbox 172 4502 1852 4595">
    <p class='ocr_par' dir='ltr' id='par_1_87' title="bbox 172 4504 1852 4590">
     <span class='ocr_line' id='line_1_87' title="bbox 172 4504 1852 4590; baseline -0.008 -17"><span class='ocrx_word' id='word_1_602' title='bbox 172 4520 280 4575; x_wconf 81' lang='grc' dir='ltr'><strong>θαι</strong></span> <span class='ocrx_word' id='word_1_603' title='bbox 354 4514 445 4569; x_wconf 82' lang='grc' dir='ltr'><strong>τὸν</strong></span> <span class='ocrx_word' id='word_1_604' title='bbox 502 4512 730 4590; x_wconf 82' lang='grc' dir='ltr'>Σωτῆρα</span> <span class='ocrx_word' id='word_1_605' title='bbox 784 4523 901 4573; x_wconf 79' lang='grc' dir='ltr'>τοϊς</span> <span class='ocrx_word' id='word_1_606' title='bbox 975 4515 1265 4590; x_wconf 73' lang='grc' dir='ltr'>μαθηταῖς,</span> <span class='ocrx_word' id='word_1_607' title='bbox 1321 4509 1403 4564; x_wconf 74' lang='grc' dir='ltr'><strong>ὃτι</strong></span> <span class='ocrx_word' id='word_1_608' title='bbox 1473 4514 1627 4564; x_wconf 81' lang='grc' dir='ltr'>τοῦτο</span> <span class='ocrx_word' id='word_1_609' title='bbox 1681 4505 1770 4584; x_wconf 82' lang='grc' dir='ltr'><strong>ῆν,</strong></span> <span class='ocrx_word' id='word_1_610' title='bbox 1831 4504 1852 4559; x_wconf 79' lang='grc' dir='ltr'><em>ὃ</em></span> 
     </span>
    </p>
   </div>
   <div class='ocr_carea' id='block_1_88' title="bbox 1940 4502 3591 4595">
    <p class='ocr_par' dir='ltr' id='par_1_88' title="bbox 1942 4502 3591 4595">
     <span class='ocr_line' id='line_1_88' title="bbox 1942 4502 3591 4595; baseline 0.008 -31"><span class='ocrx_word' id='word_1_611' title='bbox 1942 4511 2205 4595; x_wconf 73' lang='lat' dir='ltr'><strong>calorem</strong></span> <span class='ocrx_word' id='word_1_612' title='bbox 2237 4502 2557 4595; x_wconf 82' lang='lat' dir='ltr'><strong>declarare</strong></span> <span class='ocrx_word' id='word_1_613' title='bbox 2575 4507 2911 4590; x_wconf 82' lang='lat' dir='ltr'><strong>discipulis,</strong></span> <span class='ocrx_word' id='word_1_614' title='bbox 2956 4515 3022 4574; x_wconf 86' lang='lat' dir='ltr'><strong>id</strong></span> <span class='ocrx_word' id='word_1_615' title='bbox 3051 4517 3364 4595; x_wconf 80' lang='lat' dir='ltr'><strong>proprium</strong></span> <span class='ocrx_word' id='word_1_616' title='bbox 3414 4534 3591 4578; x_wconf 88' lang='lat' dir='ltr'><strong>suum</strong></span> 
     </span>
    </p>
   </div>
   <div class='ocr_carea' id='block_1_89' title="bbox 176 4590 1852 4676">
    <p class='ocr_par' dir='ltr' id='par_1_89' title="bbox 176 4591 1852 4676">
     <span class='ocr_line' id='line_1_89' title="bbox 176 4591 1852 4676; baseline -0.007 -15"><span class='ocrx_word' id='word_1_617' title='bbox 176 4603 483 4673; x_wconf 75' lang='grc' dir='ltr'>συνεζήτει</span> <span class='ocrx_word' id='word_1_618' title='bbox 554 4601 688 4675; x_wconf 81' lang='grc' dir='ltr'>μετὰ</span> <span class='ocrx_word' id='word_1_619' title='bbox 765 4604 865 4666; x_wconf 90' lang='grc' dir='ltr'>τῆς</span> <span class='ocrx_word' id='word_1_620' title='bbox 942 4602 1211 4676; x_wconf 76' lang='grc' dir='ltr'>γυναικὸς,</span> <span class='ocrx_word' id='word_1_621' title='bbox 1287 4599 1473 4676; x_wconf 79' lang='grc' dir='ltr'>βρῶμα</span> <span class='ocrx_word' id='word_1_622' title='bbox 1531 4592 1691 4673; x_wconf 72' lang='grc' dir='ltr'>ἴδιον,</span> <span class='ocrx_word' id='word_1_623' title='bbox 1765 4591 1852 4649; x_wconf 80' lang='grc' dir='ltr'>λέ-</span> 
     </span>
    </p>
   </div>
   <div class='ocr_carea' id='block_1_90' title="bbox 1940 4590 3587 4676">
    <p class='ocr_par' dir='ltr' id='par_1_90' title="bbox 1942 4590 3587 4676">
     <span class='ocr_line' id='line_1_90' title="bbox 1942 4590 3587 4676; baseline 0.008 -22"><span class='ocrx_word' id='word_1_624' title='bbox 1942 4590 2139 4654; x_wconf 87' lang='lat' dir='ltr'><strong>cibum</strong></span> <span class='ocrx_word' id='word_1_625' title='bbox 2167 4608 2312 4669; x_wconf 88' lang='lat' dir='ltr'><strong>esse,</strong></span> <span class='ocrx_word' id='word_1_626' title='bbox 2344 4594 2501 4672; x_wconf 85' lang='lat' dir='ltr'><strong>quod</strong></span> <span class='ocrx_word' id='word_1_627' title='bbox 2531 4594 2879 4676; x_wconf 85' lang='lat' dir='ltr'><strong>loqueretur</strong></span> <span class='ocrx_word' id='word_1_628' title='bbox 2904 4620 3039 4663; x_wconf 85' lang='lat' dir='ltr'><strong>cum</strong></span> <span class='ocrx_word' id='word_1_629' title='bbox 3052 4590 3352 4676; x_wconf 79' lang='lat' dir='ltr'><strong>muliere;</strong></span> <span class='ocrx_word' id='word_1_630' title='bbox 3383 4604 3587 4667; x_wconf 86' lang='lat' dir='ltr'><strong>dicens</strong></span> 
     </span>
    </p>
   </div>
   <div class='ocr_carea' id='block_1_91' title="bbox 178 4679 1852 4777">
    <p class='ocr_par' dir='ltr' id='par_1_91' title="bbox 178 4684 1852 4777">
     <span class='ocr_line' id='line_1_91' title="bbox 178 4684 1852 4777; baseline -0.008 -26"><span class='ocrx_word' id='word_1_631' title='bbox 178 4716 320 4777; x_wconf 77' lang='grc' dir='ltr'>γων</span> <span class='ocrx_word' id='word_1_632' title='bbox 370 4691 431 4746; x_wconf 81' lang='grc' dir='ltr'><strong>τὸ</strong></span> <span class='ocrx_word' id='word_1_633' title='bbox 472 4687 681 4764; x_wconf 85' lang='grc' dir='ltr'>θέλημα</span> <span class='ocrx_word' id='word_1_634' title='bbox 727 4687 815 4744; x_wconf 75' lang='grc' dir='ltr'>τοῦ</span> <span class='ocrx_word' id='word_1_635' title='bbox 868 4690 1070 4766; x_wconf 69' lang='grc' dir='ltr'>Πατρος</span> <span class='ocrx_word' id='word_1_636' title='bbox 1103 4705 1116 4718; x_wconf 89' lang='grc'><strong>·</strong></span> <span class='ocrx_word' id='word_1_637' title='bbox 1178 4698 1332 4746; x_wconf 80' lang='grc' dir='ltr'>τσῦτο</span> <span class='ocrx_word' id='word_1_638' title='bbox 1382 4685 1480 4763; x_wconf 83' lang='grc' dir='ltr'><strong>γὰρ</strong></span> <span class='ocrx_word' id='word_1_639' title='bbox 1523 4684 1681 4740; x_wconf 76' lang='grc' dir='ltr'>αὐτοῦ</span> <span class='ocrx_word' id='word_1_640' title='bbox 1730 4704 1852 4761; x_wconf 92' lang='grc' dir='ltr'>τρο-</span> 
     </span>
    </p>
   </div>
   <div class='ocr_carea' id='block_1_92' title="bbox 1940 4679 3595 4777">
    <p class='ocr_par' dir='ltr' id='par_1_92' title="bbox 1945 4679 3595 4777">
     <span class='ocr_line' id='line_1_92' title="bbox 1945 4679 3595 4777; baseline 0.008 -36"><span class='ocrx_word' id='word_1_641' title='bbox 1945 4679 2173 4777; x_wconf 79' lang='lat' dir='ltr'><strong>Patris</strong></span> <span class='ocrx_word' id='word_1_642' title='bbox 2186 4679 2577 4777; x_wconf 70' lang='lat' dir='ltr'><strong>voluntatem,</strong></span> <span class='ocrx_word' id='word_1_643' title='bbox 2611 4702 2746 4765; x_wconf 75' lang='lat' dir='ltr'><strong>qum</strong></span> <span class='ocrx_word' id='word_1_644' title='bbox 2779 4689 2966 4765; x_wconf 82' lang='lat' dir='ltr'><strong>ipsius</strong></span> <span class='ocrx_word' id='word_1_645' title='bbox 2995 4691 3160 4752; x_wconf 84' lang='lat' dir='ltr'><strong>cibus</strong></span> <span class='ocrx_word' id='word_1_646' title='bbox 3183 4698 3239 4755; x_wconf 89' lang='lat' dir='ltr'><strong>et</strong></span> <span class='ocrx_word' id='word_1_647' title='bbox 3261 4696 3513 4771; x_wconf 81' lang='lat' dir='ltr'><strong>requies,</strong></span> <span class='ocrx_word' id='word_1_648' title='bbox 3534 4703 3595 4755; x_wconf 87' lang='lat' dir='ltr'><strong>et</strong></span> 
     </span>
    </p>
   </div>
   <div class='ocr_carea' id='block_1_93' title="bbox 178 4767 1852 4864">
    <p class='ocr_par' dir='ltr' id='par_1_93' title="bbox 178 4767 1852 4864">
     <span class='ocr_line' id='line_1_93' title="bbox 178 4767 1852 4864; baseline -0.007 -28"><span class='ocrx_word' id='word_1_649' title='bbox 178 4767 304 4864; x_wconf 53' lang='grc' dir='ltr'>ιρὴ,</span> <span class='ocrx_word' id='word_1_650' title='bbox 412 4777 726 4850; x_wconf 74' lang='grc' dir='ltr'>ἀνάπαυσις,</span> <span class='ocrx_word' id='word_1_651' title='bbox 813 4777 900 4832; x_wconf 86' lang='grc' dir='ltr'><strong>καὶ</strong></span> <span class='ocrx_word' id='word_1_652' title='bbox 996 4774 1212 4851; x_wconf 76' lang='grc' dir='ltr'>δύναμις</span> <span class='ocrx_word' id='word_1_653' title='bbox 1297 4775 1384 4849; x_wconf 79' lang='grc' dir='ltr'><strong>ἦν,</strong></span> <span class='ocrx_word' id='word_1_654' title='bbox 1491 4769 1711 4845; x_wconf 81' lang='grc' dir='ltr'>Θέλημα</span> <span class='ocrx_word' id='word_1_655' title='bbox 1807 4767 1852 4825; x_wconf 81' lang='grc' dir='ltr'>δέ</span> 
     </span>
    </p>
   </div>
   <div class='ocr_carea' id='block_1_94' title="bbox 1940 4767 3593 4864">
    <p class='ocr_par' dir='ltr' id='par_1_94' title="bbox 1940 4767 3593 4864">
     <span class='ocr_line' id='line_1_94' title="bbox 1940 4767 3593 4864; baseline 0.009 -36"><span class='ocrx_word' id='word_1_656' title='bbox 1940 4775 2381 4864; x_wconf 12' lang='lat' dir='ltr'><strong>potentiarerat</strong></span> <span class='ocrx_word' id='word_1_657' title='bbox 2428 4770 2802 4864; x_wconf 60' lang='lat' dir='ltr'><strong>Vola-ntalem</strong></span> <span class='ocrx_word' id='word_1_658' title='bbox 2849 4786 3052 4841; x_wconf 77' lang='lat' dir='ltr'><strong>autem</strong></span> <span class='ocrx_word' id='word_1_659' title='bbox 3103 4782 3313 4842; x_wconf 83' lang='lat' dir='ltr'><strong>Patris</strong></span> <span class='ocrx_word' id='word_1_660' title='bbox 3333 4767 3465 4843; x_wconf 79' lang='lat' dir='ltr'><strong>csse</strong></span> <span class='ocrx_word' id='word_1_661' title='bbox 3495 4782 3593 4843; x_wconf 84' lang='lat' dir='ltr'><strong>di-</strong></span> 
     </span>
    </p>
   </div>
   <div class='ocr_carea' id='block_1_95' title="bbox 170 4857 1852 4948">
    <p class='ocr_par' dir='ltr' id='par_1_95' title="bbox 170 4857 1852 4946">
     <span class='ocr_line' id='line_1_95' title="bbox 170 4857 1852 4946; baseline -0.009 -18"><span class='ocrx_word' id='word_1_662' title='bbox 170 4857 417 4946; x_wconf 70' lang='grc' dir='ltr'>ἡατρὸς</span> <span class='ocrx_word' id='word_1_663' title='bbox 516 4864 700 4944; x_wconf 73' lang='grc' dir='ltr'>ἔλεγεν</span> <span class='ocrx_word' id='word_1_664' title='bbox 782 4864 924 4921; x_wconf 78' lang='grc' dir='ltr'>εἶναι</span> <span class='ocrx_word' id='word_1_665' title='bbox 996 4866 1057 4919; x_wconf 78' lang='grc' dir='ltr'><strong>τὸ</strong></span> <span class='ocrx_word' id='word_1_666' title='bbox 1147 4869 1341 4942; x_wconf 75' lang='grc' dir='ltr'>γνῶναι</span> <span class='ocrx_word' id='word_1_667' title='bbox 1412 4860 1713 4939; x_wconf 82' lang='grc' dir='ltr'>ἀνθρώπους</span> <span class='ocrx_word' id='word_1_668' title='bbox 1768 4860 1852 4914; x_wconf 83' lang='grc' dir='ltr'>τὸν</span> 
     </span>
    </p>
   </div>
   <div class='ocr_carea' id='block_1_96' title="bbox 1940 4857 3595 4948">
    <p class='ocr_par' dir='ltr' id='par_1_96' title="bbox 1943 4857 3595 4948">
     <span class='ocr_line' id='line_1_96' title="bbox 1943 4857 3595 4948; baseline 0.007 -28"><span class='ocrx_word' id='word_1_669' title='bbox 1943 4857 2131 4938; x_wconf 83' lang='lat' dir='ltr'><strong>cebat,</strong></span> <span class='ocrx_word' id='word_1_670' title='bbox 2164 4863 2229 4918; x_wconf 91' lang='lat' dir='ltr'><strong>ut</strong></span> <span class='ocrx_word' id='word_1_671' title='bbox 2276 4858 2549 4922; x_wconf 83' lang='lat' dir='ltr'><strong>homines</strong></span> <span class='ocrx_word' id='word_1_672' title='bbox 2597 4862 2839 4926; x_wconf 74' lang='lat' dir='ltr'><strong>Patrem</strong></span> <span class='ocrx_word' id='word_1_673' title='bbox 2886 4877 3335 4948; x_wconf 82' lang='lat' dir='ltr'><strong>cognoscerent,</strong></span> <span class='ocrx_word' id='word_1_674' title='bbox 3369 4878 3424 4931; x_wconf 84' lang='lat' dir='ltr'><strong>et</strong></span> <span class='ocrx_word' id='word_1_675' title='bbox 3464 4887 3595 4931; x_wconf 88' lang='lat' dir='ltr'><strong>ser-</strong></span> 
     </span>
    </p>
   </div>
   <div class='ocr_carea' id='block_1_97' title="bbox 174 4949 1852 5039">
    <p class='ocr_par' dir='ltr' id='par_1_97' title="bbox 174 4949 1852 5035">
     <span class='ocr_line' id='line_1_97' title="bbox 174 4949 1852 5035; baseline -0.01 -18"><span class='ocrx_word' id='word_1_676' title='bbox 174 4957 445 5035; x_wconf 83' lang='grc' dir='ltr'>Πατέρα,</span> <span class='ocrx_word' id='word_1_677' title='bbox 528 4956 616 5010; x_wconf 88' lang='grc' dir='ltr'>καὶ</span> <span class='ocrx_word' id='word_1_678' title='bbox 696 4955 950 5024; x_wconf 76' lang='grc' dir='ltr'>σωθῆναι,</span> <span class='ocrx_word' id='word_1_679' title='bbox 1024 4951 1150 5029; x_wconf 73' lang='grc' dir='ltr'>ὅπερ</span> <span class='ocrx_word' id='word_1_680' title='bbox 1202 4951 1266 5019; x_wconf 80' lang='grc' dir='ltr'><strong>ῆν</strong></span> <span class='ocrx_word' id='word_1_681' title='bbox 1323 4949 1472 5028; x_wconf 78' lang='grc' dir='ltr'>ἔργον</span> <span class='ocrx_word' id='word_1_682' title='bbox 1515 4954 1607 5005; x_wconf 82' lang='grc' dir='ltr'>τοῦ</span> <span class='ocrx_word' id='word_1_683' title='bbox 1663 4952 1852 5014; x_wconf 88' lang='grc' dir='ltr'>Σωτῆ-</span> 
     </span>
    </p>
   </div>
   <div class='ocr_carea' id='block_1_98' title="bbox 1940 4949 3595 5039">
    <p class='ocr_par' dir='ltr' id='par_1_98' title="bbox 1942 4953 3595 5039">
     <span class='ocr_line' id='line_1_98' title="bbox 1942 4953 3595 5039; baseline 0.008 -32"><span class='ocrx_word' id='word_1_684' title='bbox 1942 4953 2243 5039; x_wconf 63' lang='lat' dir='ltr'><strong>curentur</strong></span> <span class='ocrx_word' id='word_1_685' title='bbox 2268 4964 2290 5023; x_wconf 90' lang='lat'><em>;</em></span> <span class='ocrx_word' id='word_1_686' title='bbox 2361 4965 2629 5039; x_wconf 61' lang='lat' dir='ltr'><strong>quaeres</strong></span> <span class='ocrx_word' id='word_1_687' title='bbox 2704 4961 2832 5015; x_wconf 85' lang='lat' dir='ltr'><strong>erat</strong></span> <span class='ocrx_word' id='word_1_688' title='bbox 2872 4972 3019 5034; x_wconf 83' lang='lat' dir='ltr'><strong>opus</strong></span> <span class='ocrx_word' id='word_1_689' title='bbox 3064 4960 3431 5033; x_wconf 83' lang='lat' dir='ltr'><strong>Servatoris,</strong></span> <span class='ocrx_word' id='word_1_690' title='bbox 3486 4960 3595 5039; x_wconf 84' lang='lat' dir='ltr'><strong>qui</strong></span> 
     </span>
    </p>
   </div>
   <div class='ocr_carea' id='block_1_99' title="bbox 166 5035 1852 5131">
    <p class='ocr_par' dir='ltr' id='par_1_99' title="bbox 166 5037 1852 5131">
     <span class='ocr_line' id='line_1_99' title="bbox 166 5037 1852 5131; baseline -0.007 -30"><span class='ocrx_word' id='word_1_691' title='bbox 166 5070 312 5131; x_wconf 68' lang='grc' dir='ltr'>ρος,</span> <span class='ocrx_word' id='word_1_692' title='bbox 379 5053 474 5103; x_wconf 77' lang='grc' dir='ltr'><strong>τοῦ</strong></span> <span class='ocrx_word' id='word_1_693' title='bbox 557 5042 712 5098; x_wconf 78' lang='grc' dir='ltr'>ἕνεκα</span> <span class='ocrx_word' id='word_1_694' title='bbox 779 5042 966 5097; x_wconf 80' lang='grc' dir='ltr'>τούτου</span> <span class='ocrx_word' id='word_1_695' title='bbox 1048 5039 1445 5115; x_wconf 82' lang='grc' dir='ltr'>ἀπεσταλμένου</span> <span class='ocrx_word' id='word_1_696' title='bbox 1516 5038 1590 5099; x_wconf 87' lang='grc' dir='ltr'>εἷς</span> <span class='ocrx_word' id='word_1_697' title='bbox 1664 5037 1852 5112; x_wconf 77' lang='grc' dir='ltr'>Σαμά-</span> 
     </span>
    </p>
   </div>
   <div class='ocr_carea' id='block_1_100' title="bbox 1940 5035 3594 5131">
    <p class='ocr_par' dir='ltr' id='par_1_100' title="bbox 1943 5035 3594 5131">
     <span class='ocr_line' id='line_1_100' title="bbox 1943 5035 3594 5131; baseline 0.009 -37"><span class='ocrx_word' id='word_1_698' title='bbox 1943 5035 2127 5131; x_wconf 64' lang='lat' dir='ltr'><strong>hujus</strong></span> <span class='ocrx_word' id='word_1_699' title='bbox 2157 5037 2244 5131; x_wconf 72' lang='lat' dir='ltr'><strong>rei</strong></span> <span class='ocrx_word' id='word_1_700' title='bbox 2265 5053 2452 5098; x_wconf 85' lang='lat' dir='ltr'><strong>causa</strong></span> <span class='ocrx_word' id='word_1_701' title='bbox 2480 5037 2832 5102; x_wconf 82' lang='lat' dir='ltr'><strong>Samariam</strong></span> <span class='ocrx_word' id='word_1_702' title='bbox 2857 5046 3078 5107; x_wconf 82' lang='lat' dir='ltr'><strong>missus</strong></span> <span class='ocrx_word' id='word_1_703' title='bbox 3104 5046 3331 5128; x_wconf 82' lang='lat' dir='ltr'><strong>fuerat,</strong></span> <span class='ocrx_word' id='word_1_704' title='bbox 3350 5048 3458 5111; x_wconf 87' lang='lat' dir='ltr'><strong>hoc</strong></span> <span class='ocrx_word' id='word_1_705' title='bbox 3479 5035 3594 5119; x_wconf 76' lang='lat' dir='ltr'><strong>est,</strong></span> 
     </span>
    </p>
   </div>
   <div class='ocr_carea' id='block_1_101' title="bbox 165 5124 1852 5209">
    <p class='ocr_par' dir='ltr' id='par_1_101' title="bbox 165 5124 1205 5209">
     <span class='ocr_line' id='line_1_101' title="bbox 165 5124 1205 5209; baseline -0.009 -17"><span class='ocrx_word' id='word_1_706' title='bbox 165 5124 378 5209; x_wconf 56' lang='grc' dir='ltr'>ῥειάν,</span> <span class='ocrx_word' id='word_1_707' title='bbox 425 5129 693 5191; x_wconf 82' lang='grc' dir='ltr'>τουτέστιν</span> <span class='ocrx_word' id='word_1_708' title='bbox 723 5130 797 5193; x_wconf 83' lang='grc' dir='ltr'><strong>είς</strong></span> <span class='ocrx_word' id='word_1_709' title='bbox 829 5131 919 5209; x_wconf 81' lang='grc' dir='ltr'><strong>τὸν</strong></span> <span class='ocrx_word' id='word_1_710' title='bbox 961 5129 1205 5205; x_wconf 84' lang='grc' dir='ltr'>κόσμον.’</span> 
     </span>
    </p>
   </div>
   <div class='ocr_carea' id='block_1_102' title="bbox 1940 5124 2355 5209">
    <p class='ocr_par' dir='ltr' id='par_1_102' title="bbox 1942 5124 2355 5187">
     <span class='ocr_line' id='line_1_102' title="bbox 1942 5124 2355 5187; baseline 0.005 -2"><span class='ocrx_word' id='word_1_711' title='bbox 1942 5125 2006 5185; x_wconf 83' lang='lat' dir='ltr'><strong>in</strong></span> <span class='ocrx_word' id='word_1_712' title='bbox 2037 5124 2355 5187; x_wconf 80' lang='lat' dir='ltr'><strong>mundum.</strong></span> 
     </span>
    </p>
   </div>
   <div class='ocr_carea' id='block_1_103' title="bbox 164 5179 2221 5313">
    <p class='ocr_par' dir='ltr' id='par_1_103' title="bbox 164 5179 2221 5313">
     <span class='ocr_line' id='line_1_103' title="bbox 164 5179 2221 5313; baseline -0.004 -14"><span class='ocrx_word' id='word_1_713' title='bbox 164 5179 378 5220; x_wconf 57' lang='lat' dir='ltr'><strong>&#39;W&quot;</strong></span> <span class='ocrx_word' id='word_1_714' title='bbox 1581 5229 1858 5292; x_wconf 45' lang='lat' dir='ltr'><strong>unum</strong></span> <span class='ocrx_word' id='word_1_715' title='bbox 1881 5179 2221 5313; x_wconf 55' lang='grc' dir='ltr'><strong>ρέέέξὲέὲῖ</strong></span> 
     </span>
    </p>
   </div>
   <div class='ocr_carea' id='block_1_104' title="bbox 270 5333 1852 5424">
    <p class='ocr_par' dir='ltr' id='par_1_104' title="bbox 270 5333 1844 5423">
     <span class='ocr_line' id='line_1_104' title="bbox 270 5333 1844 5423; baseline -0.011 -16"><span class='ocrx_word' id='word_1_716' title='bbox 270 5346 392 5409; x_wconf 81' lang='grc' dir='ltr'>Καὶ</span> <span class='ocrx_word' id='word_1_717' title='bbox 435 5346 462 5401; x_wconf 83' lang='grc' dir='ltr'>ὁ</span> <span class='ocrx_word' id='word_1_718' title='bbox 495 5333 799 5423; x_wconf 64' lang='grc' dir='ltr'>’Πρακλέων</span> <span class='ocrx_word' id='word_1_719' title='bbox 827 5338 1021 5414; x_wconf 75' lang='grc' dir='ltr'>δμοίως</span> <span class='ocrx_word' id='word_1_720' title='bbox 1049 5353 1168 5404; x_wconf 77' lang='grc' dir='ltr'>τοῖς</span> <span class='ocrx_word' id='word_1_721' title='bbox 1227 5338 1452 5403; x_wconf 76' lang='grc' dir='ltr'>πολλοῖς</span> <span class='ocrx_word' id='word_1_722' title='bbox 1493 5337 1582 5394; x_wconf 75' lang='grc' dir='ltr'><strong>ἒπὶ</strong></span> <span class='ocrx_word' id='word_1_723' title='bbox 1631 5337 1730 5403; x_wconf 83' lang='grc' dir='ltr'><strong>τῆς</strong></span> <span class='ocrx_word' id='word_1_724' title='bbox 1757 5334 1844 5391; x_wconf 84' lang='grc' dir='ltr'>λέ-</span> 
     </span>
    </p>
   </div>
   <div class='ocr_carea' id='block_1_105' title="bbox 1940 5333 3598 5424">
    <p class='ocr_par' dir='ltr' id='par_1_105' title="bbox 2018 5335 3598 5424">
     <span class='ocr_line' id='line_1_105' title="bbox 2018 5335 3598 5424; baseline 0.008 -25"><span class='ocrx_word' id='word_1_725' title='bbox 2018 5335 2354 5399; x_wconf 84' lang='lat' dir='ltr'><strong>Heracleon</strong></span> <span class='ocrx_word' id='word_1_726' title='bbox 2386 5355 2504 5398; x_wconf 89' lang='lat' dir='ltr'><strong>non</strong></span> <span class='ocrx_word' id='word_1_727' title='bbox 2534 5357 2706 5403; x_wconf 90' lang='lat' dir='ltr'><strong>secus</strong></span> <span class='ocrx_word' id='word_1_728' title='bbox 2734 5349 2910 5424; x_wconf 80' lang='lat' dir='ltr'><strong>atque</strong></span> <span class='ocrx_word' id='word_1_729' title='bbox 2941 5344 3133 5420; x_wconf 90' lang='lat' dir='ltr'><strong>multi,</strong></span> <span class='ocrx_word' id='word_1_730' title='bbox 3170 5346 3598 5411; x_wconf 69' lang='lat' dir='ltr'><strong>litteraeinbze-</strong></span> 
     </span>
    </p>
   </div>
   <div class='ocr_carea' id='block_1_106' title="bbox 155 5426 1852 5517">
    <p class='ocr_par' dir='ltr' id='par_1_106' title="bbox 155 5426 1851 5517">
     <span class='ocr_line' id='line_1_106' title="bbox 155 5426 1851 5517; baseline -0.008 -23"><span class='ocrx_word' id='word_1_731' title='bbox 155 5444 335 5512; x_wconf 81' lang='grc' dir='ltr'>ξεως</span> <span class='ocrx_word' id='word_1_732' title='bbox 398 5434 595 5512; x_wconf 71' lang='grc' dir='ltr'>ἔμεινε,</span> <span class='ocrx_word' id='word_1_733' title='bbox 662 5428 741 5506; x_wconf 71' lang='grc' dir='ltr'>μὴ</span> <span class='ocrx_word' id='word_1_734' title='bbox 801 5429 1037 5503; x_wconf 71' lang='grc' dir='ltr'>οἰόμενος</span> <span class='ocrx_word' id='word_1_735' title='bbox 1121 5429 1287 5517; x_wconf 67' lang='grc' dir='ltr'>αὐτὴν</span> <span class='ocrx_word' id='word_1_736' title='bbox 1356 5428 1660 5517; x_wconf 61' lang='grc' dir='ltr'>ἀνάγεσθαι,</span> <span class='ocrx_word' id='word_1_737' title='bbox 1709 5426 1851 5517; x_wconf 82' lang='grc' dir='ltr'>Φησὶ</span> 
     </span>
    </p>
   </div>
   <div class='ocr_carea' id='block_1_107' title="bbox 1940 5426 3596 5517">
    <p class='ocr_par' dir='ltr' id='par_1_107' title="bbox 1940 5429 3596 5517">
     <span class='ocr_line' id='line_1_107' title="bbox 1940 5429 3596 5517; baseline 0.009 -31"><span class='ocrx_word' id='word_1_738' title='bbox 1940 5431 2048 5517; x_wconf 76' lang='lat' dir='ltr'><strong>ret,</strong></span> <span class='ocrx_word' id='word_1_739' title='bbox 2078 5432 2241 5517; x_wconf 81' lang='lat' dir='ltr'><strong>ratus</strong></span> <span class='ocrx_word' id='word_1_740' title='bbox 2286 5442 2417 5517; x_wconf 75' lang='lat' dir='ltr'><strong>eam</strong></span> <span class='ocrx_word' id='word_1_741' title='bbox 2447 5429 2834 5509; x_wconf 81' lang='lat' dir='ltr'><strong>anagogicum</strong></span> <span class='ocrx_word' id='word_1_742' title='bbox 2865 5451 3106 5496; x_wconf 87' lang='lat' dir='ltr'><strong>sensum</strong></span> <span class='ocrx_word' id='word_1_743' title='bbox 3140 5454 3259 5496; x_wconf 90' lang='lat' dir='ltr'><strong>non</strong></span> <span class='ocrx_word' id='word_1_744' title='bbox 3292 5436 3596 5517; x_wconf 89' lang='lat' dir='ltr'><strong>recipere.</strong></span> 
     </span>
    </p>
   </div>
   <div class='ocr_carea' id='block_1_108' title="bbox 153 5512 1852 5612">
    <p class='ocr_par' dir='ltr' id='par_1_108' title="bbox 153 5513 1848 5612">
     <span class='ocr_line' id='line_1_108' title="bbox 153 5513 1848 5612; baseline -0.007 -33"><span class='ocrx_word' id='word_1_745' title='bbox 153 5539 364 5612; x_wconf 74' lang='grc' dir='ltr'>γοῦν,</span> <span class='ocrx_word' id='word_1_746' title='bbox 420 5522 501 5579; x_wconf 80' lang='grc' dir='ltr'><strong>ὅτι</strong></span> <span class='ocrx_word' id='word_1_747' title='bbox 541 5522 632 5577; x_wconf 81' lang='grc' dir='ltr'><strong>τὸν</strong></span> <span class='ocrx_word' id='word_1_748' title='bbox 691 5522 797 5574; x_wconf 82' lang='grc' dir='ltr'><strong>τῶν</strong></span> <span class='ocrx_word' id='word_1_749' title='bbox 847 5517 1192 5594; x_wconf 81' lang='grc' dir='ltr'>γεννημάτων</span> <span class='ocrx_word' id='word_1_750' title='bbox 1248 5515 1391 5596; x_wconf 82' lang='grc' dir='ltr'>λέγει</span> <span class='ocrx_word' id='word_1_751' title='bbox 1460 5513 1731 5592; x_wconf 79' lang='grc' dir='ltr'>θερισμὸν,</span> <span class='ocrx_word' id='word_1_752' title='bbox 1775 5515 1848 5575; x_wconf 87' lang='grc' dir='ltr'><strong>ὡς</strong></span> 
     </span>
    </p>
   </div>
   <div class='ocr_carea' id='block_1_109' title="bbox 1940 5512 3595 5612">
    <p class='ocr_par' dir='ltr' id='par_1_109' title="bbox 1940 5512 3595 5607">
     <span class='ocr_line' id='line_1_109' title="bbox 1940 5512 3595 5607; baseline 0.01 -34"><span class='ocrx_word' id='word_1_753' title='bbox 1940 5512 2125 5593; x_wconf 90' lang='lat' dir='ltr'><strong>[nquit</strong></span> <span class='ocrx_word' id='word_1_754' title='bbox 2155 5515 2526 5593; x_wconf 82' lang='lat' dir='ltr'><strong>ergo,Jesum</strong></span> <span class='ocrx_word' id='word_1_755' title='bbox 2565 5516 2728 5596; x_wconf 84' lang='lat' dir='ltr'><strong>loqui</strong></span> <span class='ocrx_word' id='word_1_756' title='bbox 2745 5522 2818 5581; x_wconf 83' lang='lat' dir='ltr'><strong>de</strong></span> <span class='ocrx_word' id='word_1_757' title='bbox 2837 5537 3022 5585; x_wconf 87' lang='lat' dir='ltr'><strong>messe</strong></span> <span class='ocrx_word' id='word_1_758' title='bbox 3051 5512 3595 5607; x_wconf 53' lang='lat' dir='ltr'><strong>geniminumlter-</strong></span> 
     </span>
    </p>
   </div>
   <div class='ocr_carea' id='block_1_110' title="bbox 267 5668 1747 5760">
    <p class='ocr_par' dir='ltr' id='par_1_110' title="bbox 267 5668 1747 5760">
     <span class='ocr_line' id='line_1_110' title="bbox 267 5668 1747 5760; baseline -0.011 -12"><span class='ocrx_word' id='word_1_759' title='bbox 267 5684 344 5732; x_wconf 77' lang='lat'><strong>35</strong></span> <span class='ocrx_word' id='word_1_760' title='bbox 373 5684 541 5747; x_wconf 82' lang='lat' dir='ltr'><strong>loan.</strong></span> <span class='ocrx_word' id='word_1_761' title='bbox 576 5695 658 5760; x_wconf 81' lang='lat' dir='ltr'><strong>iv,</strong></span> <span class='ocrx_word' id='word_1_762' title='bbox 692 5673 791 5739; x_wconf 89' lang='lat'><strong>30.</strong></span> <span class='ocrx_word' id='word_1_763' title='bbox 877 5672 931 5717; x_wconf 76' lang='grc'><strong>³6</strong></span> <span class='ocrx_word' id='word_1_764' title='bbox 957 5671 1138 5749; x_wconf 91' lang='lat' dir='ltr'><strong>Ibid.,</strong></span> <span class='ocrx_word' id='word_1_765' title='bbox 1164 5671 1273 5744; x_wconf 89' lang='lat'><strong>33.</strong></span> <span class='ocrx_word' id='word_1_766' title='bbox 1352 5694 1405 5738; x_wconf 73' lang='grc' dir='ltr'>επ</span> <span class='ocrx_word' id='word_1_767' title='bbox 1432 5671 1611 5747; x_wconf 91' lang='lat' dir='ltr'><strong>Ibid.,</strong></span> <span class='ocrx_word' id='word_1_768' title='bbox 1649 5668 1747 5733; x_wconf 76' lang='lat'><strong>34.</strong></span> 
     </span>
    </p>
   </div>
  </div>
