4096 6438
480 403 632 466 1315

1379 407 1766 470 ΑΡΡΕΝΠΙΧ
1812 408 1912 469 AD
1954 407 2296 481 QUINQUE
2341 411 2634 474 IREN/EI
2677 413 2970 476 LIBROS.

3707 413 3879 475 1316

477 539 791 612 exsistens,
825 540 935 598 hoc
958 545 1067 618 est,
1101 557 1218 599 non
1248 540 1576 601 secundum
1610 548 1887 602 naturam
1920 557 1985 601 se
2013 530 2120 600 ha-

2203 539 2580 618 ἀμαρτήμασιν
2644 543 2731 610 ἦν,
2795 545 2935 600 Εἶτα
2992 546 3077 624 τὸ,
3140 545 3201 602 ἐκ
3268 550 3366 612 τῆς
3447 544 3706 611 ἰουδαίας
3791 549 3879 608 εἰς

477 630 646 705 hens,
673 631 732 691 in
767 630 1094 708 ignorantia
1127 639 1184 691 et
1213 631 1473 710 peccatis
1498 630 1938 694 fuerit.Deinde
1969 630 2124 711 quod

474 720 756 794 dicitur,a
799 718 1020 781 Juda’a
1063 720 1129 780 in
1177 719 1512 800 Galilaeam,
1569 721 1839 800 exposuit
1870 738 1975 800 pro
2028 738 2122 798 eo,

470 811 632 889 quo!
654 817 742 869 est
763 825 800 870 α
824 826 1087 888 superna
1111 808 1568 871 Judwa.Nescio
1596 818 1792 870 autem
1827 807 2124 889 quomodo

469 899 765 978 accipiens
789 916 856 958 ea
878 897 1090 959 verba:
1117 900 1271 959 Erat
1298 900 1460 960 enim
1493 901 1831 960 moriturus
1857 915 1874 973 ;
1917 894 2122 957 existi-

469 996 586 1048 mat
603 986 862 1048 subverti
885 1005 1089 1047 eorum
1114 986 1458 1066 opinionem
1481 986 1584 1066 qui
1608 987 1866 1048 animam
1884 985 2126 1046 immor-

465 1077 637 1137 talem
675 1083 923 1154 ponunt,
960 1075 1171 1136 eodem
1217 1075 1436 1154 conjici
1469 1074 1814 1136 existimans
1846 1081 1966 1134 tum
1991 1075 2123 1134 ani-

468 1185 646 1237 mam,
685 1173 805 1224 tum
839 1182 1078 1243 corpus,
1136 1172 1192 1224 et
1248 1163 1497 1224 interire
1551 1164 1608 1222 in
1640 1165 1938 1241 gehenna.
1993 1161 2120 1222 Non

466 1254 857 1314 immortalem
886 1271 1015 1313 esse
1047 1252 1341 1312 existimat
1365 1253 1692 1314 l-leracleon
1722 1250 2117 1324 animam,sed

463 1352 601 1419 apte
634 1349 1031 1422 comparatam
1064 1341 1135 1401 ad
1173 1341 1450 1421 salutem;
1500 1340 1688 1419 ipsam
1736 1357 1871 1402 esse
1913 1338 2119 1400 dicens

461 1430 850 1511 corruptibile
884 1429 1220 1510 illud,quod
1245 1430 1438 1490 induit
1461 1428 2110 1508 incorruptibilitatem,

461 1529 522 1582 et
553 1519 826 1590 mortale,
850 1518 1005 1599 quod
1027 1518 1218 1579 induit
1239 1518 1769 1591 immortalitatem,
1796 1536 1929 1578 cum
1958 1535 2116 1578 mors

458 1610 645 1690 ipsius
676 1608 888 1670 anima;
932 1607 1208 1686 absorpta
1256 1607 1434 1670 fuerit
1469 1607 1528 1668 in
1566 1607 1868 1668 victoriam
1895 1606 1977 1664 59.
2019 1606 2110 1668 Ad

460 1701 606 1772 tunc,
637 1697 782 1758 illud
816 1697 992 1758 etiam
1021 1717 1032 1730 ·
1060 1696 1200 1758 Nisi
1230 1700 1409 1776 signa
1441 1705 1493 1758 et
1511 1697 1787 1775 prodigia
1815 1696 2110 1769 videritis,

2209 631 2305 698 τὴν
2376 630 2686 704 Γαλιλαίαν,
2752 632 2864 688 ἀντὶ
2922 643 3016 692 τοῦ
3065 634 3124 690 ἐκ
3191 639 3289 701 τῆς
3345 635 3409 685 53
3471 635 3668 692 ἄνωθεν
3739 633 3882 691 Ἰου-

2209 716 2381 782 δαίας.
2443 725 2551 780 Οὐκ
2607 720 2730 778 οἶδα
2774 721 2849 796 δὲ,
2913 721 3058 786 ὅπως
3110 725 3184 786 εἰς
3241 725 3300 779 τὸ
3356 723 3589 800 ἤμελλεν
3636 725 3880 792 ἀποθνή-

2209 829 2374 880 σκειν,
2432 810 2657 876 κινηθεὶς
2701 809 2872 870 οἰέται
2932 811 3308 888 ἀνατρέπεσθαι
3368 814 3433 868 τὰ
3477 811 3719 891 δόγματα
3761 818 3878 868 τῶν

2205 898 2590 974 ὑποτιθεμένων
2644 900 2900 956 ἀθάνατον
2939 901 3084 956 εἶναι
3129 901 3229 967 τὴν
3273 906 3459 981 ψυχὴν
3503 904 3576 965 εἰς
3619 905 3682 958 τὸ
3741 901 3876 958 αὗτὸ

2207 983 2592 1059 συμϐάλλεσθαι
2664 985 3055 1064 ὑπολαμϐάνων
3111 991 3200 1045 καὶ
3255 990 3354 1057 τὴν
3430 991 3614 1069 ψυχὴν
3671 991 3762 1046 καὶ
3805 990 3874 1044 τὸ

2207 1081 2386 1154 σῶμα,
2446 1074 2770 1132 ἀπόλλυσθαι
2830 1076 2884 1131 ἐν
2936 1077 3142 1154 γεέννῃ,
3207 1079 3305 1136 Καὶ
3349 1077 3445 1134 οῦκ
3500 1075 3762 1134 ἀθάνατόν
3805 1097 3872 1156 γε

2205 1166 2344 1217 εἶναι
2374 1165 2591 1242 ἡγεῖται
2619 1165 2717 1231 τὴν
2749 1166 2935 1244 ψυχὴν
2967 1168 2994 1220 ὁ
3029 1157 3358 1247 Ἡρακλέων,
3393 1165 3515 1223 ἀλλ’
3549 1164 3869 1232 ἐπιτηδείως

2203 1249 2429 1329 ἔχουσαν
2485 1254 2614 1331 πρὸς
2658 1255 2947 1330 σωτηρίαν,
2997 1254 3156 1321 αὐτὴν
3199 1253 3373 1333 λέγων
3417 1256 3562 1312 εἶναι
3589 1257 3653 1310 τὸ
3683 1253 3870 1311 ἐνδυό-

2203 1361 2357 1414 μενον
2430 1339 2715 1420 ἀφθαρσίαν
2795 1344 3042 1421 φθαρτὸν,
3110 1345 3199 1398 καὶ
3279 1343 3562 1399 ἀθανασίαν
3641 1345 3862 1418 θνητὸν,

2197 1425 2323 1484 ὅταν
2364 1427 2429 1478 60
2483 1431 2752 1496 κατεπόθη
2803 1433 2831 1487 ὁ
2887 1431 3110 1495 θάνατος
3170 1435 3333 1498 αὐτῆς
3384 1433 3458 1495 εἰς
3526 1444 3678 1496 νῖκος
3725 1434 3865 1511 Πρὸς

2194 1517 2421 1592 τούτοις,
2477 1520 2562 1574 καὶ
2619 1520 2706 1592 τὰ,
2741 1518 2868 1575 Ἐὰν
2914 1519 2991 1594 μὴ
3037 1533 3242 1595 σημεῖα
3302 1522 3393 1577 καὶ
3440 1520 3634 1600 τέρατα
3678 1519 3858 1594 ἴδητε,

2194 1608 2254 1663 οῦ
2325 1607 2402 1682 μὴ
2445 1608 2785 1684 πιστεύσητε,
2832 1607 3070 1686 λέγεσθαι
3135 1632 3295 1688 φησιν
3357 1611 3563 1672 οἰκείως
3624 1611 3758 1688 πρὸς
3799 1610 3864 1664 τὸ

2193 1702 2430 1752 τοιοῦτον
2490 1697 2774 1774 πρόσωπον
2816 1695 2881 1753 δι’
2915 1697 3082 1775 ἔργων
3114 1699 3266 1777 φύσιν
3297 1697 3431 1779 ἕχον
3462 1701 3552 1755 καὶ
3580 1697 3649 1754 δι’
3681 1699 3864 1768 αἰσθή-

459 1805 581 1848 nun
633 1785 887 1848 credetis
907 1784 990 1859 61;
1034 1783 1148 1844 dici
1199 1784 1281 1846 ait
1318 1785 1555 1864 proprie
1589 1785 1660 1845 ad
1694 1784 1868 1845 talem
1903 1801 2114 1862 perso-

2200 1806 2333 1848 σεως
2404 1786 2692 1860 πείθεσθαι,
2762 1788 2851 1842 καὶ
2927 1787 3052 1865 οὐχὶ
3115 1785 3263 1864 λόγῳ
3321 1786 3610 1849 πιστεύειν,
3648 1789 3722 1845 Τὸ
3751 1784 3807 1841 δὲ
3841 1801 3858 1816 ⁸

461 1892 758 1954 nam,qu
809 1881 1014 1934 natura
1064 1873 1142 1932 ita
1169 1882 1510 1952 comparata
1565 1883 1676 1948 est,
1713 1881 1775 1933 ut
1805 1890 1912 1952 per
1938 1889 2118 1951 opera

460 1976 514 2026 et
549 1983 789 2025 sensum
837 1960 1186 2042 persuaderi
1237 1961 1347 2022 sibi
1405 1963 1685 2042 patiatur,
1725 1962 1873 2022 nolit
1923 1969 2114 2021 autem

459 2053 706 2116 credere
738 2051 974 2112 rationi.
1009 2049 1133 2111 Hoc
1167 2049 1344 2111 etiam
1376 2069 1388 2112 :
1425 2051 2117 2130 Descende,priusquam

455 2143 760 2203 moriatur
800 2139 966 2219 ﬁlius
999 2137 1258 2214 meust”;
1311 2139 1533 2200 dictum
1599 2139 1781 2199 fuisse
1830 2145 2012 2219 putat,
2046 2157 2115 2198 eo

456 2230 613 2310 quod
648 2247 804 2290 mors
836 2229 910 2289 sit
950 2227 1096 2305 legis
1153 2227 1288 2290 ﬂnis
1313 2237 1558 2310 propter
1589 2241 1832 2308 peccata
1884 2227 2113 2287 interii-

453 2319 683 2380 cientis.
717 2319 1049 2397 Antequam
1081 2315 1262 2395 igitur
1291 2318 1534 2378 omnino
1589 2316 1874 2377 moriatur
1931 2315 2114 2378 Filius

454 2417 695 2488 propter
748 2416 1007 2487 peccata,
1047 2414 1179 2484 eget
1236 2408 1416 2468 Pater
1481 2406 1609 2467 solo
1669 2407 2004 2480 Servatore,
2050 2413 2114 2464 ut

455 2516 628 2576 opem
663 2497 810 2557 Filio
839 2495 1004 2570 ferat,
1071 2496 1182 2556 hoc
1232 2505 1320 2556 est
1368 2495 1465 2556 tali
1528 2503 1772 2556 naturae.
1817 2497 2111 2556 Praeterea

452 2585 629 2646 verba
662 2586 799 2646 illa:
829 2585 1024 2647 Filius
1055 2594 1194 2646 tuus
1240 2586 1388 2647 vivit
1417 2583 1505 2660 63;
1565 2584 1990 2664 interpretatus
2022 2591 2110 2646 est

455 2677 610 2735 dit-ta
642 2674 823 2736 fuisse
855 2693 887 2734 a
913 2675 1220 2736 Servatore
1256 2683 1495 2754 propter
1554 2673 1925 2744 modestiam,
1953 2691 2106 2753 quo-

454 2765 611 2824 niam
646 2782 763 2824 non
796 2763 1012 2824 dixerit
1046 2784 1060 2823 :
1103 2763 1320 2835 Vivat;
1347 2782 1540 2843 neque
1583 2761 1914 2824 ostenderit
1940 2761 2104 2841 St‘ip-

453 2872 583 2912 sum
621 2852 968 2932 praestitisse
1024 2851 1113 2912 illi
1162 2852 1360 2915 vitam.
1393 2852 1522 2913 Dici
1551 2853 1750 2925 etiam,
1787 2852 1942 2931 quod
1967 2869 2098 2912 cum

2204 1871 2492 1953 Κατάϐηθι,
2538 1875 2656 1949 πρὶν
2713 1874 3000 1931 ἀποθανεῖν
3055 1877 3116 1930 τὸ
3172 1873 3378 1932 παιδίον
3457 1897 3584 1952 μου,
3645 1874 3732 1932 διὰ
3801 1877 3863 1931 τὸ

2199 1960 2349 2025 τέλος
2398 1963 2540 2018 εἶναι
2596 1970 2691 2020 τοῦ
2748 1962 2911 2038 νόμου
2967 1964 3058 2018 τὸν
3099 1964 3320 2020 θάνατον
3365 1964 3600 2043 εἰρῆσθαι
3631 1966 3854 2042 νομίζει,

2200 2051 2535 2130 ἀναιροῦντος
2605 2050 2690 2107 διὰ
2758 2059 2866 2108 τῶν
2931 2053 3227 2131 ἁμαρτιῶν.
3299 2055 3428 2131 Πρὶν
3499 2051 3698 2118 τελέως
3745 2057 3856 2127 οῦν,

2201 2144 2352 2222 φησὶ,
2409 2144 2772 2211 θανατωθῆναι
2803 2144 2940 2201 κατά
2968 2145 3062 2208 τὰς
3094 2145 3381 2224 ἁμαρτίας,
3411 2143 3586 2204 δεῖται
3617 2149 3646 2201 ὁ
3675 2143 3860 2219 Πατὴρ

2200 2241 2290 2290 τοῦ
2345 2233 2506 2302 μόνου
2561 2238 2838 2312 Σωτῆρος,
2885 2231 2975 2290 ἵνα
3017 2235 3262 2310 βοηθήσῃ
3308 2239 3386 2307 τῷ
3434 2236 3560 2310 ι’ὶῷ,
3617 2231 3860 2290 τουτέστι

2198 2325 2265 2398 τῇ
2324 2319 2500 2393 τοιᾷδε
2557 2323 2728 2402 φύσει,
2789 2325 2925 2402 Πρὸς
2967 2324 3171 2388 τούτοις
3216 2325 3297 2384 τὸ.
3379 2315 3437 2381 Ὀ
3480 2327 3590 2388 υἱὸς
3628 2344 3724 2378 σου
3767 2325 3860 2398 ζῆ,

2196 2412 2332 2467 κατά
2374 2413 2590 2490 ἀτυφίαν
2636 2411 2892 2488 εἰρῆσθαι,
2966 2419 3043 2485 τῷ
3126 2417 3338 2491 Σωτῆρι
3399 2410 3696 2492 ἐξείληφεν,
3749 2410 3862 2465 ἐπεὶ

2197 2499 2292 2556 οὒκ
2348 2501 2495 2576 εἶπε,
2526 2502 2701 2575 Ζῆτω,
2735 2499 2854 2557 ἀῦδὲ
2886 2500 3134 2580 ἐνέφηνεν
3164 2502 3316 2566 αὐτὸς
3351 2503 3731 2581 παρεσχῆσθαι
3760 2499 3860 2565 τὴν

2193 2591 2358 2659 ζωήν.
2418 2589 2572 2667 Λέγει
2603 2587 2656 2644 δὲ
2703 2587 2783 2645 ὅτι
2813 2587 3046 2654 καταϐὰς
3088 2590 3219 2668 πρὸς
3264 2591 3356 2645 τὸν
3410 2591 3710 2665 κάμνοντα,
3774 2605 3862 2657 καὶ

2191 2679 2473 2755 ἰασάμενος
2518 2681 2672 2735 αὐτὸν
2720 2679 2815 2746 τῆς
2874 2679 3048 2752 νόσου,
3099 2677 3335 2736 τουτέστι
3395 2686 3504 2735 τῶν
3551 2680 3855 2758 ἁμαρτιῶν,

2188 2770 2275 2825 καὶ
2318 2767 2402 2824 διὰ
2452 2767 2547 2835 τῆς
2611 2767 2847 2848 ἀφέσεως
2906 2769 3266 2843 ζωοποιήσας,
3321 2772 3475 2824 εἶπεν
3511 2787 3524 2800 ·
3601 2759 3660 2824 Ὀ
3747 2769 3859 2829 υἱὸς

2188 2879 2281 2916 σου
2341 2862 2428 2928 ζῆ.
2518 2858 2618 2914 Καὶ
2673 2855 2907 2934 ἒπιλέγει
2986 2859 3116 2936 πρὸς
3173 2859 3259 2931 τὸ,
3315 2857 3619 2916 ἐπίστευσεν
3678 2857 3708 2911 ό
3765 2853 3860 2910 ἄν-

452 2941 860 3002 descendisset
891 2941 960 3001 ad
995 2939 1323 3015 infirmum,
1381 2940 1810 3020 liberassetque
1859 2959 1992 3001 eum
2028 2939 2099 3000 ab

2194 2949 2412 3024 ipomoc,
2475 2945 2554 3001 ὅτι
2628 2943 2873 3010 εύπιστος
2944 2947 3030 3001 καὶ
3084 2948 3111 3001 ὁ
3155 2944 3477 3024 δημιουργός
3519 2946 3658 3021 ἐστι,
3689 2945 3780 3000 καὶ
3808 2942 3864 2986 δι

455 3030 820 3103 inﬁrmitate,
884 3031 996 3090 hoc
1052 3038 1159 3103 est,
1213 3049 1246 3090 a
1295 3031 1574 3108 peccatis,
1630 3049 1697 3090 ac
1753 3029 2102 3090 vivificasset

2194 3033 2260 3089 ὄτι
2291 3033 2501 3090 δύναται
2558 3037 2587 3090 ὁ
2630 3034 2820 3112 Σωτὴρ
2864 3036 2952 3090 καὶ
2997 3034 3074 3109 μὴ
3118 3035 3300 3113 παρὼν
3328 3035 3665 3114 θεραπεύειν.
3718 3034 3856 3089 Δού-

458 3127 697 3199 propter
748 3119 1186 3191 remissionem,
1223 3118 1440 3179 dixerit
1475 3137 1488 3180 :
1522 3119 1724 3180 Filius
1755 3125 1893 3180 tuus
1925 3119 2125 3182 vivitm

2194 3123 2306 3186 λους
2363 3121 2417 3178 δὲ
2459 3125 2552 3180 τοῦ
2607 3121 2884 3199 βασιλικοῦ
2933 3121 3171 3202 ἐξείληφε
3252 3123 3375 3186 τοὺς
3433 3122 3698 3202 ἀγγέλους
3769 3128 3860 3179 τοῦ

456 3207 634 3269 Addit
664 3207 982 3287 quoquead
1008 3210 1132 3269 haec
1154 3209 1338 3269 verba
1375 3207 1866 3271 :Credidithomo
1895 3227 1910 3283 ;
1943 3209 2101 3289 quod

457 3296 648 3356 facilis
677 3295 747 3355 ad
771 3296 1135 3357 credendum
1161 3297 1236 3357 sit
1266 3297 1440 3358 etiam
1463 3297 1670 3358 mundi
1692 3296 2104 3377 opifex,quod-

458 3405 576 3465 que
607 3383 793 3464 possit
824 3383 1095 3446 Servator
1147 3386 1320 3447 etiam
1379 3405 1500 3447 non
1559 3403 1822 3466 praesens
1867 3403 2097 3447 curare.

458 3475 676 3535 Servos
704 3480 899 3535 autem
922 3474 1110 3552 reguli
1143 3477 1564 3554 interpretatus
1585 3483 1675 3534 est
1711 3473 1950 3552 angelos
1979 3474 2104 3553 opi-

457 3563 585 3623 ticis
621 3563 848 3636 mundi,
883 3562 1293 3624 renuntiantes
1319 3563 1437 3624 illis
1469 3562 1701 3624 verbis:
1739 3563 1946 3624 Filius
1969 3569 2107 3624 tuus

452 3654 630 3726 vivit;
661 3652 818 3732 quod
873 3653 1184 3713 commode
1215 3661 1274 3713 et
1303 3651 1486 3730 probe
1516 3650 1783 3727 haberet,
1824 3669 1943 3712 non
1973 3670 2103 3711 am-

455 3741 612 3822 plius
637 3757 870 3817 agensa
900 3758 965 3800 se
995 3739 1212 3817 aliena;
1245 3749 1303 3802 et
1333 3742 1483 3801 hanc
1514 3739 1588 3801 ob
1620 3759 1852 3800 causam
1897 3739 2104 3800 existi-

455 3839 787 3891 matservos
814 3829 1160 3892 renuntiare
1191 3829 1420 3908 regulo,
1456 3848 1586 3910 quae
1616 3830 1687 3890 ad
1720 3830 1972 3890 salutem
1996 3828 2102 3889 ﬁlii

454 3918 855 3998 pertinebant;
899 3917 1178 3998 quoniam
1229 3920 1452 3998 primos
1509 3921 1805 3979 existimat
1861 3917 2103 3996 angelos

454 4007 652 4068 videre
677 4007 1416 4070 actiones7-74hominum.
1453 4007 1553 4086 qui
1585 4014 1725 4067 sunt
1755 4008 1814 4067 in
1850 4007 2094 4079 mundo,

455 4116 526 4158 an
561 4097 792 4157 fortiter
821 4105 880 4156 et
909 4096 1147 4157 sincere
1174 4097 1356 4158 vitam
1389 4096 1608 4174 degant
1628 4094 1703 4156 ab
1734 4113 1802 4156 eo
1832 4099 2100 4175 tempere

453 4206 572 4266 quo
605 4185 874 4248 Christus
905 4185 1258 4246 advenit.Ad
1275 4187 1540 4262 haec,per
1565 4185 1768 4244 horam
1789 4183 2100 4263 septimam

453 4276 592 4336 dicit
622 4273 923 4353 designari
955 4287 1228 4335 naturam
1258 4271 1784 4352 sanati.Denique:
1825 4272 2102 4334 Credidit

452 4371 579 4446 ipse
604 4372 662 4427 et
683 4366 894 4426 domus
941 4366 1070 4442 eius
1123 4371 1271 4437 tota,
1303 4363 1726 4442 interpretatus
1757 4368 1844 4421 est
1874 4360 1994 4421 dici
2026 4360 2100 4422 de

449 4455 716 4532 angelico
747 4453 978 4533 ordine,
1007 4453 1198 4533 deque
1231 4452 1569 4512 hominibus
1599 4451 1713 4530 ipsi
1736 4451 2100 4529 conjunctio-

451 4543 638 4604 ribus.
668 4542 766 4602 Ait
787 4543 987 4617 etiam,
1043 4541 1266 4622 inquiri
1317 4541 1394 4602 de
1437 4541 1790 4622 quibusdam
1845 4541 2094 4620 angelis,

451 4640 649 4693 utrum
681 4631 1100 4711 servabuntur,
1133 4649 1344 4708 necne;
1375 4648 1592 4710 nempe
1624 4629 1699 4691 de
1726 4630 1820 4691 his
1853 4632 1950 4710 qui
1985 4629 2092 4690 de-

449 4721 814 4782 scenderunt
834 4721 909 4782 ad
928 4719 1763 4792 ﬁliashominum.Quinetiam
1786 4718 2092 4780 hominum

445 4810 819 4872 fabricatoris
853 4811 1056 4872 mundi
1107 4809 1504 4889 perditionem
1533 4808 1830 4870 declarari
1882 4807 2094 4870 existi-

447 4910 567 4962 mat
598 4901 713 4962 hoc
743 4899 934 4962 dicto:
969 4898 1118 4961 Filii
1172 4900 1351 4980 regni
1408 4899 1666 4961 exibunt
1713 4901 1776 4960 in
1819 4898 2096 4960 tenebras

446 4991 785 5051 ewleriores
812 4988 897 5065 66;
928 4988 1259 5068 Isaiamque
1281 4987 1357 5049 de
1389 4987 1482 5048 his
1512 4987 1871 5067 prophetare
1902 4986 2046 5048 illud
2079 5004 2091 5048 :

2124 4410 2490 4504 Ι)θυγατέρας.
2530 4410 2652 4522 ’Καὲ
2703 4427 2809 4484 τῶν
2883 4426 3171 4504 ἀνθρώπων
3259 4410 3467 4486 335—106
3525 4410 3859 4507 δημιουργοῦ

2188 3211 2531 3292 δημιουργοῦ,
2580 3211 3017 3291 ἀπαγγέλλοντας
3077 3213 3132 3269 ἐν
3173 3218 3253 3286 τῷ
3284 3229 3298 3243 ’
3355 3203 3414 3270 Ὀ
3445 3226 3581 3276 παῖς
3615 3235 3713 3269 σου
3743 3218 3810 3288 ζῇ
3838 3227 3854 3240 ⁸

2188 3300 2267 3357 ὅτι
2306 3302 2511 3365 οἰκείως
2558 3303 2646 3358 καὶ
2699 3302 2836 3357 κατὰ
2889 3303 3082 3381 τρόπον
3143 3300 3285 3381 ἔχει,
3331 3302 3588 3380 πράσσων
3663 3303 3859 3377 μηκέτι

2188 3393 2254 3447 τὰ
2309 3391 2582 3448 ἀνοικεία⁶
2649 3393 2736 3448 καὶ
2779 3389 2863 3446 διὰ
2903 3397 3056 3448 τοῦτο
3114 3391 3310 3465 νομίζει
3368 3389 3734 3469 ἀπαγγέλλειν
3784 3395 3863 3462 τῷ

2189 3479 2450 3559 βασιλικῷ
2489 3482 2611 3543 τοὺς
2665 3478 2880 3544 δούλους
2935 3482 3001 3538 τὰ
3056 3482 3173 3555 περὶ
3228 3485 3327 3546 τῆς
3369 3487 3464 3536 τοῦ
3521 3482 3638 3537 υἱοῦ
3673 3502 3862 3545 σωτη-

2191 3573 2328 3651 ρὶας,
2390 3569 2504 3625 ἐπεὶ
2558 3571 2644 3626 καὶ
2702 3569 2943 3648 πρώτους
3001 3569 3172 3626 οἰέται
3215 3568 3432 3646 βλέπειν
3490 3570 3586 3634 τὰς
3645 3568 3860 3647 πράξεις

2189 3667 2293 3716 τῶν
2349 3659 2403 3715 ἐν
2445 3663 2522 3731 τῷ
2565 3659 2751 3734 κόσμῳ
2808 3659 3094 3738 ἀνθρώπων
3141 3659 3265 3722 τοὺς
3295 3656 3578 3738 ἀγγέλους,
3613 3660 3660 3714 εὶ
3691 3658 3858 3737 ὲρῥω-

2191 3750 2360 3824 μένως
2428 3751 2517 3804 καὶ
2588 3747 2879 3826 εἰλικρινῶς
2933 3746 3294 3804 πολιτεύοιντο
3349 3746 3415 3798 6⁵
3457 3749 3566 3803 ἀπὸ
3616 3753 3717 3815 τῆς
3765 3758 3857 3807 τοῦ

2188 3843 2436 3917 Σωτῆρος
2491 3835 2798 3912 ἐπιδημίας.
2861 3827 2991 3895 “Eri
3046 3839 3178 3914 πρὸς
3249 3837 3350 3904 τὴν
3423 3835 3661 3914 ἑϐδόμην
3715 3839 3854 3918 ὤραν

2186 3927 2353 4006 λέγει,
2401 3925 2481 3982 ὅτι
2519 3925 2602 3982 διὰ
2661 3931 2760 3994 τῆς
2817 3927 2957 4005 ὥρας
3016 3927 3467 4006 χαρακτηρίζεται
3508 3929 3545 3994 ἡ
3578 3929 3734 4006 φύσις
3766 3935 3858 3984 τοῦ

2185 4019 2440 4082 ἰαθέντος.
2501 4016 2623 4073 Ἐπὶ
2693 4023 2849 4091 πᾶσι,
2933 4018 3016 4094 τὸ,
3073 4014 3412 4074 Ἐπίστευσεν
3475 4019 3633 4084 αὐτὸς
3678 4020 3769 4074 καὶ
3821 4018 3855 4084 ἡ

2183 4108 2318 4163 οἰκία
2402 4110 2570 4186 αὑτοῦ,
2638 4105 2761 4182 ὅλη,
2852 4104 3146 4184 διηγήσατο
3218 4106 3304 4162 ἐπὶ
3376 4111 3479 4174 τῆς
3559 4106 3857 4186 ἀγγελικῆς

2184 4187 2415 4264 εἰρῆσθαι
2495 4184 2716 4260 τάξεως,
2774 4188 2885 4266 -καὶ
2970 4186 3256 4264 ἀνθρώπων
3312 4195 3419 4243 τῶν
3520 4184 3858 4266 οἰκειοτέρων

2185 4269 2348 4339 αὐτῷ.
2422 4269 2706 4333 Ζητεϊσθαι
2767 4264 2823 4320 δὲ
2872 4287 3040 4346 ,φησι
3097 4271 3215 4345 περὶ
3266 4289 3425 4323 τινων
3475 4264 3766 4346 ἀγγέλων,
3814 4269 3858 4323 εἰ

2185 4348 2545 4421 σωθήσονται,
2591 4353 2698 4402 τῶν
2741 4345 3099 4403 κατελθόντων
3143 4347 3228 4404 ἐπὶ
3271 4349 3366 4412 τὰς
3395 4354 3504 4404 τῶν
3559 4345 3857 4427 ἀνθρώπων

2180 4507 2279 4573 τὴν
2323 4505 2591 4562 ἀπώλειαν
2624 4504 2904 4572 δηλοῦσθαι
2947 4507 3147 4581 νομίζει
3191 4507 3246 4563 ἐν
3289 4509 3367 4583 τῷ
3401 4524 3416 4538 ’
3483 4510 3545 4566 Οἱ
3598 4509 3701 4567 υἱοὶ
3731 4504 3856 4575 τῆς

2181 4585 2449 4661 βασιλείας
2545 4585 2899 4652 ἐξελεῦσονται
2961 4590 3033 4650 εἷς
3067 4588 3164 4661 *τὸ
3237 4588 3429 4652 σκότος
3505 4590 3569 4644 τὸ
3657 4588 3862 4654 ἐξώτε-

2181 4657 2269 4744 ρον
2304 4684 2318 4700 °
2365 4668 2453 4722 καὶ
2509 4666 2634 4746 περὶ
2677 4667 2876 4724 τούτων
2926 4668 3018 4722 τὸν
3064 4657 3292 4726 Ἠσαίαν
3351 4668 3712 4748 προφητεύειν
3743 4671 3806 4724 τὸ
3839 4687 3858 4705 ⁶

2180 4748 2331 4811 Υἱοῦς
2395 4745 2680 4825 ἒγέννησα,
2725 4749 2813 4803 καὶ
2866 4745 3057 4822 ὕψωσα
3090 4767 3104 4781 ·
3192 4747 3339 4804 αὐτοὶ
3397 4745 3482 4804 δὲ’
3523 4770 3593 4824 με
3651 4749 3858 4817 ἠθέτη-

2178 4848 2275 4882 σαν
2313 4843 2326 4856 ⁶
2375 4825 2614 4890 οὕστινας
2647 4828 2785 4891 υἱοὺς
2830 4825 3160 4908 ἀλλοτρίους,
3207 4830 3297 4884 καὶ
3341 4827 3557 4901 σπέρμα
3587 4831 3857 4908 πονηρὸν,

2177 4907 2266 4962 καὶ
2322 4906 2518 4984 ἄνομον
2573 4906 2754 4984 καλεῖ,
2846 4908 2936 4963 καὶ
2977 4906 3296 4984 Δἀμπελῶνα
3380 4907 3614 4972 ἀκάνθας
3676 4906 3858 4980 ποιήὲ

2180 5007 2366 5050 σαντα,
2416 4989 2514 5045 Καὶ
2545 4995 2708 5044 ταῦτα
2739 4987 2836 5064 μὲν
2863 4989 2931 5044 τὰ
2977 4977 3367 5065 Ἡρακλέωνος.

443 5077 641 5140 Filios
669 5079 880 5158 genui,
914 5085 974 5140 et
1004 5077 1279 5140 exaltavi
1304 5099 1328 5149 ;
1372 5079 1722 5156 ipsi_autem
1751 5081 2117 5156 spreverunt
2145 5093 2238 5137 me
2263 5073 2316 5118 6"
2345 5099 2371 5150 ;
2403 5093 2554 5157 quos
2585 5076 2740 5139 ﬁlios
2769 5075 2999 5138 alienos
3029 5083 3088 5138 et
3117 5094 3328 5138 semen
3359 5095 3628 5158 nequam
3656 5085 3718 5141 et
3757 5079 3857 5141 in-

410 5165 660 5258 ‘justum
695 5167 975 5247 appellat,
1035 5169 1333 5246 vitemque
1391 5185 1524 5247 quas
1553 5165 1899 5245 produxerit
1945 5166 2171 5246 spinas.
2232 5163 2304 5226 Et
2374 5166 2501 5229 haec
2574 5166 2820 5247 quidem
2894 5173 3033 5228 sunt
3088 5167 3636 5232 commentationes
3697 5167 3864 5231 Hera

443 5255 700 5316 cleo’nis.

1720 5343 1807 5406 Et
1843 5351 2010 5406 tomo
2039 5347 2204 5428 XIX,
2229 5363 2385 5428 pag.
2418 5346 2562 5410 9275.

526 5457 854 5522 Heracleon
886 5462 948 5523 in
980 5462 1093 5524 hoc
1121 5459 1511 5536 dictuszuo
1526 5478 1631 5541 ego
1647 5461 1825 5536 vado,
1841 5478 1944 5523 vos
1961 5479 2087 5524 non

2251 5465 2339 5529 Εἰς
2395 5466 2478 5545 τὸ,
2550 5455 2736 5524 ’Ὅπου
2805 5467 2914 5545 ἐγὼ
2983 5465 3199 5547 ὑπάγω,
3272 5465 3434 5542 ὑμεῖς
3492 5466 3554 5525 οὗ
3599 5464 3863 5526 δύνασαθε

530 5636 716 5733 δεὲἰε
741 5645 869 5733 cod.
902 5647 1071 5708 Bodl.
1103 5648 1156 5690 ⁵⁷
1185 5650 1206 5706 I
1247 5651 1382 5713 Cor.
1417 5666 1516 5726 xv,
1553 5648 1651 5723 53,
1711 5647 1816 5712 54.
1860 5645 1915 5690 ⁸ο
1947 5645 2072 5710 Vox
2102 5649 2226 5706 ὄντα
2286 5650 2427 5713 huic
2458 5651 2610 5714 male
2643 5653 2951 5733 praemissa
2979 5656 3149 5722 deest
3182 5659 3242 5720 in
3271 5656 3448 5722 Bodl.
3475 5657 3529 5704 ⁶¹
3560 5657 3742 5724 Joan.
3779 5678 3839 5723 Iv

453 5724 554 5782 43.
589 5722 643 5763 σε
673 5723 854 5803 Ibid,
883 5733 982 5796 49.
1013 5735 1066 5778 ω
1094 5711 1378 5801 Ιωάξδο.
1410 5737 1462 5779 οι
1493 5711 1591 5802 Sic
1621 5711 1874 5802 Bodl.“
1903 5735 2003 5799 Sic
2036 5735 2125 5798 Boi

2194 5711 3242 5828 .osmanu:'ié'f‘éiiéaf'g'éf"
3271 5711 3448 5722 -m-
3560 5711 3742 5724 ΠΜ
3783 5711 3867 5744 ’τ’
