4096 6442
237 396 379 460 1317

1446 395 1916 459 FRAGMENTA
1963 394 2362 458 GNOSTICA.

3449 396 3618 462 1318

229 528 407 604 ἐλθεῖν,
472 530 600 610 φησὶ
654 529 753 609 γὰρ
784 546 800 562 ⁸
852 535 973 595 Πῶς
1032 530 1086 586 ἐν
1129 528 1338 610 ἀγνοίᾳ,
1385 529 1473 586 καὶ
1516 528 1754 609 ἀπιστίᾳ,
1799 532 1885 587 καὶ

1973 531 2210 606 potestis
2232 530 2435 591 venire
2452 528 2538 609 68,
2562 529 2752 610 inquit
2781 551 2794 588 :
2832 530 3146 605 Quomodo
3194 532 3303 612 qui
3334 535 3401 593 in
3436 533 3619 611 igno-

231 619 592 696 ἁμαρτήμασιν
677 616 823 683 ὅντες
902 621 958 676 ἓν
1057 618 1315 700 ἀφθαρσίᾳ
1411 616 1649 675 δύνανται
1720 615 1877 696 γενὲ-

233 709 337 764 σθαι
372 727 389 788 ;
445 706 581 784 μηδὲ
636 707 691 764 ἐν
746 708 915 782 τούτῳ
973 708 1279 765 κατακούων
1331 706 1536 768 ἑαυτοῦ.
1585 708 1645 764 Εἰ
1687 706 1787 786 γὰρ
1830 712 1876 766 οἱ

230 797 283 852 ἒν
331 795 535 875 ἀγνοίᾳ⁶
594 798 682 854 καὶ
752 796 966 870 ἀπιστίᾳ
1025 797 1111 854 καὶ
1170 796 1547 875 ἁμαρτήμασιν
1589 793 1761 870 ὅντες,
1822 794 1876 851 ἐν

233 884 474 964 ἀφθαρσίᾳ
531 890 591 944 οὒ
631 884 867 942 δύνανται
911 884 1172 964 γενέσθαι,
1203 890 1321 951 πῶς
1373 888 1420 942 οἱ
1477 883 1766 943 ἀπόστολοι
1818 887 1875 940 ἒν

232 974 404 1053 ἀγνοίᾳ
443 972 508 1024 69
561 977 712 1051 ποτὶ,
759 976 846 1032 καὶ
887 975 940 1033 ἐν
1006 974 1242 1051 ἀπιστίᾳ,
1303 976 1393 1032 καὶ
1434 975 1488 1031 ἐν
1531 976 1875 1054 ἁμαρτήμασι

234 1062 517 1139 γενόμενοι,
565 1062 620 1119 ἐν
648 1064 903 1144 ἀφθαρσίᾳ
956 1063 1205 1142 γεγόνασι
1239 1080 1255 1139 ;
1306 1064 1557 1119 Δύνανται
1600 1062 1687 1120 οὖν
1733 1066 1780 1119 οἱ
1821 1061 1874 1118 ἐν

233 1151 423 1230 ἀγνοίᾳ,
484 1153 571 1208 καὶ
628 1152 683 1207 ἐν
738 1153 952 1225 ἀπιστίᾳ
982 1154 1070 1209 καὶ
1101 1152 1156 1208 ἐν
1198 1153 1542 1231 ἁμαρτήμασι
1601 1152 1875 1231 γενόμενοι

235 1240 459 1318 γενέσθαι.
516 1241 571 1296 ἐν
620 1241 895 1322 ἀφθαρσίᾳ,
931 1243 975 1298 εἰ
1004 1239 1384 1318 μεταϐάλλοιεν
1419 1259 1434 1276 ·
1469 1239 1684 1300 δυνατόν
1728 1239 1783 1296 δὲ
1822 1236 1878 1282 Ἷθ

237 1329 408 1393 αὐτοὺς
440 1328 817 1406 μεταϐάλλειν.

1961 619 2193 691 rantia,
2226 624 2281 681 et
2305 618 2665 698 inﬁdelitate
2692 626 2861 690 sunt,
2885 625 2939 680 et
2972 621 3036 681 in
3084 621 3366 698 peccatis,
3414 623 3614 683 incor-

1960 705 2275 784 ruptibiles
2308 708 2444 788 ﬁeri
2488 707 2768 787 possunt?
2798 725 2995 788 neque
3028 709 3137 769 hac
3175 710 3230 768 in
3263 727 3328 770 re
3358 709 3472 770 sibi
3506 709 3619 790 ipsi

1958 795 2510 857 consen'iens.Nam
2530 796 2578 857 si
2596 796 3158 873 inignorantia,etin
3178 797 3614 873 incredulitate,

1962 884 2107 946 etin
2143 886 2400 965 peccatis
2434 888 2813 955 exsistentes,
2852 886 2978 948 ﬁeri
3005 906 3119 948 non
3152 897 3395 967 possunt
3424 889 3625 951 incor-

1959 973 2314 1052 ruptibiles;
2347 976 2646 1056 quomodo
2678 975 2951 1054 apostoli.
2980 976 3076 1056 qui
3104 976 3418 1056 aliquando
3450 977 3617 1038 fuere

1960 1062 2020 1123 in
2061 1063 2412 1141 ignorantia,
2459 1073 2518 1124 et
2549 1065 2606 1125 in
2638 1063 3077 1139 incredulitate,
3113 1075 3172 1126 et
3226 1065 3283 1125 in
3331 1066 3612 1146 peccatis,

1958 1151 2093 1213 facti
2126 1160 2265 1213 sunt
2297 1152 2811 1232 incorruptibiles?
2841 1153 3101 1215 Proinde
3125 1163 3389 1234 possunt,
3423 1157 3523 1236 qui
3553 1156 3613 1217 in

1956 1240 2396 1316 incredulitate,
2432 1249 2489 1302 et
2519 1240 2580 1300 in
2606 1240 2959 1319 ignorantia.
2984 1250 3042 1303 et
3070 1242 3129 1303 in
3165 1245 3422 1323 peccatis
3453 1254 3610 1319 sunt,

1956 1329 2089 1390 ﬁeri
2149 1329 2661 1410 incorruptibiles,
2708 1331 2757 1391 si
2812 1333 3231 1406 immutentur;
3283 1333 3444 1412 atqui
3484 1333 3615 1395 ﬁeri

1955 1423 2170 1498 potest,
2204 1425 2269 1479 ut
2300 1419 2712 1481 immulentur.

1554 1524 1635 1588 Et
1659 1524 1940 1589 ulterius
1960 1542 2115 1606 pag.
2152 1524 2292 1589 280.

313 1618 365 1686 Ὀ
438 1618 761 1707 Ἡρακλέων,
846 1633 918 1696 ὡς
974 1630 1333 1712 ἁπλούστερον
1393 1631 1671 1711 εἰρημένου
1726 1640 1821 1690 106
1858 1651 1875 1669 ⁶

244 1718 374 1787 Μήτι
451 1718 747 1802 ἀποκτενεῖ
797 1721 1025 1802 ἐαυτὸνς
1086 1724 1266 1802 φησὶν,
1336 1721 1416 1779 ὅτι
1471 1728 1718 1801 πονηρῶς
1760 1720 1882 1779 δια-

2039 1631 2369 1695 Heracleon
2402 1632 2651 1713 proinde
2689 1632 2857 1714 quasi
2890 1632 3002 1694 hoc
3033 1632 3255 1696 dictum
3272 1633 3620 1697 fueritsim-

1965 1720 2198 1801 plicius:
2238 1722 2535 1801 Nunquid
2567 1721 2999 1801 interfecturus
3027 1729 3111 1784 est
3139 1723 3616 1802 seipsum7l,ait,

238 1803 558 1885 λογιζόμενοι
633 1812 681 1866 οἱ
733 1798 980 1869 ’ἰουδαῖοι
1010 1798 1200 1869 ⁷ταῖὂτα
1257 1810 1465 1892 ἔλεγον,
1509 1798 1881 1887 καὶ-μείζονας

1973 1798 2124 1889 quod
2162 1798 2419 1887 maligne
2450 1798 2781 1889 cogitantes
2826 1810 3016 1872 λιιόωί
3048 1811 3175 1872 haec
3205 1798 3611 1892 loquerentur,

240 1895 443 1961 ἑαυτοὺς
499 1899 912 1980 ἀποφαινόμενοι
954 1902 1047 1957 106
1100 1886 1375 1979 Σωτῆρος,
1422 1886 1510 1957 καὶ
1561 1886 1877 1976 ὑπολαμϐά-

1973 1886 2191 1979 seipsos
2214 1886 2387 1960 etiam
2420 1886 2806 1960 ostendentes
2830 1898 2960 1979 ipso
2987 1886 3303 1961 Servatoré
3337 1886 3615 1980 majores,

240 2004 427 2066 νοντες,
487 1985 568 2043 ὅτι
623 1989 767 2045 αὐτοὶ
797 1989 895 2064 μὲν
941 1987 1317 2047 ἀπελεύσονται
1345 1990 1477 2070 πρὸς
1505 1990 1594 2047 τὸν
1626 1992 1754 2047 Θεὸν
1808 1990 1879 2054 εἰς

238 2071 516 2133 ἀνάπαυσιν
573 2077 783 2135 αἰώνιον
818 2094 831 2109 ⁸
891 2081 919 2134 ὁ
978 2076 1033 2134 δὲ
1087 2079 1276 2158 Σωτὴρ
1333 2080 1406 2144 εἰς
1449 2080 1640 2159 φθορὰν
1690 2079 1778 2135 καὶ
1808 2080 1880 2144 εἷς

239 2162 468 2239 θάνατον,
530 2165 714 2224 ἑαυτὸν
783 2164 1263 2247 διαχειρισάμενος,
1323 2167 1457 2225 ὅπου
1518 2168 1732 2233 ἑαυτοὺς
1788 2167 1882 2224 οὒκ

239 2249 524 2330 ἐλογίζοντο
615 2254 891 2317 ἀπελθεῖν.
989 2257 1087 2314 Καὶ
1175 2258 1362 2321 αὐταῖς
1446 2254 1615 2322 λέξεσί
1695 2277 1877 2337 φησιν,

241 2337 315 2396 ὅτι
356 2340 521 2416 ᾢοντο
577 2341 753 2422 λέγειν
814 2345 906 2401 τὸν
956 2349 1183 2422 Σωτῆρα
1236 2347 1284 2402 οἱ
1328 2343 1597 2418 Ἰουδαῖοι,
1630 2344 1710 2401 ὀθει
1740 2343 1883 2422 Ἐγὼ

241 2430 457 2507 ἐμαυτὸν
512 2432 975 2516 διαχειρισάμενος
1031 2438 1105 2501 εἷς
1169 2437 1361 2518 φθορὰν
1418 2436 1601 2513 μέλλω
1654 2436 1881 2514 πορεύε-

243 2523 373 2602 σθαι,
407 2520 538 2580 ὅπου
563 2525 719 2601 ὑμεῖς
764 2530 823 2586 06
851 2524 1066 2584 δύνασθε
1094 2525 1292 2589 ἐλθεῖν.

1962 1995 2020 2050 et
2049 1988 2457 2050 existimantes
2478 2006 2542 2049 se
2570 1987 2808 2069 quidem
2842 1988 3209 2069 profecturos
3234 1988 3308 2055 ad
3347 1988 3534 2054 Deum
3555 1990 3617 2051 in

1960 2075 2230 2157 requiem
2260 2079 2711 2157 sempiternam;
2737 2078 3111 2140 Servatorem
3146 2084 3343 2139 autem
3373 2078 3447 2140 ad
3475 2098 3615 2141 cor-

1961 2165 2324 2244 ruptionem,
2363 2175 2420 2226 et
2467 2165 2540 2225 ad
2595 2172 2871 2245 mortem,
2908 2165 2969 2227 vi
2995 2164 3108 2227 sibi
3139 2166 3252 2246 ipsi
3281 2165 3467 2248 illata,
3499 2187 3615 2248 quo

1963 2255 2190 2335 seipsos
2235 2274 2352 2316 non
2408 2253 2824 2316 existimabant
2871 2255 3262 2335 profecturos.
3298 2257 3369 2316 Et
3396 2255 3612 2318 iisdem

1962 2343 2159 2406 verbis
2186 2343 2405 2423 inquit,
2435 2343 2670 2406 Judaaos
2712 2343 3053 2405 existimare
3110 2341 3480 2406 Servatorem
3513 2344 3612 2405 di-

1963 2436 2254 2509 cerezEgo
2298 2431 2441 2492 mibi
2469 2431 2585 2511 ipsi
2613 2431 2665 2490 vi
2696 2431 2976 2512 allata,ad
3006 2432 3449 2511 corruptionem
3473 2451 3611 2512 pro-

1961 2521 2227 2582 fecturus
2268 2538 2426 2594 sum,
2462 2537 2579 2598 quo
2607 2537 2710 2581 vos
2740 2538 2858 2580 non
2891 2519 3136 2600 potestis
3164 2518 3388 2582 venire.

1502 2632 1586 2695 Et
1616 2639 1784 2696 temo
1813 2629 1978 2708 XXI,
2004 2645 2165 2707 pag.
2203 2624 2342 2690 293.

2043 2733 2486 2810 Interrogentur
2514 2749 2547 2793 a
2576 2730 2771 2807 nobis,
2806 2730 2910 2811 qui
2940 2738 3150 2793 natura
3206 2730 3611 2810 introducunt,

245 2822 328 2879 καὶ
377 2824 450 2887 εἰς
506 2826 590 2900 τὸ,
653 2814 784 2886 ’Ὁτι
830 2831 858 2885 ὁ
902 2826 1059 2906 λόγος
1116 2828 1244 2903 ἐμὸς
1287 2814 1347 2885 06
1403 2833 1582 2907 χωρεῖ’)
1630 2814 1685 2882 ἐν
1728 2827 1880 2903 ὑμῖν,

1973 2821 2191 2902 quique
2222 2820 2284 2881 in
2320 2821 2433 2882 hoc
2463 2828 2741 2883 contextu
2774 2841 2787 2883 :
2822 2820 3038 2884 Sermo
3078 2838 3244 2883 meus
3274 2837 3395 2882 non
3415 2820 3614 2884 locum

179 2905 208 2933 ⁸
243 2908 589 2970 ἀποδιδόντων
655 2917 790 2972 κατά
880 2905 1241 2997 Ἡρακλέωνα,
1326 2914 1405 2972 ὅτι
1433 2905 1443 2907 Ὗ
1475 2913 1560 2971 διά
1614 2913 1768 2972 10610
1827 2915 1885 2970 οὒ

1973 2909 2145 2972 habet
2174 2911 2240 2972 in
2270 2908 2438 2972 vobis
2477 2908 2562 2989 73,
2589 2910 2756 2990 juxta
2802 2909 3233 2989 Heracleonem
3292 2909 3612 2990 explicant,

243 3014 411 3080 χωρεῖ
466 3002 520 3058 ὲν
560 3004 712 3085 ὑμῖν,
769 3004 849 3061 ὅτι
881 3003 1236 3075 ἀνεπιτήδειοι
1284 3007 1404 3074 ἡτοι
1453 3003 1574 3061 κατ’
1631 3003 1806 3062 οὐσίαν
1850 3001 1885 3070 ἢ

1973 2998 2194 3060 idcirco
2225 2999 2422 3059 locum
2457 3018 2574 3059 non
2608 2998 2857 3080 habere,
2894 2999 3031 3079 quia
3061 3006 3200 3060 sunt
3237 3005 3478 3079 natura,
3526 2999 3618 3060 vel

244 3091 376 3146 κατά
431 3092 651 3169 γνώμην
684 3110 700 3126 ·
745 3100 861 3159 πῶς
901 3096 947 3151 οἱ
976 3092 1332 3164 ἀνεπιτήδειοι
1361 3091 1481 3150 κατ’
1513 3093 1690 3151 οὐσίαν
1718 3092 1885 3160 ἤκου-

1973 3090 2169 3152 animo
2201 3089 2519 3152 inhabiles.
2545 3089 2853 3163 Quomodo
2884 3091 3183 3155 inhabiles
3213 3100 3420 3153 natura
3446 3110 3481 3153 a
3509 3095 3621 3155 Pa-

245 3199 340 3237 σαν
382 3182 523 3259 παρὰ
563 3189 657 3240 τοῦ
698 3184 902 3262 Πατρὸς
938 3202 955 3259 ;

1973 3187 2061 3240 tre
2091 3177 2457 3240 audierunt?

1781 3288 1943 3367 Pag.
1977 3284 2119 3351 308.

329 3384 385 3452 ιΟ
475 3385 776 3475 ’Πρακλέων
865 3396 1226 3474 ὑπολαμϐάνει
1320 3399 1488 3457 αἰτίαν
1564 3397 1885 3462 ἀποδίδοσθα,

2064 3391 2389 3453 Heracleon
2420 3392 2753 3474 suspicatur
2777 3409 3011 3454 causam
3041 3391 3351 3469 reddi,cur
3380 3393 3493 3475 ipsi
3524 3412 3623 3456 au-

245 3491 340 3542 106
382 3483 459 3561 μὴ
489 3482 730 3542 δύνασθαι
769 3488 956 3552 αὐτοὺς
1013 3488 1220 3546 ἀκούειν
1275 3489 1367 3547 τὸν
1413 3486 1791 3573 Ἰησοῦᾼλόγον
1818 3483 1885 3573 ⁷³,

1983 3479 2111 3542 dire
2143 3499 2261 3543 non
2303 3481 2531 3561 possint
2552 3480 2696 3545 Jesu
2712 3499 3075 3557 sermonem,
3103 3500 3301 3562 neque
3324 3481 3487 3544 illius
3506 3483 3629 3545 dic-

246 3570 382 3649 μηδὲ
412 3573 691 3652 γινώσκειν
721 3579 879 3636 αὐτοῦ
920 3578 1020 3645 τὴν
1074 3575 1287 3659 λαλιὰν,
1335 3577 1391 3634 ἐν
1443 3585 1542 3653 τῷ,
1599 3568 1787 3655 Ὑμεῖς
1844 3568 1885 3632 ἐν

1984 3576 2042 3631 ta
2072 3587 2454 3659 cognoscere,
2484 3589 2591 3653 per
2615 3571 2760 3633 illud
2793 3593 2806 3635 :
2839 3573 2947 3633 Vos
2971 3588 3048 3633 ex
3066 3579 3253 3651 patre
3282 3571 3523 3634 diabolo
3540 3590 3627 3634 es-

243 3668 336 3719 106
387 3664 587 3742 πατρδς
631 3670 727 3722 τοῦ
769 3663 1012 3723 διαϐόλου
1068 3666 1187 3723 ὲστέ
1218 3683 1235 3700 ⁸
1272 3657 1280 3659 ⁷
1312 3666 1500 3733 αὐταῖς
1560 3673 1684 3746 γοῦν
1727 3664 1877 3732 λέξεσ

1989 3658 2067 3721 tis
2094 3658 2197 3739 74,
2227 3657 2476 3740 istisque
2521 3659 2718 3721 verbis
2746 3660 2828 3721 ait
2859 3680 2873 3722 :
2913 3659 3113 3733 Quare
3141 3667 3344 3722 autem
3362 3677 3482 3721 non
3507 3677 3627 3740 po-

244 3772 373 3830 φησι
404 3769 422 3785 ο
512 3754 662 3810 Διατί
744 3756 805 3811 οὐ
857 3752 1070 3813 δύνασθε
1140 3755 1353 3814 ἀκούειν
1419 3757 1511 3813 τὸν
1582 3755 1743 3835 λόγον
1813 3755 1885 3810 τὸς

1988 3753 2152 3821 testis
2175 3746 2396 3810 audire
2411 3765 2742 3812 sermonem
2772 3749 3001 3811 meum?
3019 3767 3100 3811 an
3125 3748 3415 3829 quoniam
3430 3765 3508 3812 ea:
3518 3765 3630 3829 pa-

246 3840 375 3916 ἐμὸν
411 3858 429 3917 ;
472 3840 508 3909 ἢ
569 3841 650 3899 ὅτι
706 3844 864 3920 ὑμεῖς
943 3843 1003 3902 ἐκ
1083 3856 1179 3905 τοῦ
1254 3847 1452 3923 πατρὸς
1507 3852 1603 3904 τοῦ
1658 3841 1885 3902 διαϐόλοι

1988 3841 2079 3897 tre
2108 3836 2350 3899 diabolo
2380 3840 2658 3919 δειλίαι)νο
2675 3855 2738 3900 eo
2762 3838 2916 3917 quod
2940 3846 3129 3913 est,ex
3144 3842 3397 3899 essentia
3412 3838 3629 3900 diabo-

318 2736 699 2818 Πυνθανοίμεθα
755 2734 802 2793 δ’
870 2737 933 2794 ἂν
988 2743 1096 2796 τῶν
1151 2737 1246 2803 τὰς
1308 2738 1483 2818 φύσεις
1539 2737 1905 2816 εἶσαγόντωνλ

244 3925 410 4000 ἐστές
482 3930 597 3988 ἀντὶ
674 3939 787 4015 τοῦ,
876 3934 937 3992 ἐκ
1004 3936 1103 4003 τῆς
1189 3937 1365 3999 οὐσίας
1443 3941 1535 3992 106
1604 3932 1847 3992 διαϐόλου
1879 3950 1894 3965 ⁸

244 4017 484 4099 φανερῶν
539 4017 595 4062 ⁷⁵
662 4020 845 4086 αὐτοῖς
913 4022 1100 4081 λοιπὸν
1182 4025 1280 4092 τὴν
1336 4025 1484 4104 φύσιν
1545 4023 1744 4104 αὐτῶν,
1812 4016 1900 4080 καὶ

242 4104 566 4186 προελέγξας
648 4108 860 4186 αὐτοὺς,
943 4110 1026 4169 ὅτι
1110 4110 1227 4170 οὕτε
1322 4120 1416 4172 106
1485 4111 1726 4191 Ἀϐραάμ
1803 4114 1901 4177 εἰσι

240 4194 428 4270 τέκνα,
502 4195 562 4253 οὐ
616 4198 716 4277 γὰρ
773 4198 835 4257 ἂν
892 4199 1107 4276 ἐμίσουν
1169 4203 1326 4261 αὐτὸν
1359 4218 1374 4233 ⁶
1455 4200 1571 4259 οὐδὲ
1624 4209 1717 4258 τοῦ
1772 4207 1904 4259 Θεοῦ

244 4283 329 4341 διὸ
389 4286 483 4342 οδκ
539 4287 772 4366 ἠγάπων
829 4290 1010 4355 αὐτόν.
1089 4292 1190 4350 Καὶ
1232 4293 1277 4348 εί
1318 4292 1415 4369 μὲν
1469 4294 1554 4367 τὸ,
1605 4281 1790 4367 ’Υμεῖς
1843 4291 1906 4348 ἐκ

1989 3924 2068 3986 li?
2086 3925 2479 4004 manifestans
2503 3928 2575 3990 de
2604 3935 2810 3990 cwtero
2829 3934 3118 3990 naturam
3150 3926 3289 3987 ’ὂῒὸ
3328 3930 3624 4006 ipsorum,

1981 4026 2131 4075 cum
2143 4015 2530 4092 prcedixisset
2558 4019 2718 4095 ipsos
2744 4033 2939 4095 neque
2960 4015 3276 4078 Abraham
3299 4033 3428 4078 esse
3441 4017 3624 4097 ﬁlios,

1985 4103 2149 4164 haud
2176 4110 2342 4166 enim
2370 4107 2503 4166 odio
2522 4112 3027 4184 prosequerentur
3048 4104 3247 4179 illum;
3278 4123 3465 4183 neque
3487 4105 3627 4180 Dei,

1986 4210 2064 4255 ea:
2092 4209 2210 4273 quo
2233 4210 2355 4256 non
2384 4193 2721 4276 diligebant
2748 4194 2951 4257 illum.
2987 4194 3277 4257 Caeterum
3320 4195 3371 4255 si
3430 4194 3572 4255 illud
3612 4214 3626 4255 :

1994 4283 2106 4345 Vos
2148 4300 2229 4343 ex
2255 4291 2428 4363 patre
2454 4282 2692 4346 diabolo
2721 4284 2888 4363 estis,
2921 4283 3310 4364 eXposuisset,
3346 4293 3408 4346 ut
3434 4282 3495 4344 in
3528 4302 3632 4345 su-

1991 4370 2327 4452 perioribus
2376 4372 2755 4452 exposuimus
2815 4389 2944 4446 nos,
2997 4380 3056 4432 et
3105 4372 3371 4449 dixisset,
3420 4394 3448 4433 ‹
3484 4372 3634 4444 Quia

243 4476 369 4527 τοῖς
436 4464 685 4545 ἀνωτέρω
747 4468 1136 4547 διηγησάμεθα,
1182 4471 1270 4527 καὶ
1312 4468 1484 4548 ἔλεγε,
1538 4490 1561 4526 ι
1604 4470 1702 4525 Διά
1738 4471 1800 4526 τὸ
1829 4469 1885 4526 ἔτ

1991 4461 2183 4523 adhuc
2213 4479 2282 4522 ex
2305 4460 2540 4524 diabolo
2572 4460 2868 4537 estis,non
2900 4461 3143 4540 potestis
3171 4461 3379 4523 audire
3407 4480 3635 4524 sermo-

243 4553 391 4628 ὑμᾶς
449 4553 590 4610 εἶναι
643 4555 703 4611 ἐκ
753 4563 847 4613 τοῦ
900 4554 1167 4633 διαϐόλου,
1226 4559 1285 4616 οὗ
1316 4557 1529 4616 δύνασθε
1572 4558 1778 4615 ἀκούειν
1820 4560 1885 4615 τὸλ

1990 4567 2129 4611 nem
2151 4550 2866 4626 meum;»admisissemus
2895 4551 3068 4610 etiam
3114 4550 3271 4612 illius
3301 4553 3634 4614 enarratio-

245 4640 416 4720 λόγον
438 4644 529 4699 τὸν
572 4643 725 4720 ἐμὸν,
758 4644 856 4700 κᾶν
897 4645 1292 4726 παραδεξάμεθα
1348 4646 1504 4705 αὐτού
1558 4647 1658 4715 τὴν
1707 4645 1885 4725 διήγη·

1992 4656 2128 4701 nem
2161 4657 2175 4702 :
2208 4657 2367 4701 nunc
2395 4649 2591 4701 autem
2623 4647 2829 4720 aperte
2859 4638 3005 4700 dicit
3036 4640 3323 4719 quosdam
3357 4640 3634 4703 homines

248 4752 339 4786 σιν
374 4749 389 4763 ·
437 4733 543 4789 νυνὶ
585 4730 641 4788 δὲ
670 4730 829 4801 δῆλος
861 4733 1004 4792 ἐστιν
1051 4738 1363 4812 ὁμοουσίους
1393 4738 1540 4800 τινὰς
1573 4741 1650 4809 τῷ
1679 4734 1885 4809 διαϐόλο

1993 4747 2126 4792 esse
2150 4728 2419 4808 ejusdem
2441 4729 2784 4790 substantiae
2813 4746 2946 4790 cum
2966 4727 3223 4806 diabolo,
3259 4729 3361 4810 qui
3390 4729 3635 4793 alterius

244 4816 428 4897 λέγων
471 4820 797 4899 ἀνθρώπούς,
844 4822 1046 4903 ἑτέρας,
1105 4827 1180 4891 ὡς
1209 4824 1415 4884 οἴονται
1472 4829 1520 4884 οἱ
1577 4822 1667 4882 ἀπ’
1727 4827 1884 4883 αὐτοῦ

1995 4827 2085 4883 est
2141 4818 2508 4894 substantiae,
2561 4827 2624 4880 ut
2660 4818 3001 4881 existimant
3048 4817 3211 4881 illius
3260 4821 3437 4881 etiam
3496 4837 3634 4880 sec—

246 4909 434 4975 οὖσίας
461 4911 803 4991 τυγχάνοντι,
835 4913 961 4991 παρ’
997 4914 1084 4980 οὕς
1121 4915 1339 4975 καλοῦσι
1384 4915 1648 4995 ψυχικοὺς
1678 4913 1715 4983 ἢ
1745 4936 1885 4973 πνευ·

1996 4916 2251 4990 latores,
2299 4909 2375 4971 ah
2429 4908 2559 4983 his,
2614 4927 2764 4988 quos
2806 4914 3015 4970 vocant
3060 4908 3346 4971 animales
3386 4908 3475 4971 vel
3505 4908 3633 4988 spi-

246 4999 540 5072 ματικούς.

1993 4998 2262 5062 rituales.

1791 5092 1955 5174 Pag.
1988 5090 2130 5156 312.

338 5198 433 5261 Εἷς
461 5205 623 5256 ταῦτα
676 5201 705 5256 ὁ
764 5188 1066 5280 ’Πρακλέων
1107 5202 1240 5283 φησί
1270 5221 1285 5237 ·
1334 5204 1472 5283 Πρὸς
1515 5204 1603 5268 οὓς
1647 5205 1675 5259 ὸ
1732 5200 1885 5281 λόγος

2083 5197 2144 5259 1η
2173 5199 2299 5259 huic
2353 5195 2547 5278 inquit
2588 5197 2921 5260 Heracleon
2948 5216 2962 5258 ε
2999 5197 3083 5261 Hi
3112 5196 3191 5260 ad
3217 5212 3364 5277 quos
3395 5200 3482 5259 est
3508 5212 3638 5259 ser-

247 5285 318 5344 ἑκ
381 5288 480 5354 τῆς
535 5288 713 5354 οὐσίας
781 5296 874 5346 τοῦ
929 5287 1170 5348 διάϐόλου
1211 5290 1345 5360 ἦσαν
1378 5311 1394 5327 ·
1439 5292 1514 5358 ὡς
1572 5289 1754 5370 ἑτέρας
1824 5289 1880 5347 03'

1999 5304 2199 5363 mo,ex
2217 5287 2560 5350 substantia
2578 5286 2812 5350 diaboli
2838 5292 3046 5363 erant;
3070 5285 3319 5368 perinde
3335 5285 3503 5367 quasi
3519 5285 3641 5349 dia-

247 5397 364 5443 σης
395 5376 492 5444 τῆς
547 5376 640 5434 106
682 5375 927 5436 διαϐόλου
957 5379 1134 5446 οὐσίας
1177 5381 1319 5461 παρά
1364 5380 1461 5449 τὴν
1491 5385 1598 5437 τῶν
1626 5379 1788 5458 ἁγίων
1817 5377 1881 5437 λο

1999 5376 2125 5439 boli
2148 5375 2477 5439 substantia
2512 5375 2745 5439 diversa
2772 5376 2849 5439 sit
2875 5376 2948 5439 ab
3005 5374 3263 5439 essentia
3302 5382 3640 5439 sanctorum

246 5465 425 5546 γικὴν
453 5462 544 5508 ⁷⁵³⁸⁸
585 5468 784 5529 οὐσίαν.

2000 5464 2246 5529 rationis
2275 5473 2571 5547 compote.

242 4380 342 4431 106
403 4377 601 4456 πατρὸς
683 4379 773 4434 106
840 4377 1085 4438 διαϐόλου
1158 4382 1299 4457 ὶστὲ,
1360 4378 1657 4460 ἐξεδέχετο,
1720 4382 1793 4445 ὡς
1851 4379 1905 4436 ἓν

338 5638 600 5722 δεᾷἰοριι.
633 5657 758 5719 vm,
789 5641 890 5705 21.
920 5639 984 5722 σθ,
1003 5640 1101 5705 Sic
1170 5643 1340 5708 Bodl.
1375 5627 1429 5686 ’⁷6
1457 5644 1555 5706 Sic
1584 5641 1754 5707 Bodl.
1784 5640 1833 5684 7‘
1864 5640 2036 5706 Joan.
2069 5659 2192 5719 vnn,
2226 5642 2324 5705 22.
2360 5641 2415 5685 ⁷³
2443 5640 2626 5722 Ibid.,
2661 5642 2759 5706 37.
2793 5640 2848 5684 ’³³
2879 5644 2979 5709 Sic
3001 5640 3175 5706 Bodl.
3204 5638 3260 5684 '7‘
3286 5644 3455 5706 Joan.
3517 5658 3643 5718 VIII,

236 5719 363 5784 44.
399 5720 454 5764 ’⁷⁵
485 5720 585 5783 Sic
615 5722 785 5786 Bodl.
828 5721 900 5764 ’⁷⁵⁵
929 5721 1028 5785 Sic
1057 5721 1229 5787 Bodl.
