4096 6400
486 334 640 402 1319

1383 341 1775 405 APPENDIX
1819 342 1920 404 AD
1961 336 2295 451 QUIb’QUE
2340 341 2630 405 ΙΒΕΝιΕΙ
2675 340 2965 404 LIBROS.

3706 333 3863 398 1320

1986 470 2147 548 Pag.
2180 467 2318 532 314.

560 577 891 640 Heracleon
908 578 969 639 in
998 579 1109 640 hoc
1127 578 1699 660 dictum,Desideria
1724 581 1918 660 patris
1938 577 2126 643 vestri
2147 583 2189 632 Α

482 669 676 731 vultis
711 667 999 746 facere”,
1028 668 1285 748 disputat
1306 668 1534 745 dicens,
1559 668 1858 730 diabolum
1895 687 2013 730 non
2030 668 2128 729 ha-

479 757 621 819 bere
651 758 1036 832 voluntatem,
1057 756 1160 818 sed
1196 757 1707 837 desideria.Cujus
1738 757 1884 819 dicti
1915 756 2119 819 absur-

474 845 632 907 ditas
652 854 894 927 apparet
918 864 989 907 ex
1022 846 1261 920 se,dum
1315 844 1591 908 omnibus
1620 846 1682 907 in
1712 847 1987 908 confesso
2036 853 2127 909 est

472 934 642 996 illum
671 935 825 996 mala
844 935 1021 998 velle.
1046 934 1305 1013 Colliges
1326 936 1503 997 etiam
1538 943 1597 996 tu
1628 936 1759 1016 ipse
1787 934 2042 1016 (etiamsi
2065 934 2124 996 in

473 1024 785 1103 prwsentia
807 1042 924 1085 non
956 1022 1219 1084 sitnobis
1244 1023 1317 1084 ad
1351 1024 1749 1104 manus,quod
1771 1024 1828 1084 in
1860 1023 2120 1084 medium

473 1111 883 1194 adducamus),
917 1130 994 1173 an
1039 1112 1255 1173 alicubi
1306 1111 1367 1172 in
1426 1112 1730 1191 Scriptura
1763 1113 2016 1192 positum
2048 1112 2124 1174 sit

471 1200 819 1261 vocabulum
869 1200 1044 1281 velle,
1078 1200 1152 1261 de
1199 1199 1462 1263 diabolo.
1518 1202 1717 1282 Inquit
1763 1201 1939 1263 etiam
1990 1211 2123 1281 post

472 1289 597 1351 haec
627 1289 982 1365 Heracleon,
1006 1291 1132 1351 haec
1164 1289 1320 1351 dicta
1346 1291 1551 1363 fuisse,
1577 1309 1696 1351 non
1720 1291 1791 1351 ad
1824 1302 2115 1357 terrenos.

470 1386 678 1439 natura
720 1380 1073 1440 exsistentes
1124 1377 1350 1439 diaboli
1412 1380 1586 1454 ﬁlios,
1624 1379 1730 1441 sed
1781 1379 1853 1441 ad
1890 1397 1992 1440 eos
2022 1378 2123 1459 qui

468 1473 608 1524 sunt
656 1465 969 1540 animales,
1018 1465 1167 1527 facto
1219 1465 1440 1528 diaboli
1491 1466 1643 1527 filios
1675 1466 1964 1547 positione
2003 1486 2017 1526 :
2053 1486 2123 1528 ex

469 1552 685 1633 quibus
714 1562 966 1633 possunt
996 1553 1237 1634 quidam
1290 1564 1501 1618 natura
1558 1563 1615 1615 et
1664 1555 1957 1634 positione
2015 1554 2122 1616 ﬁlii

468 1641 575 1702 Dei
607 1661 762 1703 esse.
796 1641 994 1723 Inquit
1022 1654 1334 1723 praeierea,
1370 1644 1480 1705 hos
1525 1643 1655 1704 ﬁeri
1685 1643 1904 1704 diaboli
1940 1644 2111 1722 ﬁlios,

469 1750 538 1791 eo
562 1730 717 1810 quod
752 1731 1090 1805 dilexerint,
1149 1731 1481 1812 faciantque
1527 1730 1749 1794 diaboli
1796 1731 2111 1813 desideria,

470 1838 605 1879 cum
635 1828 842 1880 natura
869 1819 1214 1898 hujusmodi
1251 1839 1364 1880 non
1413 1819 1556 1883 sint.
1610 1818 1877 1900 Disputat
1927 1820 2109 1894 enim,

2292 568 2349 637 Ὀ
2410 570 2711 657 Ἡρακλέων
2754 582 2828 646 εἷς
2884 581 2970 660 τὸ,
3042 580 3136 641 τὰς
3195 576 3468 654 ἐπιθυμίας
3513 582 3609 633 τοῦ
3666 576 3870 654 πατρὸς

2212 668 2366 734 ἡμῶν
2441 667 2617 724 θέλετε
2725 681 2930 743 ποιεῖν,
3034 665 3398 724 διαστέλλεται
3486 663 3684 745 λέγων,
3781 664 3874 720 τὸν

2211 754 2452 814 διάϐολον
2505 757 2583 833 μὴ
2632 756 2782 838 ἔχειν
2822 756 3057 833 θέλημα,
3103 752 3222 811 ἀλλ’
3274 755 3574 830 ἐπιθυμίας.
3635 755 3736 812 Καὶ
3763 753 3869 828 ἒμ-

2209 846 2445 924 φαίνεται
2507 845 2718 903 αύτόθεν
2776 846 2836 902 τὸ
2881 843 3195 911 ἀδιανόητον
3235 841 3289 886 ’⁷⁷
3319 840 3503 921 λόγου,
3548 841 3720 900 θέλειν
3768 842 3869 922 γὰρ

2207 933 2276 989 τά
2330 935 2538 1013 πονηρὰ
2595 940 2697 998 πᾶς
2742 932 2806 989 ἂν
2859 956 2943 999 τις
2988 930 3325 1012 ὁμολογήσαι
3354 931 3584 995 ἐκεῖνον,
3617 930 3867 997 Συνάξεις

2207 1020 2261 1077 δὲ
2318 1025 2405 1079 καὶ
2450 1024 2607 1087 αὐτὸς
2643 1021 2710 1103 (εἰ
2769 1021 2855 1079 ἐπὶ
2910 1023 3003 1080 τοῦ
3042 1023 3301 1101 παρόντος
3344 1019 3400 1076 ἐν
3439 1021 3716 1101 προχείρῳ
3774 1021 3869 1079 οὐκ

2205 1109 2406 1190 ἔχομεν
2456 1110 2831 1192 παραθέσθαι,)
2900 1111 2955 1167 εἴ
3011 1133 3113 1169 που
3181 1109 3235 1166 ἐν
3278 1106 3349 1186 τῇ
3391 1116 3576 1190 Γραφῇ
3604 1111 3665 1166 τὸ
3694 1109 3865 1167 θέλειν

2205 1200 2290 1280 ὶπὶ
2351 1202 2440 1256 τοῦ
2495 1198 2742 1260 διαϐόλου
2821 1200 3094 1262 τέτακται,
3154 1200 3300 1256 Μετὰ
3374 1202 3538 1257 ταῦτα
3621 1220 3786 1280 φησιν
3839 1200 3865 1256 ό

2208 1279 2532 1368 Ἡρακλέων,
2608 1291 2682 1353 ὡς
2733 1288 2834 1370 ἄρα
2887 1296 3049 1348 ταῦτα
3104 1288 3340 1367 εἴρηται,
3414 1289 3475 1345 οὗ
3527 1279 3664 1367 πρὸς
3745 1289 3866 1352 τοὺς

2206 1377 2357 1455 φύσει
2412 1383 2502 1434 τοῦ
2559 1375 2805 1434 διαϐόλου
2854 1379 3019 1455 υἱοὺς,
3065 1377 3188 1440 τοὺς
3234 1377 3487 1456 χοϊκοὺς,
3542 1374 3681 1432 ἀλλά
3736 1378 3867 1455 πρὸς

2202 1466 2325 1530 τοὺς
2381 1466 2665 1546 φυχικοὺς,
2698 1466 2837 1522 θέσει
2886 1466 3029 1527 υἱοὺς
3078 1462 3325 1521 διαϐόλου
3377 1463 3695 1542 γενομένους
3729 1481 3746 1496 ⁸
3778 1464 3869 1542 ἀφ’

2202 1556 2275 1610 ὧν
2327 1558 2396 1630 τῇ
2426 1554 2577 1634 φύσει
2623 1551 2862 1612 δύνανται
2912 1574 3051 1617 τινες
3107 1553 3197 1608 καί
3244 1552 3384 1609 θέσει
3427 1553 3526 1610 υἱοὶ
3556 1558 3690 1609 Θεοῦ
3719 1574 3867 1633 χρη-

2208 1642 2448 1717 ματίσαι.
2508 1644 2606 1700 Καὶ
2690 1664 2820 1724 φησι
2892 1662 2980 1722 γε,
3062 1639 3141 1697 ὅτι
3206 1642 3347 1720 παρὰ
3395 1647 3475 1716 τῷ
3525 1640 3866 1719 ἠγαπηκέναι

2198 1731 2292 1795 τὰς
2334 1730 2623 1807 ἐπιθμμίας
2679 1738 2773 1788 τοῦ
2842 1728 3089 1787 διαϐόλου
3144 1731 3233 1787 καὶ
3273 1743 3480 1810 ποιεῖν,
3525 1729 3688 1786 τέκνα
3724 1730 3865 1787 οὗτοι

2201 1826 2296 1876 τοῦ
2354 1818 2600 1878 διαϐόλου
2656 1821 2912 1899 γίνονται,
2957 1821 3016 1876 06
3059 1819 3205 1900 φύσει
3247 1821 3476 1876 τοιοῦτοι
3534 1817 3712 1883 ὅντες,
3769 1821 3866 1877 Καὶ

473 1907 823 1969 vocabulum
853 1907 1123 1987 ﬁliorum
1149 1908 1438 1970 trifariam
1464 1908 1713 1987 intelligi
1739 1907 1983 1971 debere:
2009 1910 2121 1989 pri-

2205 1906 2560 1966 διαστέλλεται
2607 1910 2680 1974 ὡς
2740 1908 2840 1987 ἄρα
2897 1913 3100 1988 τριχῶς
3160 1905 3244 1964 δεῖ
3319 1907 3531 1965 ἀκούειν
3586 1913 3687 1976 τῆς
3730 1909 3868 1966 κατά

474 2013 635 2057 mum
666 2004 896 2071 natura,
950 1997 1198 2058 alterum
1231 1997 1550 2070 voluntate,
1586 1999 1827 2059 tertium
1857 1997 2118 2076 dignita-

470 2093 547 2145 te.
573 2086 816 2165 Natura,
840 2085 1139 2167 inquiens,
1164 2085 1315 2147 illud
1338 2093 1448 2160 est,
1483 2086 1641 2167 quod
1672 2087 1941 2164 genitum
1973 2096 2063 2150 est
2083 2106 2116 2150 a

465 2173 720 2254 quodam
753 2174 976 2253 genito,
997 2174 1152 2256 quod
1186 2175 1359 2237 etiam
1395 2176 1634 2257 proprie
1663 2176 1820 2238 ﬁlius
1850 2185 2118 2254 vocatur;

468 2263 767 2324 voluntate
797 2281 1105 2339 vero,cum
1134 2264 1266 2344 quis
1296 2263 1653 2326 voluntatem
1686 2265 1909 2327 faciens
1940 2266 2122 2328 alicuo

467 2351 782 2431 jus,animi
815 2353 1147 2433 suijudicio
1180 2352 1358 2427 ﬁlius,
1394 2352 2113 2438 cujusfacitvoluntatem,

470 2449 732 2517 vocatur;
767 2454 1066 2521 postremo
1097 2442 1402 2520 dignitate,
1448 2444 1618 2521 juxta
1650 2443 1807 2523 quod
1839 2444 2122 2507 dicuntur

465 2530 701 2610 quidam
736 2531 1023 2608 gehennae
1054 2530 1184 2612 ﬁlii,
1219 2539 1275 2592 et
1307 2532 1712 2606 tenebrarum,
1749 2540 1804 2592 et
1835 2531 2115 2613 iniquita-

469 2623 562 2692 tis,
601 2625 657 2678 et
685 2627 1051 2699 serpentum,
1087 2630 1143 2681 et
1200 2620 1534 2700 viperarum
1586 2620 1922 2701 progenies.
1980 2622 2112 2683 Non

465 2707 623 2769 enim
657 2717 949 2784 generant
976 2710 1123 2783 haec,
1148 2710 1361 2792 inquit,
1398 2710 1532 2771 talia
1561 2710 1831 2789 quaedam
1886 2728 1991 2772 sua
2019 2710 2115 2791 ip.

467 2816 669 2860 sorum
722 2804 954 2875 natura,
1004 2817 1139 2860 cum
1202 2800 1396 2879 potius
1448 2807 1853 2879 corrumpant,
1887 2818 2109 2861 consu-

469 2899 748 2970 mantque
790 2906 894 2948 eos
941 2887 1044 2967 qui
1076 2886 1136 2947 in
1169 2890 1297 2966 ipsa
1332 2888 1676 2963 inciderint;
1708 2888 1810 2950 sed
1830 2888 2107 2968 quoniam

466 2976 776 3040 eﬁ'ecerint
805 2975 1042 3037 illorum
1074 2994 1281 3055 opera,
1307 2994 1509 3038 eorum
1544 2976 1651 3038 ﬁlii
1679 2983 1989 3039 vocantur.

2200 1996 2360 2055 τέκνα
2417 1997 2740 2074 ὅνομασίαςξ
2809 2002 3030 2077 Πρῶτον
3087 1998 3293 2079 cpiast“
3339 1995 3578 2077 δεύτερον
3645 1997 3861 2076 γνώμῃ,

2200 2086 2372 2165 τρίτον
2416 2086 2551 2159 ἀξίᾳ.
2614 2086 2713 2144 Καὶ
2753 2086 2904 2167 φύσει
2961 2086 3087 2162 μὲν,
3144 2086 3296 2165 φησὶ]
3357 2086 3472 2142 ἐστι
3501 2088 3564 2143 τὸ
3613 2086 3865 2165 γεννηθὲν

2200 2176 2303 2231 ὑπὸ
2360 2196 2502 2239 τινος
2556 2181 2839 2254 γεννητοῦ,
2898 2175 2927 2230 ὃ
2995 2176 3085 2232 καὶ
3141 2175 3333 2252 κυρίως
3361 2173 3548 2232 τέκνον
3575 2174 3822 2233 καλεῖται
3845 2193 3861 2209 ·

2202 2265 2392 2342 γνώμῃ
2431 2261 2487 2319 δὲ
2517 2260 2605 2319 ὅτε
2648 2264 2711 2320 τὸ
2739 2261 2950 2339 θέλημα
2979 2285 3060 2327 τις
3114 2263 3284 2320 ποιῶν
3332 2265 3474 2329 τινὸς
3503 2260 3589 2319 διὰ
3616 2264 3716 2332 τὴν
3744 2265 3871 2321 ἔαυ-

2201 2362 2295 2412 τοῦ
2321 2353 2565 2431 γνώμην,
2624 2351 2806 2409 τέκνον
2855 2351 3074 2425 ἐκείνου,
3111 2353 3171 2407 οὗ
3200 2364 3351 2408 ποιεῖ
3393 2353 3456 2408 τὸ
3496 2350 3732 2432 θέλημα,
3765 2374 3868 2409 κα-

2200 2439 2376 2499 λεῖται
2409 2458 2423 2471 '
2459 2441 2575 2514 ἀξίᾳ
2601 2439 2678 2522 δὲ,
2730 2438 2847 2498 καθ’
2878 2441 2906 2497 ὃ
2954 2440 3165 2520 λέγεται
3219 2461 3358 2505 τινες
3400 2439 3622 2519 γεέννης
3677 2441 3861 2523 τέκνα,

2198 2533 2286 2588 καὶ
2342 2530 2584 2611 σκότους,
2640 2531 2727 2588 καὶ
2784 2530 3027 2606 ἀνομίας,
3101 2531 3191 2586 καὶ
3243 2527 3436 2610 ὄφεων,
3485 2533 3576 2587 καὶ
3633 2529 3861 2611 ἐχιδνῶν

2198 2621 2507 2698 γεννήματα
2541 2617 2557 2649 ⁶
2617 2619 2689 2676 Οὒ
2731 2619 2832 2698 γὰρ
2874 2624 3052 2696 γεννᾷ,
3087 2619 3242 2699 φησὶ,
3285 2626 3452 2676 ταῦτα
3477 2641 3599 2676 τινα
3640 2626 3711 2698 τῇ
3744 2620 3862 2677 ἐαυ-

2194 2715 2301 2765 τῶν
2359 2711 2508 2788 φύσει
2541 2724 2557 2740 ⁸
2632 2709 2922 2789 φθοροποιά
2991 2708 3114 2787 γὰρ,
3172 2711 3260 2765 καὶ
3327 2706 3684 2767 ἀναλίσκοντα
3736 2713 3858 2774 τοὺς

2197 2794 2552 2873 ἐμϐληθέντας
2603 2798 2676 2861 εἷς
2733 2796 2866 2853 αὐτά
2898 2815 2912 2831 ⁸
2971 2795 3091 2854 ἀλλ’
3140 2796 3258 2853 ἐπεὶ
3287 2794 3514 2877 ἔπραξαν
3542 2798 3609 2855 τὰ
3639 2798 3855 2856 ἐκείνων

2198 2885 2349 2967 ἔργα,
2379 2885 2538 2943 τέκνα
2564 2885 2735 2945 αὐτῶν
2766 2883 3001 2965 εἴρηται.

1696 3084 1776 3146 Et
1807 3092 1975 3147 torno
2011 3086 2231 3161 XXIV,
2262 3099 2422 3164 pag.
2456 3080 2598 3146 3‘20.

543 3189 663 3252 Nos
686 3190 926 3272 quidem
958 3189 1071 3251 hoc
1087 3188 1333 3251 dictum:
1364 3188 1839 3262 laveritatelnon
1859 3193 2109 3270 stetit78,
2134 3205 2174 3254 C

464 3279 873 3359 intelligimus,
911 3297 1027 3339 non
1082 3285 1357 3359 tanquam
1409 3282 1795 3359 ostendentes
1841 3288 2109 3343 naturam

468 3368 667 3441 talem,
731 3385 924 3446 neque
973 3366 1260 3429 docentes
1314 3368 1444 3429 ﬁeri
1501 3388 1620 3430 non
1679 3386 1857 3448 posse
1885 3377 1952 3431 ut
1982 3370 2109 3450 ipse

463 3456 695 3519 steterit
747 3456 807 3523 in
859 3454 1466 3518 veritate.Heraclcon
1495 3474 1636 3518 vero
1667 3456 1727 3517 in
1758 3456 1874 3521 alla
1916 3458 2108 3539 inquit

464 3547 576 3610 hac
603 3567 616 3609 :
652 3544 899 3608 Natura
928 3545 1122 3624 ipsius
1152 3562 1230 3606 ea:
1250 3547 1502 3608 veritate
1528 3562 1651 3607 non
1678 3551 1788 3621 est,
1821 3546 1927 3609 sed
1947 3565 2023 3611 ea:
2042 3568 2107 3611 eo

462 3636 622 3716 quod
652 3634 1031 3697 contrarium
1060 3641 1145 3695 est
1175 3634 1443 3712 veritati;
1470 3635 1766 3696 nimi-rum
1796 3654 1874 3697 ea:
1897 3653 2110 3700 errore

460 3734 515 3787 et
537 3728 907 3805 ignorantia.
923 3722 1239 3798 Quocirca,
1272 3723 1487 3804 inquit,
1517 3740 1716 3805 neque
1735 3730 1893 3787 stare
1912 3726 1981 3786 in
2002 3743 2107 3789 ve-

458 3815 645 3875 ritate
693 3814 919 3892 potuit,
951 3828 1143 3892 neque
1188 3813 1502 3875 veritatem
1555 3814 1621 3874 in
1663 3815 1863 3892 seipso
1892 3813 2116 3877 habere

465 3909 682 3980 potest;
733 3918 807 3963 ex
855 3908 1076 3962 natura
1108 3919 1220 3963 sua
1246 3907 1561 3982 proprium
1593 3902 1821 3964 habens
1853 3903 2116 3965 menda-

465 3992 625 4052 cium
661 4036 680 4062 ,
748 3990 1121 4052 naturaliter
1223 4008 1535 4069 nunquam
1622 3990 1825 4053 valens
1920 3993 2122 4055 dicere

458 4084 797 4141 veritatem.
863 4077 1020 4141 Dicit
1075 4085 1293 4156 autem,
1355 4078 1511 4159 quod
1573 4098 1691 4140 non
1751 4081 1942 4142 solum
1988 4080 2117 4162 ipse

462 4166 713 4229 mendax
739 4174 852 4242 est,
885 4166 1025 4227 576
1055 4186 1260 4228 verum
1284 4167 1462 4231 etiam
1493 4173 1665 4247 pater
1691 4168 1903 4249 ipsius,
1938 4188 2117 4250 pecu-

465 4257 693 4319 liariter
722 4275 1024 4338 exponens
1052 4267 1233 4339 pater
1262 4260 1453 4340 ipsius
1514 4259 1590 4321 de
1632 4268 1842 4322 natura
1886 4261 2112 4342 ipsius;

462 4345 945 4428 quandoquidem
980 4365 1048 4408 ex
1075 4365 1278 4411 errore
1310 4356 1367 4409 et
1396 4349 1647 4413 falsitate
1678 4351 1970 4414 consistit.

2281 3182 2473 3267 Ἠμεϊς
2533 3192 2630 3266 μὲν
2687 3192 2776 3249 οὖν
2820 3198 2935 3272 τοῦ,
2984 3188 3070 3249 Ἐν
3126 3197 3197 3269 τῇ
3252 3191 3474 3267 ἀληθείᾳ
3531 3193 3638 3273 οὺχ
3690 3193 3859 3261 ἔστη-

2195 3302 2310 3354 κεν,
2370 3279 2653 3355 ἀκούομεν,
2713 3282 2815 3359 οὐχ
2897 3281 2972 3345 ὼς
3050 3280 3201 3359 φύσιν
3257 3282 3511 3350 τοιαύτην
3570 3282 3865 3363 ἐμφαίνον-

2192 3391 2279 3434 τες
2324 3366 2401 3445 Ἶθ,
2449 3366 2568 3426 οὔτε
2610 3370 2672 3424 τὸ
2727 3367 2978 3426 ἀδύνατον
3006 3370 3126 3448 περὶ
3152 3376 3244 3426 τοῦ
3274 3370 3556 3438 ἐκτηκέναι
3600 3373 3760 3431 αὐτὸν
3809 3371 3867 3427 ἒν
3974 3408 3981 3413 -

2190 3457 2410 3525 ἀληθεία
2491 3457 2840 3536 παριστάντες
2877 3477 2890 3489 ·
2978 3461 3008 3515 6
3083 3457 3138 3514 δὲ
3200 3450 3505 3538 Ἡρακλέων
3562 3462 3637 3526 εἷς
3692 3468 3866 3517 ταῦτα

2190 3569 2320 3627 φησι
2374 3548 2437 3603 τὸ
2466 3565 2484 3582 ο
2544 3548 2617 3604 Οὐ
2667 3547 2767 3627 γὰρ
2826 3546 2885 3604 ἐκ
2939 3547 3037 3615 τῆς
3091 3546 3341 3615 ἀληθείας
3381 3544 3434 3617 ’ἡ
3498 3550 3653 3629 φύσις
3714 3550 3861 3608 ἆστὶν

2191 3636 2373 3717 αὐτοῦ,
2459 3633 2578 3693 ἀλλ’
2663 3635 2725 3693 ἐκ
2814 3642 2907 3693 τοῦ
2989 3636 3225 3696 ἐναντίου
3323 3643 3394 3715 τῇ
3471 3637 3719 3714 ἀληθείᾳ,
3796 3639 3863 3696 ἐκ

2192 3724 2402 3793 πλάνης
2453 3726 2543 3783 καὶ
2606 3724 2848 3804 ἀγνοίας.
2926 3727 3041 3802 Διὸ,
3114 3728 3299 3806 φησὶν,
3374 3726 3492 3783 οὔτε
3546 3729 3741 3794 στῖιναι
3802 3727 3859 3785 ἒν

2199 3812 2442 3888 ἀληθείᾳ,
2516 3812 2635 3870 οὕτε
2715 3826 2878 3893 σχεῖν
2962 3812 3017 3870 ὲν
3092 3819 3236 3889 αύτῷ
3287 3814 3543 3886 ἀλήθειαν
3612 3814 3856 3893 δύναται,

2198 3905 2262 3959 ἒκ
2303 3903 2401 3971 τῆς
2450 3906 2607 3963 αὐτοῦ
2673 3903 2879 3984 φύσεως
2940 3899 3077 3961 ἴδιον
3148 3902 3294 3985 ἔχων
3353 3907 3415 3961 τὺ
3472 3904 3690 3981 ψεῦδος,
3753 3927 3862 3986 φυ-

2201 4000 2365 4056 σικῶς
2422 3993 2500 4068 μὴ
2581 3989 2867 4067 δυνάμενος
2924 4013 3053 4049 ποτε
3126 3990 3380 4063 ἀλήθειαν
3437 3995 3635 4057 εἰπεῖν,
3698 3994 3861 4073 Λέγει

2201 4080 2277 4153 δὲ,
2312 4080 2393 4139 ὅτι
2423 4081 2483 4137 ού
2515 4081 2674 4156 μόνος
2705 4082 2860 4143 αὐτὸς
2882 4082 3113 4157 ψεύστης
3132 4084 3300 4163 ἔστιν,
3334 4080 3474 4139 ἀλλὰ
3496 4085 3587 4139 καὶ
3617 4085 3647 4140 6
3678 4074 3865 4162 πατὴρ

2201 4173 2380 4246 αὐτοῦ,
2426 4167 2592 4242 ἰδίως,
2652 4168 2830 4247 πατὴρ
2911 4170 3089 4250 αὐτοῦ,
3163 4169 3515 4244 ἐκλαμϐάνων
3556 4172 3661 4239 τὴν
3705 4175 3861 4253 φύσιν

2199 4261 2356 4320 αὐτοῦ
2390 4276 2404 4290 ⁸
2438 4258 2652 4337 ἐπείπερ
2679 4257 2741 4314 ἐκ
2768 4256 2977 4326 πλάνης
3006 4261 3094 4317 καὶ
3123 4261 3431 4337 ψεύσματος
3461 4260 3716 4331 συνέστη.

1746 4440 1883 4503 Sub
1910 4441 2110 4520 ﬁnem
2147 4439 2306 4502 tomi
2334 4439 2555 4504 XXVI.

534 4538 1096 4630 Heracleoninillud
1122 4562 1136 4602 :
1165 4543 1274 4604 Est
1305 4543 1412 4624 qui
1441 4545 1750 4623 quaeritet
1767 4547 2100 4628 judicat80,
2127 4553 2140 4603 1

2271 4537 2328 4604 Ὀ
2402 4538 2706 4626 ’Πρακλέων
2759 4546 2844 4621 τὸ,
2918 4536 3117 4605 ’Ἐστιν
3202 4549 3230 4604 6
3301 4553 3505 4620 ζητῶν,
3569 4550 3662 4606 καὶ
3735 4551 3861 4630 κρί-

456 4648 575 4692 non
596 4629 667 4692 ad
691 4629 927 4693 Patrem
964 4632 1167 4709 refert,
1201 4633 1494 4714 siquidem
1526 4634 1605 4695 ait
1631 4654 1644 4694 :
1673 4634 1800 4710 Qui
1829 4633 2115 4717 quwritet

2205 4658 2323 4710 νων,
2369 4637 2463 4693 οὐκ
2513 4633 2757 4713 ἀναφέρει
2821 4634 2907 4692 ἐπὶ
2961 4637 3053 4693 τὸν
3097 4636 3329 4718 Πατέρα,
3386 4639 3605 4695 τοιαῦτα
3656 4629 3859 4719 λέγων·

441 4721 476 4797 j
486 4719 697 4782 ndicat
718 4726 805 4783 est
826 4722 1019 4802 ξε,ᾳαί
1048 4739 1144 4783 me
1172 4724 1758 4796 vindicat,minister
1781 4716 1861 4787 ad
1876 4727 1988 4788 hoc
2003 4744 2112 4790 or-

2205 4716 2257 4783 l0
2312 4729 2487 4796 ζητῶν
2564 4724 2650 4781 καὶ
2744 4745 2933 4803 κρινων
3030 4724 3166 4783 ἐστὶν
3239 4728 3268 4782 ὁ
3312 4716 3577 4784 ήὲκδικῶν
3649 4716 3749 4805 με,
3834 4730 3869 4785 6

456 4808 975 4891 dinatus,quiuon
989 4818 1207 4873 temere
1218 4811 1494 4892 gladium
1503 4814 2117 4898 portatmindexregis

2205 4813 2491 4894 ὑπηρέτης,
2595 4815 2622 4869 6
2706 4814 2779 4876 εἷς
2846 4819 3001 4871 τοῦτο
3082 4814 3430 4896 τεταγμένος,
3511 4818 3541 4873 6
3598 4818 3681 4893 μὴ
3745 4817 3869 4885 εἰκη

454 4898 693 4977 Moyses
712 4908 913 4961 autem
926 4909 1014 4963 est
1027 4901 1657 4981 hic,quemadmodum
1669 4907 1942 4981 superius
1953 4906 2119 4969 dixit

2205 4904 2297 4970 τὴν
2369 4904 2641 4982 μάχαιραν
2713 4909 2910 4982 φορῶν,
2992 4904 3021 4958 6
3122 4902 3327 4969 ἔκδικος
3414 4912 3507 4962 τοῦ
3561 4905 3866 4983 βασιλέως,

456 4986 579 5049 illis
600 4986 1078 5078 (lesusldicens,
1104 4988 1179 5050 In
1206 5006 1382 5068 quem
1409 5006 1512 5052 vos
1527 4992 2116 5068 speravistis89.Pos.

2205 4993 2428 5061 Μωῦσῆς
2484 4992 2540 5049 δὲ
2609 4991 2748 5050 ἔστιν
2806 4996 2956 5057 οὗτος
3011 4989 3087 5069 εί,
3163 4997 3298 5052 καθὰ
3365 4997 3687 5078 προείρηκεν
3760 5000 3871 5056 αὒ-

455 5084 545 5136 toa
566 5076 894 5156 subjungit:
919 5078 1034 5152 Qui
1042 5079 1286 5158 judicat
1317 5084 1371 5141 et
1389 5080 1572 5160 punit
1602 5086 1688 5142 est
1717 5082 1976 5165 Moyses,
2005 5084 2113 5148 hoc

2205 5096 2310 5141 τοῖς
2380 5081 2608 5165 λέγων·⁸
2637 5083 2725 5148 Εἷς
2822 5081 2881 5139 ὅν
2959 5083 3116 5160 δμετς
3191 5076 3481 5153 ἠλπίσατε.
3573 5087 3705 5145 Εἶτ’
3776 5087 3872 5144 ἐπι

452 5171 560 5239 est,
609 5167 736 5245 ipse
787 5168 1118 5255 legislator.
1157 5171 1367 5229 Postea
1410 5167 1656 5230 dubium
1713 5162 1914 5233 contra
1945 5162 2108 5255 seip-

2205 5173 2358 5254 ρέρει,
2416 5170 2522 5228 ὅτι*
2595 5162 2652 5230 Ὀ
2708 5171 2897 5251 κρίνων
2963 5174 3052 5230 καὶ
3108 5171 3353 5245 κολάζων
3411 5177 3672 5253 Μωΰσῆς,
3710 5198 3880 5234 τουτ-

449 5270 576 5345 sum
612 5262 810 5315 movet
841 5254 1198 5345 Heracleon,
1253 5256 1462 5317 dicens
1511 5279 1524 5316 :
1575 5257 1886 5332 Quomodo
1916 5263 2114 5342 igitur

2205 5263 2335 5320 ἐστιν
2392 5262 2548 5325 αὐτὸς
2632 5258 2660 5316 ὅ
2712 5260 3025 5345 νομοθέτης·
3103 5264 3203 5321 Καὶ
3257 5264 3395 5339 μετά
3482 5272 3642 5323 τοῦτο
3727 5267 3875 5345 πρὸς

450 5340 600 5403 dicit
627 5359 802 5404 omne
820 5343 1128 5422 judicium
1141 5345 1259 5408 sibi
1290 5347 1593 5408 traditum
1604 5348 1902 5423 fuisse5’Et
1915 5340 2114 5413 existi-

2205 5353 2386 5409 ἑαυτὸν
2453 5352 2719 5427 ὶπαπορετ
2772 5354 2801 5408 6
2890 5344 3195 5433 ’Πρακλέων
3238 5353 3437 5433 λέγων’
3484 5360 3613 5420 Πῶς
3642 5355 3738 5413 οὖν
3764 5340 3875 5414 λέ-

531 5521 586 5562 76
612 5519 784 5587 Joan.
812 5541 937 5601 VIII,
971 5526 1068 5589 44.
1103 5526 1156 5571 ⁷⁷
1187 5528 1286 5592 Sic
1342 5527 1513 5589 Bodl.
1547 5527 1602 5572 78
1628 5537 1801 5598 Joan.
1835 5551 1917 5617 ιν,
1948 5538 2049 5601 44,
2110 5538 2140 5581 ’τε

456 5599 644 5657 ⁵2282.
676 5599 729 5643 ⁸³
754 5602 923 5666 Joan.
959 5624 1018 5679 κ,
1052 5608 1148 5668 45.

2205 5535 2293 5600 Sic
2348 5536 2523 5600 Bodl.
2556 5536 2739 5606 2282.
2796 5538 3056 5604 80Joan.
3112 5557 3242 5623 vm,
3277 5540 3379 5605 50.
3437 5539 3489 5584 εί
3524 5538 3630 5604 Sic
3689 5542 3883 5608 Bodl.
