4044 6444
241 397 389 463 1861

301 516 360 604 P.
508 516 579 604 I_n_
618 519 810 604 Deum
843 521 1009 579 Graec.
1055 526 1129 589 εις
1176 532 1333 604 Χρι-’

232 599 384 656 στὸν,
420 597 479 653 in
512 599 809 656 Christum.
1213 638 1217 642 -

302 645 819 753 ἓίοέὲίριῖιῆίῘὲἓέίὶί
855 681 1123 753 ﬂosculus.

302 746 662 809 Ostendemus.
726 746 869 808 Eras.
933 764 983 809 et
1041 755 1169 811 6811.
1224 774 1312 813 os-

231 819 512 876 tendimus.

301 892 686 948 Ecertendum.
738 893 953 959 Claram,
1011 899 1313 956 vertendum

236 960 380 1017 Voss.
421 970 472 1018 et
500 963 647 1020 Pass.
684 963 1087 1024 decastandum.

306 1034 368 1113 At.
410 1034 749 1113 coopertum.
783 1038 989 1113 Fenard.
1048 1046 1306 1113 opertum.

304 1105 759 1175 Manifestcbitur.
841 1105 1087 1167 Ottobon:
1150 1114 1315 1169 mani-

230 1174 483 1245 [estetur.

300 1245 353 1301 5.
411 1246 691 1306 Ennaom.
744 1250 970 1308 Ctarom.
1041 1255 1306 1311 ennoiam.

302 1318 425 1444 ιξει
467 1320 820 1392 Unigenitum.
906 1323 1057 1387 Editt.
1157 1326 1310 1381 omit-

302 1404 312 1443 1
374 1406 442 1443 e.

222 1395 336 1443 tant
374 1395 442 1443 et.

293 1459 346 1514 8.
389 1458 567 1517 Voluit
614 1463 770 1520 enim.
813 1464 1031 1522 Claram.
1063 1475 1113 1523 et
1158 1467 1302 1526 Pass.

217 1529 393 1586 voluit
423 1539 621 1589 autem.

224 1600 345 1728 disc.
404 1602 706 1661 Dulcedine.
775 1605 993 1664 Claram.
1067 1608 1300 1665 dulcitu-

297 1742 612 1815 Conﬁrmat.
702 1745 917 1805 Claram.
1005 1758 1055 1805 et
1152 1751 1300 1810 Dom.

223 1815 521 1881 conﬁrmet.

295 1886 370 1942 Et
396 1886 598 1945 Horon.
638 1888 790 1946 Editt.
836 1891 1079 1947 omittunt
1121 1900 1190 1949 et.

296 1958 382 2014 14.
439 1960 568 2032 Per;
589 1960 898 2032 parabolas.
979 1961 1100 2019 Cod.
1156 1965 1299 2023 Pass.

217 2042 316 2098 per
326 2045 479 2098 para
487 2030 670 2087 bolum.

292 2097 367 2155 Et
394 2101 643 2160 Paulum.
702 2104 857 2161 Pass.
930 2103 997 2159 Et
1068 2107 1301 2165 Paulum

222 2178 422 2227 autem.

292 2239 412 2299 Iota
438 2250 488 2301 et
514 2244 646 2302 Eta.
688 2244 903 2302 Claram.
963 2254 1015 2302 et
1058 2248 1299 2306 Ottobon.

220 2312 381 2391 iotam
428 2322 476 2391 et
522 2325 677 2391 etamﬁ,
716 2325 767 2391 et
812 2317 884 2391 s_ic
908 2318 1055 2391 “alibi
1111 2320 1297 2391 passim

220 2386 464 2455 ejusmodi
525 2387 763 2443 vocabula
818 2388 1081 2445 declinant.
1111 2386 1125 2391 ⁷

292 2456 375 2510 17.
429 2457 505 2513 Et
533 2474 637 2515 non
686 2460 877 2516 solum.
939 2460 1091 2516 Editt.
1154 2462 1192 2516 E

362 2497 375 2510 .
429 2474 505 2513 Εἰ
533 2474 637 2515 non
686 2474 877 2517 satum.
939 2474 1091 2527 Mill,
1154 2474 1293 2519 Eras.

222 2524 351 2581 6811.
385 2536 435 2581 et
478 2528 691 2585 Feuard.
728 2531 966 2585 omittunt
1000 2536 1070 2588 et.

289 2598 427 2654 Cum
461 2601 668 2656 multa.
714 2601 838 2658 Cod.
906 2601 1101 2659 Claram
1178 2620 1291 2660 cum

218 2665 356 2757 Erasn.
392 2677 473 2757 et,
494 2670 627 2757 6811.
678 2689 795 2753 cum
834 2675 1043 2757 quando
1096 2674 1289 2757 multa.

288 2740 375 2815 18_.
442 2739 567 2799 Ideo
631 2743 780 2815 quia.
834 2739 1050 2800 Claram.
1118 2744 1176 2800 id
1235 2764 1291 2802 eo

214 2810 368 2881 quod.

283 2880 371 2966 2Q.
438 2882 583 2966 Quod
631 2883 999 2966 dereliquerat.
1072 2885 1289 2945 Claram.

213 2952 358 3023 quod
387 2953 699 3027 reliquerat.
806 2952 826 2956 “

253 3021 491 3104 ,ΒΨ-81η
543 3025 774 3084 timebat.
815 3024 1035 3085 Claram.
1102 3044 1294 3086 rursus

215 3095 266 3149 et
299 3095 532 3153 timebat.

281 3163 539 3223 Dominus
578 3173 783 3226 noster.
852 3168 909 3225 In
948 3169 1089 3229 editt.
1148 3171 1290 3228 Eras.

213 3240 262 3289 et
299 3235 426 3294 Gall.
460 3239 599 3297 deest
631 3246 823 3297 noster.

421 3309 549 3367 Non
595 3312 871 3369 scientem.
931 3311 1148 3370 Claram.
1192 3330 1287 3370 ne-

209 3386 482 3437 scientem.
680 3424 681 3427 η

272 3450 836 3541 337._‘Ampliﬁcatum.
900 3454 1046 3541 Voss.
1115 3455 1287 3515 inam-

199 3518 544 3645 pligcatumf
606 3518 617 3525 ’
986 3540 989 3541 ⁷

208 3660 246 3676 ἢ
316 3592 367 3647 8.
401 3592 675 3676 Alica-trum
713 3595 1008 3676 appellant.
1061 3596 1279 3676 Claram.

206 3660 351 3718 Pass.
397 3664 634 3723 Ottobon.
677 3672 729 3721 et
756 3660 898 3724 'édit.
940 3667 1081 3732 Eras,
1158 3668 1288 3723 dea:-

208 3737 646 3889 Μῖθπιέὶῃιίιεςξι11111Δ
679 3823 807 3889 esse.
862 3806 995 3863 Esse
1054 3809 1194 3866 deest
1231 3811 1283 3867 in

210 3890 332 3930 mss.
366 3878 561 3949 Anglic.
601 3884 652 3932 et
692 3879 911 3937 Claram.

368 3946 749 4027 βαιυαερνεζη.
785 3950 1004 4006 Claram.
1046 3950 1191 4006 Voss.
1234 3960 1285 4007 et

208 4017 327 4073 edit.
361 4018 527 4077 Oxon.
559 4019 633 4077 Et
654 4020 980 4079 Salaatorem
1018 4028 1207 4079 autem.

279 4087 368 4165 29.
401 4088 479 4146 Eo
517 4092 659 4163 quod
690 4094 824 4149 sint.
875 4091 1029 4149 Editt.
1062 4108 1120 4149 eo
1147 4093 1284 4165 quod

202 4164 599 4290 ω’ἷῖιὶιηεηιοάο.
631 4232 782 4288 Editt.
815 4234 1047 4292 omnino.

213 4372 223 4382 .
271 4301 361 4361 30.
397 4300 486 4359 Uti
525 4304 584 4360 in
612 4305 802 4361 nihilo.
864 4306 923 4361 In
952 4306 1101 4364 Pass.
1140 4303 1282 4361 deest

202 4388 365 4517 miti.
436 4444 679 4517 Auferet.
750 4446 949 4505 Claram
1025 4454 1076 4504 et
1134 4444 1280 4502 Pass.

204 4515 406 4585 aufert.
522 4515 529 4517 ἡ

277 4586 365 4645 47.
424 4586 705 4658 Agnoscet.
760 4588 981 4646 Claram.
1032 4597 1083 4646 et
1135 4591 1282 4648 Voss.

203 4666 653 4814 “amicae;
689 4709 905 4787 Claram.
974 4747 1281 4814 agnoscere.

277 4797 572 4874 (Pingitur.
599 4800 817 4874 Claram.
866 4797 1211 4874 conﬁngitur.

275 4871 479 4944 48τ⁷ΛΔ
515 4871 809 4944 discipulis.
860 4873 916 4930 In
954 4871 1072 4930 Cod.
1134 4875 1279 4934 Voss.

204 4947 254 4996 et
288 4942 407 4997 edit.
450 4940 613 4999 Oxon.
646 4940 795 4999 deest
832 4960 884 5000 a.

272 5010 344 5066 Et
407 5015 753 5070 terrestrium.
817 5015 959 5071 Eras.
1042 5017 1175 5074 Gall.
1233 5025 1285 5073 et

199 5082 417 5140 Feuard.
450 5085 691 5141 omittunt
715 5092 785 5143 et.

271 5154 359 5236 51.
426 5156 765 5228 Apparuerit.
825 5157 1049 5215 Claram.
1116 5175 1282 5231 appa-

199 5232 558 5382 Νἶξᾷγηίιέιηεε
650 5299 743 5357 eis.
815 5300 957 5356 Eras.
1037 5308 1088 5359 et
1152 5300 1287 5356 Gall.

203 5378 442 5426 omittunt
477 5378 571 5426 eis.

273 5438 360 5495 53.
431 5439 792 5498 Evacuatam.
850 5441 1003 5499 Editt.
1076 5457 1281 5501 uacua-

204 5516 609 5666 ωἲῖέσυςμννειτ
631 5582 794 5666 Editt.
826 5585 1076 5666 recurrit.

270 5652 359 5709 55.
411 5652 701 5710 Cucurbita
763 5661 949 5712 autem.
1008 5657 1067 5713 In
1122 5655 1272 5712 Voss.

196 5722 342 5778 deest
369 5728 563 5779 autem.

1501 406 1761 471 VARIE
1808 405 2249 471 LECTIONES.

1389 524 1586 582 Arnnd.
1620 524 2037 583 quater-nionem.

1465 596 1534 652 56
1626 596 1700 653 De
1771 597 1979 654 Acrato

1393 668 1632 722 omittunt
1671 676 1861 724 autem.

1463 737 1611 795 Eum
1666 740 1915 795 dicentes.
1962 739 2017 793 In

1394 809 1603 865 Feuard.
1637 810 1778 865 deest
1802 826 1933 866 eum.

1464 880 1601 935 Eum
1679 880 1903 953 Bytlton.
1986 879 2111 935 Eras
2215 881 2345 937 Gall.
2420 891 2470 936 et

1394 951 1613 1008 Fenard.
1645 951 1882 1008 omittunt
1925 967 2055 1005 eum.

1465 1024 1553 1079 59.
1625 1021 1693 1078 Se
1746 1023 1938 1080 dicere.
2004 1021 2149 1076 Eras.
2235 1031 2283 1078 et
2335 1024 2467 1081 Gall.

1393 1094 1630 1150 omittunt
1662 1109 1734 1149 se.

1463 1164 1551 1220 0‘2.
1610 1166 1909 1223 Dationem.
1968 1164 2161 1221 Arund.
2222 1164 2472 1223 danatiw

1391 1253 1528 1292 nem.

1462 1307 1552 1365 ΕΑ.
1584 1308 1799 1364 Dicent.
1838 1308 1985 1364 Pass.
2024 1308 2274 1365 dicerent.

1459 1379 1548 1433 67.
1621 1378 1726 1434 Nec
1769 1392 2100 1450 cognoscere.
2144 1379 2364 1436 Feuart‘.
2407 1398 2468 1435 ne

1387 1464 1714 1520 coyfnascere.

1459 1519 1565 1596 δρα
1591 1520 1908 1596 ne_quidem.
1969 1520 2111 1576 Pass.
2153 1522 2461 1596 seduneque.

1457 1593 1545 1648 68.
1640 1592 1709 1649 Et
1762 1592 1995 1665 ipsum...
2063 1597 2115 1649 et
2172 1594 2203 1651 λ
2250 1592 2460 1649 Feuard.

1385 1671 1507 1727 Gall.
1546 1681 1595 1727 et
1624 1672 1766 1728 Eras.
1802 1673 2043 1727 omittunt
2071 1678 2139 1729 et.

1454 1741 1594 1799 Illud
1627 1745 1766 1815 quod
1812 1748 1908 1815 est.
1965 1746 2152 1799 Arund.
2214 1745 2366 1801 Merc.
2408 1746 2460 1803 2.

1386 1829 1501 1869 cum
1574 1814 1712 1872 editt.
1786 1814 1908 1870 Eras
1991 1822 2042 1869 et
2114 1815 2241 1871 Gall.
2310 1817 2464 1874 illum

1385 1885 1523 1956 quod
1549 1893 1626 1944 est

1457 1957 1543 2012 71.
1619 1956 1692 2014 Et
1747 1957 2168 2028 dispositionem.
2202 1959 2256 2014 In
2316 1958 2457 2016 Eras.

1385 2026 1511 2082 6811.
1574 2028 1769 2085 Feuard
1804 2026 1854 2084 et
1919 2044 2041 2084 mss.
2075 2029 2216 2085 Pass.
2286 2029 2458 2087 Ottob.

1384 2098 1583 2154 Arund.
1616 2107 1666 2153 et
1697 2100 1850 2156 Merc.
1896 2099 1949 2155 2.
1978 2101 2119 2155 deest
2145 2108 2211 2156 et.

1457 2169 1545 2224 72.
1612 2169 1748 2228 Hinc
1785 2172 1968 2229 etiam.
2028 2170 2174 2228 Voss.
2237 2180 2286 2229 et
2312 2174 2453 2230 Dom.

1386 2239 1511 2295 hinc
1551 2242 1712 2297 enim.

1457 2311 1553 2367 74.
1598 2313 2066 2386 Adimpleoerunt.
2128 2315 2322 2372 Arund.
2358 2318 2459 2371 im-

1371 2381 1667 2452 pleverunt.

1452 2452 1537 2509 75.
1633 2455 1785 2511 Fecit
1864 2472 2161 2514 numerum.
2223 2455 2447 2515 Claram.

1375 2526 1597 2581 eonfecit
1620 2541 1764 2581 num.

1486 2596 1536 2650 7.
1598 2595 1869 2655 Recurrit.
1912 2598 2063 2653 Editt.
2134 2601 2451 2656 recucurrit.

1446 2666 1534 2722 78.
1574 2666 1988 2741 Figurationem.
2023 2668 2269 2739 Ottobon.
2309 2671 2448 2743 ﬁgu-

1374 2753 1505 2791 ram.

1372 2807 1573 2934 “Quis
1626 2811 1787 2867 enim.
1847 2812 1988 2869 Pass.
2032 2820 2091 2870 et
2148 2812 2293 2869 Voss.
2355 2815 2454 2887 qui

1440 2896 1530 2934 im.

1443 2952 1532 3006 81.
1571 2952 1882 3013 Aberrasse.
1959 2954 2179 3014 Claram.
2223 2964 2274 3013 et
2301 2956 2444 3014 Pass.

1375 3019 1663 3080 oberrasse.

1448 3094 1641 3220 glacies
1703 3095 1963 3154 undecim.
2041 3094 2186 3154 Pass.
2269 3099 2452 3157 novies

1448 3206 1449 3213 η
1490 3183 1552 3220 en
1585 3208 1595 3219 .

1375 3178 1576 3221 unaens
1585 3208 1595 3219 .

1443 3235 1531 3291 83.
1563 3235 1886 3295 Inciderunt.
1947 3238 2098 3296 Pass.
2131 3240 2424 3297 inciderint

1442 3306 1533 3364 86.
1615 3306 1687 3363 De
1715 3308 2042 3381 propheticis
2125 3319 2320 3368 autem.
2388 3313 2447 3369 In

1370 3376 1590 3454 Claram.
1647 3376 1785 3454 enim
1813 3376 1898 3451 pro
1950 3386 2175 3454 autem.
2205 3382 2449 3454 1110110-

1368 3446 1906 3533 δοπεςρτορὶξςέίελπο
1928 3452 2275 3533 maleﬁcia-

1437 3518 1967 3580 Et'similitudineni.
2011 3518 2153 3581 Dom.
2196 3531 2248 3583 et
2279 3524 2338 3581 in
2366 3528 2447 3584 si-

1369 3589 1752 3648 militudinem.

1439 3661 1528 3719 90.
1586 3662 1762 3722 Israel
1789 3668 1967 3721 autem
2030 3685 2124 3724 me.
2168 3667 2319 3727 Editt.
2362 3667 2442 3724 Is-

1366 3733 1479 3789 rael
1507 3750 1584 3788 me
1614 3742 1803 3793 autem.

1437 3817 1527 3875 91.
1568 3817 1643 3875 Et
1681 3826 1825 3877 tunc.
1860 3820 2005 3878 Eras.
2040 3822 2171 3880 Gall.
2210 3832 2260 3879 et
2309 3824 2443 3881 Fen-

1364 3888 1469 3944 ard.
1501 3889 1741 3947 omittunt
1779 3898 1847 3948 et.

1434 3970 1523 4026 92.
1559 3972 1634 4028 Et
1667 3973 1874 4032 discite.
1907 3973 1963 4030 In
2004 3975 2144 4032 editt.
2201 3976 2341 4033 deest
2368 3982 2439 4037 et.

1414 4040 1763 4103 Nesciebant.
1797 4046 2006 4118 ;Arnnd.
2054 4054 2106 4103 et
2157 4047 2300 4104 Voss.
2341 4065 2443 4104 non

1360 4114 1622 4171 sciebant.

1432 4197 1522 4253 94.
1584 4198 1943 4257 Descenderii.
1980 4201 2125 4258 Voss.
2154 4201 2441 4261 descendit.

1394 4267 1659 4396 “gigans
1692 4272 1855 4329 enim.
1915 4271 2153 4330 Ottobon.
2221 4274 2441 4347 quidam

1362 4357 1550 4396 etiam.

1433 4424 1523 4480 96.
1558 4424 1683 4490 Quae
1716 4426 1809 4483 sit.
1844 4426 1987 4484 Pass.

2055 600 2248 652 autem.
2319 596 2471 654 Editt.

2080 737 2221 794 Eras.
2256 739 2382 795 Gall.
2423 748 2473 795 et

2019 4446 2135 4501 quae
2162 4436 2259 4487 est.

1436 4494 1510 4553 Et
1545 4497 1741 4552 anima.
1775 4496 1914 4555 Eras.
1978 4494 2103 4557 Gall.
2146 4508 2197 4558 et
2223 4500 2436 4561 Fenard.

1367 4568 1604 4624 omittunt
1630 4573 1698 4625 et.

1438 4652 1527 4709 98.
1562 4650 1633 4707 Et
1692 4652 1839 4709 Deus
1868 4652 2035 4712 Isaac.
2094 4653 2246 4711 Editt.
2289 4655 2441 4711 omit-

1366 4732 1477 4779 tunt
1502 4732 1570 4783 et.

1436 4794 1784 4856 Charactera.
1858 4797 2013 4854 Editt.
2054 4796 2436 4855 characterem.

1434 4866 1525 4942 99.
1557 4868 1658 4923 Per
1685 4869 2094 4942 impositionem.
2148 4868 2306 4926 Voss.
2338 4870 2441 4924 im-

1360 4940 1646 5013 positione.
1681 4940 1789 4996 sine
1811 4958 1933 5013 per.

1435 5008 1713 5069 Scrutans.
1748 5008 1900 5068 Editt.
1931 5012 2251 5069 inscrutons.

1435 5079 1500 5157 _In
1537 5083 1779 5157 reliquis.
1839 5082 1980 5157 Eras.
2014 5083 2140 5138 6811.
2209 5094 2259 5139 81
2305 5083 2440 5140 Fen-

1365 5152 1469 5227 ard_.
1502 5160 1553 5227 et
1590 5152 1665 5210 ἐπ’
1675 5154 1905 5227 reliquis.

1438 5221 1618 5282 Initio.
1661 5221 1851 5282 Arund.
1901 5231 1953 5282 et
2014 5224 2137 5281 edit.
2172 5224 2342 5284 Oxon.
2381 5226 2443 5282 in

1366 5294 1544 5351 initio.

1440 5365 1740 5441 generaeit.
1780 5367 2024 5441 *Clarom.
2040 5439 2067 5441 ﬂ
2083 5368 2439 5441 generaverit.

1437 5436 1500 5492 In
1529 5438 1731 5510 quibus.
1777 5439 1918 5496 Eras.
1964 5436 2103 5496 6811Ῑ
2127 5448 2178 5495 81
2229 5439 2437 5496 Feuard.

1358 5514 1406 5567 et
1435 5510 1493 5565 in
1517 5509 1730 5567 auibus.

1433 5581 1566 5654 100.
1662 5581 1861 5654 Operas
1961 5582 2145 5653 justas
2247 5581 2438 5640 Arund.

1359 5667 1520 5725 opc_ra
1536 5653 1705 5724 justo.

1430 5723 1772 5796 Repromisit.
1861 5723 2076 5781 Claram.
2139 5732 2188 5778 et
2290 5724 2414 5779 Pass

267 5793 529 5869 Cucumis.
609 5794 828 5854 Claram.
880 5805 929 5851 et
999 5797 1152 5854 Merc.
1220 5797 1271 5852 2.
1353 5793 1624 5869 promisit.

193 5864 518 5921 cucumeris.

266 5935 751 6003 Quaternationem.

886 5937 1026 5996 Eras.
1147 5938 1273 5994 Gall.

1432 5867 1665 5939 Magius.
1700 5867 1887 5939 Arund.
1933 5866 2185 5939 magicas.

1432 5936 1643 6010 Maqiar.
1678 5938 1863 5993 Arund.
1910 5936 2147 6010 magica.

3478 414 3631 479 1862

2626 527 2963 585 Recurrerit.
3006 528 3203 587 Arund.
3270 532 3635 591 recucurrerit

2735 600 2856 655 101.
2918 600 3092 657 Dixit.
3140 599 3358 657 Claram.
3400 608 3450 657 et
3480 601 3626 661 Pass.

2554 675 3038 798 mbaemoniorum.
3107 742 3256 800 Editt.
3290 744 3624 803 daemonium.

2622 811 2900 869 Iuvenisse.
2941 812 3091 869 Editt.
3126 816 3473 873 adinvenisse.

2623 882 2817 939 Prima.
2900 884 3123 941 Claram.
3189 894 3238 942 et
3304 885 3448 945 Pass.
3507 890 3623 960 Ρνί·

2552 970 3023 1098 ὴαὺἲέροαὶιὶοηεω
3113 1027 3265 1084 hanc.
3336 1030 3393 1085 In
3479 1030 3623 1087 Pass.

2554 1095 2697 1151 deest
2712 1095 2886 1154 Ἱιαηυ.

2624 1166 2964 1293 Dissotveret.
3028 1172 3177 1229 Pass.
3220 1180 3271 1227 et
3308 1171 3458 1227 Voss.
3517 1174 3626 1230 sal-

2624 1254 2670 1293 re
2701 1284 2712 1293 .

2552 1254 2642 1294 ver
2643 1254 2695 1295 ετ
2701 1284 2712 1297 .

2575 1310 2765 1385 '_102.A
2840 1313 3161 1385 A/ﬁngentes
3268 1314 3463 1371 Arund.
3576 1324 3627 1371 et

2552 1381 2707 1456 Merc.
2739 1382 2791 1438 2.
2826 1381 3113 1456 alligent“.

2619 1450 2730 1534 Ima
2822 1450 3008 1527 moq'is.
3094 1456 3254 1512 Editt.
3371 1458 3476 1514 imo
3574 1464 3626 1517 et

2547 1538 2736 1595 magis.

2623 1595 2746 1654 103.
2812 1596 2894 1653 Ab
2964 1615 3039 1653 eo.
3126 1598 3343 1667 Quidam
3414 1616 3537 1659 mss.
3591 1619 3624 1656 a

2550 1664 2704 1793 Desit!
2737 1755 2851 1792 eum
2879 1738 3036 1795 Editt.
3066 1740 3136 1796 ad
3164 1740 3349 1799 Deum.

2619 1807 2741 1866 104.
2850 1812 3289 1871 Assentientibus.
3404 1813 3617 1874 Claram.

2543 1879 3009 1941 consentientibus.

2616 1951 2737 2030 105.
2757 1953 2862 2030 _qu_i
2896 1954 3185 2030 sint._Voss
3223 1957 3342 2030 qui
3365 1965 3510 2030 sunt.

2614 2020 2720 2076 Hoc
2749 2020 2906 2079 liabes
2935 2024 2994 2082 In
3034 2024 3180 2083 Pass.
3208 2020 3354 2084 déest
3394 2027 3509 2087 hac.

2614 2092 2805 2151 Odisti.
2838 2094 2987 2154 Merc.
3032 2096 3084 2151 2.
3127 2098 3263 2155 adis.

2613 2162 2731 2221 Odi.
2836 2165 2979 2224 Eras.
3085 2168 3217 2226 Gall.
3300 2171 3494 2226 Arund.
3568 2179 3620 2227 et

2544 2233 2695 2290 Merc.
2731 2236 2785 2290 2.
2830 2238 2971 2295 odio.

2621 2307 2740 2384 198.
2775 2305 3006 2384 __Raquel
3066 2308 3285 2384 Claram.
3353 2310 3612 2384 Raguhel.

2614 2376 2841 2435 Eleletlt.
2882 2376 3025 2438 Eras.
3087 2381 3218 2437 Gall.
3285 2390 3335 2438 et
3391 2376 3609 2440 FEuard.

2539 2444 2729 2505 Eleiet.

2611 2521 2731 2594 109.
2761 2519 2881 2594 lion
2902 2523 3137 2594 potuisse
3178 2538 3320 2580 eam.
3353 2524 3412 2581 ln
3460 2525 3606 2584 Eras.

2537 2590 2667 2648 Gall.
2698 2598 2750 2647 et
2786 2590 2977 2649 Feuard
3008 2594 3150 2650 deest
3172 2611 3304 2653 eam.

2605 2661 2755 2718 Sicut
2794 2663 3004 2721 dicunt.
3069 2665 3225 2724 Editt.
3276 2674 3338 2722 ut
3405 2666 3604 2725 dicunt.

2576 2731 2944 2814 .Cognouisse.
2979 2734 3122 2792 Pass.
3160 2744 3213 2792 et
3240 2737 3382 2793 Voss.
3449 2755 3610 2810 agno-

2535 2818 2687 2861 uisse.

2603 2877 2679 2932 Et
2708 2877 2839 2948 ipse.
2906 2875 2981 2932 Et
3034 2878 3174 2935 deest
3203 2879 3252 2935 in
3292 2878 3434 2936 Eras.
3476 2880 3604 2937 Gall.

2531 2946 2742 3002 Fenardl
2807 2947 2956 3005 Pass.
2999 2951 3189 3006 Arund.
3231 2958 3281 3006 et
3329 2950 3482 3008 Merc.
3550 2952 3605 3008 2.

2604 3016 2891 3101 Generavit
2914 3018 3114 3091 ﬁlium.
3157 3021 3213 3077 ln
3272 3024 3415 3078 Pass.
3466 3023 3608 3080 deest

2530 3095 2821 3160 generavit.

2608 3161 2732 3217 110.
2764 3159 3153 3221 Exsultantes».
3188 3163 3350 3221 Pass.
3373 3173 3426 3224 et
3453 3165 3601 3224 Voss.

2532 3233 2879 3290 exultantem.

2599 3302 2673 3385 ιρι
2723 3304 2963 3385 angelos.
3031 3303 3186 3385 Editt.
3255 3306 3491 3385 omittunt
3529 3316 3599 3385 et.

2600 3375 2981 3452 Participaret.
3031 3375 3181 3452 P_ass.
3227 3379 3600 3452 participarit.

2597 3442 2689 3517 Et;
2728 3442 2995 3517 pinguius.
3063 3446 3123 3503 In
3178 3442 3317 3504 editt.
3364 3442 3599 3507 et'Voss.

2527 3515 2739 3571 Arund.‘
2759 3525 2809 3572 et
2828 3515 2991 3576 Merc.
3023 3517 3073 3572 2.
3133 3518 3276 3576 deest
3301 3528 3368 3580 et.

2596 3585 2967 3661 Semetipsos,
3009 3588 3162 3647 Editt.
3224 3607 3337 3646 cum
3402 3593 3599 3650 Arund.

2526 3665 2576 3713 ct
2602 3659 2756 3733 Merc.
2788 3659 2870 3733 '2,
2891 3659 3110 3733 seipsos.

2595 3728 2753 3806 filiis
2784 3728 3224 3806 enimn—evertit.
3270 3732 3331 3789 In
3358 3733 3504 3806 Eras,
3549 3743 3601 3791 et

2526 3800 2664 3859 Gall.
2701 3802 2891 3858 omisso
2919 3801 3056 3867 suis,
3090 3803 3266 3860 vertit.

2526 3872 2721 3998 Vo1812.
2769 3872 2875 3930 Nec
2927 3876 3087 3930 enim.
3134 3872 3319 3932 Enim.
3358 3874 3502 3932 deest
3545 3877 3597 3933 in

2601 3959 2625 3997 s
2664 3984 2675 3996 .

2601 3959 2675 3997 SS.

2598 4013 2720 4071 113.
2757 4013 2979 4071 Timore.
3018 4012 3172 4071 Editt.
3204 4022 3453 4076 tremore.

2597 4083 2791 4143 Sumus
2840 4101 2963 4144 nas.
3033 4084 3142 4143 Nos
3177 4086 3317 4144 deest
3347 4090 3399 4145 in
3451 4089 3597 4149 Eras.

2527 4155 2657 4212 6811.
2689 4158 2861 4213 Arnnd
2913 4164 2965 4212 et
2990 4157 3150 4214 altero
3177 4159 3333 4225 Merc.

2521 4226 2861 4352 “adduxit.
2904 4229 3127 4288 Claram.
3167 4236 3218 4284 et
3269 4230 3411 4287 Pass.
3461 4247 3597 4303 per-

2560 4300 2699 4355 usit.

2595 4370 2716 4445 116.
2753 4368 2849 4427 Est
2896 4370 3120 4445 aliquid.
3160 4369 3235 4445 _In
3290 4371 3411 4445 edit.
3446 4374 3589 4432 Eras.

2522 4439 2652 4495 Gall.
2707 4448 2759 4497 et
2813 4457 2939 4499 mss.
2982 4439 3198 4501 'Arnnd.
3250 4449 3303 4500 et
3355 4444 3512 4503 Merc.
3560 4446 3595 4501 2

2524 4511 2770 4568 omissum
2807 4520 2904 4570 est.

2595 4580 2705 4639 Hoc
2732 4598 2859 4639 non.
2892 4584 2950 4641 In
2979 4583 3156 4641 iisdem
3184 4584 3325 4642 deest
3352 4586 3469 4645 hoc.

2594 4651 2771 4711 Extra
2794 4655 3038 4727 ριποωο
3073 4672 3201 4715 esse.
3256 4655 3322 4713 In
3374 4658 3592 4719 Claram.

2523 4723 2665 4781 deest
2690 4723 2822 4784 esse.
3204 4756 3208 4761 α

2522 4793 2597 4868 _Et
2624 4795 2936 4868 pteromata.
2992 4797 3133 4856 Eras.
3190 4798 3317 4857 6811.
3380 4801 3592 4859 Feuard.

2524 4866 2666 4923 Pass.
2714 4876 2763 4924 et
2790 4871 2919 4925 alter
2946 4870 3105 4925 Merc.
3147 4869 3389 4926 omittunt
3413 4877 3481 4928 et.

2593 4940 2714 5021 1
2768 4938 2873 5006 Qui
2906 4955 3016 4997 non
3036 4948 3330 5021 possunt...
3360 4943 3590 5021 aliquid.

2521 5011 2837 5085 In__Clar_-om.
2902 5011 3124 5085 possint.
3175 5011 3229 5068 In
3264 5012 3412 5069 Voss.
3446 5011 3598 5071 ’deest

2523 5081 2748 5155 aliquid.

2597 5152 2720 5209 113.
2778 5152 3093 5211 Enarravit.
3146 5152 3289 5211 Eras.
3351 5154 3481 5213 Gall.
3541 5162 3593 5212 et

2524 5224 2751 5281 Feuard.
2788 5226 3059 5282 narravit.

2599 5296 2720 5351 119.
2764 5293 2890 5352 Haec
2918 5304 2967 5352 et
2998 5297 3148 5369 facta
3176 5301 3316 5353 sunt.
3360 5296 3417 5353 In
3448 5296 3589 5353 editt.

2528 5367 2676 5424 deest
2712 5371 2784 5424 et.

2566 5375 2676 5422 eest
2712 5371 2784 5424 et.

2597 5438 2788 5495 Alteri.
2849 5438 2991 5494 Eras.
3038 5437 3169 5495 Gall.
3200 5453 3314 5495 cum
3369 5438 3595 5499 Claram.

2524 5509 2720 5567 Arund.
2755 5516 2805 5563 et
2843 5509 2996 5565 Merc.
3022 5508 3079 5567 2.
3110 5508 3302 5566 altera.

2601 5580 2726 5636 120.
2770 5580 3122 5637 Abscindere.
3168 5581 3321 5637 Merc.
3380 5582 3417 5638 2
3468 5582 3593 5641 abs-

2521 5650 2712 5707 cidere.
2747 5649 2888 5706 Eras.
2923 5659 2973 5706 et
3001 5650 3135 5706 Gall.
3173 5651 3435 5711 abcidere.

2592 5719 2664 5775 Et
2728 5722 2798 5778 si.
2864 5721 3007 5777 Eras.
3081 5721 3205 5777 6811.
3253 5732 3303 5778 81
3376 5724 3594 5781 Feu'ard.

2522 5794 2763 5849 omittunt
2790 5798 2859 5849 et.

2520 5948 2550 5991 ϐ
2581 5863 2792 5988 ‘LOcum
2839 5862 3134 5920 ostendere.
3165 5862 3297 5919 Edit.
3337 5870 3389 5921 et
3423 5866 3596 5923 locum

2549 5949 2575 5991 s
2609 5980 2619 5989 .

2549 5949 2619 5991 ﬂ.
