4044 6450
274 382 293 442 1
308 380 426 444 869

258 519 520 573 statores.

339 584 397 641 P.
446 584 571 658 2H5.
630 585 763 653 Quae
1095 587 1335 658 fuerant,

268 656 402 729 Quia
435 700 468 729 ._.
504 657 745 729 fuerunt.
804 657 855 713 ln
914 657 1034 715 Feu.
1089 656 1249 729 marg.
1289 667 1341 714 et

266 726 527 801 Voss._lti_
538 726 755 801 Clarum.
768 743 923 801 qua.
938 772 971 784 ..
1003 726 1245 801 fuerunt.

339 797 463 853 217.
491 798 614 870 Ipse
684 797 858 856 dabit.
927 797 1138 858 ln'Er.
1206 800 1334 856 Gall.

269 867 399 925 Feu.
449 867 636 925 Arund.
671 878 720 924 et
750 870 906 926 Merc.
940 870 996 926 2.
1021 870 1262 927 donauit.

341 939 474 1006 Qum
510 950 589 997 est
623 957 687 994 ex
725 942 960 1010 Virgine.
1004 941 1159 999 Eras.
1199 941 1337 1001 Gell:

269 1008 396 1066 Feu.
435 1018 486 1066 et
519 1011 670 1066 Merc.
691 1010 748 1068 2.
780 1008 1023 1068 omittunt
1047 1018 1143 1068 est.

314 1080 540 1209 ideth
566 1082 884 1154 prcuidens.
932 1083 991 1139 In
1024 1083 1169 1141 Voss.
1207 1098 1341 1156 pro-

270 1167 454 1210 matus
461 1195 473 1206 .

342 1224 438 1281 Ea:
463 1223 683 1281 virtute.
726 1222 885 1281 Editt.
943 1239 1060 1280 cum
1112 1227 1196 1281 Ar.
1246 1225 1341 1282 0t-

272 1293 413 1348 thob.
452 1303 503 1349 et
530 1294 684 1351 Merc.
713 1294 769 1351 2.
800 1300 852 1353 et
880 1310 951 1352 es:
977 1295 1202 1352 virtute.

341 1364 467 1437 218.
530 1365 808 1437 Tanquam
862 1366 1139 1425 hominem.
1177 1366 1336 1424 Editt.

275 1450 403 1518 eum.
416 1436 573 1518 biero.
603 1436 940 1518 et’tanquam

344 1506 468 1580 219.
500 1505 565 1580 In
614 1523 676 1580 ea
714 1505 955 1580 epistola.
991 1509 1071 1565 Ea
1115 1511 1258 1566 deest
1288 1508 1339 1565 in

276 1576 413 1650 editt.
443 1586 494 1636 et
522 1576 758 1650 pluribus
785 1595 907 1650 mss.

344 1649 393 1707 Α
434 1648 595 1705 terra.
631 1648 775 1705 Voss.
807 1649 871 1706 de
894 1656 1069 1707 terra.

346 1717 421 1776 Et
458 1735 495 1775 a
521 1719 715 1777 Paulo.
748 1720 826 1776 Et
881 1720 1023 1776 deest
1069 1720 1122 1777 in
1177 1720 1262 1779 Er.
1291 1728 1341 1777 et

275 1790 425 1856 Gall.;
463 1808 495 1845 a
524 1790 575 1846 in
604 1790 747 1847 Voss.
788 1798 839 1847 et
868 1792 1021 1849 Mere.
1051 1792 1104 1847 2.

339 1861 525 1912 Adhuc
546 1874 683 1912 cum.
714 1864 805 1919 Ar.
850 1875 970 1912 cum
996 1862 1191 1913 adhuc.

344 1930 469 1988 220.
511 1936 582 1985 Et
604 1934 805 1983 tamen.
833 1934 906 1983 Et
950 1933 1092 1990 deest
1152 1933 1205 1990 in
1240 1931 1333 1990 Er.

275 2002 406 2061 Gell.
441 2003 543 2061 Feu
585 2011 636 2059 et
657 2004 791 2059 Merc
838 2004 891 2059 2.

346 2072 843 2133 Recireulationem.
910 2073 1043 2132 Clar.
1103 2083 1153 2130 et
1187 2073 1334 2130 Voss.

274 2146 824 2203 reeireumlationem.

343 2216 562 2273 Evenit.
596 2216 745 2272 Voss.
783 2217 952 2274 venit.

342 2286 759 2359 4dimplentem.
809 2287 976 2359 Editt.
1013 2287 1338 2359 impietatem.

346 2355 635 2431 Omnino...
665 2358 1049 2431 receptivatus.
1090 2355 1142 2414 In
1183 2358 1337 2431 Merc.

275 2428 328 2485 2.
360 2429 502 2486 deest
538 2430 769 2494 omnino,
785 2428 851 2484 ἐὶ
886 2436 1065 2489 exstat.
1115 2430 1344 2502 recaptip

271 2508 459 2557 vatur.

310 2571 428 2654 .Ab
460 2570 699 2628 inimico.
743 2569 895 2627 Mere.
928 2569 979 2625 2.
1020 2571 1087 2627 ab
1145 2570 1341 2627 inimi-

346 2713 527 2773 Lasus
550 2722 647 2769 est.
688 2711 852 2771 Editt.
888 2712 1043 2769 lassus
1063 2718 1203 2769 erat.

341 2783 467 2842 221.
535 2783 687 2851 Quod
737 2784 836 2839 sim
894 2783 1106 2853 dignus.
1174 2781 1332 2853 Editt.

270 2870 382 2910 cum
449 2856 585 2914 Mere
673 2854 728 2910 2.
830 2856 1104 2926 quoniam;
1192 2852 1335 2909 Voss.

272 2940 467 3054 W222.
521 2998 772 3055 Factum.
803 2996 962 3052 Merc.
1021 2994 1075 3049 2.
1128 3001 1179 3051 et
1244 2993 1339 3052 0t-

272 3067 549 3142 thobsesse
576 3070 799 3142 factum.

341 3135 631 3212 Liberatus
699 3138 895 3212 fuerit.
980 3135 1132 3193 Editt.
1220 3151 1335 3192 eum

270 3211 469 3269 Arund.
512 3211 779 3269 liberatus
814 3212 945 3281 fuit.

340 3281 465 3341 223.
486 3278 1065 3340 Nitidissimismﬂere.
1096 3279 1151 3335 2.
1177 3293 1334 3335 mun-

268 3352 558 3411 dissimum.

338 3423 514 3497 Neque
539 3439 704 3497 vana.
746 3421 959 3497 Arund._
980 3430 1148 3497 atque
1166 3434 1329 3497 uana.

338 3495 405 3552 In
422 3485 540 3553 'eis.
571 3495 641 3552 In
668 3495 809 3551 deest
836 3493 888 3550 in
920 3485 1070 3549 Erus?
1109 3485 1243 3548 Gell.
1285 3497 1337 3545 et

269 3566 422 3622 Merc.
462 3566 516 3622 2.

322 3582 422 3621 erc.
462 3582 516 3621 Ζ.

268 3637 426 3764 “ad
487 3636 812 3695 donandum.
855 3633 1014 3726 Editt.
1072 3632 1147 3693 ad
1203 3631 1337 3687 dan-

336 3777 463 3836 224.
495 3777 826 3848 Medietates.
850 3775 1064 3833 Feuard.
1097 3774 1147 3831 in
1169 3790 1331 3848 marg.

265 3856 315 3905 et
352 3848 486 3905 Clar.
519 3846 883 3905 mediatt'ones.

333 3919 570 3992 Per/icit.
601 3919 694 3976 Er.
727 3917 857 3977 Gall.
880 3918 1074 3976 Arund.
1102 3925 1152 3976 et
1173 3918 1325 3973 Merc.

264 3991 318 4058 ²’
333 3991 597 4117 dim;

297 4132 311 4145 _
333 4057 619 4118 Passiones.
666 4059 754 4116 lid.
790 4075 904 4117 cum
938 4057 1154 4117 Feuard.
1198 4075 1330 4132 pas-

259 4146 486 4191 sionem.

328 4203 452 4261 227.
523 4201 676 4260 Omni
738 4201 918 4259 modo.
994 4199 1146 4257 Editt.
1215 4215 1330 4259 cum

200 4340 203 4341 ν
267 4273 419 4331 Merc.
449 4275 504 4330 2.
541 4272 765 4331 omnino.

335 4346 621 4405 Nostrum.
689 4342 843 4401 Deest
921 4343 974 4400 in
1040 4341 1133 4400 Er.
1194 4343 1324 4402 Gell.

267 4417 455 4473 Arund.
491 4423 543 4472 et
563 4415 723 4474 Merc.
760 4415 815 4471 2.

339 4488 519 4545 Libro.
566 4488 621 4542 In
668 4483 889 4542 ErGall.
938 4482 1072 4541 Clar.
1133 4483 1328 4541 Arund.

267 4568 319 4620 et
346 4560 497 4616 Herc.
529 4558 583 4613 2.
609 4555 763 4615 liber.

340 4630 464 4686 228.
497 4625 882 4685 Existimavit.
910 4623 1109 4685 Arund.
1141 4625 1335 4684 existi-

264 4701 695 4844 mgf/libentia.
729 4768 855 4824 Mss.
889 4765 1266 4846 digerentiam.

334 4842 648 4894 Plasmam-
705 4837 917 4894 Feuard.
967 4853 1020 4893 In
1074 4848 1231 4909 marg.
1292 4843 1343 4895 et

266 4920 317 4970 et
340 4913 495 4969 Voss.
520 4911 922 4975 plasmationis.

328 4985 679 5034 Dominatur.
737 4981 871 5039 Clar.
901 4978 1053 5037 Voss.
1092 4984 1144 5033 et
1175 4977 1328 5035 Merc.

265 5055 316 5118 2,
342 5055 674 5109 dominetur.

329 5128 622 5177 Dominum
710 5124 978 5173 nostrum.
1073 5120 1328 5172 Nostrum

265 5189 406 5246 deast
426 5188 477 5244 in
521 5187 670 5245 Eras.
706 5194 757 5242 et
782 5184 909 5241 Gall.

331 5262 462 5312 Et..
522 5260 720 5308 autem.
798 5257 868 5306 Et
931 5252 1069 5309 deest
1115 5251 1168 5307 in
1234 5250 1327 5308 Er.

267 5330 397 5389 Gell.
430 5337 481 5385 et
509 5328 653 5394 Feu.;
686 5329 869 5378 autem
890 5323 942 5381 in
970 5324 1168 5394 Arund.

334 5402 537 5451 Vocari.
564 5392 686 5455 Feu.
736 5397 789 5454 in
855 5410 1011 5467 marg.
1056 5392 1189 5451 Clar.
1238 5393 1331 5450 Ar.

264 5479 315 5529 et
339 5471 491 5528 Voss.
534 5481 744 5521 vocare.

335 5542 461 5599 229.
510 5539 742 5592 Auribus
755 5539 989 5602 percipe.
1088 5532 1145 5591 In
1197 5533 1331 5593 Clar.

256 5615 522 5677 percipite

332 5686 534 5735 Sunt...
568 5684 662 5746 qui
699 5683 795 5731 est.
862 5679 1018 5736 Prius
1092 5675 1233 5733 deest
1283 5675 1338 5732 in

263 5753 352 5828 Er.
382 5754 514 5828 Gell.
577 5752 768 5828 Αζιιηά.
809 5757 860 5806 et
905 5750 1059 5807 Merc.

265 5827 423 5883 terius
479 5826 531 5880 in
600 5823 751 5882 Voss.
799 5829 1070 5892 utrumque
1125 5823 1177 5875 in

264 5909 396 5953 rom.

1573 358 1831 459 VARI}:
1880 346 2318 463 LECTIONES.

1492 525 1547 582 P.
1610 529 1728 589 229.
1788 531 1951 584 Verba
1978 532 2109 580 sint.
2144 532 2200 589 In
2264 534 2395 591 Clar.
2446 541 2495 588 et

1419 592 1550 652 Voss
1618 609 1764 655 sunt.

1490 671 1832 727 sermonibus
1884 674 2110 726 credetis
2169 675 2227 732 In

1420 735 1550 795 Gell.
1584 746 1827 804 creditis,

1480 811 1540 859 Si
1581 816 1765 879 Moysi.
1834 818 2090 875 Particula
2123 826 2172 871 si
2199 821 2389 875 omissa
2442 817 2492 874 in

1419 886 1779 947 posterioribus
1816 889 2035 946 Feuard.
2075 888 2218 947 editt.

1480 953 1553 1002 Et
1595 960 1829 1009 credunt
1888 961 2071 1014 multi.
2106 959 2266 1017 Editt.
2297 957 2421 1013 Feu.
2446 964 2498 1013 et

1420 1017 1583 1082 Oxon.
1616 1029 1849 1080 credunt
1869 1034 1921 1080 et
1943 1031 2107 1081 multi
2140 1030 2238 1088 Sed
2268 1029 2320 1084 in
2348 1028 2489 1084 Eras.

1423 1090 1585 1221 gina}
1631 1100 1826 1157 Arund.
1904 1111 1953 1157 et
2026 1102 2182 1158 Merc.
2261 1100 2313 1155 2.
2405 1100 2491 1155 de-

1486 1239 1557 1287 Εἰ
1600 1245 2020 1294 circumcisione.
2059 1243 2210 1301 Eras.
2260 1242 2391 1300 Gali.
2447 1250 2496 1297 et

1421 1301 1548 1365 Feu.
1619 1327 1733 1367 eum
1802 1313 1975 1371 Voss.
2073 1322 2125 1371 et
2213 1315 2349 1371 Merc
2433 1311 2489 1369 2.

1420 1388 1457 1425 a
1494 1382 1912 1434 circumcisione.

1496 1448 1595 1503 Qui
1642 1448 1694 1495 et
1734 1446 1996 1498 emebant.
2040 1447 2233 1506 Arund.
2294 1448 2347 1495 et
2400 1447 2492 1509 qui

1420 1516 1667 1568 emebant

1490 1579 1615 1635 230.
1638 1582 2086 1631 Accucurrerunt.
2116 1578 2278 1638 Editt.
2304 1592 2494 1631 accur-

1421 1652 1633 1703 rerunt.

1489 1712 1595 1764 Sed
1617 1716 1672 1763 et
1706 1712 2135 1764 adhortabatur.
2198 1711 2289 1770 Er.
2359 1713 2491 1773 Gal].

1420 1799 1535 1841 cum
1592 1783 1746 1841 Voss.
1807 1792 1857 1841 et
1915 1783 2067 1842 Merc.
2126 1784 2181 1841 2.
2258 1784 2496 1842 omittunt

1420 1859 1615 1982 “.233.
1662 1927 1943 1976 Prmteriit
1982 1925 2132 1980 Editt.
2221 1929 2490 1987 praeterit.

1489 1998 1614 2053 23L.
1671 2000 1800 2049 Sine
1844 1998 2029 2046 Patris
2052 1996 2399 2059 beneplacito.
2437 1999 2492 2054 In

1421 2067 1563 2123 cditt.
1618 2076 1669 2124 et
1720 2068 1865 2125 codd.
1905 2068 2093 2123 Arund.
2150 2075 2202 2123 et
2250 2069 2402 2125 Merc.
2435 2072 2488 2125 2.

1420 2140 1530 2259 :‘iési
1564 2155 1651 2210 pro
1676 2144 1795 2192 sine
1812 2154 1837 2197 ;
1875 2139 1925 2194 in
1955 2137 2150 2196 Arund.
2186 2138 2324 2196 bona
2374 2140 2493 2203 pla-

1497 2224 1549 2258 0.

1497 2224 1549 2258 0.

1480 2278 2144 2344 Indeterminabilem.|lid.
2169 2282 2494 2332 intermina-

1422 2350 1596 2401 bilem.

1486 2421 2046 2484 Cognominatis._lid.
2087 2424 2414 2484 cognomine.

1493 2482 1823 2544 Ιηεοαπέιωι
1905 2482 1997 2540 Er.
2073 2482 2206 2540 Gali.
2269 2483 2388 2541 Feu.
2447 2494 2497 2542 et

1424 2554 1579 2612 Mere.
1610 2553 1663 2608 2.
1698 2554 1931 2614 ἐριθίας.

1492 2627 1697 2675 Potest.
1729 2623 1822 2673 lid.
1848 2625 2040 2686 possit.

1493 2696 1607 2746 Sibi
1635 2694 1923 2769 elegerunt.
1958 2694 2017 2769 in
2055 2694 2189 2769 [ευ.
2245 2710 2410 2769 marg.
2446 2708 2497 2755 et

1420 2766 1573 2886 ngs.
1605 2764 1895 2831 elegerunt;
1954 2765 2005 2821 in
2053 2765 2206 2822 Merc.
2255 2766 2308 2821 2.
2355 2764 2496 2826 deest

1481 2911 1689 2958 Omnes.
1736 2910 1841 2958 Eos
1891 2905 2090 2971 additur
2152 2906 2203 2962 in
2253 2908 2395 2965 editt.
2444 2920 2494 2967 et

1418 2977 1571 3037 Mere.
1612 2978 1672 3034 2.
1710 2978 1761 3033 in
1792 2979 1870 3035 his
1909 2992 2048 3043 vero,
2091 2986 2146 3033 ut
2183 2978 2306 3034 etin
2340 2981 2484 3037 Eras.

1418 3057 1469 3105 et
1492 3049 1625 3106 Gall.
1657 3049 1797 3105 deest
1825 3060 2026 3098 omnes.

1483 3122 1850 3170 Generaverit.
1916 3118 1969 3173 ln
2022 3116 2107 3172 Er.
2168 3118 2298 3176 Gall.
2361 3121 2483 3179 Feu.

1415 3188 1569 3247 Voss.
1604 3205 1655 3244 et
1683 3190 1841 3253 Merc.
1881 3189 1935 3245 2.
1979 3192 2276 3249 generavit.

1485 3259 1609 3333 235.
1644 3263 1746 3311 Hic
1777 3263 1855 3309 est
1882 3262 2083 3310 autem.
2107 3260 2164 3316 In
2191 3262 2485 3333 quibusdam

1416 3329 1589 3387 edditt.
1622 3337 1670 3385 et
1695 3346 1823 3388 mss.
1861 3334 2023 3381 enim.

1484 3401 1694 3453 Revelat
1726 3405 1927 3467 autem.
1961 3404 2109 3460 Editt.
2159 3417 2274 3459 cum
2303 3404 2393 3462 Ar.
2437 3413 2489 3461 et

1414 3474 1566 3530 Merc.
1604 3476 1765 3523 enim.

1483 3543 1823 3619 236.__If‘ilios
1852 3548 1915 3595 ei.
1951 3547 2075 3603 Feu.
2126 3545 2179 3601 in
2219 3560 2376 3619 marg.
2438 3556 2488 3603 et

1415 3615 1568 3672 Voss.
1589 3614 1741 3676 ﬁlio!
1763 3617 1895 3677 eim-

1478 3686 1771 3737 Occidente.
1802 3689 1896 3737 Er-
1929 3686 2059 3745 Gell.
2093 3687 2217 3743 Feu.
2250 3694 2302 3743 et
2327 3688 2480 3745 Merc.

1414 3756 1467 3812 2,
1498 3756 1567 3806 ab
1591 3755 1879 3807 occidente.

1475 3828 1781 3877 Continere.
1807 3831 1873 3878 Se
1912 3827 2134 3885 additum
2169 3828 2223 3885 in
2257 3831 2401 3887 editt.
2436 3837 2487 3885 et

1410 3896 1616 3955 Anulis.
1648 3913 1748 3954 om.

1523 3974 1687 4018 scum.
1724 3967 1883 4019 Editt.
1920 3982 2078 4022 escas.

1480 4037 1607 4095 237.
1683 4026 2031 4103 Eﬂuyabitis.
2088 4039 2220 4098 Clar.
2289 4044 2375 4098 Ar.
2435 4049 2486 4097 et

1412 4110 1566 4167 Merc.
1607 4108 1659 4164 2.
1689 4111 1983 4173 fugabitis.

1481 4178 1784 4232 σοιιοσιιίω
1804 4186 1902 4232 θετι-
1938 4183 2088 4242 Erae.
2120 4182 2248 4240 Gali.
2282 4189 2332 4238 et
2352 4181 2479 4240 Feu.

1411 4252 1622 4303 locutus
1641 4254 1737 4301 est.

1483 4324 1614 4381 238.
1658 4329 2008 4392 Percipimus.
2039 4328 2155 4384 Vet.
2201 4326 2328 4385 Fcn.
2369 4327 2478 4384 cod.

1412 4400 1547 4460 Clar.
1580 4409 1631 4459 et
1661 4399 1814 4456 Voss.
1853 4394 2196 4461 Percipimus.

1480 4473 1855 4536 Etfactorem-
1890 4467 2093 4526 Desunt
2136 4469 2190 4524 in
2232 4467 2312 4525 Er.
2347 4467 2479 4527 Gali.

1414 4552 1465 4602 et
1493 4546 1646 4601 Mere.
1678 4544 1733 4601 2.

1483 4619 1638 4667 Una..
1689 4612 1855 4663 salus.
1886 4612 1999 4663 Est.
2028 4609 2223 4667 additur
2249 4608 2304 4666 In
2341 4608 2483 4667 editt.

1430 4693 1483 4743 et
1520 4688 1612 4744 Ar.
1641 4701 1701 4743 ac
1732 4686 1885 4741 Merc.
1919 4682 1973 4739 2.

1492 4770 1715 4820 Ducunt
1788 4766 2073 4817 hominem.
2154 4764 2250 4814 ild.
2319 4762 2489 4814 addu-

1779 4894 1938 4941 Merc.
1961 4889 2007 4937 2.
2034 4887 2313 4939 secundus.

1486 4969 1635 5019 Unde
1655 4967 1913 5029 abjectus.
1948 4964 2102 5021 Editt.
2134 4978 2248 5020 cum
2285 4963 2486 5035 Anglic.

1413 5040 1557 5091 unde
1577 5041 1629 5089 et
1651 5038 1905 5100 abjectus.

1475 5117 1678 5166 Deus...
1714 5112 1881 5161 dixit.
1924 5110 2008 5165 Er.
2059 5108 2186 5165 Gall.
2228 5122 2344 5164 eum
2398 5110 2485 5164 Ar.

1413 5193 1464 5241 et
1496 5184 1655 5244 Merc.
1696 5182 1748 5238 2.
1784 5184 2108 5231 Dominus...
2131 5179 2299 5228 dixit.

1477 5258 1718 5306 Patrem.
1829 5255 1999 5302 Tuum
2104 5248 2326 5305 additum
2434 5247 2487 5304 il

1415 5326 1612 5386 Arund.

1479 5411 1551 5460 Et
1579 5410 1799 5458 iterum.
1827 5404 2071 5458 Secundo

1418 5480 1566 5539 editt.
1596 5489 1647 5536 et
1666 5478 1867 5549 Anglic.

1487 5550 1613 5609 239.
1658 5544 2125 5601 Prt'enuntiantes.
2196 5544 2348 5602 Voss.
2405 5557 2489 5594 re-

1418 5624 1759 5675 nuntiantes.

1482 5683 1840 5735 Crederitis...
1876 5679 2222 5730 credcritis...
2289 5678 2343 5735 ιιι
2399 5678 2489 5733 Ar.

2291 674 2376 732 Er.
2445 682 2496 732 et

2150 5402 2373 5459 additum
2434 5402 2488 5459 in

1417 5828 1467 5878 2.
1503 5824 1898 5878 credideritis...
1923 5822 2171 5873 credetis.

1482 5891 1554 5939 Et
1589 5889 1649 5936 in
1669 5884 1833 5935 viam.
1860 5887 1933 5933 Et
1987 5884 2132 5941 deest
2210 5883 2262 5937 in
2338 5880 2489 5939 Voss.

3478 416 3633 478 4870

2648 532 2710 590 Ρ.
2747 535 2870 593 239.
2916 542 3037 603 Ipsa
3069 546 3341 607 temporis.
3375 549 3430 603 In
3475 550 3650 605 eodem

2577 600 2880 688 deesttpsa.
2908 600 2957 665 et
2984 600 3193 688 tempus
3220 600 3430 688 legitur:

2576 742 2612 798 2
2645 674 2767 727 Ulla
2795 679 2927 731 alia.
2956 674 3113 735 Nulla
3152 685 3204 742 in
3238 674 3332 745 Χῖ.
3394 700 3445 746 et
3492 692 3647 748 Merc.

2617 788 2878 880 .Vcspere.
2946 825 3079 883 Clar.
3128 818 3381 890 vespera;
3426 832 3549 891 Feu.
3600 835 3650 890 in

2567 899 2737 1019 ﬂag.
2797 903 2831 939 a
2894 908 3141 958 vespera;
3212 899 3356 957 Voss.
3440 920 3477 960 α
3544 918 3652 955 ues—

2634 1023 2899 1077 Quoniam
2944 1032 3145 1086 autem.
3238 1033 3291 1090 In
3372 1038 3523 1093 Merc.
3603 1042 3649 1094 l.

2576 1095 2834 1154 quoniam
2876 1103 3023 1150 ante.

2646 1152 2759 1228 249
2803 1158 3107 1224 Aliquando
3146 1166 3490 1220 exhortante.
3556 1169 3648 1228 Ed.

2575 1239 2690 1280 cum
2720 1226 2869 1305 Voss.
2930 1239 2979 1286 et
3017 1233 3168 1292 Merc.
3232 1237 3283 1293 2.
3351 1226 3653 1305 aliquando

2572 1307 2702 1345 vero
2743 1300 3084 1353 exhortante.

2634 1361 2941 1422 Scriptura.
3052 1368 3207 1424 Editt.
3314 1389 3427 1430 cum
3496 1374 3647 1431 Voss.

2573 1428 2628 1475 et
2648 1434 2963 1493 Scriptura.

2642 1498 2817 1555 Super
2843 1497 3035 1548 multa.
3086 1500 3177 1557 Er.
3234 1503 3367 1562 Gall.
3434 1506 3551 1563 Feu.
3604 1518 3655 1564 et

2570 1566 2727 1625 Merc.
2770 1566 2821 1621 2.
2866 1579 3035 1629 supra
3073 1572 3270 1629 multa,
3424 1600 3429 1605 .

2636 1640 3009 1689 Annunttotm
3031 1642 3281 1699 sit.Editt.
3321 1662 3434 1702 eum
3476 1650 3569 1706 Ar.
3603 1656 3652 1705 et

2577 1708 2731 1765 Merc.
2765 1707 2819 1763 2.
2850 1715 3226 1763 annuntiatus
3244 1720 3341 1766 est.

2652 1780 2773 1835 1M.
2816 1781 2994 1830 Data.
3049 1783 3205 1840 Editt.
3239 1800 3360 1849 qua
3388 1788 3526 1840 data
3548 1796 3645 1847 est.

2640 1851 2749 1926 Per
2773 1855 3312 1926 pravaricationem.
3335 1859 3486 1917 Voss.
3509 1877 3648 1926 prce—

2576 1921 2942 1971 uaricatione.

2638 1991 2711 2040 Et
2744 1990 3069 2063 praedictam
3136 1997 3529 2063 pharisaicam,
3573 2002 3651 2059 E-

2573 2060 2684 2116 ditt.
2716 2075 2833 2117 eum
2858 2062 2990 2118 Voss
3040 2069 3383 2131 praedictam,
3416 2077 3471 2123 et
3509 2060 3648 2124 Pha-

2575 2132 2851 2182 risaicam.

2643 2195 2849 2255 Erga...
2902 2198 3211 2259 erga.Editt.
3290 2219 3404 2259 cum
3458 2211 3549 2264 Ar.
3600 2218 3650 2263 et

2575 2261 2728 2320 Herc.
2765 2264 2816 2320 2.
2842 2269 3050 2319 circa...
3076 2273 3239 2323 circa.

2638 2335 2834 2384 Simele
2861 2338 2959 2388 illi.
3001 2338 3216 2398 Clarom.
3250 2344 3427 2394 simile
3458 2347 3613 2398 illud.

2642 2409 2760 2456 Δία
2785 2406 3132 2461 docebantur.
3210 2415 3267 2471 In
3374 2416 3505 2473 Clar.
3600 2423 3652 2475 et

2576 2474 2725 2563 Voss.
2756 2477 3115 2563 ducebantur.
3148 2484 3244 2541 Sed
3272 2486 3325 2543 in
3358 2503 3483 2545 mss.
3546 2474 3651 2547 Ire?

2578 2562 2738 2619 quens
2750 2560 3091 2619 commutatio
3120 2569 3153 2610 ο
3182 2565 3233 2610 et
3256 2574 3306 2611 u.

2637 2618 2909 2703 senatus
2939 2627 3039 2674 ait.
3105 2625 3257 2683 Editt.
3299 2645 3412 2685 cum
3442 2632 3645 2703 Anglic.

2575 2689 2663 2737 ait
2686 2690 2881 2747 Isaias,

3510 2772 3626 2832 Clar
3637 2819 3649 2830 .

2648 2757 2773 2814 242.
2828 2767 3106 2828 Tanquam
3160 2772 3403 2831 teipsum.

2574 2839 2718 2887 sicut
2741 2841 2986 2900 teipsum.

2636 2909 2709 2958 Et
2739 2909 2898 2972 forte
2933 2923 3061 2960 non.
3115 2909 3246 2969 Clar.
3297 2916 3351 2962 et
3390 2917 3554 2976 forte
3600 2920 3647 2966 si

2573 2992 2703 3028 που.

2641 3050 2873 3100 Vende...
2920 3063 3151 3114 sequere.
3222 3053 3371 3112 Editt.
3401 3072 3517 3112 cum
3548 3062 3638 3115 Ar.

2570 3126 2621 3176 et
2654 3119 2809 3190 Merc.
2844 3122 3161 3190 prmmittunt
3194 3129 3266 3179 et.

2638 3188 3001 3265 Sequebantur
3029 3209 3159 3249 eum.
3198 3194 3250 3249 ln
3294 3194 3438 3253 Voss.
3498 3199 3642 3256 deest

2567 3276 2704 3319 eum.

2638 3333 2808 3388 Facit.
2841 3332 2992 3391 Editt.
3024 3334 3161 3390 facit.

2637 3403 2888 3481 {iu/erro.
2953 3403 3102 3463 Editt.
3144 3412 3195 3461 ct
3251 3422 3373 3463 mss.
3413 3409 3636 3481 quidam,

2568 3475 2777 3546 auferre
2788 3520 2794 3527 .

2637 3544 2761 3620 2_t3.
2794 3544 3358 3620 Ipsi._Eras._et_Gall.
3398 3549 3524 3620 ipse.

2636 3615 2885 3689 Esquirit
2914 3616 3070 3689 Deus.
3113 3618 3167 3689 In
3198 3618 3285 3673 Er.
3309 3615 3438 3675 Gall'.
3467 3621 3559 3677 Ar.

2568 3692 2621 3743 et
2641 3687 2795 3745 Merc.
2834 3687 2896 3743 2.
2942 3687 3084 3743 deest
3126 3688 3277 3747 Deus.

2637 3756 2700 3830 I_n
2734 3763 3007 3830 quantum.
3039 3758 3131 3815 lid.
3156 3761 3392 3816 omittunt
3428 3763 3503 3817 in.

2638 3827 2762 3884 241.
2834 3827 3175 3887 Permanere.
3243 3830 3324 3887 Er.
3398 3830 3529 3889 Gal].
3588 3842 3636 3888 et

2568 3899 2720 3957 ﬂere.
2756 3900 2806 3956 1.
2840 3915 3064 3957 manere.

2634 3971 2748 4027 Hoc
2810 3970 2996 4027 ideo...
3063 3973 3117 4027 In
3168 3972 3309 4028 editt.
3356 3974 3546 4032 Arund.
3586 3984 3635 4030 et

2566 4040 2719 4097 Merc.
2751 4040 2804 4096 2.
2849 4040 2978 4099 hate.

2576 4110 2781 4195 ...μιαά
2813 4112 3304 4185 eongregabuntur.
3344 4117 3399 4171 ln
3435 4117 3633 4184 iisdem,

2557 4181 2810 4395 ﬁdam
2847 4260 3045 4326 typum.
3082 4254 3218 4312 Clar.
3244 4257 3529 4313 secundum
3552 4266 3637 4331 ty-

2594 4392 2710 4516 tEt
2768 4410 2973 4452 rursus.
3034 4395 3186 4451 Editt.
3248 4413 3471 4457 rursum
3526 4399 3636 4456 sine

2564 4479 2639 4520 οι.

2632 4536 2981 4594 Smeubrum.
3019 4538 3165 4596 Voss.
3201 4540 3401 4596 saeculi.

2569 4608 2849 4734 vagoque.
2884 4605 2964 4663 Ita
3001 4611 3145 4682 quod
3173 4610 3224 4667 in
3267 4612 3387 4667 Feu.
3422 4620 3638 4685 marg.et

2609 4694 2715 4735 088.

2639 4746 2823 4826 liabet.
2882 4749 3032 4805 Editt.
3102 4761 3152 4805 et
3210 4768 3331 4809 mss.
3412 4755 3630 4826 quidam.

2569 4819 2782 4877 habeat.

2641 4890 3092 4963 concupiscent“.
3127 4892 3209 4949 Er.
3257 4894 3393 4950 Gall.
3421 4905 3472 4951 et
3498 4896 3627 4952 Feu.

2568 4962 2859 5032 cupientes.

2639 5032 2764 5089 2L5.
2796 5033 2871 5089 Et
2897 5048 3001 5086 non
3027 5033 3215 5090 solum.
3275 5036 3465 5091 Autem
3492 5035 3636 5093 addi-

2568 5109 2652 5158 tur
2683 5102 2734 5157 in
2765 5104 2907 5158 mlitt.

2638 5171 2761 5230 Hine
2786 5178 2977 5230 autem.
3012 5172 3163 5229 Editt.
3208 5177 3322 5232 Hoc
3353 5181 3555 5233 autem.

2644 5243 3387 5328 Tanquammisericordiam.
3413 5249 3634 5307 Claram.

2567 5329 2718 5389 quasi
2734 5331 2979 5389 Amasene.

2566 5385 2624 5527 ἑο
2625 5386 2702 5513 :8
2714 5386 2873 5458 foris.
2933 5385 3082 5441 Editt.
3125 5403 3241 5446 cum
3269 5390 3361 5447 Ar.
3395 5398 3446 5446 et
3483 5392 3635 5448 Merc.

2594 5471 2702 5513 ονὶδ
2709 5499 2720 5511 .

2637 5526 2766 5598 2‘6:
2796 5524 2909 5598 Ego
2940 5528 3222 5586 Dominus.
3258 5529 3405 5591 Erus.
3439 5532 3573 5591 Gell.
3591 5540 3643 5588 et

2568 5598 2693 5679 Ἔαρ.
2716 5595 2971 5679 {Ignitum
3006 5598 3278 5679 Dominus.

2642 5668 2853 5726 Scilicet
2906 5672 3218 5728 consecrati.
3277 5672 3363 5728 Er.
3409 5672 3542 5733 Gall.
3592 5681 3645 5729 et

1249 5763 1336 5803 os-
1420 5754 1817 5807 credideritis...
1859 5750 2217 5801 credideritis.
2247 5747 2307 5806 In
2334 5748 2486 5804 Merc.
2572 5738 2697 5796 Feu.
2737 5739 2938 5795 scilicet
2965 5746 3016 5797 et
3053 5744 3370 5800 consecrati.

2645 5811 3028 5868 Conseruntur.
3080 5812 3201 5870 Feu.
3263 5814 3317 5871 in
3371 5831 3534 5888 marg.
3593 5823 3646 5871 et

2574 5879 2719 5938 Voss.
2759 5890 3110 5940 conservatus.
