4152 6368
477 376 544 442 11
1590 371 1631 439 S
1704 370 2061 441 IRENEUS
2102 366 2439 439 LUGDUN.
2488 368 2721 437 EPISC.
3778 372 3854 435 1‘2

471 515 690 577 Graece
743 526 824 575 ex
876 511 1117 575 Irenaeo
1174 505 1569 588 transcripsit
1622 505 2034 588 Epiphanius,
2067 520 2213 569 cum
2275 520 2439 568 nova
2495 501 3014 584 interpretatione
3066 502 3305 579 Latina,
3365 519 3565 585 eaque
3632 520 3853 583 parum

470 608 784 668 accurata.
828 602 1006 666 Unde
1053 599 1333 674 Gallasii,
1391 604 1458 662 ut
1509 598 1785 679 videtur,
1844 597 2179 663 consilium
2222 594 2361 669 fuit,
2397 611 2519 659 non
2579 599 2706 658 tam
2766 600 2836 659 ut
2880 594 3107 660 cultior
3156 600 3221 660 et
3276 595 3667 661 emendatior
3705 613 3853 677 pro-

467 697 632 762 diret
689 699 992 778 Irenaeus,
1024 711 1215 777 quam
1270 699 1342 757 ut
1397 692 1658 774 prolixis
1687 709 1766 756 ex
1795 690 2157 756 Calviniana
2192 687 2477 752 doctrina
2528 687 2696 751 notis
2744 687 2864 751 viri
2914 688 3296 753 sanctissimi
3352 689 3666 753 sententia
3724 690 3852 753 cir-

465 790 964 871 cumveniretur,
995 794 1060 852 et
1114 792 1402 852 veterum
1464 786 1785 850 haereseon
1852 783 2270 865 triumphator
2315 781 2635 846 reluctans
2666 781 2743 845 ad
2777 798 3005 846 novam
3060 782 3437 863 traheretur,
3493 788 3604 846 aut
3660 782 3857 845 male-

465 885 654 949 dictis
702 883 1105 947 laceraretur.
1135 880 1478 945 Gallasium
1534 878 1785 959 excepit
1827 881 2101 943 Joannes
2146 875 2419 951 Iacobus
2467 878 2772 955 Grynaeus
2829 892 2907 939 ex
2964 876 3185 940 eadem
3233 881 3426 957 secta,
3460 876 3573 957 qui
3619 892 3852 939 novam

464 975 690 1040 Irenmi
746 974 1052 1038 librorum
1101 972 1446 1037 editionem
1529 970 1790 1035 Basileae
1835 987 2001 1033 anno
2064 970 2207 1033 1571
2261 967 2530 1049 curavit,
2561 985 2598 1031 a
2625 968 3133 1049 praecedentibus
3165 968 3323 1032 nihil
3354 969 3691 1051 diversam;
3726 970 3849 1032 nisi

464 1068 636 1149 quod
694 1067 1017 1147 antiquam
1049 1065 1333 1146 priorum
1362 1064 1510 1128 libri
1540 1062 1729 1145 primi
1771 1063 2072 1144 capitum,
2101 1077 2245 1143 quae
2300 1063 2515 1125 Graece
2572 1060 2765 1124 refert
2821 1061 3232 1143 Epiphanius,
3268 1061 3847 1142 interpretationem

463 1162 747 1226 Latinam
801 1165 1042 1225 temere
1097 1157 1449 1239 sustulerit,
1511 1162 1583 1220 ut
1629 1157 1769 1220 Jani
1824 1154 2103 1221 Cornarii
2156 1152 2515 1219 versionem
2574 1153 3010 1234 substitueret,
3071 1154 3305 1218 omisso
3358 1160 3534 1218 textu
3605 1157 3846 1233 Graeco;

460 1270 753 1336 novaque
806 1252 1075 1333 singulis
1130 1251 1444 1333 capitibus
1497 1256 1893 1329 argumenta,
1955 1247 2157 1313 veteri
2207 1252 2457 1312 servata
2503 1246 2838 1328 divisione,
2902 1247 3336 1328 praemitteret.
3409 1248 3488 1312 lis
3547 1248 3846 1312 omnibus

462 1346 853 1412 emendatior
895 1360 1039 1425 quae
1087 1343 1403 1407 Francisci
1461 1341 1886 1416 Feuardentii,
1946 1340 2188 1405 ordinis
2246 1339 2595 1421 Minorum,
2652 1339 2719 1404 in
2775 1356 2950 1404 sacra
3005 1341 3325 1405 Facultate
3378 1341 3713 1405 Parisiensi
3743 1341 3851 1405 do-

463 1438 680 1520 ctoris,
712 1454 903 1518 opera
932 1442 997 1500 et
1039 1435 1275 1516 studio,
1308 1434 1583 1500 Coloniae
1603 1486 1618 1516 ,
1648 1451 1813 1499 anno
1848 1433 2025 1514 1596,
2062 1431 2319 1514 prodiit,
2349 1433 2588 1498 ibidem
2618 1450 2693 1498 ac
2721 1434 2979 1498 Parisiis
3009 1435 3311 1516 deinceps
3339 1435 3573 1516 saepius
3600 1451 3844 1499 recusa.

460 1535 544 1595 Ea
574 1529 742 1594 enim
773 1544 919 1610 quae
949 1527 1116 1609 typis
1150 1526 1408 1592 Nivellii
1437 1543 1602 1590 anno
1639 1527 1793 1590 1575
1822 1531 1887 1591 et
1943 1528 2097 1591 1576
2129 1526 2468 1609 prodierat,
2521 1544 2560 1591 a
2588 1529 2870 1609 priorum
2927 1528 3279 1592 editionum
3338 1530 3510 1593 vitiis
3567 1530 3844 1593 nondum

457 1624 609 1689 satis
658 1626 1007 1704 expurgata
1061 1625 1215 1686 erat.
1267 1623 1426 1686 Nam
1482 1624 1904 1702 prmierquam
1946 1619 2116 1700 quod
2148 1625 2393 1683 textum
2423 1620 2714 1684 Latinum
2762 1620 2841 1684 ad
2893 1620 3194 1702 Vaticani,
3225 1626 3289 1685 et
3322 1621 3553 1686 veteris
3582 1622 3844 1685 alterius

454 1716 712 1798 optimae
742 1719 909 1779 notae
950 1713 1188 1778 codicis
1231 1730 1351 1778 ms.
1410 1713 1599 1777 ﬁdem
1655 1717 2085 1795 comparatum
2142 1712 2438 1794 pluribus
2494 1712 2561 1776 in
2618 1712 2776 1777 locis
2828 1713 3127 1795 restituit,
3186 1713 3443 1777 lacunas
3497 1714 3841 1796 supplevit,

453 1826 528 1875 ac
569 1810 854 1891 quinque
911 1806 1247 1889 postremis
1305 1806 1450 1873 libri
1508 1807 1716 1888 quinti
1774 1806 2091 1888 capitibus
2148 1806 2458 1870 hactenus
2485 1804 2862 1870 desideratis
2917 1804 3115 1886 auxit;
3177 1804 3323 1870 libri
3385 1805 3572 1888 primi
3632 1806 3839 1888 priora

454 1904 677 1968 decem
732 1908 797 1968 et
853 1906 994 1967 octo
1024 1901 1254 1983 capita,
1302 1902 1384 1967 ab
1436 1901 1786 1982 Epiphanio
1831 1899 2151 1983 quondam
2198 1916 2277 1964 ex
2333 1903 2574 1964 Irenaeo
2627 1902 2845 1965 Graece
2874 1899 3210 1980 descripta,
3244 1900 3643 1982 aliorumque
3681 1904 3833 1965 Fra-

450 2002 857 2078 gmentorum
884 1999 1244 2061 Gmcorum
1269 2011 1347 2060 ex
1376 1995 1568 2058 variis
1614 1994 1981 2060 auctoribus
2034 1998 2363 2059 erutorum
2415 1993 2658 2075 copiam
2687 2010 2813 2059 non
2867 1994 3297 2075 poenitendam
3344 1994 3559 2059 verbis
3606 1994 3845 2059 Latinis

451 2087 741 2169 adjunxit
772 2134 790 2164 ,
842 2086 1148 2168 subjectis
1203 2087 1394 2152 etiam
1462 2086 1847 2152 doctissimis
1900 2085 2118 2151 Jacobi
2175 2085 2340 2149 Billii
2397 2094 2464 2150 et
2517 2087 2848 2150 Frontonis
2909 2086 3117 2151 Ducazi
3167 2087 3731 2151 observationibus.
3763 2093 3842 2151 At

451 2187 523 2246 ut
579 2179 892 2263 prioribus
946 2179 1304 2261 perfectior,
1336 2195 1455 2244 nec
1510 2179 1648 2260 ipsa
1702 2184 1915 2243 tamen
1955 2179 2237 2243 numeris
2287 2180 2583 2244 omnibus
2638 2180 2945 2262 absoluta,
2980 2180 3109 2244 imo
3139 2196 3255 2245 nec
3286 2182 3502 2262 paucis
3530 2199 3647 2246 nec
3676 2180 3841 2245 levi-

451 2273 572 2338 bus
627 2272 794 2337 vitiis
840 2272 1083 2337 laborat
1133 2271 1632 2337 Feuardentiana
1688 2271 1825 2335 haec
1866 2269 2082 2335 editio.
2123 2273 2201 2334 Ut
2258 2271 2428 2335 enim
2461 2272 2617 2336 nihil
2649 2274 2729 2336 de
2760 2273 2926 2337 notis
2953 2273 3220 2349 dicatur,
3254 2272 3520 2337 eruditis
3550 2273 3842 2355 quidem,

446 2372 519 2433 ut
572 2383 649 2432 ea
696 2371 850 2430 aetas
904 2364 1164 2446 ferebat,
1210 2364 1321 2429 sed
1355 2364 1802 2445 prolixioribus
1849 2368 1915 2427 et
1956 2378 1994 2426 a
2067 2364 2387 2443 proposito
2440 2364 2697 2445 longius
2777 2364 3265 2430 excurrentibus
3298 2415 3315 2448 ,
3379 2366 3665 2446 nihilque
3724 2372 3839 2429 aut

454 2476 679 2543 parum
725 2457 982 2523 omnino
1036 2457 1115 2521 ad
1172 2461 1382 2521 textus
1431 2456 1921 2522 elucidationem
1992 2455 2541 2539 conducentibus;
2590 2474 2736 2522 eum
2796 2459 2862 2521 in
2907 2457 3062 2522 locis
3107 2458 3272 2522 bene
3301 2458 3516 2522 multis
3546 2474 3662 2522 nec
3690 2458 3836 2521 feli-

447 2551 605 2616 citer
637 2547 934 2629 restituit,
966 2546 1281 2611 infelicius
1327 2546 1686 2629 explicavit,
1749 2545 1817 2609 in
1879 2543 2170 2626 pluribus
2219 2565 2298 2613 ne
2356 2550 2613 2630 quidem
2670 2551 2823 2632 quid
2884 2556 3097 2632 posset
3143 2556 3446 2635 expertus
3475 2559 3571 2616 est
3606 2573 3620 2615 :
3655 2552 3742 2615 ita
3770 2558 3840 2615 ut

446 2649 589 2726 post
645 2640 1047 2707 Feuardentli
1098 2657 1282 2705 curas
1340 2644 1638 2705 sexcenta
1693 2645 2127 2721 superessent,
2189 2641 2425 2721 quibus
2481 2644 2796 2708 medicum
2875 2660 3133 2707 manum
3188 2645 3513 2709 admoveri
3573 2660 3834 2708 necesse

446 2743 604 2819 erat;
648 2752 920 2820 quorum
950 2739 1160 2799 tamen
1202 2752 1327 2800 non
1360 2750 1557 2815 pauca
1585 2733 2049 2798 emendavisset
2081 2735 2242 2799 facili
2293 2736 2571 2819 negotio,
2604 2738 2655 2801 si
2689 2739 2939 2801 codices
2987 2754 3131 2801 mss.
3198 2738 3432 2819 quibus
3488 2754 3643 2803 usus
3696 2743 3825 2819 est,

440 2832 629 2914 paulo
684 2828 986 2895 attentius
1039 2828 1513 2893 consuluisset.
1591 2829 1819 2891 Omitto
1892 2827 2003 2908 qui
2060 2827 2123 2890 in
2181 2844 2257 2892 ea
2303 2830 2584 2895 editione
2633 2832 3074 2896 desiderantur
3132 2832 3539 2914 adminicula,
3591 2831 3827 2912 quibus

442 2924 698 2990 lectoris
750 2921 929 2987 labor
982 2921 1326 3003 minuatur,
1372 2920 1561 3001 eique
1622 2919 1722 2983 via
1777 2919 1855 2983 ad
1900 2918 2147 2985 facilius
2202 2921 2712 3005 investigandum
2770 2929 2835 2989 et
2884 2926 3351 3006 assequendum
3384 2926 3658 2991 auctoris
3686 2941 3827 2988 sen-

441 3035 582 3084 sum
631 3016 974 3084 muniatur.

518 3248 758 3314 Prodiit
786 3247 1041 3312 tandem
1068 3263 1236 3312 anno
1275 3243 1448 3326 1702,
1482 3241 1705 3308 Oxonii
1754 3241 1817 3305 in
1874 3243 2123 3326 Anglia,
2182 3262 2368 3327 nova,
2419 3249 2769 3314 accuratior
2797 3255 2862 3314 et
2890 3250 3241 3329 elegantior
3284 3265 3547 3329 operum
3597 3235 3817 3314 lrenaei

436 3341 657 3407 editio.
692 3340 904 3405 studio
956 3346 1023 3404 et
1069 3354 1264 3421 opera
1317 3337 1437 3400 viri
1487 3334 1817 3400 clarissimi
1875 3337 2136 3399 Joannis
2192 3340 2440 3403 Ernesti
2498 3341 2722 3421 Grabe,
2782 3344 3094 3405 variorum
3138 3341 3465 3422 ipsiusque
3522 3343 3687 3405 notis
3743 3343 3824 3406 il-

432 3437 722 3507 lustrata,
757 3437 821 3495 et
849 3431 1030 3494 novis
1050 3427 1442 3510 Fragmentis
1470 3427 1874 3509 locupletata.
1908 3428 2066 3502 Quin
2100 3445 2179 3492 ex
2232 3429 2372 3509 ejus
2419 3433 2743 3498 laboribus
2772 3451 2942 3517 saepe
2992 3434 3465 3515 profecerimus,
3527 3435 3821 3499 dissimu-

431 3528 677 3591 mulare
733 3543 849 3590 nec
919 3540 1256 3606 possumus
1313 3539 1430 3587 nee
1497 3523 1812 3586 volumus.
1872 3524 2047 3586 Hanc
2105 3523 2448 3589 editionem
2519 3527 2919 3591 commendat
2986 3533 3279 3609 typorum
3336 3527 3649 3607 elegantia
3682 3578 3698 3603 ,
3750 3528 3814 3591 in

432 3619 845 3702 exquirendis
898 3635 973 3684 ac
1030 3618 1407 3698 colligendis
1472 3618 1655 3682 novis
1716 3615 2107 3695 Fragmentis
2180 3617 2416 3681 Grecis
2470 3634 2595 3681 non
2649 3618 2994 3699 indiligens
3050 3636 3223 3699 cura,
3283 3625 3347 3683 et
3399 3620 3815 3684 emendandis

432 3713 590 3778 locis
645 3712 888 3795 aliquot
941 3711 1089 3776 felix
1147 3708 1531 3791 conjectura.
1587 3712 1824 3775 Verum
1880 3709 2050 3789 quod
2109 3708 2175 3773 in
2233 3712 2651 3776 Feuardentio
2715 3718 2779 3777 et
2840 3713 3109 3777 Gallasio
3166 3713 3432 3778 eruditis
3470 3714 3815 3796 displicuit,

432 3808 601 3874 idem
660 3807 795 3872 viro
852 3806 1200 3871 clarissimo
1256 3804 1562 3870 accidisse
1616 3804 1889 3886 quisque
1946 3811 2271 3882 agnoscet.
2332 3809 2487 3871 Nam
2543 3806 2739 3871 illlius
2787 3807 3079 3890 exemplo
3138 3806 3402 3873 meliora
3454 3824 3624 3889 saepe
3671 3826 3819 3872 cum
3877 3877 3880 3881 ,

442 3900 708 3965 vidisset
735 3898 1280 3982 probavissetque,
1328 3896 1641 3962 deteriora
1686 3902 1896 3959 tamen
1922 3900 2201 3971 secutus,
2238 3897 2516 3975 vitiosas,
2549 3904 2659 3962 aut
2687 3898 2900 3962 minus
2928 3915 3110 3963 sanas
3137 3899 3443 3965 lectiones
3488 3900 3819 3981 amplexus

438 4001 558 4068 est,
627 3994 835 4059 obviis
907 3998 973 4058 et
1049 3993 1279 4058 nativis
1334 3993 1400 4057 in
1486 3993 1835 4072 marginem
1904 3989 2198 4070 rejectis:
2272 4008 2345 4056 ac
2406 3994 2594 4072 longe
2672 3992 2873 4074 plura,
2924 4010 3115 4074 quam
3171 3994 3624 4075 emendaverit,
3686 3996 3821 4058 loca

432 4089 590 4155 feste
651 4094 944 4171 corrupta
986 4104 1065 4153 ne
1094 4088 1359 4153 tentavit
1414 4088 1696 4170 quidem,
1752 4091 1864 4150 aut
1918 4084 2104 4167 plane
2158 4085 2516 4150 infeliciter.
2580 4088 2920 4151 Sallasium
2975 4104 3122 4151 vero
3175 4086 3481 4169 imitatus,
3516 4088 3809 4151 Ecclesiae

432 4183 818 4263 Anglicanas,
852 4184 956 4247 cui
1004 4198 1073 4247 se
1115 4181 1423 4264 adjunxit,
1459 4183 1608 4246 dum
1669 4181 1883 4245 studet
1951 4178 2323 4260 impensius,
2358 4175 2566 4260 potior
2617 4179 2709 4242 illi
2767 4196 2918 4242 cura
2984 4180 3179 4244 fuisse
3232 4179 3504 4260 videtur,
3564 4188 3635 4244 ut
3685 4184 3814 4245 Ire-

433 4293 642 4341 naeum
692 4278 882 4340 etiam
930 4275 1201 4339 invitum
1255 4280 1320 4339 et
1378 4275 1792 4340 reluctantem
1844 4270 2206 4350 Anglicana:
2261 4278 2452 4336 sectae
2507 4273 2904 4358 adjungeret,
2939 4289 3126 4351 quam
3160 4277 3230 4336 ut
3262 4289 3423 4353 opus
3450 4274 3818 4353 castigatius

435 4365 613 4430 daret
668 4370 733 4429 et
782 4363 1217 4429 emendatius,
1264 4362 1427 4426 Hine
1483 4368 1575 4426 tot
1626 4369 1916 4427 notarum
1976 4364 2298 4429 fastidiosa
2352 4367 2705 4448 prolixitas,
2764 4372 2838 4430 ut
2896 4367 3214 4431 levissima
3274 4383 3547 4449 qumque
3604 4369 3815 4450 verba,

434 4459 785 4540 saepissime
840 4457 999 4522 nihil
1056 4458 1132 4521 ad
1196 4473 1332 4521 rem
1389 4455 1681 4520 facientia
1742 4456 2132 4537 distorqueat
2166 4480 2180 4521 :
2213 4460 2278 4522 in
2336 4459 2477 4522 aliis
2528 4476 2678 4523 vero
2747 4459 2926 4542 locis,
2961 4460 3221 4539 parcior,
3284 4461 3704 4538 Feuardentii,
3759 4468 3824 4525 et

433 4551 704 4616 aliorum
763 4550 951 4625 notis,
1003 4549 1213 4630 iisque
1269 4548 1449 4612 nullo
1520 4548 1771 4613 delectu
1829 4551 2065 4627 ascitis,
2122 4553 2412 4634 nihilque
2467 4553 2546 4616 ad
2632 4557 2843 4616 textus
2901 4554 3389 4633 intelligentiam
3446 4555 3819 4619 conferenti-

433 4645 625 4735 tibus,
689 4644 1007 4724 margines
1062 4642 1396 4709 inferiores
1442 4642 1755 4735 refercit,
1806 4643 2092 4723 proprias
2148 4661 2316 4719 suas,
2372 4647 2424 4709 si
2472 4662 2617 4727 quas
2669 4654 2839 4728 sunt,
2900 4647 3179 4711 eruditas
3226 4648 3396 4728 licet,
3431 4664 3575 4711 cum
3608 4655 3816 4713 tamen

433 4733 808 4801 eruditionis
855 4736 965 4799 illa
1017 4734 1303 4815 supellex
1382 4733 1461 4797 ad
1519 4734 1796 4797 auctoris
1870 4737 2248 4801 sententiam
2321 4740 2753 4805 illustrandam
2832 4758 3050 4821 parum
3108 4743 3449 4822 pertineat,
3508 4743 3815 4807 lectorum

433 4831 667 4909 exiguo
724 4829 931 4896 fructu
988 4827 1165 4891 auxit
1207 4824 1509 4907 majorem
1538 4827 1600 4889 in
1637 4827 1917 4891 modum.
1954 4830 2069 4895 Hic
2093 4835 2293 4909 taceo,
2327 4832 2498 4913 quod
2528 4832 2592 4895 in
2622 4832 3072 4897 Dissertatione
3117 4835 3396 4899 secunda
3428 4836 3822 4900 commodius

430 4921 962 5005 exponam,quod
1015 4919 1351 4985 Oxoniensi
1411 4918 1692 4985 editione
1741 4927 1988 4987 servata
2046 4926 2248 4990 veteri
2299 4926 2581 5007 quidem,
2643 4930 2883 4991 Irenaeo
2943 4933 3149 4992 tamen
3210 4927 3400 5007 longe
3454 4930 3820 5000 recentiori.

430 5021 495 5080 at
541 5017 755 5097 inepta
806 5031 1064 5096 prorsus
1124 5011 1402 5093 capitum
1461 5011 1761 5094 sectione,
1811 5014 2106 5081 lemmata
2177 5017 2498 5082 interdum
2543 5038 2652 5100 pro
2709 5021 2971 5086 arbitrio
3002 5021 3355 5103 sustulerit,
3397 5023 3818 5104 transtulerit,

428 5109 830 5191 dissecuerit,
889 5106 1309 5189 pluribusque
1339 5123 1466 5170 non
1499 5123 1641 5170 raro
1671 5106 1884 5185 simul,
1932 5128 2055 5175 non
2096 5112 2234 5177 sine
2277 5113 2607 5194 dispendio
2666 5115 2943 5195 plurium
2994 5118 3268 5197 capitum
3325 5115 3455 5196 jam
3513 5117 3818 5181 lemmati-

425 5203 549 5269 bus
616 5207 1075 5277 truncatorum,
1135 5200 1476 5289 congestis.
1556 5201 1655 5265 vel
1738 5201 1963 5266 iisdem
2024 5211 2134 5269 aut
2211 5211 2300 5270 ter
2373 5200 2683 5285 repetitis,
2756 5207 3188 5272 confusionem
3269 5211 3471 5286 magis
3542 5208 3809 5289 auxerit,

423 5313 614 5379 quam
647 5296 951 5361 minuerit
979 5294 1364 5359 clarissimus
1425 5294 1715 5360 Grabius.
1749 5297 1931 5378 Quid,
1965 5299 2135 5377 quod
2192 5302 2571 5377 Fragmenta
2614 5300 2828 5363 Graeca
2881 5301 3013 5365 suis
3068 5300 3329 5382 quidem
3373 5301 3531 5365 locis
3581 5318 3814 5383 oppor-

422 5395 578 5456 tune
644 5391 900 5472 inserta,
963 5388 1074 5454 sed
1143 5387 1230 5451 ita
1277 5387 1675 5452 incommode
1744 5389 2048 5469 disposita
2100 5391 2248 5472 sint,
2302 5397 2372 5455 ut
2424 5397 2731 5472 perpetuo
2790 5395 2965 5458 velut
3041 5395 3305 5459 circuitu
3379 5411 3493 5475 per
3554 5395 3814 5477 paginas

423 5481 721 5548 oberrare
763 5485 1098 5547 teneantur
1130 5479 1434 5544 lectorum
1466 5480 1658 5563 oculi,
1695 5480 1915 5545 incerti
1949 5499 2119 5566 saepe
2148 5501 2276 5567 quo
2321 5483 2467 5548 ferri
2512 5483 2837 5550 debeant?
2886 5487 3003 5551 Sed
3034 5487 3170 5552 haec
3198 5486 3357 5551 forte
3388 5488 3812 5570 typographo-
