4152 6438
318 522 380 586 13
1500 522 1570 584 Ι).
1619 520 1958 583 MASSUE’I

2047 509 2467 580 PREFATIO.
3607 520 3685 585 14

316 674 439 720 rum
497 656 673 735 culpa
722 661 838 735 est,
902 653 1151 735 quibus
1210 653 1397 717 etiam
1457 653 1522 717 id
1573 652 1890 733 imputare
1944 649 2277 731 debemus,
2309 650 2478 731 quod
2533 656 2706 716 tanta
2730 651 2815 717 sit
2841 651 3016 718 illius
3046 654 3349 720 editionis
3376 656 3441 721 in
3473 662 3682 722 trans-

314 748 544 812 marinis
591 747 955 827 regionibus
1014 747 1309 827 penuria,
1346 751 1437 821 ut,
1472 764 1617 811 cum
1650 763 1771 810 non
1820 744 1958 808 sine
1985 743 2260 833 maxima
2307 744 2701 828 difﬁcultate,
2757 747 3110 830 majorique
3159 750 3364 831 pretio
3423 767 3682 834 compa-

313 843 418 906 rari
474 848 693 923 posset,
754 859 888 906 eam
972 842 1178 922 prelis
1227 842 1361 906 suis
1416 840 1735 921 subjicere
1789 836 2246 903 meditarentur
2300 837 2667 921 Bipliopolae
2720 841 3109 909 Parisienses
3164 848 3234 909 et
3264 846 3684 913 Amstelatda-

316 952 562 1000 menses.
2962 970 2965 973 λ

390 1120 589 1196 Itaque
641 1115 794 1179 viris
845 1117 1140 1180 doctrina
1199 1122 1262 1181 et
1306 1117 1539 1197 pietate
1594 1115 1959 1196 conSpicuis
2008 1116 2215 1179 visum
2279 1119 2376 1181 est
2432 1132 2561 1180 non
2612 1116 2836 1182 utilem
2874 1121 3085 1204 modo,
3118 1123 3232 1188 sed
3261 1124 3683 1190 necessariam

317 1228 444 1275 esse
487 1226 696 1274 novam
756 1210 983 1273 Irenaei
1038 1210 1410 1291 editionem,
1461 1215 1617 1290 quae
1671 1212 1736 1272 et
1789 1213 2141 1274 accuratior
2185 1212 2375 1288 esset,
2422 1213 2486 1272 et
2540 1225 2578 1272 a
2629 1210 2964 1277 Catholicis
3000 1214 3309 1281 inoffenso
3354 1217 3518 1298 pede
3566 1218 3682 1283 de-

320 1304 470 1369 curri
518 1308 738 1385 posset.
776 1304 843 1367 Id
902 1304 1144 1368 laboris
1185 1321 1221 1368 a
1263 1303 1561 1385 quopiam
1613 1318 1650 1366 e
1699 1302 1932 1366 nostris
1972 1302 2208 1382 suscipi
2260 1301 2618 1383 cupierunt;
2669 1302 2789 1368 rati
2836 1304 3158 1390 videlicet,
3191 1323 3312 1373 nec
3339 1308 3682 1391 immerito,

316 1401 621 1470 lrenmum,
679 1397 1115 1477 Apostolicum
1168 1397 1350 1461 illum
1408 1398 1641 1476 virum,
1695 1394 2211 1460 Occidentalium
2261 1395 2612 1459 Gallorum
2661 1397 2907 1483 lat/men,
2960 1405 3034 1464 ut
3086 1407 3272 1467 voeat
3317 1402 3685 1469 Theodore-

310 1497 404 1553 tus
442 1489 512 1559 6.
568 1495 883 1571 tantaeque
937 1490 1341 1554 auctoritatis
1405 1488 1829 1569 scriptorem,
1913 1506 2041 1554 non
2103 1489 2332 1553 mereri
2409 1490 2620 1554 minus
2676 1506 2866 1571 quam
2938 1494 3244 1575 reliquos,
3300 1500 3373 1561 ut
3428 1496 3496 1560 in
3547 1496 3687 1577 ejus

304 1601 552 1664 operum
582 1590 867 1647 accurata
895 1583 1184 1647 editione
1244 1588 1455 1646 nostra
1510 1582 1876 1645 versaretur
1930 1580 2261 1661 industria;
2317 1585 2383 1645 et
2438 1582 2609 1661 quod
2655 1581 2719 1645 in
2780 1583 2923 1648 aliis
2977 1601 3106 1649 non
3138 1587 3505 1666 paenitendo
3533 1604 3687 1652 suc-

307 1695 502 1759 cessu,
537 1695 680 1759 quae
707 1694 786 1742 ex
814 1679 1310 1770 congregatione
1358 1682 1572 1741 nostra
1620 1674 2005 1756 prodierant,
2040 1672 2430 1770 editionibus
2462 1672 2825 1770 praestitum,
2845 1679 2966 1757 est,
2997 1676 3064 1770 in
3093 1677 3216 1741 ista
3243 1694 3525 1760 quoque,
3559 1696 3687 1744 non

307 1772 504 1834 minus
534 1787 795 1852 Operosa
821 1766 1015 1851 quam
1044 1770 1423 1849 necessaria,
1455 1772 1753 1849 praestare
1782 1783 2174 1831 conaremur.
2204 1766 2272 1829 Id
2324 1766 2519 1845 igitur
2548 1767 2761 1831 oneris
2808 1767 3178 1850 impositum
3234 1772 3416 1854 mihi,
3468 1774 3686 1838 detra-

305 1870 533 1928 ctatum
567 1864 821 1944 quidem
852 1864 1120 1943 diutius,
1153 1863 1322 1927 subii
1354 1859 1798 1935 tandem.Quid
1828 1875 1981 1922 vero
2031 1863 2333 1940 praestare
2362 1864 2626 1923 conatus
2657 1858 2911 1942 fuerim,
2961 1862 3182 1942 paucis
3210 1863 3685 1944 explicandum.

306 1955 445 2017 Tria
502 1953 657 2016 mihi
728 1952 1124 2034 potissimum
1174 1950 1530 2033 praestanda
1589 1965 1731 2014 esse
1786 1947 1979 2029 duxi;
2034 1952 2275 2012 textum
2326 1951 2665 2015 emendare
2712 1967 2787 2015 ac
2832 1952 3101 2033 pristino
3150 1955 3385 2040 decori,
3434 1964 3510 2023 ut
3553 1961 3690 2025 ﬁeri

304 2055 525 2131 potest,
581 2049 966 2124 restituere;
1029 2049 1329 2111 eumdem
1380 2046 1737 2125 illustrare;
1796 2058 1870 2106 ac
1939 2040 2201 2135 demum
2278 2059 2351 2105 ea
2405 2041 2617 2106 omnia
2667 2042 3023 2111 lectoribus
3095 2063 3318 2128 parare
3381 2050 3690 2135 subsidia,

228 2138 233 2141 ’
304 2143 534 2224 quibus
594 2141 767 2207 labor
821 2157 1042 2205 eorum
1100 2141 1442 2204 minuatur.
1510 2139 1601 2203 Ad
1660 2137 1938 2220 primum
1986 2132 2163 2215 quod
2218 2136 2464 2217 attinet,
2525 2152 2670 2201 cum
2719 2140 2977 2204 Graecus
3030 2142 3257 2206 Irenaei
3287 2146 3518 2228 textus,
3552 2132 3691 2211 ma?-

305 2237 466 2299 xima
521 2252 599 2299 ex
648 2241 841 2316 parte,
903 2240 1263 2315 temporum
1309 2233 1542 2314 injuria
1574 2282 1589 2313 ,
1652 2231 1895 2295 dudum
1954 2228 2270 2308 perierit,
2329 2246 2626 2311 unusque
2681 2230 2814 2296 fere
2890 2234 3165 2314 supersit
3216 2237 3500 2310 Latinus,
3561 2240 3695 2321 jam

306 2329 497 2414 instar
555 2327 909 2408 archetypi;
965 2328 1031 2389 in
1068 2328 1242 2390 hunc
1271 2343 1453 2389 curas
1482 2340 1706 2389 omnes
1736 2321 2001 2402 contuli,
2035 2326 2108 2385 ut
2136 2323 2716 2406 emendatissimus,
2768 2341 2961 2406 quam
3013 2326 3151 2392 ﬁeri
3204 2334 3470 2414 poterat,
3502 2338 3568 2398 et
3614 2335 3696 2399 ab

308 2413 610 2499 inspersis
666 2417 1063 2480 librariorum
1123 2416 1311 2509 culpa
1363 2415 1564 2509 naevis
1634 2414 2320 2509 abstersus‘prodiret.
2357 2418 2542 2480 Hunc
2569 2417 2646 2480 ad
2680 2434 2879 2483 novos
2926 2423 3056 2483 tres
3118 2436 3267 2485 mss.
3337 2424 3612 2509 codices,
3660 2444 3704 2491 a

309 2513 477 2574 nullo
536 2512 842 2574 hactenus
891 2508 1262 2580 recensitos,
1322 2507 1742 2571 attentissime
1811 2505 2018 2585 exegi.
2079 2507 2360 2572 Primum
2421 2525 2459 2574 e
2528 2509 2921 2575 Bibliotheca
2976 2510 3442 2581 Claromontani
3500 2505 3699 2583 Colle-

316 2605 400 2682 gii
452 2607 593 2667 Soc.
648 2605 797 2666 Jesu
854 2607 1207 2681 acceptum,
1282 2600 1589 2664 utendum
1632 2598 1791 2661 mihi
1842 2599 2113 2679 praebuit
2174 2602 2272 2665 vir
2318 2603 2748 2678 doctissimus,
2807 2605 2992 2685 cujus
3049 2604 3507 2675 humanitatem
3538 2628 3699 2676 nun-

309 2714 491 2778 quam
552 2712 679 2758 non
729 2693 969 2774 experti
1018 2710 1262 2773 sumus,
1297 2696 1369 2754 R.
1402 2691 1465 2756 P.
1510 2694 1785 2755 Joannes
1818 2691 2203 2772 Harduinus,
2237 2693 2452 2758 eidem
2487 2694 2900 2761 Bibliotheca),
2956 2694 3317 2778 praefectus.
3354 2704 3417 2765 Is
3445 2703 3702 2784 Optimae

312 2798 466 2854 notae
515 2789 739 2867 codex,
788 2804 931 2850 cum
983 2792 1130 2849 ante
1176 2802 1373 2849 annos
1425 2792 1497 2849 ut
1553 2784 1886 2848 minimum
1918 2784 2036 2849 800
2064 2788 2337 2868 scriptus
2395 2789 2508 2859 sit.
2591 2793 2753 2853 teste
2793 2790 3226 2856 eruditissimo
3291 2793 3420 2875 piae
3458 2812 3700 2862 memo-

315 2887 418 2949 riae
448 2888 517 2947 D.
546 2887 789 2948 Joanne
855 2881 1238 2962 Mabillonio,
1285 2881 1510 2961 perito,
1570 2880 1624 2943 si
1682 2880 1826 2960 quis
1882 2895 2188 2962 unquam,
2247 2882 2469 2945 talium
2524 2899 2739 2946 rerum
2798 2884 3201 2966 aestimatore,
3262 2888 3573 2971 omnium,
3624 2891 3704 2955 ad

311 2999 458 3063 quas
512 2980 756 3060 priores
815 2978 1129 3041 editiones
1195 2976 1368 3047 "actae
1423 2981 1593 3055 sunt,
1650 2976 1902 3040 videtur
1938 2973 2442 3055 antiquissimus.
2478 2973 2734 3037 Mutilus
2788 2978 2996 3038 tamen
3052 2980 3191 3058 est;
3237 2978 3476 3043 avulsis
3527 2982 3701 3045 enim

321 3073 646 3155 postremis
708 3071 874 3135 foliis
931 3070 1247 3151 pluribus,
1309 3069 1608 3133 extremis
1665 3066 1794 3132 fere
1852 3068 2072 3131 decem
2132 3068 2447 3148 capitibus
2501 3067 2867 3130 decurtatus
2924 3073 3137 3131 manet
3189 3069 3354 3135 liber
3409 3073 3702 3153 quintus.

320 3176 404 3234 An
458 3183 635 3247 casu,
662 3185 742 3229 an
800 3166 1156 3246 improvido
1216 3163 1394 3227 scioli
1451 3162 1807 3244 cujuspiam
1840 3162 1965 3240 (cui
1995 3162 2158 3225 forte
2187 3159 2587 3240 displicuerit
2616 3158 3110 3224 Millenariorum
3149 3179 3327 3227 error
3354 3165 3434 3228 ab
3462 3168 3705 3231 Irenaeo

317 3261 773 3343 propugnatus)
806 3259 938 3322 zelo
968 3257 1031 3320 id
1055 3256 1376 3338 acciderit,
1410 3256 1754 3320 obscurum
1786 3261 1902 3318 est.
1953 3257 2202 3317 Certum
2258 3257 2355 3317 est
2404 3251 2727 3331 integrum
2776 3251 2925 3316 olim
2976 3253 3172 3319 fuisse
3218 3256 3526 3333 codicem,
3557 3276 3705 3324 cum

320 3373 452 3437 pars
502 3353 790 3418 vicesimi
849 3352 1011 3417 sexti
1069 3351 1295 3432 capitis
1373 3352 1582 3414 adhuc
1648 3351 1944 3430 supersit.
2008 3352 2245 3413 Caetera
2316 3343 2616 3425 deinceps
2685 3345 2765 3409 ad
2820 3345 2969 3410 libri
3028 3346 3224 3412 ﬁnem
3306 3348 3707 3417 interierunt.

324 3449 475 3512 Hinc
528 3448 1082 3511 Claromontanum
1160 3443 1441 3508 codicem
1522 3442 1849 3506 diversum
1904 3458 2046 3506 esse
2097 3458 2134 3504 a
2182 3438 2682 3503 Feuardentiano
2761 3439 3166 3507 manifestum
3226 3443 3480 3509 videtur
3530 3465 3546 3511 :
3603 3446 3710 3511 hic

323 3543 486 3605 enim
540 3541 787 3619 integer
846 3538 985 3613 fuit,
1058 3536 1168 3601 ille
1224 3553 1377 3600 vero
1434 3536 1636 3599 multo
1695 3536 2108 3600 emendatior.
2170 3533 2446 3598 Alterius
2498 3532 2740 3598 codicis
2794 3534 3000 3599 varias
3046 3535 3354 3603 lectiones
3385 3543 3517 3604 toto
3542 3540 3710 3606 libro

322 3634 516 3715 primo
568 3638 633 3696 et
684 3631 1003 3712 prioribus
1050 3634 1192 3693 octo
1237 3627 1386 3692 libri
1441 3627 1705 3692 secundi
1763 3627 2078 3709 capitibus
2127 3626 2461 3692 Passeratii
2513 3642 2702 3690 manu
2762 3627 3111 3710 descriptas
3155 3631 3235 3694 ad
3289 3648 3466 3697 oram
3516 3634 3711 3698 unius

322 3725 689 3806 exemplaris
739 3723 1039 3787 editionis
1089 3718 1351 3802 Erasmi,
1414 3720 1494 3784 ab
1551 3736 1681 3812 uno
1738 3737 1774 3784 e
1825 3718 2158 3786 reverend.
2234 3721 2530 3785 Patribus
2584 3720 3012 3787 Dominicanis
3067 3723 3194 3787 vici
3249 3727 3310 3789 S.
3371 3729 3696 3812 Honorati,

320 3818 504 3898 hujus
556 3818 732 3882 urbis
766 3865 783 3897 ,
876 3814 1082 3878 amico
1164 3830 1305 3877 meo
1407 3811 1647 3893 accepi.
1710 3812 1870 3887 Quin
1919 3829 1958 3877 e
2016 3830 2135 3878 ms.
2178 3814 2420 3896 codice,
2483 3831 2688 3895 eoque
2748 3816 3148 3897 perantiquo,
3182 3834 3256 3882 ac
3305 3818 3488 3885 bonae
3517 3811 3708 3905 nota,

320 3918 381 3976 et
435 3929 473 3973 a
524 3910 1046 3989 Feuardentiano,
1085 3908 1563 3973 Claromontano
1593 3911 1659 3971 et
1698 3906 2000 3971 Vossiano
2032 3906 2284 3971 diverso
2331 3913 2645 3987 excerptae
2691 3907 2840 3989 sint,
2892 3909 3110 3973 nullus
3137 3910 3505 3991 ambigendi
3532 3915 3711 3979 locus

335 4004 483 4068 mihi
537 4009 655 4078 est,
690 4020 807 4067 nec
862 4002 1005 4066 aliis
1057 4002 1200 4081 erit,
1234 4000 1345 4082 qui
1373 4016 1480 4064 eas
1513 4016 1659 4064 cum
1686 3999 2085 4063 laudatorum
2116 3999 2405 4063 codicum
2456 3998 2839 4063 lectionibus
2869 4001 3277 4066 contulerint.
3310 4004 3460 4079 Quis
3490 4005 3575 4071 sit
3602 4006 3712 4071 ille

329 4100 546 4179 codex,
597 4103 661 4162 et
714 4097 826 4161 ubi
884 4112 1057 4160 nunc
1108 4095 1458 4173 delitescat,
1520 4093 1831 4158 hactenus
1886 4092 2368 4173 deprehendere
2424 4108 2551 4155 non
2608 4092 2824 4174 potui;
2858 4094 3159 4157 amissum
3193 4112 3321 4162 non
3348 4097 3508 4163 adeo
3537 4115 3712 4179 aegre

327 4190 571 4265 ferrem,
632 4190 686 4253 si
743 4194 1008 4254 caeteras
1059 4188 1264 4251 varias
1322 4186 1630 4251 lectiones
1674 4187 1756 4250 ad
1812 4184 1960 4249 libri
2020 4183 2118 4249 sui
2175 4183 2529 4263 marginem
2588 4187 2809 4249 notare
2865 4186 3251 4265 perrexisset
3292 4191 3707 4256 Passeratius.

326 4284 571 4347 Tertius
620 4283 816 4347 codex
870 4299 999 4363 quo
1064 4296 1221 4345 usus
1283 4295 1447 4355 sum,
1511 4295 1733 4344 recens
1787 4277 1865 4342 ad
1920 4278 2331 4348 chartaceus,
2394 4292 2595 4341 annos
2664 4277 3164 4358 quadringentos
3220 4295 3346 4345 non
3402 4283 3705 4367 excedit,

276 4434 281 4439 .
327 4392 439 4439 nec
535 4375 877 4456 posteriora
930 4374 1221 4456 quinque
1274 4373 1424 4437 libri
1482 4371 1693 4453 quinti
1744 4372 1950 4452 capita
2010 4371 2317 4440 continet.
2377 4373 2439 4435 Is
2502 4373 2718 4435 Romae
2771 4370 3130 4437 asservatur
3185 4373 3253 4437 in
3318 4374 3713 4443 Bibliotheca

320 4468 799 4535 eminentissimi
856 4467 1193 4532 cardinalis
1246 4466 1578 4546 Ottoboni;
1637 4482 1831 4547 quem
1887 4466 2151 4547 quidem
2198 4465 2297 4528 vir
2351 4464 2652 4545 optimus,
2701 4481 2776 4529 ac
2831 4466 2912 4531 de
2957 4466 3187 4532 litteris
3216 4472 3343 4532 tam
3373 4469 3539 4535 bene
3568 4488 3706 4538 me-

325 4561 483 4625 ritus
540 4564 611 4625 D.
668 4561 1069 4639 Bianchinus,
1128 4576 1243 4641 pro
1298 4558 1607 4638 singulari
1637 4558 1847 4622 suain
1877 4575 1993 4624 nos
2020 4557 2433 4638 humanitate,
2467 4552 2959 4622 communicavit
2988 4575 3134 4623 cum
3168 4563 3296 4623 RR.
3329 4563 3446 4626 PP.
3478 4564 3711 4630 domno

324 4655 661 4719 Guillelmo
692 4658 774 4718 La
830 4657 1041 4736 Parre,
1074 4651 1601 4733 Congaegationis
1648 4666 1883 4715 nosuae
1928 4652 1995 4715 in
2051 4651 2226 4716 curia
2280 4654 2561 4716 Romana
2605 4658 3010 4732 procuratore
3081 4654 3387 4737 generali,
3441 4655 3711 4738 ejusque

327 4750 496 4814 socio
554 4752 622 4813 D.
686 4749 943 4813 Claudio
1000 4749 1081 4813 de
1137 4747 1271 4828 Vic,
1354 4745 1467 4827 qui
1524 4743 1666 4824 ejus
1722 4744 2029 4811 lectiones
2084 4761 2199 4827 pro
2264 4760 2381 4810 sua
2455 4744 2850 4824 benignitate
2920 4744 3285 4812 describere
3351 4752 3418 4813 et
3470 4749 3550 4813 ad
3606 4767 3710 4815 me

333 4844 754 4909 transmittere
800 4842 1043 4924 dignati
1094 4845 1263 4906 sunt.

410 5031 479 5091 In
538 5025 894 5092 subsidium
944 5028 1351 5090 accesserunt
1400 5024 1446 5087 ii
1493 5022 1766 5103 codices,
1816 5021 2052 5102 quibus
2104 5022 2173 5086 in
2217 5022 2600 5089 adornandis
2625 5022 3012 5090 editionibus
3054 5024 3187 5088 suis
3229 5025 3329 5090 nsi
3363 5031 3512 5091 sunt
3581 5032 3714 5093 tum

329 5121 696 5187 Frauciscus
765 5118 1246 5191 Feuardentius,
1312 5124 1448 5182 tum
1508 5116 1897 5181 clarissimus
1960 5119 2234 5180 Joannes
2283 5120 2586 5181 Ernestus
2640 5116 2932 5190 Grabius,
2991 5133 3263 5197 quorum
3322 5119 3526 5184 varias
3579 5121 3715 5185 lec-

328 5218 530 5282 tiones
590 5218 669 5282 ad
726 5231 900 5281 oram
957 5213 1259 5279 editionis
1314 5229 1448 5276 suae
1506 5228 1633 5276 non
1690 5210 2101 5289 indiligenter
2130 5207 2427 5287 (Grabius
2478 5209 2855 5290 praesertim)
2890 5211 3423 5289 ascripserunt.Et
3451 5211 3715 5292 quidem

325 5317 601 5374 veterem
655 5310 860 5389 illum,
922 5324 1051 5388 quo
1098 5304 1560 5370 Feuardentius
1619 5320 1776 5368 usus
1829 5306 1949 5383 est,
2000 5302 2229 5365 frustra
2276 5301 2712 5383 quaesivimus,
2767 5314 2978 5381 neque
3032 5304 3249 5385 utrum
3302 5301 3581 5381 perierit,
3633 5319 3716 5367 an

326 5405 395 5469 in
447 5403 715 5485 alicujus
764 5401 1179 5466 Bibliothecze
1234 5398 1456 5463 forulis
1527 5397 1878 5475 delitescat,
1928 5396 2093 5461 scire
2134 5395 2480 5476 potuimus.
2514 5397 2671 5459 Sunt
2693 5394 2805 5476 qui
2836 5392 3200 5459 existimant
3239 5409 3387 5458 eum
3431 5393 3497 5458 in
3549 5395 3715 5462 Vos-

332 5499 412 5564 sii
466 5515 691 5563 manus
746 5494 1128 5575 devenisse;
1201 5493 1313 5558 sed
1372 5493 1682 5574 utiusque
1738 5491 2042 5556 lectiones
2092 5489 2465 5572 conferenti,
2540 5490 2828 5555 diversos
2878 5504 3023 5554 esse
3073 5487 3286 5552 statim
3361 5489 3714 5570 apparebit.

324 5593 529 5659 Alium
586 5593 876 5659 codicem
936 5590 1003 5653 in
1059 5587 1452 5654 Bibliotheca
1503 5586 1799 5651 Vaticana
1853 5591 2243 5651 asservatum
2297 5584 2450 5648 citat
2503 5583 2762 5649 Latinus
2816 5581 3124 5663 Latinius,
3178 5581 3516 5665 variasque
3544 5582 3720 5667 ejus-

400 5798 433 5851 θ
460 5798 853 5873 Theodoret.,
906 5792 1061 5872 Dial,
1099 5796 1159 5872 1,
1195 5807 1329 5874 pag.
1364 5790 1465 5856 33.
