4152 6402
461 411 537 476 15
1597 413 1660 477 8.
1707 412 2069 478 IRENEUS
2116 413 2437 479 LUGDUN
2486 413 2717 480 EPISC.
3781 422 3857 485 16

460 546 604 612 dem
635 547 940 614 lectiones
1004 545 1230 627 refert,
1280 552 1345 612 et
1373 552 1517 629 post
1562 563 1708 612 eum
1752 535 2250 629 Feuai-dentius;
2312 546 2424 611 sed
2475 545 2603 628 jam
2649 547 2715 611 in
2763 545 2873 611 illa
2903 547 3291 613 Bibliotheca
3321 549 3686 632 desiderari,
3722 558 3853 615 tum

447 642 633 707 exiis
661 643 772 724 qui
803 658 944 707 eam
974 642 1321 723 diligenter
1379 641 1882 723 perlustrarunt,
1917 646 2055 705 tum
2107 658 2186 706 ex
2233 640 2581 706 amicorum
2639 641 2870 707 litteris
2920 641 3160 724 accepi.
3217 645 3513 718 Quatuor,
3583 648 3650 706 ut
3701 644 3857 727 dixi,

453 749 606 803 mss.
637 733 970 799 codicibus
1019 750 1209 798 usum
1265 750 1336 797 se
1387 749 1528 798 esse
1568 734 1901 815 proﬁtetur
1947 732 2237 815 Grabius,
2281 733 2391 799 illo
2447 735 2743 800 nimirum
2802 735 2916 817 qui
2964 735 3158 799 Isaaci
3190 736 3398 800 Vossii
3448 737 3586 810 fuit,
3621 738 3855 818 optimo

449 826 668 891 codice
729 842 921 908 supra
969 827 1246 891 laudato.
1301 843 1493 908 quem
1553 825 2026 892 accuratissime
2083 843 2227 891 cum
2283 830 2628 911 exemplari
2669 830 3074 895 Feuardentii
3137 832 3414 896 contulit
3471 832 3853 913 Dodwellus,

446 919 725 1001 indeque
780 921 1076 985 collectas
1131 922 1335 985 varias
1393 919 1696 985 lectiones
1747 936 1890 984 cum
1954 919 2180 984 eodem
2228 921 2459 987 Grabio
2519 922 3053 1004 communicavit;
3111 924 3565 1001 Arundeliano,
3624 925 3688 988 in
3748 926 3850 988 Bi-

454 1011 772 1078 bliotheca
828 1013 1045 1095 Hegias
1103 1013 1423 1079 societatis
1474 1013 1742 1078 Londini
1794 1012 1924 1094 jam
1982 1019 2304 1081 asservato
2332 1063 2354 1093 ,
2412 1032 2602 1098 quem
2665 1017 3284 1098 quadringentorum
3341 1035 3650 1082 annorum
3709 1035 3848 1083 esse

446 1105 829 1188 arbitratur;
877 1113 943 1170 et
989 1107 1352 1188 apographo
1406 1106 1784 1170 variantium
1842 1106 2210 1185 lectionum,
2246 1124 2407 1189 quas
2457 1126 2495 1174 a
2541 1110 2710 1174 Josia
2767 1114 3047 1175 Mercero
3106 1111 3251 1175 olim
3311 1129 3347 1176 e
3397 1112 3648 1177 duobus
3694 1129 3843 1176 mss.

449 1198 802 1281 codicibus,
878 1201 1095 1265 nescio
1138 1201 1399 1281 quibus,
1459 1199 1549 1262 ait
1595 1199 1889 1269 Grabius,
1922 1204 2160 1278 emtas,
2206 1200 2375 1264 idem
2434 1199 2697 1264 Vossius
2753 1200 3125 1264 Dondwello
3168 1201 3617 1266 describendas
3648 1202 3845 1265 dede-

450 1301 566 1358 rat.
625 1292 752 1360 Sed
803 1310 1013 1375 neque
1067 1294 1360 1375 Grabius,
1424 1309 1636 1374 neque
1697 1293 1980 1368 Vossius,
2036 1310 2248 1376 neque
2300 1293 2464 1357 alius
2519 1294 2879 1375 quisquam,
2942 1298 3173 1375 praeter
3201 1296 3431 1360 Josiam
3466 1299 3839 1377 Mercerum,

443 1387 605 1452 duos
660 1387 804 1451 illos
865 1388 1121 1452 codices
1171 1387 1412 1452 vidisse
1464 1404 1534 1452 se
1590 1387 1768 1466 dicit,
1826 1401 1944 1450 nec
2003 1387 2118 1453 ubi
2169 1388 2301 1469 jam
2356 1390 2609 1452 exstent
2663 1388 2921 1451 indicat.
2980 1389 3143 1462 Quas
3173 1405 3321 1454 vero
3350 1403 3430 1453 ex
3480 1388 3845 1471 apographo

440 1480 633 1546 refert
677 1480 1045 1545 eorumdem
1106 1480 1314 1546 varias
1372 1480 1680 1546 lectiones
1727 1480 2017 1561 Grabius,
2073 1496 2290 1544 secum
2348 1478 2476 1543 illae
2519 1479 2682 1544 adeo
2720 1480 2786 1543 in
2816 1479 3114 1544 omnibus
3143 1479 3276 1546 fere
3305 1482 3736 1555 consentiunt,
3774 1486 3843 1545 ut

440 1588 520 1637 ex
571 1589 701 1636 uno
756 1577 821 1636 et
881 1572 1104 1637 eodem
1149 1572 1370 1638 codice
1424 1579 1741 1654 excerptas
1790 1588 1929 1637 esse
1961 1573 2319 1647 videantur,
2367 1578 2480 1637 aut
2535 1574 2755 1639 saltem
2818 1590 2895 1639 ex
2948 1577 3221 1651 duobus,
3254 1592 3524 1657 quorum
3575 1576 3737 1650 alter
3767 1592 3844 1639 ex

437 1665 636 1731 altero
680 1666 1040 1749 descriptus
1090 1667 1300 1750 fuerit;
1354 1672 1623 1749 uterque
1684 1685 1854 1747 vero,
1916 1665 1971 1731 si
2027 1665 2155 1730 duo
2211 1665 2360 1747 sint,
2390 1682 2471 1732 ex
2519 1667 2761 1732 recenti
2790 1668 3032 1743 codice,
3073 1685 3281 1752 eoque
3311 1685 3436 1733 non
3465 1669 3626 1733 adeo
3658 1668 3843 1733 bonae

439 1767 625 1825 noue.
655 1763 731 1825 Et
779 1761 903 1825 nisi
952 1778 1056 1825 me
1111 1762 1285 1827 fallat
1325 1761 1709 1842 conjectura,
1761 1767 1917 1844 puto
1969 1760 2458 1825 Ottobonianum
2514 1759 2799 1824 codicem
2856 1762 3151 1842 superius
3204 1766 3646 1842 memoratum,
3700 1778 3844 1826 esse

436 1851 648 1934 ipsum
703 1854 1168 1935 autograpbum
1223 1872 1301 1920 ex
1357 1871 1486 1936 quo
1538 1854 1817 1936 primum
1877 1852 2323 1934 transcriptum
2382 1852 2577 1918 fuerit
2630 1853 3090 1934 apograpbum,
3153 1859 3219 1920 et
3280 1871 3359 1918 ex
3432 1854 3553 1919 hoc
3617 1853 3836 1936 aliud;

434 1951 779 2037 utrumque
829 1953 980 2011 v‘ero
1052 1962 1199 2012 cum
1249 1946 1314 2011 in
1381 1948 1571 2013 Josiae
1626 1946 1889 2012 Merceri
1957 1960 2185 2037 manus
2241 1946 2593 2029 devenerit,
2626 1962 2742 2011 ceu
2800 1947 3064 2011 totidem
3109 1948 3393 2014 diversos
3448 1946 3703 2011 codices
3735 1948 3841 2011 ha-

435 2035 596 2101 buit.
649 2038 1058 2118 Quaecunque
1114 2038 1286 2104 enim
1342 2055 1421 2104 ex
1473 2037 1893 2103 Ottoboniano
1941 2035 2247 2116 leCtiones
2295 2038 2450 2103 mihi
2504 2041 2701 2103 Roma
2730 2039 3119 2105 transmissae
3177 2045 3352 2122 sunt,
3405 2038 3648 2105 eaedem
3706 2040 3838 2105 fere

432 2134 606 2212 sunt,
636 2146 797 2212 quas
851 2131 1121 2197 Grabius
1148 2149 1228 2197 ex
1260 2133 1513 2198 duobus
1556 2132 1685 2196 illis
1739 2122 2035 2196 Merceri
2050 2129 2380 2203 codicibus
2425 2131 2683 2212 allegat.
2737 2134 2937 2207 Quare
2995 2132 3144 2197 licet
3193 2150 3231 2197 a
3288 2132 3473 2197 nobis
3525 2131 3837 2197 lectiones

432 2222 690 2291 illorum
740 2223 927 2288 codd.
974 2225 1165 2289 variae
1212 2241 1291 2291 ex
1346 2224 1577 2291 Grabio
1634 2225 2069 2305 adducantur;
2142 2229 2351 2288 tamen
2414 2224 2543 2287 illis
2593 2223 2736 2305 plus
2791 2225 2940 2289 tidei
3005 2226 3352 2292 attribuant
3421 2242 3616 2307 quam
3692 2242 3835 2290 me-
3902 2256 3907 2261 -

428 2321 688 2382 reantur
738 2314 1087 2396 (merentur
1142 2324 1356 2384 autem
1412 2318 1763 2398 exiguam),
1819 2317 2095 2382 monitos
2160 2316 2427 2381 lectores
2479 2317 2691 2381 velim.
2753 2319 3217 2384 Arundelianus
3273 2319 3472 2384 codex
3542 2319 3837 2401 interpo-

429 2410 596 2478 latus
640 2410 838 2475 fuisse
892 2410 1148 2476 videtur
1195 2413 1332 2478 sive
1383 2430 1422 2477 a
1472 2411 1731 2478 librario
1781 2411 1942 2493 ipso,
1995 2410 2131 2475 sive
2184 2411 2264 2474 ab
2331 2411 2545 2493 aliquo
2604 2413 2991 2495 recentiori;
3052 2415 3222 2495 quod
3295 2413 3833 2479 verisimillimum

431 2496 736 2584 agnoscet
793 2503 1083 2585 quisquis
1137 2505 1423 2586 ejusdem
1483 2506 1792 2570 lectiones
1850 2503 2198 2584 diligenter
2276 2505 2704 2585 perpenderit.
2772 2506 2953 2569 Unde
3020 2511 3310 2588 superest
3394 2521 3562 2569 unus
3623 2506 3832 2571 Vossii

429 2599 652 2676 codex,
703 2599 886 2680 cujus
944 2603 1168 2665 nutare
1223 2616 1349 2664 non
1408 2599 1611 2681 possit
1668 2598 1845 2662 ﬁdes.
1910 2602 1983 2661 Et
2037 2613 2260 2661 revera
2334 2597 2580 2662 collatis
2635 2597 2923 2676 ejusdem
2971 2598 3354 2664 lectionibus
3409 2616 3555 2662 cum
3605 2600 3829 2667 Claro—

428 2690 767 2771 montanis,
826 2695 891 2755 et
947 2691 1027 2755 iis
1096 2709 1255 2773 quas
1304 2709 1383 2756 ex
1436 2691 1633 2757 veteri
1693 2707 1809 2755 suo
1863 2689 2084 2755 codice
2131 2690 2324 2754 refert
2388 2690 2868 2767 Feuardentius,
2926 2691 3259 2771 antiquum
3324 2707 3465 2755 esse
3509 2697 3575 2755 et
3633 2691 3824 2755 bonae

427 2788 595 2847 notae
640 2783 1070 2863 deprehendi;
1130 2785 1197 2847 in
1244 2801 1449 2866 eoque
1503 2782 1751 2848 caeteris
1805 2782 2142 2861 omnibus,
2188 2783 2299 2862 qui
2343 2782 2471 2863 jam
2528 2788 2890 2864 supersunt,
2950 2784 3333 2864 przecellere,
3382 2783 3552 2864 quod
3614 2784 3822 2866 solus,

426 2875 664 2941 Grabio
713 2880 898 2957 teste,
956 2876 1310 2958 posteriora
1364 2878 1649 2958 quinque
1720 2874 1867 2939 libri
1916 2875 2123 2955 quiuti
2182 2876 2386 2956 capita
2438 2876 2775 2940 contineat.
2835 2879 2965 2940 Nec
3016 2876 3281 2957 proinde
3337 2875 3656 2958 dubitavi,
3718 2878 3828 2942 ubi

424 2973 556 3034 tres
613 2969 792 3047 istos,
847 2970 1131 3036 omnium
1171 2971 1564 3053 antiquiores
1614 2974 1680 3034 et
1719 2969 2036 3049 meliores,
2087 2969 2554 3033 consentientes
2598 2969 2815 3045 habui,
2867 2974 3107 3033 textum
3167 2984 3386 3033 eorum
3444 2970 3827 3033 auctoritate

422 3061 781 3143 restituere,
840 3061 1123 3144 ipsisque
1162 3112 1179 3145 ,
1236 3064 1469 3145 spretis
1526 3063 1670 3128 aliis
1704 3112 1722 3144 ,
1777 3064 1856 3128 ad
1910 3059 2211 3127 amussim
2269 3062 2613 3133 adhaerere,
2680 3062 2802 3126 nisi
2859 3067 3108 3144 apertas
3165 3062 3589 3142 corruptionis
3642 3070 3827 3128 notas

427 3171 561 3237 prae
610 3171 680 3218 se
735 3155 1023 3220 tulerint.

500 3497 737 3574 Prata:
786 3514 936 3567 ws.
974 3496 1254 3574 codices,
1273 3497 1455 3564 edita
1504 3496 1917 3579 exemplaria,
1965 3492 2328 3576 antiquiora
2376 3489 2753 3573 praesertim,
2788 3492 3121 3556 consulere
3171 3508 3294 3556 non
3329 3490 3558 3573 piguit,
3605 3508 3819 3573 eaque

421 3588 917 3672 intendumwubi
949 3593 1388 3659 mss.codices
1441 3592 1543 3656 vel
1598 3589 1950 3673 depravati,
2014 3587 2114 3653 vel
2170 3585 2383 3650 minus
2440 3585 2575 3649 sani
2635 3602 2777 3652 esse
2837 3586 3237 3667 videbantur,
3292 3602 3668 3667 preponere.
3719 3589 3821 3651 Sic

417 3681 651 3759 factum
705 3692 776 3749 ut
833 3687 1055 3752 lrenaei
1113 3692 1359 3752 textum
1421 3684 1711 3767 plurimis
1765 3684 1976 3748 adhuc
2024 3682 2089 3746 in
2145 3680 2301 3746 locis
2365 3680 2465 3744 vel
2523 3681 2873 3746 scribarum
2933 3698 3043 3746 seu
3116 3680 3433 3760 imperitia
3495 3681 3817 3764 vitiatum,

419 3792 534 3857 still
572 3778 919 3853 .OSCitantia
971 3780 1357 3853 mutilatum,
1388 3779 1491 3844 vel
1549 3777 1895 3843 sciolorum
1947 3774 2212 3840 audacia
2267 3775 2751 3857 redundantem,
2783 3779 2895 3838 aut
2924 3774 3395 3855 interpolatum,
3426 3774 3822 3856 castigarim;

415 3869 649 3945 additis
693 3888 850 3953 quae
882 3872 1183 3947 deerant,
1212 3873 1476 3945 resectis
1530 3889 1677 3954 quae
1736 3869 2166 3951 abundabant,
2214 3876 2388 3934 recte
2444 3868 2762 3933 distinctis
2807 3885 2952 3950 quae
2986 3869 3148 3933 male
3179 3867 3582 3933 cohaerebant
3620 3871 3827 3935 :adeo

416 3969 490 4037 ut
551 3981 752 4045 pauca
804 3966 937 4047 jam
969 3967 1127 4032 mihi
1160 3982 1501 4050 superesse
1532 3966 1888 4045 videantur,
1941 3965 2013 4028 in
2070 3962 2306 4045 quibus
2365 3962 2655 4027 lectionis
2713 3962 3050 4026 difﬁcultas
3109 3961 3409 4027 lectorem
3469 3962 3672 4041 possit
3716 3980 3819 4028 re-

418 4059 680 4134 morari.
728 4059 844 4125 Ubi
896 4077 1051 4127 vero
1089 4061 1422 4126 manifesta
1479 4060 1598 4129 fuit
1642 4058 2099 4142 exemplarium
2151 4055 2538 4138 depravatio,
2575 4056 2736 4119 hanc
2769 4056 2868 4119 vel
2898 4073 2974 4120 ex
3026 4055 3261 4120 Graecis
3308 4055 3542 4135 verbis,
3582 4055 3641 4119 si
3672 4056 3827 4120 illu-

419 4169 560 4227 rum
614 4154 805 4237 copia
863 4156 1079 4239 fuerit,
1110 4158 1212 4222 vel
1269 4174 1346 4222 ex
1395 4155 1547 4223 aliis
1593 4156 1913 4239 parallelis
1960 4153 2139 4229 locis,
2196 4152 2265 4215 in
2320 4146 2558 4230 quibus
2603 4154 2942 4212 occurrunt
2987 4149 3206 4212 eadem
3265 4162 3523 4228 prorsus
3552 4152 3835 4229 repetita

420 4246 638 4321 verba,
702 4247 805 4313 vel
859 4266 939 4313 ex
992 4249 1377 4329 conjecturis
1435 4250 1695 4325 aliunde
1751 4249 1964 4330 certis,
1996 4246 2285 4312 adhibito
2345 4242 2534 4308 etiam
2597 4241 3105 4305 doctissimorum
3171 4242 3499 4305 hominum
3527 4245 3831 4325 consilio,

419 4339 760 4411 emendare
815 4358 943 4405 non
1001 4341 1315 4407 dubitavi.
1367 4343 1436 4407 Id
1500 4349 1712 4407 tamen
1767 4341 1993 4420 rarius,
2022 4345 2088 4404 et
2132 4343 2308 4403 tanta
2364 4336 2674 4414 religione
2735 4336 2962 4399 factum
3018 4341 3136 4417 est,
3171 4341 3244 4398 ut
3273 4336 3529 4415 vulgata
3601 4337 3825 4421 lectio,

419 4432 828 4512 quantumvis
890 4439 1110 4515 aperte
1165 4441 1481 4519 corrupta,
1517 4437 1594 4500 ad
1626 4453 1798 4499 oram
1859 4433 2009 4499 libri
2060 4435 2394 4512 servetur;
2453 4429 2687 4493 deinde
2715 4434 2885 4491 utea
2930 4428 3188 4493 licentia
3243 4429 3407 4492 intra
3459 4428 3831 4509 singulares

419 4539 630 4605 voces,
665 4529 731 4589 et
785 4541 911 4593 non
965 4531 1089 4591 tam
1136 4528 1341 4592 Latini
1389 4529 1781 4612 interpretis,
1833 4544 2020 4608 quam
2076 4521 2479 4589 librariorum
2539 4520 2726 4602 culpa
2771 4522 3141 4601 depravatas
3197 4519 3522 4596 constitit;
3580 4524 3663 4585 ad
3699 4525 3828 4587 du-

421 4616 557 4691 bias
612 4622 936 4705 nunquam
988 4623 1356 4702 pervaserit,
1413 4621 1603 4701 longe
1660 4622 1873 4684 minus
1920 4621 1997 4683 ad
2059 4618 2309 4696 integra
2365 4618 2677 4679 commata
2734 4614 2831 4676 vel
2886 4613 3178 4693 periodos
3223 4613 3546 4695 integras;
3584 4616 3833 4696 quibus

419 4721 634 4787 novas,
695 4709 895 4779 Graeci
952 4712 1165 4779 tenus
1222 4710 1322 4774 vel
1378 4711 1643 4775 alterius
1690 4708 2131 4791 cujuscunque
2210 4708 2492 4788 paralleli
2560 4707 2683 4771 loci
2745 4709 3119 4771 auctoritate
3187 4707 3572 4771 substituere
3648 4710 3834 4774 nefas

424 4800 774 4865 duxissem.
825 4805 903 4866 At
960 4802 1070 4866 ubi
1126 4804 1338 4867 sanior
1404 4805 1512 4868 ille
1584 4804 1764 4868 visus
1820 4810 1940 4877 est,
2003 4803 2065 4866 id
2119 4802 2480 4883 observare,
2540 4818 2894 4882 novamque
2954 4801 3561 4883 interpretationem,
3618 4806 3835 4869 veteri

417 4894 633 4958 Latina
680 4897 1130 4961 accuratiorem
1169 4946 1184 4967 .
1246 4899 1395 4962 dare
1449 4915 1659 4979 Operae
1728 4899 2001 4980 pretium
2066 4897 2265 4961 visum
2328 4902 2446 4971 est,
2492 4895 2599 4959 sed
2672 4894 2732 4957 in
2802 4894 3160 4958 inferiorem
3197 4893 3545 4971 marginem
3609 4900 3831 4959 trans-

417 4986 658 5069 latam;
730 4987 818 5051 ita
860 4993 938 5052 ut
995 4995 1178 5054 vetus
1237 4989 1426 5055 lectio
1483 4993 1703 5056 sedem
1773 4991 2343 5071 auctoritatemque
2397 5006 2573 5055 suam
2656 4990 2984 5053 retineret.
3031 4988 3248 5051 Varias
3282 5038 3297 5069 ,
3353 5004 3496 5068 quae
3553 4988 3839 5071 alicujus

417 5079 721 5155 momenti
776 5080 1006 5163 forent,
1036 5082 1343 5148 lectiones
1399 5084 1561 5147 infra
1605 5084 2035 5166 ascripsimus,
2093 5083 2386 5148 indicatis
2439 5084 2607 5148 unde
2665 5090 2934 5162 sumptae
2990 5086 3140 5145 sunt
3211 5083 3368 5146 codd
3430 5082 3491 5145 Si
3540 5085 3702 5162 quid
3752 5105 3833 5151 ex

416 5190 641 5249 eorum
702 5174 826 5243 ﬁde
876 5177 1248 5243 mutandum
1307 5180 1863 5261 supplendumque
1918 5178 2129 5241 visum
2183 5181 2304 5258 est,
2356 5179 2629 5241 lectores
2672 5192 2957 5255 monere,
2996 5175 3493 5254 mutationisque
3542 5181 3835 5245 rationes

413 5267 640 5333 afferre
688 5286 812 5337 non
870 5270 1293 5349 negleximus,
1344 5278 1517 5336 tanta
1575 5289 1721 5337 cum
1777 5273 2111 5352 religione,
2167 5276 2242 5335 ut
2302 5269 2649 5332 verendum
2681 5266 2759 5329 sit
2813 5284 2893 5330 ne
2921 5272 3144 5345 arguta
3196 5266 3459 5329 nimium
3494 5265 3835 5348 aliquibus

413 5361 745 5441 diligentia
788 5370 1000 5429 nostra
1057 5365 1365 5447 videatur;
1429 5369 1541 5433 sed
1598 5374 1852 5449 praestat
1910 5367 2016 5431 hic
2075 5364 2485 5446 diligentiam.
2508 5361 2773 5441 culpari,
2808 5377 2999 5440 quam
3056 5360 3424 5427 desiderari.
3462 5364 3555 5425 Ne
3605 5368 3830 5431 tamen

412 5460 621 5519 actum
682 5471 1042 5542 ageremus,
1103 5458 1393 5539 priorum
1453 5460 1800 5526 editionum
1858 5465 2069 5525 errata
2116 5459 2350 5534 omnia,
2412 5472 2555 5537 quae
2601 5457 2730 5535 jam
2781 5460 3139 5519 correxerat
3190 5456 3677 5541 Feuardentius,
3729 5479 3827 5527 re-

416 5547 700 5627 vocanda
746 5565 899 5619 esse
948 5567 1080 5619 non
1130 5552 1495 5632 putavimus
1544 5576 1559 5619 :
1615 5571 1804 5619 unam
1871 5552 2438 5620 Feuardentianam
2496 5549 2868 5631 editionem,
2900 5564 3045 5630 quae
3072 5549 3357 5614 omnium
3390 5550 3695 5617 manibus
3724 5560 3829 5621 te-
