4152 6392
341 352 416 419 t7
1581 370 1654 433 D.
1701 348 2079 432 MAsso‘sTI
2121 368 2548 436 PRIEFATIO.
3696 350 3769 442 is

330 477 626 559 rebatur,
693 483 1010 546 emendau
1034 484 1189 547 dam
1248 501 1391 551 esse
1449 487 1838 569 censuimus;
1871 487 1951 550 iis
2017 487 2323 551 duntaxat
2376 492 2729 559 observatis
2812 501 2876 559 et
2954 496 3119 560 inter
3188 497 3390 561 vat-ias
3468 498 3771 569 lectiones

334 570 703 654 recensitis,
765 593 912 655 quae
969 575 1034 638 in
1086 577 1233 639 aliis
1291 577 1680 645 editionibus
1739 579 2058 662 praecipua
2111 582 2176 641 et
2231 579 2481 646 saniora
2537 601 2681 649 esse
2744 586 3141 652 videbantur.

418 666 595 760 Non,
636 666 849 731 minor
900 668 963 731 in
1024 673 1543 750 recognoscenda
1599 692 1673 738 ea
1730 681 1904 754 parte
1972 670 2175 738 Graeci
2231 676 2442 739 textus
2528 695 2671 757 quae
2743 684 2972 760 exstat,
3028 697 3179 745 cura
3235 681 3354 746 fuit
3426 682 3764 752 adhibita.

336 759 641 857 quamvis
702 761 1159 826 deﬁcientibus
1227 781 1378 828 mss.
1414 764 1644 830 minori
1676 784 1998 831 successu.
2061 764 2219 839 Quin
2276 769 2503 833 Graece
2545 772 2869 853 scripserit
2913 777 3215 855 Irenaeus,
3250 775 3519 857 ejusque
3567 777 3763 841 libros

340 851 410 948 in
474 851 1185 918 Latinumsermouem
1222 906 1237 937 ,
1299 874 1488 938 quem
1551 861 1738 923 modo
1794 859 2147 937 habemus,
2222 864 2606 928 converterit
2662 851 2993 945 imperitus
3049 851 3302 948 aliquis
3329 851 3763 935 ac'barbarus

346 942 689 1043 interpres,
748 947 856 1043 vii;
917 948 1291 1043 dubitatur;
1351 951 1413 1013 id
1484 951 1739 1016 abunde
1795 952 2131 1033 probatum
2181 956 2276 1014 est
2326 954 2390 1016 in
2440 960 2719 1022 secunda
2752 942 3224 1026 bissertatioue
3258 1011 3273 1042 ,
3327 980 3472 1043 qua
3529 965 3761 1027 Praefa-

347 1035 588 1136 tionem
639 1040 940 1136 excipiet,
1002 1042 1081 1105 ad
1144 1060 1336 1123 quam
1386 1044 1689 1110 lectorem
1755 1046 2033 1109 remitto.
2068 1048 2220 1108 Cum
2268 1054 2478 1112 autem
2519 1058 2729 1115 textus
2785 1055 3048 1117 Graecus
3101 1035 3374 1133 integer,
3406 1062 3763 1136 temporum

346 1129 607 1230 injuria,
655 1130 789 1230 jam
828 1135 1098 1230 dudum
1155 1138 1432 1219 perierit,
1488 1146 1820 1220 supererat
1866 1148 1939 1205 ut
1995 1140 2281 1218 dispersa
2369 1144 2653 1226 undique
2730 1149 3105 1226 Fragmenta
3188 1129 3758 1230 conquirerentur;

344 1225 515 1304 quod
576 1232 639 1287 et
697 1227 975 1292 sollicite
1031 1231 1270 1294 factum
1328 1238 1447 1296 est.
1509 1235 1917 1315 Quaecunque
1973 1234 2145 1299 enim
2194 1246 2308 1296 seu
2366 1225 2611 1299 veteres
2662 1243 3139 1317 conservarunt,
3201 1225 3762 1303 seu-recentiores

343 1317 870 1415 ediderunt,seu
926 1323 1068 1387 aliae
1119 1324 1433 1390 editiones
1487 1327 1793 1391 exhibent
1855 1327 2074 1394 lrenaei
2128 1331 2526 1409 Fragmenta,
2581 1330 2715 1393 sive
2771 1342 2991 1393 eorum
3028 1346 3172 1410 quae
3226 1336 3595 1415 supersunt,
3626 1330 3763 1409 sive

331 1427 480 1491 quae
554 1411 964 1498 interierunt,
1025 1422 1314 1501 operum,
1374 1436 1447 1484 ac
1496 1436 1661 1485 nova
1713 1423 1977 1503 protulit
2041 1425 2430 1491 clarissimus
2492 1421 2782 1502 Grabius,
2839 1438 2909 1493 ex
2961 1421 3149 1487 variis
3202 1411 3589 1488 auctoribus
3623 1430 3759 1488 tum

346 1504 573 1587 editis,
632 1513 775 1572 tum
860 1512 1312 1593 manus’criptis
1365 1508 1566 1596 eruta;
1616 1519 1681 1579 et
1734 1521 1949 1581 nostra
2002 1518 2139 1584 haec
2186 1518 2450 1585 exhibet
2500 1516 2695 1579 editio
2731 1564 2746 1591 ,
2798 1516 2910 1578 sed
2977 1514 3296 1580 interdum
3368 1517 3651 1582 auctiora
3697 1522 3762 1582 et

333 1600 804 1678 emendatiora,
867 1604 949 1667 iis
1001 1605 1239 1669 additis
1278 1623 1423 1688 quae
1471 1608 1611 1689 ipse
1667 1609 1923 1691 collegi,
1978 1613 2080 1677 vel
2131 1614 2319 1678 amici
2375 1609 2886 1692 suppeditarunt;
2948 1608 3264 1673 omuiaeo
3294 1606 3518 1675 ordine
3547 1600 3745 1676 collo-

343 1700 482 1757 cata
528 1698 732 1777 atque
789 1697 1101 1779 disposita
1156 1701 1269 1781 qui
1320 1703 1824 1767 Feuardentiano
1885 1710 1950 1769 et
2006 1707 2321 1772 Grabiano
2376 1707 2567 1783 longe
2613 1694 3006 1766 commodior
3047 1701 3151 1766 sit.
3207 1705 3455 1767 Gmcas
3511 1694 3750 1770 Biblio-

334 1786 545 1852 thecae
600 1788 822 1870 Hegias
876 1797 941 1856 et
987 1793 1369 1859 Colbertinas
1424 1798 1710 1870 Catenas,
1788 1796 2075 1881 aliosque
2158 1803 2527 1866 earumdem
2605 1796 2857 1860 codices
2933 1798 3087 1861 mss;
3142 1798 3418 1877 Graacos,
3478 1812 3640 1877 quos
3687 1788 3753 1861 in

332 1883 506 1947 notis
565 1900 690 1948 suo
745 1901 1071 1968 quemque
1126 1888 1267 1954 loco
1318 1888 1617 1972 iudicavi,
1651 1891 1970 1966 consului,
2004 1908 2081 1956 ac
2139 1909 2254 1975 per
2308 1892 2651 1970 diligentes
2700 1888 2939 1952 amicus
3007 1888 3482 1970 Graecequeque
3531 1889 3752 1955 doctos

335 1979 624 2060 expendi
655 1980 901 2063 curavi;
935 1998 1211 2064 quaeque
1238 1984 1427 2048 exiis
1456 1985 1853 2067 transcripta,
1889 1985 2026 2049 sive
2054 2002 2092 2049 a
2120 1986 2518 2064 Combetisio,
2550 1984 2686 2046 sive
2712 1999 2749 2045 a
2779 1979 3031 2062 Grabio,
3084 1981 3222 2046 sive
3270 1982 3352 2046 ab‘
3405 1978 3548 2046 aliis
3582 1984 3754 2048 edita

329 2077 509 2146 sunt,
561 2088 601 2134 a
651 2088 759 2138 me
828 2075 1158 2155 recognita
1218 2082 1367 2142 sunt
1413 2077 1645 2159 omnia,
1707 2096 1825 2143 nec
1874 2079 2071 2143 semel
2128 2084 2410 2145 correcta
2465 2082 2530 2140 et
2572 2074 2862 2138 restituta
2916 2075 3065 2147 Quae
3098 2090 3246 2139 vero
3294 2074 3372 2139 ex
3405 2072 3754 2156 Epiphanio

326 2171 638 2247 excerpta
696 2172 871 2247 sunt,
928 2185 1078 2232 cum
1134 2168 1418 2250 ejusdem
1474 2171 1884 2236 Bibliothecae
1933 2171 2151 2252 Regiae
2204 2171 2425 2236 codice
2480 2185 2605 2233 uno
2660 2167 3040 2247 chartaceo,
3123 2183 3328 2247 eoque
3395 2164 3637 2232 retenti
3678 2178 3755 2234 ac

328 2260 650 2325 mendoso
679 2261 825 2341 (nec
855 2262 1028 2326 enim
1085 2264 1313 2329 melior
1341 2266 1755 2347 occurrebat),
1783 2266 1995 2330 denuo
2027 2271 2168 2347 post
2194 2258 2523 2330 Patavium
2554 2258 2817 2340 contuli,
2843 2267 2908 2324 et
2934 2277 2972 2323 a
3002 2258 3406 2340 quibusdam,
3431 2260 3576 2341 quae
3606 2260 3751 2325 doc-

330 2353 566 2417 tissimi
628 2354 749 2418 viri
800 2356 1201 2435 diligentiam
1264 2357 1580 2439 fugerant,
1635 2358 1860 2423 erratis
1898 2358 2274 2440 expurgavi.
2308 2359 2390 2421 Ut
2445 2362 2511 2421 et
2558 2370 2702 2419 cum
2763 2352 3065 2419 Vaticano
3107 2352 3327 2417 codice
3375 2352 3553 2431 (alios
3576 2353 3750 2440 enini

334 2464 491 2511 mss.
528 2447 870 2529 Epiphanii
900 2449 1195 2513 Panarii
1224 2436 1474 2517 codices
1501 2436 1753 2518 Graecos
1805 2469 1931 2516 non
1978 2436 2158 2533 novi)
2185 2453 2642 2529 conferrentur,
2678 2445 2836 2510 nihil
2877 2441 3048 2528 quod
3099 2448 3166 2509 tu
3222 2454 3325 2508 me
3367 2440 3555 2512 fuerit
3585 2436 3749 2527 pre-

330 2540 636 2622 termisi;
695 2542 808 2606 sed
869 2543 1088 2607 nullus
1136 2546 1354 2609 Graece
1403 2546 1629 2610 doctus
1682 2546 1794 2627 qui
1863 2546 2185 2610 tantillum
2241 2545 2502 2624 laboris,
2575 2538 2918 2623 paucoriim
2969 2542 3143 2605 certe
3201 2539 3473 2621 dierum,
3536 2539 3746 2604 susci-

332 2652 491 2715 pere
549 2635 947 2717 oiguaretur,
1003 2641 1246 2720 Romaa,
1305 2639 1416 2704 ubi
1499 2645 1709 2705 tamen
1790 2641 2005 2723 plures
2091 2645 2262 2711 sunt,
2324 2638 2591 2720 reperiri
2667 2636 2895 2717 potuit.
2955 2634 3265 2699 Caeterum
3323 2644 3485 2723 quae
3524 2630 3749 2704 Irenaei

328 2728 557 2791 Graeca
612 2726 696 2790 ab
754 2727 1109 2809 Epiphanio
1164 2730 1479 2811 descripta
1532 2720 1808 2796 Iacobus
1860 2733 2082 2800 Billius
2139 2736 2206 2798 in
2266 2735 2560 2798 Latinum
2602 2738 2961 2796 sermonem
3010 2729 3347 2810 convertit,
3379 2720 3529 2810 quia
3563 2728 3755 2808 longe

328 2820 704 2899 elegantius
755 2821 1250 2903 accuratiusque
1304 2823 1518 2906 vertit,
1579 2841 1770 2906 quam
1850 2833 2035 2891 vetus
2107 2828 2424 2909 interpres
2502 2823 2810 2905 LatiuuSt;
2903 2820 3076 2913 illius
3136 2816 3744 2913 interpretationem,

314 2922 455 3001 jam
516 2915 933 2979 Feuardentii
988 2915 1255 2981 editioni
1314 2917 1670 2983 Coloniensi
1738 2920 1888 2983 anui
1945 2920 2101 2984 1596
2155 2927 2221 2986 et
2277 2918 2744 2984 Parisiensibus
2801 2912 3104 2997 deinceps
3160 2910 3485 2998 inSertam,
3553 2920 3619 2981 et
3679 2910 3746 2978 iu

323 3013 545 3069 nostra
597 3025 634 3071 e
690 3008 958 3087 regione
1014 3008 1252 3073 veteris
1281 3008 1712 3091 adjuuximus,
1772 3018 1843 3075 ut
1896 3012 2095 3077 altera
2150 3029 2232 3078 ex
2285 3013 2484 3077 altera
2541 3012 2918 3076 illustretur.
2951 3006 3089 3074 Alia
3120 3010 3271 3073 Vero
3300 3022 3500 3091 pauca
3528 3008 3748 3074 lrenaal

321 3102 724 3180 Gragmenta
778 3106 1019 3183 Graeca,
1082 3119 1230 3184 quae
1280 3102 1504 3168 Billius
1561 3104 1784 3169 itidem
1845 3107 2055 3189 vertit,
2124 3124 2394 3190 quaeque
2453 3109 2545 3172 sic
2594 3120 2898 3171 conversa
2961 3104 3413 3169 Feuardeutius
3471 3098 3738 3169 editioni

322 3209 464 3257 sure
517 3194 817 3276 inseruit,
870 3200 937 3259 et
985 3203 1220 3261 nostrae
1279 3197 1516 3278 pariter
1571 3198 1813 3263 inserui
1873 3200 2338 3283 voluissemus;
2402 3201 2515 3265 sed
2574 3215 2721 3264 cum
2773 3198 2911 3261 haec
2966 3195 3175 3260 versio‘
3226 3204 3374 3261 cum'
3429 3191 3628 3262 veteri
3664 3190 3747 3260 ci-

328 3292 429 3350 tra
495 3287 941 3353 confusionem
1014 3289 1310 3370 componi
1368 3305 1498 3354 non
1547 3291 1881 3374 potuisset,
1938 3308 2079 3357 eam
2136 3292 2430 3358 omittere
2477 3290 2679 3357 coacti
2737 3302 2979 3353 sumus.

418 3448 645 3512 Irenzei
680 3453 927 3512 textum
957 3464 994 3511 a
1025 3447 1273 3513 mendis
1304 3465 1577 3531 purgare
1628 3467 1848 3532 parum
1902 3451 2148 3535 fuisset,
2213 3453 2335 3518 nisi
2405 3459 2578 3518 recte
2632 3450 2973 3515 distinctus
3047 3455 3240 3531 atque
3292 3448 3537 3514 divisus
3584 3466 3745 3530 pro~

332 3541 526 3605 diret.
619 3540 1019 3606 Distinctioni
1117 3544 1462 3606 consulunt
1554 3552 1876 3611 consuetae
1968 3546 2447 3610 distinctionum
2554 3550 2717 3608 notua
2829 3547 3022 3624 apte,
3107 3547 3418 3624 quantum
3507 3541 3744 3635 licuit,

336 3651 624 3718 quaeque
652 3637 789 3700 suis
821 3635 976 3700 locis
1000 3635 1296 3717 repositae
1328 3659 1345 3714 ;
1400 3637 1700 3702 divisioni
1745 3652 1894 3705 vero
1923 3654 2087 3703 nova
2115 3639 2392 3721 capitum
2423 3645 2644 3718 sectio,
2678 3648 2969 3717 novaque
2997 3635 3269 3716 singulis
3299 3637 3555 3717 praefixa
3578 3634 3742 3701 lenii

334 3738 530 3796 mata.
594 3735 858 3795 Factum
905 3730 1189 3812 id,quod
1243 3731 1499 3812 vulgata
1545 3732 1797 3816 divisio,
1829 3738 1895 3799 et
1947 3733 2209 3813 antiqua
2259 3733 2556 3797 lemmata
2606 3746 2731 3795 non
2780 3731 3043 3799 Ireuzeo.
3078 3729 3193 3794 sed
3241 3727 3541 3809 imperito
3597 3727 3742 3792 eui-

336 3829 508 3909 piam
563 3825 908 3891 recentiori
959 3825 1301 3890 tribuendo
1356 3826 1709 3891 certissime
1750 3828 2108 3899 videantur,
2161 3833 2234 3890 ut
2287 3823 2354 3888 in
2402 3821 2854 3889 Dissertatioue
2895 3822 3177 3885 secunda
3229 3822 3558 3902 prabatum
3591 3818 3746 3884 satis

326 3921 781 3987 existimamus
837 3938 852 3982 :
910 3923 1046 3982 tum
1104 3920 1275 3999 quod
1333 3919 1650 3985 sectiones
1715 3922 1994 4001 capitum
2050 3936 2222 4002 saepe
2280 3917 2753 3983 absurdissima;
2813 3916 2971 3997 sint,
3044 3928 3171 3981 non
3262 3914 3471 3978 minus
3553 3929 3747 3996 quam

329 4021 762 4095 argumenta,
843 4028 990 4093 quae
1083 4013 1361 4076 auctoris
1439 4013 1822 4078 sententiam
1900 4015 2245 4080 obseurant
2309 4013 2522 4093 potius
2592 4025 2780 4092 quam
2869 4013 3352 4089 repraesentant.
3411 4006 3585 4072 Nihil
3643 4012 3744 4069 ta-

330 4125 481 4174 men
537 4114 753 4171 actum
808 4111 928 4186 est,
981 4104 1106 4170 uisi
1172 4121 1250 4171 ex
1307 4106 1821 4172 doctissimorum
1888 4107 2219 4171 hominum
2296 4106 2586 4186 consilio,
2677 4105 2870 4184 idque
2945 4104 3008 4166 iu
3096 4102 3417 4184 prioribus
3472 4106 3748 4183 quatuor

336 4200 524 4267 libris
619 4201 975 4277 duntaxat;
1056 4214 1203 4263 nam
1288 4199 1355 4263 in
1438 4199 1661 4280 quinto
1696 4249 1712 4281 ,
1802 4201 2301 4267 Feuardeutiaua
2396 4199 2627 4263 divisio
2733 4204 2797 4260 et
2909 4199 3203 4259 lemmata
3286 4199 3418 4259 fere
3498 4202 3746 4259 servata

337 4301 511 4363 sunt.
603 4294 764 4370 Quin
826 4298 890 4356 et
944 4292 1197 4373 singula
1253 4292 1459 4375 capita
1513 4293 1578 4356 in
1631 4295 1844 4376 plures
1898 4296 2326 4377 paragraphos
2384 4312 2495 4359 seu
2567 4307 2864 4355 numeros
2921 4290 3126 4354 divisa
3181 4295 3353 4369 sunt,
3406 4287 3609 4351 afﬁxis
3664 4287 3741 4351 ad

338 4391 701 4470 marginem
789 4387 1095 4451 brevibus
1175 4387 1536 4468 summulis,
1620 4388 1856 4468 quibus
1937 4389 2093 4470 quid
2163 4390 2435 4471 quisque
2516 4386 2908 4469 praecipuum
2995 4384 3489 4463 complectatur,
3547 4382 3747 4446 lector

338 4499 473 4548 uno
534 4484 716 4545 velut
769 4481 1005 4545 intuitu
1055 4481 1422 4561 conspiciat.
1478 4485 1573 4546 Ne
1630 4488 1840 4546 tamen
1875 4529 1891 4557 ,
1952 4482 2064 4563 qui
2108 4481 2309 4547 veteri
2366 4480 2666 4545 divisioni
2753 4478 2814 4541 in
2904 4476 3174 4540 citandis
3254 4475 3571 4555 capitibus
3639 4492 3744 4537 as-

334 4575 507 4639 sueti
596 4580 793 4654 sunt,
855 4591 933 4639 ex
992 4589 1157 4638 nova
1234 4574 1642 4643 tuurbentur.
1718 4575 2264 4653 Feuardenliaua,
2326 4590 2471 4655 qua:
2545 4571 2671 4651 jam
2748 4569 3161 4643 communio,
3221 4568 3299 4630 ad
3386 4566 3743 4646 marginem

330 4676 592 4734 servata
653 4675 794 4743 est,
844 4684 987 4732 cum
1039 4668 1362 4733 asteriscis
1449 4668 1515 4732 in
1572 4674 1774 4743 textu,
1832 4668 2068 4751 quibus
2118 4665 2764 4732 Feuardentianorum
2841 4662 3115 4742 capitum
3186 4659 3435 4723 initium
3491 4665 3557 4722 et
3606 4658 3747 4720 linis

328 4763 764 4842 designetur;
817 4777 1092 4842 quorum
1149 4761 1339 4825 etiam
1388 4768 1762 4841 argumenta
1839 4762 2092 4840 integra
2125 4758 2308 4825 initio
2367 4758 2577 4840 operis
2644 4762 3002 4836 comparata
3083 4770 3228 4817 cum
3309 4752 3490 4816 novis
3562 4751 3747 4815 exhi-

332 4858 595 4922 bentur.

416 5027 706 5089 Alterum
787 5022 964 5104 quod
1052 5040 1164 5104 pro
1245 5021 1437 5087 ofﬁcii
1519 5023 1764 5089 ratione
1845 5026 2166 5103 agendum
2248 5022 2404 5086 mihi
2491 5022 2605 5085 hac
2690 5022 2748 5084 in
2835 5017 3106 5081 editioni.
3143 5015 3318 5085 duxi.
3382 5021 3592 5078 textus
3651 5013 3743 5077 il—

337 5119 777 5186 lustrationem
836 5122 1110 5199 spectat.
1166 5119 1316 5181 Cum
1377 5115 1549 5181 enim
1604 5118 1706 5182 vel
1768 5136 1845 5182 ex
1902 5116 2147 5181 tractati
2192 5114 2551 5195 argumenti
2611 5111 3028 5178 difﬁcultate.
3088 5111 3186 5172 vel
3256 5125 3336 5172 ex
3393 5106 3595 5172 Latini
3645 5106 3746 5170 in-

340 5213 638 5295 terpretis
688 5210 1038 5292 imperitia,
1099 5209 1583 5274 obscurissimus
1656 5211 1976 5276 interdum
2036 5210 2121 5275 sit
2206 5210 2524 5287 lrenaaus;
2591 5214 2829 5270 textum
2905 5204 3297 5287 emendare,
3352 5199 3747 5265 emendatio-

336 5294 625 5388 numque
671 5306 990 5370 rationem
1046 5303 1309 5368 reddere
1367 5304 1521 5369 satis
1575 5320 1719 5369 esse
1774 5322 1900 5369 non
1979 5304 2332 5379 videbatur,
2394 5302 2515 5366 nisi
2583 5300 2772 5364 etiam
2823 5297 3031 5378 caligo
3090 5295 3299 5360 verbis
3357 5294 3559 5357 oll'usa
3611 5294 3745 5358 dis-

332 5403 702 5484 pelleretur.
761 5402 984 5463 Monet
1036 5399 1312 5462 Irauaeus
1357 5397 1497 5480 ipse
1516 5398 1571 5467 ⁷.
1601 5399 2209 5481 permaneath
2251 5406 2310 5460 et
2358 5395 2699 5461 altissima
2752 5410 2880 5456 esse
2927 5390 3368 5455 GnOsticorum
3408 5389 3747 5466 mysteria.

414 5563 444 5614 7
474 5560 663 5643 Ireu,,
700 5560 877 5626 Praef.
913 5558 959 5622 l.
1006 5573 1052 5631 ι,
1081 5573 1143 5637 p.
1175 5556 1230 5619 3.
