4152 6430
349 315 428 384 19
1150 339 1164 352 ·
1474 327 1534 389 S.
1582 325 1942 390 IREN/EUS
1981 321 2325 389 LUGDUN.
2374 325 2607 388 EPISC.
3675 312 3764 381 2O

346 468 492 532 qua
543 470 682 516 non
727 471 950 520 omnes
1003 460 1306 540 capiimt.
1365 461 1518 525 Haec
1575 459 1835 541 quidem
1870 508 1886 540 ,
1946 473 2135 539 quam
2191 455 2472 520 dilucide
2529 455 2666 520 ﬁeri
2721 459 3007 537 poterat,
3067 455 3271 536 aperit
3326 459 3390 519 et
3437 451 3766 517 confutata

345 545 565 628 sicque
615 551 746 614 toto
791 567 984 633 opere
1033 551 1420 636 insectatur,
1479 559 1552 618 ut
1621 553 1701 619 ab
1753 553 1832 616 iis
1889 566 2214 632 nunquam
2267 549 2485 613 oculos
2540 552 2829 630 avertat;
2879 549 2966 616 ita
3023 552 3234 612 tamen
3289 552 3361 611 ut
3391 546 3504 628 qui
3537 545 3646 608 his
3685 543 3760 606 in

347 639 542 706 rebus
589 643 994 710 mediocriter
1049 646 1284 711 versati
1345 651 1514 729 sunt,
1561 651 1894 726 totumque
1951 651 2084 709 tum
2137 642 2412 707 auctoris
2468 658 2770 724 scopum,
2831 645 2966 705 tum
3047 641 3550 706 adversariorum
3610 637 3769 716 ejus

346 733 749 816 hypothesim
828 755 956 804 non
1035 740 1188 804 satis
1269 745 1510 806 attente
1591 741 2032 813 considerant,
2093 737 2412 801 interdum
2469 735 2664 800 animi
2730 737 3068 817 pendeant,
3140 735 3363 800 incerti
3423 733 3525 798 vel
3587 729 3763 812 quid

348 824 710 905 signiﬁcent
771 829 1110 897 salebrosas
1169 836 1234 897 et
1294 833 1606 914 obscurae,
1668 833 1780 897 sed
1840 835 1911 896 ut
1957 829 2304 912 plurimum
2359 828 2724 908 interpretis
2779 827 2986 910 culpa,
3049 828 3358 892 sermonis
3415 826 3760 903 ambages,

347 917 451 984 vel
531 937 836 1002 quorsum
895 931 1136 1006 spectat
1191 925 1416 990 oratio.
1476 925 1592 991 His
1647 941 1792 990 cum
1843 940 1972 1006 prae
2029 923 2276 986 caeteris
2343 921 2802 986 consulendum
2877 921 3089 1004 fuerit,
3148 937 3497 1002 eorumque
3553 916 3764 982 taedio

347 1027 422 1076 ac
509 1013 709 1079 labori
765 1017 1150 1097 parcendum
1181 1067 1197 1100 ,
1258 1017 1541 1083 difﬁcilia
1620 1034 1894 1100 quaeque
1975 1017 2114 1080 loca
2197 1014 2500 1096 subjectis
2587 1016 2791 1079 textui
2874 1017 3065 1098 notis,
3121 1031 3312 1096 quam
3368 1011 3766 1079 brevissime

347 1104 550 1188 potui,
605 1108 920 1188 explicare
975 1117 1236 1177 conatus
1277 1128 1462 1193 sum;
1521 1111 1734 1176 ascitis
1787 1111 1975 1175 etiam
2037 1110 2366 1173 doctorum
2397 1108 2676 1172 virorum
2711 1107 3284 1189 observationibus,
3346 1118 3764 1188 quaecunque

349 1197 428 1261 ad
482 1201 758 1265 auctoris
813 1201 1298 1284 intelligentiam
1356 1206 1713 1270 conducere
1768 1202 1921 1267 visae
1967 1209 2135 1278 sunt,
2205 1201 2316 1266 sed
2389 1201 2642 1265 laudato
2699 1219 2952 1283 semper
3029 1206 3357 1266 auctorum
3456 1197 3758 1262 nomine.

351 1291 414 1357 Si
470 1295 722 1374 quando
769 1313 922 1361 vero
980 1298 1439 1380 frequentiores
1492 1303 1556 1362 et
1611 1297 1880 1362 fusiores
1933 1297 2268 1362 videantur
2321 1310 2460 1358 esse
2519 1299 2706 1376 nota,
2765 1297 2834 1360 id
2901 1296 3310 1360 tribuendum
3385 1288 3767 1373 argumenti

350 1381 726 1459 difﬁcultati,
787 1403 978 1468 quam
1035 1389 1445 1470 paucioribus
1492 1389 1792 1470 expedire
1853 1406 1977 1462 non
2029 1388 2239 1469 valui;
2305 1387 2544 1452 veritus
2593 1405 2696 1470 ne,
2744 1389 2896 1453 dum
2953 1389 3170 1454 brevis
3198 1405 3341 1453 esse
3394 1387 3764 1465 studerem,

350 1477 658 1543 obscurus
715 1481 954 1546 ﬁerem.
1014 1483 1275 1548 Accedit
1329 1484 1503 1566 quod
1561 1499 1706 1547 cum
1759 1482 1934 1548 varia
1983 1489 2047 1548 et
2103 1482 2304 1546 multa
2332 1497 2368 1546 e
2399 1481 2596 1545 sacris
2634 1482 2971 1564 utriusque
3000 1482 3389 1547 Testamenti
3418 1479 3770 1546 codicibus

349 1572 710 1637 testimonia
764 1575 1037 1656 proferat
1089 1580 1393 1658 Irenaeus,
1453 1593 1599 1658 quae
1649 1592 1792 1641 cum
1843 1592 1922 1640 ex
1979 1577 2100 1641 alia
2159 1575 2450 1640 versione
2503 1575 2650 1653 sint,
2712 1576 3096 1641 discriminis
3156 1575 3450 1640 nonnihil
3506 1573 3771 1638 habere

354 1664 778 1750 videbantur;
843 1668 910 1732 id
964 1670 1305 1736 observare
1333 1671 1398 1735 in
1421 1671 1687 1751 gratiam
1742 1669 2080 1748 Scripturaa
2113 1683 2306 1730 sacrae
2345 1665 2774 1731 studiosorum
2817 1683 3029 1748 operae
3059 1666 3334 1748 pretium
3370 1665 3581 1729 visum
3645 1665 3778 1726 est.

349 1757 466 1832 Qui
505 1763 717 1824 autem
777 1761 1091 1839 ejusmodi
1149 1764 1318 1829 notis
1373 1770 1439 1828 et
1495 1762 2048 1828 observationibus
2101 1777 2229 1825 non
2286 1759 2577 1839 indigent
2641 1760 2896 1837 eruditi,
2930 1777 3038 1826 eas
3069 1760 3582 1842 praetermittere,
3616 1761 3766 1820 Ire-

350 1865 693 1932 naeumque
749 1853 1148 1919 continenter
1211 1855 1430 1936 legere
1489 1859 1792 1936 possunt;
1853 1855 1917 1916 in
1974 1852 2259 1917 inferiori
2321 1856 2558 1934 quippe
2609 1853 2894 1933 margine
2961 1855 3182 1936 posita
3237 1870 3274 1917 a
3331 1858 3508 1918 textu
3565 1849 3771 1916 facile

351 1941 603 2024 sejungi
652 1951 920 2026 queunt.
978 1951 1117 2014 Non
1175 1949 1463 2015 commisi
1518 1953 1752 2030 tamen,
1815 1953 1884 2011 ut
1932 1945 2252 2026 margines
2306 1962 2636 2024 gravarem
2693 1946 2772 2011 iis
2803 1947 2993 2019 notis,
3052 1964 3197 2030 quae
3254 1947 3332 2011 ad
3362 1945 3764 2011 eruditionis

355 2034 446 2116 (in
498 2052 603 2102 me
649 2042 822 2104 certe
850 2040 1130 2123 exiguae)
1161 2041 1650 2107 ostentationem
1708 2040 2031 2118 duntaxat,
2095 2038 2195 2102 vel
2249 2038 2327 2101 ad
2383 2038 2676 2118 dogmata
2733 2045 2798 2103 et
2855 2039 3002 2105 ﬁdei
3057 2039 3518 2106 controversias
3611 2055 3771 2121 per-

352 2127 582 2212 tinent,
631 2129 754 2194 nisi
810 2134 1066 2214 quando
1121 2135 1342 2217 paucis
1399 2135 1613 2200 verbis
1669 2132 1913 2198 absolvi
1969 2132 2359 2214 potuerunt;
2414 2137 2590 2195 ratus
2671 2133 2990 2216 videlicet,
3068 2133 3451 2216 pr0prioque
3528 2133 3774 2198 doctus

353 2221 814 2307 experimento,
867 2225 1213 2294 lectoribus
1272 2229 1433 2294 nihil
1491 2227 1848 2300 molestius,
1912 2242 2102 2308 quam
2163 2229 2232 2289 ut
2283 2225 2556 2306 singulis
2605 2225 2738 2291 fere
2800 2227 3111 2308 vestigiis,
3165 2227 3557 2310 interpositis
3619 2245 3772 2291 mo-

354 2317 445 2383 ris
471 2367 491 2403 ,
535 2319 831 2388 insistere
887 2329 1218 2404 cogantur.
1280 2326 1488 2391 Satius
1545 2341 1686 2390 esse
1739 2323 1916 2405 duxi,
1975 2340 2050 2388 ea
2105 2337 2250 2404 quae
2309 2320 2525 2385 fusiori
2581 2327 2644 2386 et
2699 2324 3072 2388 accuratiori
3156 2324 3445 2388 examine
3513 2323 3774 2402 indige-

353 2410 528 2494 bant,
589 2429 718 2478 non
773 2415 1033 2497 quidem
1094 2417 1160 2482 in
1216 2419 1354 2502 ipsa
1409 2418 1784 2484 Praefatione
1809 2467 1825 2496 ,
1873 2433 1956 2482 ne
2031 2417 2099 2480 in
2156 2415 2538 2477 immensum
2615 2429 2760 2478 cum
2827 2421 3018 2482 rectae
3066 2416 3348 2482 methodi
3415 2416 3769 2497 dispendio

355 2510 704 2589 cresceret;
737 2508 850 2573 sed
905 2509 973 2573 in
1025 2510 1460 2592 singularibus
1519 2509 2072 2576 dissertationibus
2123 2511 2529 2588 pertractare,
2591 2505 2659 2570 in
2715 2509 2952 2590 quibus
3016 2525 3119 2575 res
3166 2527 3440 2592 quaeque
3490 2527 3616 2574 suo
3648 2527 3764 2574 or-

353 2597 526 2678 dine,
557 2603 623 2664 et
667 2601 967 2668 continua
1011 2605 1177 2670 serie
1205 2607 1742 2688 expenderentur.
1775 2606 1928 2668 Tres
1959 2600 2155 2680 igitur
2184 2599 2360 2679 operi
2415 2599 2692 2679 praemisi
2727 2621 2746 2662 :
2778 2601 2845 2665 in
2903 2601 3107 2683 prima
3151 2602 3233 2666 de
3281 2603 3359 2667 iis
3410 2603 3756 2670 omnibus.

354 2707 548 2772 quam
591 2695 1064 2774 accuratissime
1137 2699 1338 2780 potui,
1413 2698 1708 2780 disserui,
1769 2713 1912 2778 quae
1966 2694 2047 2758 ad
2102 2690 2570 2774 haereticorum,
2637 2699 2856 2759 contra
2921 2711 3081 2777 quos
3156 2695 3378 2760 scribit
3433 2699 3752 2770 Irenaeus,

353 2800 712 2866 personam,
763 2793 1035 2872 aetatem,
1096 2807 1329 2875 mores,
1378 2792 1610 2873 scripta
1668 2800 1732 2856 et
1787 2791 2082 2870 dogmata
2138 2783 2478 2866 pertinent;
2538 2785 2738 2851 fontes
2789 2804 2827 2852 e
2881 2787 3118 2870 quibus
3160 2787 3409 2870 impura
3457 2789 3764 2853 doctrina

353 2875 746 2958 proﬂuxerit,
803 2883 1060 2966 aperui;
1117 2883 1576 2966 altissimaque
1643 2898 1866 2949 eorum
1919 2877 2243 2959 mysteria
2310 2882 2629 2944 scrutatus
2665 2929 2682 2955 ,
2743 2879 2899 2962 quid
2950 2881 3071 2945 sub
3133 2881 3538 2961 aenigmatico
3601 2900 3759 2948 ver-

358 2968 587 3035 borum
651 2973 884 3040 cortice
930 2976 1352 3055 delitesceret,
1413 2983 1704 3058 retegere
1762 2981 2024 3041 conatus
2073 2988 2238 3037 sum.
2271 2973 2343 3036 In
2395 2975 2674 3040 secunda
2729 2976 3042 3058 quidquid
3091 2976 3171 3042 de
3231 2977 3456 3043 Irenaei
3505 2979 3646 3042 vita
3700 2983 3770 3043 et

359 3064 581 3145 gestis,
640 3068 961 3151 martyrio,
1009 3072 1286 3155 scriptis,
1338 3089 1413 3138 ac
1471 3071 1882 3154 potissimum
1929 3069 2008 3133 de
2058 3065 2343 3148 quinque
2406 3067 2588 3134 libris
2644 3069 3017 3133 Detectionis
3072 3079 3130 3134 et
3187 3073 3541 3134 eversionis
3585 3071 3772 3151 falso

359 3161 838 3239 cognominatae
889 3165 1250 3244 agnitionis
1321 3165 1518 3248 (hunc
1573 3165 1748 3231 enim
1777 3162 2132 3244 genuinum
2161 3173 2304 3223 esse
2334 3175 2553 3224 eorum
2583 3161 2843 3227 titulum
2872 3163 3112 3227 ibidem
3143 3164 3445 3245 ostendi),
3477 3165 3563 3229 de
3597 3183 3760 3246 Ope-

359 3251 449 3316 ris
503 3252 698 3335 hujus
749 3257 1035 3341 consilio,
1087 3263 1282 3342 atque
1329 3260 1654 3335 methodo,
1713 3255 2028 3340 quidquid
2070 3254 2346 3333 denique
2398 3256 2479 3320 de
2532 3257 2674 3320 aliis
2730 3256 2931 3321 sancti
2988 3257 3271 3320 Doctoris
3321 3257 3577 3336 scriptis
3642 3259 3766 3324 de-

359 3347 627 3430 perditis
694 3349 763 3414 in
810 3357 1099 3419 veterum
1153 3355 1585 3420 monumentis
1641 3350 1938 3422 occurrit,
1998 3347 2281 3412 studiose
2335 3349 2588 3430 collegi,
2644 3366 2718 3414 ac
2773 3366 2886 3430 pro
2936 3349 3105 3412 virili
3163 3365 3305 3414 mea
3332 3355 3510 3430 parte
3540 3353 3764 3433 expli-

360 3439 488 3504 cui.
538 3444 611 3506 In
664 3443 850 3508 tertia
905 3446 1164 3511 demum
1217 3451 1415 3512 totam
1472 3449 1534 3512 S.
1593 3443 1875 3527 episcopi
1935 3439 2239 3508 doctrinae
2307 3442 2540 3506 seriem
2583 3442 2835 3507 evolvi:
2891 3441 3153 3519 leviora,
3181 3441 3232 3506 si
3280 3459 3424 3524 quae
3475 3443 3636 3526 sint,
3660 3445 3764 3510 of-

360 3531 700 3612 fendicula,
759 3552 842 3602 ne
893 3536 963 3602 in
1019 3553 1096 3603 ea
1157 3543 1399 3604 temere
1466 3537 1785 3620 quispiam
1859 3533 2284 3615 impingeret,
2345 3534 2660 3616 patefeci;
2729 3535 2899 3616 quod
2975 3534 3308 3599 obscurius
3365 3535 3518 3612 fuit,
3595 3536 3760 3602 illu-

360 3626 598 3710 stravi;
657 3629 830 3709 quod
883 3630 1162 3697 alienum
1219 3635 1286 3697 et
1342 3631 1508 3696 male
1565 3631 1851 3696 afﬁctum
1905 3626 2143 3708 rejeci;
2201 3627 2375 3707 quod
2433 3629 2516 3692 ab
2588 3629 2991 3694 heterodoxis
3066 3646 3260 3711 prave
3340 3636 3710 3696 contortum
3745 3682 3762 3714 ,

362 3717 671 3802 vanisque
723 3723 1234 3791 cavillationibus
1281 3724 1714 3804 obscuratum,
1767 3719 2139 3803 explanavi,
2192 3718 2511 3783 vindicavi
2567 3725 2633 3784 et
2690 3720 2960 3786 asserui.
3027 3724 3199 3804 Haec,
3271 3721 3558 3804 inquam,
3625 3724 3760 3788 ini-

362 3811 454 3880 tio
513 3813 744 3896 operis,
813 3817 1092 3898 praamisi
1117 3866 1135 3896 ,
1201 3823 1269 3884 ut
1325 3818 1525 3884 lector
1594 3816 1904 3882 inoﬁ‘enso
1960 3813 2122 3894 pede
2179 3819 2392 3893 posset
2445 3813 2673 3879 Irenaei
2729 3814 2926 3879 libros
2982 3815 3350 3880 decurrere.
3401 3815 3537 3880 Erit
3595 3816 3766 3884 forte

361 3905 466 3970 cui
513 3905 878 3990 diaplicebit
926 3916 1102 3976 tanta
1147 3911 1286 3977 haec
1342 3912 1700 3978 chartarum
1760 3909 1960 3972 moles
2019 3905 2196 3985 operi
2259 3921 2382 3969 non
2438 3907 2596 3972 adeo
2641 3907 2888 3988 ingenti
2961 3909 3306 3990 praemissa.
3381 3909 3652 3976 Moleste
3699 3918 3768 3977 et

363 3997 501 4081 ipse
556 4001 676 4065 tuli
731 4001 1024 4068 foliorum
1081 4004 1536 4087 impressorum
1610 4017 1948 4068 numerum
2031 4002 2260 4080 praeter
2329 3999 2588 4064 modum
2637 4007 2702 4064 et
2760 4000 3296 4081 exspectationem
3368 4004 3766 4070 excrevisse.

363 4093 488 4186 Sed
542 4093 900 4160 fefellerunt
949 4095 1364 4181 typographi,
1438 4097 1579 4162 falsi
1635 4102 1698 4162 et
1770 4095 1892 4178 ipsi
1952 4091 2324 4175 paginarum
2398 4111 2589 4157 manu
2665 4101 3061 4158 exaratarum
3111 4095 3564 4177 inaequalitate;
3601 4099 3769 4163 alio-

363 4187 477 4267 qui
533 4187 685 4252 huic
731 4187 1132 4256 incommodo
1186 4191 1680 4274 prospexissem.
1743 4189 2023 4268 Singulis
2071 4204 2258 4269 porro
2314 4187 2495 4253 libris
2549 4190 2802 4270 praeﬁxa
2873 4196 2970 4254 est
3039 4190 3253 4254 brevis
3323 4208 3398 4255 ac
3475 4193 3768 4260 dilucida

364 4278 871 4362 uniuscujusque
925 4283 1200 4366 analysis
1257 4293 1352 4361 (ea
1407 4282 1708 4347 videlicet
1763 4297 1908 4362 quae
1962 4279 2207 4344 dudum
2282 4295 2319 4342 a
2373 4281 2738 4345 doctissimo
2807 4285 3022 4345 nostro
3081 4283 3312 4347 domno
3377 4282 3642 4349 Nicolao
3704 4286 3766 4351 le

361 4377 613 4456 Nourry
665 4375 930 4446 solerter
983 4377 1376 4458 concinnata,
1411 4377 1491 4442 ab
1547 4375 1684 4457 ipso
1739 4375 1998 4454 vulgata
2023 4377 2122 4437 est
2147 4372 2214 4436 in
2245 4375 2588 4456 Apparatu
2615 4375 2706 4436 ad
2731 4373 3196 4438 Bibliothcoam
3223 4378 3614 4439 maximam
3643 4397 3759 4442 ve—

367 4475 585 4532 terum
624 4468 940 4550 Patrwm;
995 4471 1215 4552 paucis
1271 4470 1655 4553 quibusdam
1705 4485 1820 4551 pro
1871 4467 2118 4532 ratione
2174 4472 2407 4532 nostrae
2461 4467 2761 4532 editionis
2817 4468 3047 4534 additis
3095 4470 3195 4534 vel
3237 4469 3605 4549 immutatis)
3633 4492 3764 4556 qua

364 4561 513 4628 libri
559 4577 790 4645 scopus
843 4565 909 4628 et
963 4569 1414 4644 argumentum
1471 4577 1600 4626 uno
1647 4561 1827 4628 velut
1880 4564 2230 4644 conspectu
2288 4561 2734 4645 perlustretur.

441 4746 536 4812 Ad
583 4745 820 4812 calcem
877 4747 1110 4831 operis,
1166 4752 1400 4830 prater
1449 4745 1929 4830 deperditorum
1984 4744 2210 4810 Irenaei
2261 4744 2640 4827 scriptorum
2692 4749 3093 4830 Fragmenta,
3125 4765 3204 4812 ex
3234 4747 3424 4812 variis
3449 4753 3589 4813 tum
3619 4751 3765 4816 edi-

361 4841 466 4923 tis,
527 4845 664 4905 tum
730 4857 883 4906 mss.
941 4841 1122 4906 libris
1172 4846 1374 4924 eruta,
1423 4857 1698 4924 quorum
1747 4837 2041 4920 quaedam
2109 4841 2350 4920 Grace,
2438 4838 2561 4902 alia
2632 4842 2850 4907 Graece
2929 4845 2994 4905 et
3069 4841 3289 4905 Latine
3384 4857 3554 4907 nunc
3629 4843 3764 4924 pri-

363 4949 542 4998 mum
595 4933 952 5017 prodeunt;
1011 4933 1260 5017 adjecta
1317 4939 1467 4998 sunt
1521 4949 1637 5015 per
1692 4931 1952 4996 modum
2031 4931 2401 5012 appendicis
2456 4931 2580 4996 alia
2649 4950 2728 4997 ex
2798 4939 3084 4998 veterum
3156 4933 3596 4998 Gnosticorum
3681 4936 3764 5000 li-

364 5025 498 5092 bris
541 5031 860 5110 excerpta,
895 5045 1039 5110 qua:
1091 5028 1360 5110 sparsim
1417 5028 1585 5109 apud
1635 5029 1885 5090 veteres
1956 5026 2172 5089 Patres
2249 5029 2625 5107 occurrunt;
2689 5041 2834 5107 quae
2913 5025 3205 5107 pluribus
3291 5025 3516 5089 Irenwi
3600 5025 3762 5102 locis

363 5137 492 5186 non
537 5137 760 5204 parum
812 5121 974 5186 lucis
1028 5121 1293 5186 aﬁ‘erent
1349 5141 1364 5185 :
1428 5138 1508 5186 ex
1561 5121 1684 5185 hoc
1767 5117 1995 5181 saltem
2080 5116 2431 5200 specimine
2514 5117 2909 5198 deprehendi
2991 5118 3177 5184 facile
3252 5117 3525 5199 poterit,
3583 5117 3758 5182 haud

363 5232 524 5281 vana
576 5232 754 5300 esse,
815 5233 961 5300 quae
1005 5221 1144 5282 tum
1190 5219 1510 5299 Irenaeus,
1573 5221 1709 5281 tum
1785 5213 1896 5278 alii
1972 5214 2188 5276 Patres
2258 5210 2340 5276 de
2405 5209 2486 5274 iis
2549 5210 2920 5292 opinionum
2990 5211 3298 5293 portentis
3358 5207 3762 5292 scripserunt

363 5311 696 5376 Maximam
753 5315 995 5393 partem
1042 5307 1175 5392 jam
1229 5310 1572 5391 collegerat
1638 5305 2026 5374 clarissimus
2135 5304 2428 5386 Grabius,
2493 5304 2838 5386 Spicilegio
2909 5322 3036 5386 que
3111 5323 3226 5370 suo
3285 5310 3577 5370 veterum
3637 5309 3757 5368 Pa-

363 5411 530 5474 trum
588 5409 654 5472 et
706 5405 1150 5472 haereticorum
1226 5404 1416 5487 primi
1477 5408 1544 5470 et
1623 5399 1888 5468 secundi
1979 5397 2200 5466 saeculi
2271 5398 2652 5464 inseruerat.
2727 5399 3024 5475 Quaedam
3091 5400 3172 5464 ad
3259 5415 3408 5464 mss.
3512 5399 3756 5464 Biblio-
