  <div class='ocr_page' id='page_1' title='image "/cluster/home/n/w/nwhite01/storage/ocr_20150623/7/coo.31924054872860/018.png"; bbox 0 0 4152 6416; ppageno 0'>
   <div class='ocr_carea' id='block_1_1' title="bbox 307 357 1947 435">
    <p class='ocr_par' dir='ltr' id='par_1_1' title="bbox 307 357 1947 433">
     <span class='ocr_line' id='line_1_1' title="bbox 307 357 1947 433; baseline 0.005 -10"><span class='ocrx_word' id='word_1_1' title='bbox 307 357 378 423; x_wconf 73' lang='grc'>21</span> <span class='ocrx_word' id='word_1_2' title='bbox 1535 372 1605 433; x_wconf 92' lang='lat' dir='ltr'>D.</span> <span class='ocrx_word' id='word_1_3' title='bbox 1657 369 1947 433; x_wconf 73' lang='lat' dir='ltr'>MASSUE</span> 
     </span>
    </p>
   </div>
   <div class='ocr_carea' id='block_1_2' title="bbox 2075 357 3715 435">
    <p class='ocr_par' dir='ltr' id='par_1_2' title="bbox 2085 364 3715 435">
     <span class='ocr_line' id='line_1_2' title="bbox 2085 364 3715 435; baseline 0.004 -7"><span class='ocrx_word' id='word_1_4' title='bbox 2085 364 2504 434; x_wconf 71' lang='grc' dir='ltr'>ΡΗιΕΕΑΤΙΟ.</span> <span class='ocrx_word' id='word_1_5' title='bbox 3640 370 3715 435; x_wconf 75' lang='grc'>22</span> 
     </span>
    </p>
   </div>
   <div class='ocr_carea' id='block_1_3' title="bbox 303 488 3717 581">
    <p class='ocr_par' dir='ltr' id='par_1_3' title="bbox 303 488 3717 581">
     <span class='ocr_line' id='line_1_3' title="bbox 303 488 3717 581; baseline 0.003 -27"><span class='ocrx_word' id='word_1_6' title='bbox 303 492 514 558; x_wconf 62' lang='lat' dir='ltr'>thecae</span> <span class='ocrx_word' id='word_1_7' title='bbox 602 496 965 562; x_wconf 76' lang='lat' dir='ltr'>Bodleianae</span> <span class='ocrx_word' id='word_1_8' title='bbox 1026 498 1286 566; x_wconf 86' lang='lat' dir='ltr'>codices</span> <span class='ocrx_word' id='word_1_9' title='bbox 1367 500 1737 581; x_wconf 77' lang='lat' dir='ltr'>recognovit</span> <span class='ocrx_word' id='word_1_10' title='bbox 1797 519 1812 562; x_wconf 89' lang='lat'><strong>:</strong></span> <span class='ocrx_word' id='word_1_11' title='bbox 1869 498 2158 580; x_wconf 72' lang='lat' dir='ltr'>quzedam</span> <span class='ocrx_word' id='word_1_12' title='bbox 2245 503 2313 561; x_wconf 92' lang='lat' dir='ltr'>et</span> <span class='ocrx_word' id='word_1_13' title='bbox 2392 498 2529 580; x_wconf 87' lang='lat' dir='ltr'>ipse</span> <span class='ocrx_word' id='word_1_14' title='bbox 2598 502 2677 565; x_wconf 93' lang='lat' dir='ltr'>ad</span> <span class='ocrx_word' id='word_1_15' title='bbox 2756 518 2907 566; x_wconf 85' lang='lat' dir='ltr'>mss.</span> <span class='ocrx_word' id='word_1_16' title='bbox 3007 502 3411 568; x_wconf 63' lang='lat' dir='ltr'>Bibliotheca:</span> <span class='ocrx_word' id='word_1_17' title='bbox 3502 488 3717 581; x_wconf 58' lang='lat' dir='ltr'>Regia;</span> 
     </span>
    </p>
   </div>
   <div class='ocr_carea' id='block_1_4' title="bbox 296 586 3713 676">
    <p class='ocr_par' dir='ltr' id='par_1_4' title="bbox 296 586 3713 676">
     <span class='ocr_line' id='line_1_4' title="bbox 296 586 3713 676; baseline 0.004 -28"><span class='ocrx_word' id='word_1_18' title='bbox 296 586 564 652; x_wconf 82' lang='lat' dir='ltr'>codices</span> <span class='ocrx_word' id='word_1_19' title='bbox 628 590 841 669; x_wconf 80' lang='lat' dir='ltr'>exegi.</span> <span class='ocrx_word' id='word_1_20' title='bbox 924 594 1076 655; x_wconf 72' lang='lat' dir='ltr'>Haec</span> <span class='ocrx_word' id='word_1_21' title='bbox 1156 594 1478 675; x_wconf 79' lang='lat' dir='ltr'>excipient</span> <span class='ocrx_word' id='word_1_22' title='bbox 1563 609 1787 658; x_wconf 86' lang='lat' dir='ltr'>eorum</span> <span class='ocrx_word' id='word_1_23' title='bbox 1860 590 2260 655; x_wconf 75' lang='lat' dir='ltr'>Praefationes</span> <span class='ocrx_word' id='word_1_24' title='bbox 2297 641 2313 674; x_wconf 91' lang='lat'>,</span> <span class='ocrx_word' id='word_1_25' title='bbox 2397 595 2891 676; x_wconf 89' lang='lat' dir='ltr'>Prolegomena,</span> <span class='ocrx_word' id='word_1_26' title='bbox 2954 601 3119 661; x_wconf 66' lang='lat' dir='ltr'>notae</span> <span class='ocrx_word' id='word_1_27' title='bbox 3176 602 3241 662; x_wconf 93' lang='lat' dir='ltr'>et</span> <span class='ocrx_word' id='word_1_28' title='bbox 3314 597 3713 661; x_wconf 88' lang='lat' dir='ltr'>observatio-</span> 
     </span>
    </p>
   </div>
   <div class='ocr_carea' id='block_1_5' title="bbox 295 683 3714 771">
    <p class='ocr_par' dir='ltr' id='par_1_5' title="bbox 295 683 3714 771">
     <span class='ocr_line' id='line_1_5' title="bbox 295 683 3714 771; baseline 0.003 -28"><span class='ocrx_word' id='word_1_29' title='bbox 295 697 437 753; x_wconf 87' lang='lat' dir='ltr'>nes,</span> <span class='ocrx_word' id='word_1_30' title='bbox 520 683 633 762; x_wconf 87' lang='lat' dir='ltr'>qui</span> <span class='ocrx_word' id='word_1_31' title='bbox 723 700 922 748; x_wconf 89' lang='lat' dir='ltr'>novas</span> <span class='ocrx_word' id='word_1_32' title='bbox 1005 686 1235 752; x_wconf 65' lang='lat' dir='ltr'>Irenaei</span> <span class='ocrx_word' id='word_1_33' title='bbox 1314 687 1626 753; x_wconf 81' lang='lat' dir='ltr'>editiones</span> <span class='ocrx_word' id='word_1_34' title='bbox 1708 686 2016 749; x_wconf 80' lang='lat' dir='ltr'>hactenus</span> <span class='ocrx_word' id='word_1_35' title='bbox 2097 683 2524 765; x_wconf 76' lang='lat' dir='ltr'>publicarunt,</span> <span class='ocrx_word' id='word_1_36' title='bbox 2595 689 3188 771; x_wconf 71' lang='lat' dir='ltr'>vel-illustrarunt;</span> <span class='ocrx_word' id='word_1_37' title='bbox 3264 696 3336 753; x_wconf 93' lang='lat' dir='ltr'>ut</span> <span class='ocrx_word' id='word_1_38' title='bbox 3405 690 3497 753; x_wconf 93' lang='lat' dir='ltr'>sic</span> <span class='ocrx_word' id='word_1_39' title='bbox 3584 706 3714 752; x_wconf 90' lang='lat' dir='ltr'>uno</span> 
     </span>
    </p>
   </div>
   <div class='ocr_carea' id='block_1_6' title="bbox 298 772 3710 864">
    <p class='ocr_par' dir='ltr' id='par_1_6' title="bbox 298 772 3710 864">
     <span class='ocr_line' id='line_1_6' title="bbox 298 772 3710 864; baseline 0.002 -27"><span class='ocrx_word' id='word_1_40' title='bbox 298 772 631 837; x_wconf 74' lang='lat' dir='ltr'>volumine</span> <span class='ocrx_word' id='word_1_41' title='bbox 687 777 1252 861; x_wconf 88' lang='lat' dir='ltr'>comprehensum,</span> <span class='ocrx_word' id='word_1_42' title='bbox 1331 781 1691 861; x_wconf 88' lang='lat' dir='ltr'>minorique</span> <span class='ocrx_word' id='word_1_43' title='bbox 1777 781 2035 857; x_wconf 90' lang='lat' dir='ltr'>sumptu</span> <span class='ocrx_word' id='word_1_44' title='bbox 2117 777 2386 841; x_wconf 86' lang='lat' dir='ltr'>studiosi</span> <span class='ocrx_word' id='word_1_45' title='bbox 2470 783 2954 864; x_wconf 90' lang='lat' dir='ltr'>nanciscantur,</span> <span class='ocrx_word' id='word_1_46' title='bbox 3038 783 3210 863; x_wconf 88' lang='lat' dir='ltr'>quod</span> <span class='ocrx_word' id='word_1_47' title='bbox 3292 782 3473 846; x_wconf 90' lang='lat' dir='ltr'>anlea</span> <span class='ocrx_word' id='word_1_48' title='bbox 3550 799 3710 846; x_wconf 90' lang='lat' dir='ltr'>non-</span> 
     </span>
    </p>
   </div>
   <div class='ocr_carea' id='block_1_7' title="bbox 300 865 3714 954">
    <p class='ocr_par' dir='ltr' id='par_1_7' title="bbox 300 865 3714 954">
     <span class='ocr_line' id='line_1_7' title="bbox 300 865 3714 954; baseline 0.003 -26"><span class='ocrx_word' id='word_1_49' title='bbox 300 865 429 929; x_wconf 87' lang='lat' dir='ltr'>nisi</span> <span class='ocrx_word' id='word_1_50' title='bbox 484 867 778 947; x_wconf 85' lang='lat' dir='ltr'>pluribus</span> <span class='ocrx_word' id='word_1_51' title='bbox 826 876 892 934; x_wconf 90' lang='lat' dir='ltr'>et</span> <span class='ocrx_word' id='word_1_52' title='bbox 948 870 1171 951; x_wconf 86' lang='lat' dir='ltr'>majori</span> <span class='ocrx_word' id='word_1_53' title='bbox 1223 873 1509 954; x_wconf 91' lang='lat' dir='ltr'>impensa</span> <span class='ocrx_word' id='word_1_54' title='bbox 1565 884 1931 951; x_wconf 87' lang='lat' dir='ltr'>comparare</span> <span class='ocrx_word' id='word_1_55' title='bbox 2001 867 2122 931; x_wconf 91' lang='lat' dir='ltr'>sibi</span> <span class='ocrx_word' id='word_1_56' title='bbox 2168 871 2482 946; x_wconf 85' lang='lat' dir='ltr'>poterant.</span> <span class='ocrx_word' id='word_1_57' title='bbox 2548 876 2618 935; x_wconf 80' lang='lat' dir='ltr'>Et</span> <span class='ocrx_word' id='word_1_58' title='bbox 2674 874 2933 954; x_wconf 87' lang='lat' dir='ltr'>quidem</span> <span class='ocrx_word' id='word_1_59' title='bbox 3008 872 3179 953; x_wconf 90' lang='lat' dir='ltr'>quod</span> <span class='ocrx_word' id='word_1_60' title='bbox 3251 874 3325 936; x_wconf 90' lang='lat' dir='ltr'>ad</span> <span class='ocrx_word' id='word_1_61' title='bbox 3394 879 3573 939; x_wconf 90' lang='lat' dir='ltr'>notas</span> <span class='ocrx_word' id='word_1_62' title='bbox 3648 878 3714 939; x_wconf 93' lang='lat' dir='ltr'>et</span> 
     </span>
    </p>
   </div>
   <div class='ocr_carea' id='block_1_8' title="bbox 301 957 3710 1046">
    <p class='ocr_par' dir='ltr' id='par_1_8' title="bbox 301 957 3710 1046">
     <span class='ocr_line' id='line_1_8' title="bbox 301 957 3710 1046; baseline 0.004 -27"><span class='ocrx_word' id='word_1_63' title='bbox 301 957 786 1025; x_wconf 77' lang='lat' dir='ltr'>observationes</span> <span class='ocrx_word' id='word_1_64' title='bbox 837 963 1108 1044; x_wconf 84' lang='lat' dir='ltr'>attinet;</span> <span class='ocrx_word' id='word_1_65' title='bbox 1165 964 1352 1046; x_wconf 90' lang='lat' dir='ltr'>Billii,</span> <span class='ocrx_word' id='word_1_66' title='bbox 1442 963 1779 1028; x_wconf 86' lang='lat' dir='ltr'>Frontonis</span> <span class='ocrx_word' id='word_1_67' title='bbox 1863 960 2076 1024; x_wconf 77' lang='lat' dir='ltr'>Duczei</span> <span class='ocrx_word' id='word_1_68' title='bbox 2162 968 2226 1025; x_wconf 90' lang='lat' dir='ltr'>et</span> <span class='ocrx_word' id='word_1_69' title='bbox 2304 965 2707 1029; x_wconf 86' lang='lat' dir='ltr'>Feuardentii</span> <span class='ocrx_word' id='word_1_70' title='bbox 2767 967 3048 1046; x_wconf 85' lang='lat' dir='ltr'>integras</span> <span class='ocrx_word' id='word_1_71' title='bbox 3127 967 3337 1032; x_wconf 91' lang='lat' dir='ltr'>denuo</span> <span class='ocrx_word' id='word_1_72' title='bbox 3400 967 3503 1031; x_wconf 90' lang='lat' dir='ltr'>edi</span> <span class='ocrx_word' id='word_1_73' title='bbox 3592 984 3710 1031; x_wconf 90' lang='lat' dir='ltr'>cu-</span> 
     </span>
    </p>
   </div>
   <div class='ocr_carea' id='block_1_9' title="bbox 304 1051 3711 1140">
    <p class='ocr_par' dir='ltr' id='par_1_9' title="bbox 304 1051 3711 1140">
     <span class='ocr_line' id='line_1_9' title="bbox 304 1051 3711 1140; baseline 0.003 -28"><span class='ocrx_word' id='word_1_74' title='bbox 304 1051 465 1133; x_wconf 87' lang='lat' dir='ltr'>ravi,</span> <span class='ocrx_word' id='word_1_75' title='bbox 518 1054 812 1134; x_wconf 78' lang='lat' dir='ltr'>quamvis</span> <span class='ocrx_word' id='word_1_76' title='bbox 867 1057 1056 1138; x_wconf 90' lang='lat' dir='ltr'>plura</span> <span class='ocrx_word' id='word_1_77' title='bbox 1109 1057 1242 1138; x_wconf 91' lang='lat' dir='ltr'>jam</span> <span class='ocrx_word' id='word_1_78' title='bbox 1313 1076 1391 1123; x_wconf 85' lang='lat' dir='ltr'>ex</span> <span class='ocrx_word' id='word_1_79' title='bbox 1463 1059 1542 1122; x_wconf 92' lang='lat' dir='ltr'>iis</span> <span class='ocrx_word' id='word_1_80' title='bbox 1607 1055 2090 1135; x_wconf 84' lang='lat' dir='ltr'>decerpsissem,</span> <span class='ocrx_word' id='word_1_81' title='bbox 2151 1055 2439 1136; x_wconf 82' lang='lat' dir='ltr'>meisque</span> <span class='ocrx_word' id='word_1_82' title='bbox 2514 1059 2959 1140; x_wconf 87' lang='lat' dir='ltr'>inseruissem;</span> <span class='ocrx_word' id='word_1_83' title='bbox 3031 1064 3203 1123; x_wconf 90' lang='lat' dir='ltr'>ratus</span> <span class='ocrx_word' id='word_1_84' title='bbox 3284 1066 3530 1140; x_wconf 88' lang='lat' dir='ltr'>gratum</span> <span class='ocrx_word' id='word_1_85' title='bbox 3609 1077 3711 1124; x_wconf 92' lang='lat' dir='ltr'>me</span> 
     </span>
    </p>
   </div>
   <div class='ocr_carea' id='block_1_10' title="bbox 306 1142 3710 1233">
    <p class='ocr_par' dir='ltr' id='par_1_10' title="bbox 306 1142 3710 1233">
     <span class='ocr_line' id='line_1_10' title="bbox 306 1142 3710 1233; baseline 0.003 -27"><span class='ocrx_word' id='word_1_86' title='bbox 306 1142 619 1233; x_wconf 83' lang='lat' dir='ltr'>facturum</span> <span class='ocrx_word' id='word_1_87' title='bbox 673 1147 1046 1229; x_wconf 86' lang='lat' dir='ltr'>lectoribus,</span> <span class='ocrx_word' id='word_1_88' title='bbox 1083 1150 1137 1214; x_wconf 93' lang='lat' dir='ltr'>si</span> <span class='ocrx_word' id='word_1_89' title='bbox 1186 1156 1385 1214; x_wconf 89' lang='lat' dir='ltr'>toturn</span> <span class='ocrx_word' id='word_1_90' title='bbox 1437 1150 1799 1229; x_wconf 80' lang='lat' dir='ltr'>exhibeam,</span> <span class='ocrx_word' id='word_1_91' title='bbox 1832 1144 2015 1225; x_wconf 87' lang='lat' dir='ltr'>cujus</span> <span class='ocrx_word' id='word_1_92' title='bbox 2069 1153 2278 1226; x_wconf 85' lang='lat' dir='ltr'>partes</span> <span class='ocrx_word' id='word_1_93' title='bbox 2327 1156 2505 1214; x_wconf 82' lang='lat' dir='ltr'>antes</span> <span class='ocrx_word' id='word_1_94' title='bbox 2569 1158 2753 1217; x_wconf 88' lang='lat' dir='ltr'>antea</span> <span class='ocrx_word' id='word_1_95' title='bbox 2806 1152 3097 1232; x_wconf 87' lang='lat' dir='ltr'>legerint.</span> <span class='ocrx_word' id='word_1_96' title='bbox 3139 1156 3224 1216; x_wconf 85' lang='lat' dir='ltr'>Ex</span> <span class='ocrx_word' id='word_1_97' title='bbox 3255 1153 3526 1217; x_wconf 82' lang='lat' dir='ltr'>Gallasio</span> <span class='ocrx_word' id='word_1_98' title='bbox 3562 1168 3710 1233; x_wconf 39' lang='lat' dir='ltr'>pan;</span> 
     </span>
    </p>
   </div>
   <div class='ocr_carea' id='block_1_11' title="bbox 302 1232 3704 1326">
    <p class='ocr_par' dir='ltr' id='par_1_11' title="bbox 302 1232 3704 1326">
     <span class='ocr_line' id='line_1_11' title="bbox 302 1232 3704 1326; baseline 0.004 -29"><span class='ocrx_word' id='word_1_99' title='bbox 302 1232 591 1299; x_wconf 83' lang='lat' dir='ltr'>cissimas</span> <span class='ocrx_word' id='word_1_100' title='bbox 645 1236 875 1317; x_wconf 80' lang='lat' dir='ltr'>selegi,</span> <span class='ocrx_word' id='word_1_101' title='bbox 938 1255 1085 1302; x_wconf 90' lang='lat' dir='ltr'>eum</span> <span class='ocrx_word' id='word_1_102' title='bbox 1170 1240 1490 1321; x_wconf 74' lang='lat' dir='ltr'>pleraeque</span> <span class='ocrx_word' id='word_1_103' title='bbox 1565 1238 1726 1301; x_wconf 84' lang='lat' dir='ltr'>nihil</span> <span class='ocrx_word' id='word_1_104' title='bbox 1804 1239 1927 1301; x_wconf 89' lang='lat' dir='ltr'>nisi</span> <span class='ocrx_word' id='word_1_105' title='bbox 2004 1255 2198 1303; x_wconf 86' lang='lat' dir='ltr'>vanas</span> <span class='ocrx_word' id='word_1_106' title='bbox 2262 1241 2672 1326; x_wconf 86' lang='lat' dir='ltr'>inficetasque</span> <span class='ocrx_word' id='word_1_107' title='bbox 2747 1247 3236 1311; x_wconf 89' lang='lat' dir='ltr'>declamationes</span> <span class='ocrx_word' id='word_1_108' title='bbox 3317 1232 3704 1311; x_wconf 88' lang='lat' dir='ltr'>contineant.</span> 
     </span>
    </p>
   </div>
   <div class='ocr_carea' id='block_1_12' title="bbox 302 1329 3708 1421">
    <p class='ocr_par' dir='ltr' id='par_1_12' title="bbox 302 1329 3708 1421">
     <span class='ocr_line' id='line_1_12' title="bbox 302 1329 3708 1421; baseline 0.003 -30"><span class='ocrx_word' id='word_1_109' title='bbox 302 1330 390 1391; x_wconf 80' lang='lat' dir='ltr'>Ex</span> <span class='ocrx_word' id='word_1_110' title='bbox 445 1329 679 1394; x_wconf 88' lang='lat' dir='ltr'>Grabio</span> <span class='ocrx_word' id='word_1_111' title='bbox 731 1330 971 1411; x_wconf 87' lang='lat' dir='ltr'>plures,</span> <span class='ocrx_word' id='word_1_112' title='bbox 1029 1348 1137 1396; x_wconf 85' lang='lat' dir='ltr'>eas</span> <span class='ocrx_word' id='word_1_113' title='bbox 1191 1332 1487 1397; x_wconf 87' lang='lat' dir='ltr'>videlicet</span> <span class='ocrx_word' id='word_1_114' title='bbox 1543 1350 1702 1414; x_wconf 88' lang='lat' dir='ltr'>quas</span> <span class='ocrx_word' id='word_1_115' title='bbox 1776 1332 2103 1396; x_wconf 67' lang='lat' dir='ltr'>catholicae</span> <span class='ocrx_word' id='word_1_116' title='bbox 2190 1350 2375 1400; x_wconf 89' lang='lat' dir='ltr'>aures</span> <span class='ocrx_word' id='word_1_117' title='bbox 2458 1339 2620 1404; x_wconf 82' lang='lat' dir='ltr'>ferre</span> <span class='ocrx_word' id='word_1_118' title='bbox 2701 1341 2959 1421; x_wconf 89' lang='lat' dir='ltr'>possint.</span> <span class='ocrx_word' id='word_1_119' title='bbox 3047 1339 3450 1405; x_wconf 90' lang='lat' dir='ltr'>Feuardentii</span> <span class='ocrx_word' id='word_1_120' title='bbox 3527 1344 3708 1404; x_wconf 92' lang='lat' dir='ltr'>notas</span> 
     </span>
    </p>
   </div>
   <div class='ocr_carea' id='block_1_13' title="bbox 292 1423 3706 1515">
    <p class='ocr_par' dir='ltr' id='par_1_13' title="bbox 292 1423 3706 1515">
     <span class='ocr_line' id='line_1_13' title="bbox 292 1423 3706 1515; baseline 0.003 -31"><span class='ocrx_word' id='word_1_121' title='bbox 292 1438 421 1485; x_wconf 91' lang='lat' dir='ltr'>non</span> <span class='ocrx_word' id='word_1_122' title='bbox 477 1423 782 1487; x_wconf 89' lang='lat' dir='ltr'>omnibus</span> <span class='ocrx_word' id='word_1_123' title='bbox 833 1425 1113 1505; x_wconf 87' lang='lat' dir='ltr'>placere,</span> <span class='ocrx_word' id='word_1_124' title='bbox 1174 1426 1677 1490; x_wconf 85' lang='lat' dir='ltr'>Protestantibus</span> <span class='ocrx_word' id='word_1_125' title='bbox 1737 1442 1886 1489; x_wconf 90' lang='lat' dir='ltr'>vero</span> <span class='ocrx_word' id='word_1_126' title='bbox 1936 1425 2278 1511; x_wconf 86' lang='lat' dir='ltr'>plurimum</span> <span class='ocrx_word' id='word_1_127' title='bbox 2356 1431 2695 1512; x_wconf 85' lang='lat' dir='ltr'>displicere</span> <span class='ocrx_word' id='word_1_128' title='bbox 2776 1434 2968 1515; x_wconf 91' lang='lat' dir='ltr'>probe</span> <span class='ocrx_word' id='word_1_129' title='bbox 3042 1434 3210 1497; x_wconf 89' lang='lat' dir='ltr'>novi.</span> <span class='ocrx_word' id='word_1_130' title='bbox 3269 1433 3430 1509; x_wconf 84' lang='lat' dir='ltr'>Quin</span> <span class='ocrx_word' id='word_1_131' title='bbox 3496 1437 3706 1497; x_wconf 91' lang='lat' dir='ltr'>tamen</span> 
     </span>
    </p>
   </div>
   <div class='ocr_carea' id='block_1_14' title="bbox 289 1518 3709 1608">
    <p class='ocr_par' dir='ltr' id='par_1_14' title="bbox 289 1518 3709 1608">
     <span class='ocr_line' id='line_1_14' title="bbox 289 1518 3709 1608; baseline 0.004 -31"><span class='ocrx_word' id='word_1_132' title='bbox 289 1531 405 1595; x_wconf 89' lang='lat' dir='ltr'>pro</span> <span class='ocrx_word' id='word_1_133' title='bbox 448 1520 741 1597; x_wconf 87' lang='lat' dir='ltr'>tempore</span> <span class='ocrx_word' id='word_1_134' title='bbox 803 1518 1073 1584; x_wconf 76' lang='lat' dir='ltr'>eruditae</span> <span class='ocrx_word' id='word_1_135' title='bbox 1131 1518 1309 1595; x_wconf 90' lang='lat' dir='ltr'>sint,</span> <span class='ocrx_word' id='word_1_136' title='bbox 1370 1519 1600 1600; x_wconf 87' lang='lat' dir='ltr'>virque</span> <span class='ocrx_word' id='word_1_137' title='bbox 1684 1518 1828 1599; x_wconf 92' lang='lat' dir='ltr'>pius</span> <span class='ocrx_word' id='word_1_138' title='bbox 1883 1536 1957 1583; x_wconf 88' lang='lat' dir='ltr'>ac</span> <span class='ocrx_word' id='word_1_139' title='bbox 2010 1518 2233 1583; x_wconf 90' lang='lat' dir='ltr'>doctus</span> <span class='ocrx_word' id='word_1_140' title='bbox 2289 1524 2368 1588; x_wconf 92' lang='lat' dir='ltr'>de</span> <span class='ocrx_word' id='word_1_141' title='bbox 2441 1529 2700 1608; x_wconf 72' lang='lat' dir='ltr'>Irenaeo,</span> <span class='ocrx_word' id='word_1_142' title='bbox 2764 1533 3020 1607; x_wconf 89' lang='lat' dir='ltr'>totaque</span> <span class='ocrx_word' id='word_1_143' title='bbox 3079 1526 3355 1590; x_wconf 89' lang='lat' dir='ltr'>Ecclesia</span> <span class='ocrx_word' id='word_1_144' title='bbox 3398 1526 3709 1591; x_wconf 88' lang='lat' dir='ltr'>catholica</span> 
     </span>
    </p>
   </div>
   <div class='ocr_carea' id='block_1_15' title="bbox 286 1610 3702 1701">
    <p class='ocr_par' dir='ltr' id='par_1_15' title="bbox 286 1610 3702 1701">
     <span class='ocr_line' id='line_1_15' title="bbox 286 1610 3702 1701; baseline 0.003 -29"><span class='ocrx_word' id='word_1_145' title='bbox 286 1610 531 1691; x_wconf 85' lang='lat' dir='ltr'>optime</span> <span class='ocrx_word' id='word_1_146' title='bbox 586 1613 860 1677; x_wconf 87' lang='lat' dir='ltr'>meritus</span> <span class='ocrx_word' id='word_1_147' title='bbox 920 1612 1152 1695; x_wconf 88' lang='lat' dir='ltr'>fuerit,</span> <span class='ocrx_word' id='word_1_148' title='bbox 1218 1630 1403 1680; x_wconf 91' lang='lat' dir='ltr'>nemo</span> <span class='ocrx_word' id='word_1_149' title='bbox 1463 1614 1708 1695; x_wconf 89' lang='lat' dir='ltr'>absque</span> <span class='ocrx_word' id='word_1_150' title='bbox 1766 1612 1998 1694; x_wconf 90' lang='lat' dir='ltr'>injuria</span> <span class='ocrx_word' id='word_1_151' title='bbox 2050 1629 2286 1693; x_wconf 89' lang='lat' dir='ltr'>negare</span> <span class='ocrx_word' id='word_1_152' title='bbox 2343 1624 2570 1698; x_wconf 89' lang='lat' dir='ltr'>potest.</span> <span class='ocrx_word' id='word_1_153' title='bbox 2631 1622 2810 1701; x_wconf 75' lang='lat' dir='ltr'>Saepe</span> <span class='ocrx_word' id='word_1_154' title='bbox 2880 1619 3139 1700; x_wconf 91' lang='lat' dir='ltr'>quidem</span> <span class='ocrx_word' id='word_1_155' title='bbox 3196 1619 3277 1683; x_wconf 89' lang='lat' dir='ltr'>ab</span> <span class='ocrx_word' id='word_1_156' title='bbox 3324 1623 3702 1698; x_wconf 88' lang='lat' dir='ltr'>argumento</span> 
     </span>
    </p>
   </div>
   <div class='ocr_carea' id='block_1_16' title="bbox 287 1704 3702 1794">
    <p class='ocr_par' dir='ltr' id='par_1_16' title="bbox 287 1704 3702 1794">
     <span class='ocr_line' id='line_1_16' title="bbox 287 1704 3702 1794; baseline 0.004 -29"><span class='ocrx_word' id='word_1_157' title='bbox 287 1704 550 1783; x_wconf 80' lang='lat' dir='ltr'>longius</span> <span class='ocrx_word' id='word_1_158' title='bbox 609 1707 933 1788; x_wconf 89' lang='lat' dir='ltr'>discedit,</span> <span class='ocrx_word' id='word_1_159' title='bbox 992 1712 1058 1772; x_wconf 91' lang='lat' dir='ltr'>et</span> <span class='ocrx_word' id='word_1_160' title='bbox 1112 1708 1180 1771; x_wconf 95' lang='lat' dir='ltr'>in</span> <span class='ocrx_word' id='word_1_161' title='bbox 1248 1709 1668 1774; x_wconf 85' lang='lat' dir='ltr'>heterodoxos</span> <span class='ocrx_word' id='word_1_162' title='bbox 1715 1707 2027 1772; x_wconf 88' lang='lat' dir='ltr'>acerbiori</span> <span class='ocrx_word' id='word_1_163' title='bbox 2072 1724 2264 1787; x_wconf 91' lang='lat' dir='ltr'>quam</span> <span class='ocrx_word' id='word_1_164' title='bbox 2328 1727 2438 1791; x_wconf 86' lang='lat' dir='ltr'>par</span> <span class='ocrx_word' id='word_1_165' title='bbox 2504 1718 2674 1777; x_wconf 88' lang='lat' dir='ltr'>esset</span> <span class='ocrx_word' id='word_1_166' title='bbox 2731 1712 2895 1794; x_wconf 85' lang='lat' dir='ltr'>stle</span> <span class='ocrx_word' id='word_1_167' title='bbox 2957 1712 3278 1794; x_wconf 87' lang='lat' dir='ltr'>excurrit;</span> <span class='ocrx_word' id='word_1_168' title='bbox 3326 1712 3437 1777; x_wconf 91' lang='lat' dir='ltr'>sed</span> <span class='ocrx_word' id='word_1_169' title='bbox 3473 1711 3536 1775; x_wconf 91' lang='lat' dir='ltr'>id</span> <span class='ocrx_word' id='word_1_170' title='bbox 3566 1712 3702 1777; x_wconf 90' lang='lat' dir='ltr'>zelo</span> 
     </span>
    </p>
   </div>
   <div class='ocr_carea' id='block_1_17' title="bbox 286 1802 3705 1888">
    <p class='ocr_par' dir='ltr' id='par_1_17' title="bbox 286 1802 3705 1888">
     <span class='ocr_line' id='line_1_17' title="bbox 286 1802 3705 1888; baseline 0.001 -24"><span class='ocrx_word' id='word_1_171' title='bbox 286 1802 627 1867; x_wconf 67' lang='lat' dir='ltr'>catholicae</span> <span class='ocrx_word' id='word_1_172' title='bbox 690 1804 863 1887; x_wconf 84' lang='lat' dir='ltr'>ﬁdei,</span> <span class='ocrx_word' id='word_1_173' title='bbox 923 1810 988 1870; x_wconf 89' lang='lat' dir='ltr'>et</span> <span class='ocrx_word' id='word_1_174' title='bbox 1038 1806 1331 1888; x_wconf 86' lang='lat' dir='ltr'>tempori,</span> <span class='ocrx_word' id='word_1_175' title='bbox 1382 1823 1509 1888; x_wconf 92' lang='lat' dir='ltr'>quo</span> <span class='ocrx_word' id='word_1_176' title='bbox 1570 1804 1966 1871; x_wconf 85' lang='lat' dir='ltr'>ferventibus</span> <span class='ocrx_word' id='word_1_177' title='bbox 2022 1805 2473 1868; x_wconf 88' lang='lat' dir='ltr'>controversiis</span> <span class='ocrx_word' id='word_1_178' title='bbox 2546 1805 2861 1886; x_wconf 88' lang='lat' dir='ltr'>bellisque</span> <span class='ocrx_word' id='word_1_179' title='bbox 2936 1804 3276 1882; x_wconf 83' lang='lat' dir='ltr'>civilibus,</span> <span class='ocrx_word' id='word_1_180' title='bbox 3345 1804 3705 1869; x_wconf 73' lang='lat' dir='ltr'>Calvinistae</span> 
     </span>
    </p>
   </div>
   <div class='ocr_carea' id='block_1_18' title="bbox 285 1895 3702 1980">
    <p class='ocr_par' dir='ltr' id='par_1_18' title="bbox 285 1895 3702 1980">
     <span class='ocr_line' id='line_1_18' title="bbox 285 1895 3702 1980; baseline 0.001 -22"><span class='ocrx_word' id='word_1_181' title='bbox 285 1895 654 1962; x_wconf 85' lang='lat' dir='ltr'>Catholicos</span> <span class='ocrx_word' id='word_1_182' title='bbox 708 1900 1037 1980; x_wconf 89' lang='lat' dir='ltr'>perpetuis</span> <span class='ocrx_word' id='word_1_183' title='bbox 1092 1900 1398 1966; x_wconf 90' lang='lat' dir='ltr'>conviciis</span> <span class='ocrx_word' id='word_1_184' title='bbox 1449 1905 1514 1964; x_wconf 89' lang='lat' dir='ltr'>et</span> <span class='ocrx_word' id='word_1_185' title='bbox 1571 1898 1910 1964; x_wconf 90' lang='lat' dir='ltr'>calumniis</span> <span class='ocrx_word' id='word_1_186' title='bbox 1965 1898 2389 1980; x_wconf 87' lang='lat' dir='ltr'>incessebant,</span> <span class='ocrx_word' id='word_1_187' title='bbox 2445 1899 2952 1964; x_wconf 90' lang='lat' dir='ltr'>condonandum.</span> <span class='ocrx_word' id='word_1_188' title='bbox 3029 1897 3326 1979; x_wconf 85' lang='lat' dir='ltr'>Quisquis</span> <span class='ocrx_word' id='word_1_189' title='bbox 3377 1897 3702 1962; x_wconf 88' lang='lat' dir='ltr'>ministro-</span> 
     </span>
    </p>
   </div>
   <div class='ocr_carea' id='block_1_19' title="bbox 282 1990 3704 2076">
    <p class='ocr_par' dir='ltr' id='par_1_19' title="bbox 282 1990 3704 2076">
     <span class='ocr_line' id='line_1_19' title="bbox 282 1990 3704 2076; baseline 0.001 -23"><span class='ocrx_word' id='word_1_190' title='bbox 282 2006 432 2053; x_wconf 89' lang='lat' dir='ltr'>rum</span> <span class='ocrx_word' id='word_1_191' title='bbox 491 1990 674 2055; x_wconf 88' lang='lat' dir='ltr'>illius</span> <span class='ocrx_word' id='word_1_192' title='bbox 731 1993 1039 2076; x_wconf 90' lang='lat' dir='ltr'>temporis</span> <span class='ocrx_word' id='word_1_193' title='bbox 1097 1993 1332 2076; x_wconf 90' lang='lat' dir='ltr'>scripta</span> <span class='ocrx_word' id='word_1_194' title='bbox 1386 1993 1636 2073; x_wconf 87' lang='lat' dir='ltr'>legerit,</span> <span class='ocrx_word' id='word_1_195' title='bbox 1696 1997 1762 2056; x_wconf 92' lang='lat' dir='ltr'>et</span> <span class='ocrx_word' id='word_1_196' title='bbox 1827 2008 2016 2073; x_wconf 91' lang='lat' dir='ltr'>quam</span> <span class='ocrx_word' id='word_1_197' title='bbox 2076 1991 2505 2057; x_wconf 90' lang='lat' dir='ltr'>inverecunde</span> <span class='ocrx_word' id='word_1_198' title='bbox 2585 1992 2919 2057; x_wconf 90' lang='lat' dir='ltr'>Catholicis</span> <span class='ocrx_word' id='word_1_199' title='bbox 2977 1992 3358 2057; x_wconf 89' lang='lat' dir='ltr'>calumniam</span> <span class='ocrx_word' id='word_1_200' title='bbox 3427 1991 3704 2056; x_wconf 87' lang='lat' dir='ltr'>facerent</span> 
     </span>
    </p>
   </div>
   <div class='ocr_carea' id='block_1_20' title="bbox 280 2079 3700 2170">
    <p class='ocr_par' dir='ltr' id='par_1_20' title="bbox 280 2079 3700 2170">
     <span class='ocr_line' id='line_1_20' title="bbox 280 2079 3700 2170; baseline -0.001 -24"><span class='ocrx_word' id='word_1_201' title='bbox 280 2100 357 2148; x_wconf 89' lang='lat' dir='ltr'>ac</span> <span class='ocrx_word' id='word_1_202' title='bbox 419 2084 799 2150; x_wconf 85' lang='lat' dir='ltr'>clarissimis</span> <span class='ocrx_word' id='word_1_203' title='bbox 853 2088 1223 2170; x_wconf 90' lang='lat' dir='ltr'>quibusque</span> <span class='ocrx_word' id='word_1_204' title='bbox 1279 2090 1528 2152; x_wconf 83' lang='lat' dir='ltr'>Patrum</span> <span class='ocrx_word' id='word_1_205' title='bbox 1595 2086 1976 2152; x_wconf 83' lang='lat' dir='ltr'>testimoniis</span> <span class='ocrx_word' id='word_1_206' title='bbox 2032 2086 2160 2149; x_wconf 90' lang='lat' dir='ltr'>vim</span> <span class='ocrx_word' id='word_1_207' title='bbox 2217 2082 2545 2161; x_wconf 84' lang='lat' dir='ltr'>inferrent,</span> <span class='ocrx_word' id='word_1_208' title='bbox 2608 2081 3009 2163; x_wconf 86' lang='lat' dir='ltr'>expenderit,</span> <span class='ocrx_word' id='word_1_209' title='bbox 3066 2079 3558 2145; x_wconf 89' lang='lat' dir='ltr'>Feuardentium</span> <span class='ocrx_word' id='word_1_210' title='bbox 3606 2079 3700 2143; x_wconf 87' lang='lat' dir='ltr'>fa-</span> 
     </span>
    </p>
   </div>
   <div class='ocr_carea' id='block_1_21' title="bbox 278 2171 3694 2262">
    <p class='ocr_par' dir='ltr' id='par_1_21' title="bbox 278 2171 3694 2262">
     <span class='ocr_line' id='line_1_21' title="bbox 278 2171 3694 2262; baseline -0 -24"><span class='ocrx_word' id='word_1_211' title='bbox 278 2176 409 2239; x_wconf 86' lang='lat' dir='ltr'>cile</span> <span class='ocrx_word' id='word_1_212' title='bbox 466 2178 828 2243; x_wconf 79' lang='lat' dir='ltr'>excusabit.</span> <span class='ocrx_word' id='word_1_213' title='bbox 892 2181 955 2244; x_wconf 93' lang='lat' dir='ltr'>Si</span> <span class='ocrx_word' id='word_1_214' title='bbox 1013 2174 1160 2262; x_wconf 68' lang='lat' dir='ltr'>quée</span> <span class='ocrx_word' id='word_1_215' title='bbox 1203 2198 1354 2246; x_wconf 89' lang='lat' dir='ltr'>vero</span> <span class='ocrx_word' id='word_1_216' title='bbox 1414 2180 1604 2262; x_wconf 87' lang='lat' dir='ltr'>hujus</span> <span class='ocrx_word' id='word_1_217' title='bbox 1662 2182 2037 2259; x_wconf 87' lang='lat' dir='ltr'>argumenta</span> <span class='ocrx_word' id='word_1_218' title='bbox 2084 2173 2529 2256; x_wconf 90' lang='lat' dir='ltr'>intempestiva</span> <span class='ocrx_word' id='word_1_219' title='bbox 2554 2173 2680 2254; x_wconf 89' lang='lat' dir='ltr'>jam</span> <span class='ocrx_word' id='word_1_220' title='bbox 2725 2189 2868 2238; x_wconf 91' lang='lat' dir='ltr'>esse</span> <span class='ocrx_word' id='word_1_221' title='bbox 2898 2171 3270 2254; x_wconf 85' lang='lat' dir='ltr'>videantur;</span> <span class='ocrx_word' id='word_1_222' title='bbox 3309 2190 3430 2237; x_wconf 91' lang='lat' dir='ltr'>non</span> <span class='ocrx_word' id='word_1_223' title='bbox 3472 2171 3694 2254; x_wconf 88' lang='lat' dir='ltr'>ipsius,</span> 
     </span>
    </p>
   </div>
   <div class='ocr_carea' id='block_1_22' title="bbox 279 2263 3701 2356">
    <p class='ocr_par' dir='ltr' id='par_1_22' title="bbox 279 2263 3701 2356">
     <span class='ocr_line' id='line_1_22' title="bbox 279 2263 3701 2356; baseline -0.001 -22"><span class='ocrx_word' id='word_1_224' title='bbox 279 2269 393 2334; x_wconf 89' lang='lat' dir='ltr'>sed</span> <span class='ocrx_word' id='word_1_225' title='bbox 447 2269 970 2337; x_wconf 83' lang='lat' dir='ltr'>adversariorum</span> <span class='ocrx_word' id='word_1_226' title='bbox 1027 2275 1216 2355; x_wconf 89' lang='lat' dir='ltr'>culpa</span> <span class='ocrx_word' id='word_1_227' title='bbox 1266 2280 1385 2356; x_wconf 89' lang='lat' dir='ltr'>est,</span> <span class='ocrx_word' id='word_1_228' title='bbox 1446 2274 1557 2355; x_wconf 92' lang='lat' dir='ltr'>qui</span> <span class='ocrx_word' id='word_1_229' title='bbox 1630 2289 1850 2354; x_wconf 89' lang='lat' dir='ltr'>parum</span> <span class='ocrx_word' id='word_1_230' title='bbox 1911 2271 2036 2336; x_wconf 90' lang='lat' dir='ltr'>sibi</span> <span class='ocrx_word' id='word_1_231' title='bbox 2093 2273 2479 2347; x_wconf 83' lang='lat' dir='ltr'>constantes,</span> <span class='ocrx_word' id='word_1_232' title='bbox 2541 2271 2777 2330; x_wconf 91' lang='lat' dir='ltr'>mutata</span> <span class='ocrx_word' id='word_1_233' title='bbox 2857 2265 3201 2329; x_wconf 89' lang='lat' dir='ltr'>identidem</span> <span class='ocrx_word' id='word_1_234' title='bbox 3281 2263 3701 2329; x_wconf 87' lang='lat' dir='ltr'>veliﬁcatione</span> 
     </span>
    </p>
   </div>
   <div class='ocr_carea' id='block_1_23' title="bbox 279 2359 3699 2448">
    <p class='ocr_par' dir='ltr' id='par_1_23' title="bbox 279 2359 3699 2448">
     <span class='ocr_line' id='line_1_23' title="bbox 279 2359 3699 2448; baseline -0.002 -20"><span class='ocrx_word' id='word_1_235' title='bbox 279 2364 720 2446; x_wconf 86' lang='lat' dir='ltr'>retrocedere,</span> <span class='ocrx_word' id='word_1_236' title='bbox 782 2366 1097 2448; x_wconf 89' lang='lat' dir='ltr'>pluraque</span> <span class='ocrx_word' id='word_1_237' title='bbox 1154 2368 1319 2432; x_wconf 90' lang='lat' dir='ltr'>male</span> <span class='ocrx_word' id='word_1_238' title='bbox 1375 2367 1719 2433; x_wconf 87' lang='lat' dir='ltr'>constituto</span> <span class='ocrx_word' id='word_1_239' title='bbox 1778 2363 2106 2447; x_wconf 85' lang='lat' dir='ltr'>systemati</span> <span class='ocrx_word' id='word_1_240' title='bbox 2166 2363 2266 2425; x_wconf 91' lang='lat' dir='ltr'>vel</span> <span class='ocrx_word' id='word_1_241' title='bbox 2327 2361 2585 2440; x_wconf 86' lang='lat' dir='ltr'>addere,</span> <span class='ocrx_word' id='word_1_242' title='bbox 2615 2359 2717 2424; x_wconf 87' lang='lat' dir='ltr'>vel</span> <span class='ocrx_word' id='word_1_243' title='bbox 2774 2360 3052 2441; x_wconf 89' lang='lat' dir='ltr'>demere,</span> <span class='ocrx_word' id='word_1_244' title='bbox 3100 2375 3214 2440; x_wconf 90' lang='lat' dir='ltr'>pro</span> <span class='ocrx_word' id='word_1_245' title='bbox 3242 2362 3602 2438; x_wconf 86' lang='lat' dir='ltr'>temporum</span> <span class='ocrx_word' id='word_1_246' title='bbox 3634 2362 3699 2422; x_wconf 88' lang='lat' dir='ltr'>et</span> 
     </span>
    </p>
   </div>
   <div class='ocr_carea' id='block_1_24' title="bbox 276 2453 3697 2543">
    <p class='ocr_par' dir='ltr' id='par_1_24' title="bbox 276 2453 3697 2543">
     <span class='ocr_line' id='line_1_24' title="bbox 276 2453 3697 2543; baseline -0.001 -25"><span class='ocrx_word' id='word_1_247' title='bbox 276 2464 828 2537; x_wconf 88' lang='lat' dir='ltr'>argumentorum</span> <span class='ocrx_word' id='word_1_248' title='bbox 887 2460 1159 2543; x_wconf 79' lang='lat' dir='ltr'>ratione,</span> <span class='ocrx_word' id='word_1_249' title='bbox 1218 2460 1416 2526; x_wconf 91' lang='lat' dir='ltr'>coacti</span> <span class='ocrx_word' id='word_1_250' title='bbox 1459 2465 1628 2525; x_wconf 90' lang='lat' dir='ltr'>sunt.</span> <span class='ocrx_word' id='word_1_251' title='bbox 1688 2458 1909 2523; x_wconf 83' lang='lat' dir='ltr'>Acrius</span> <span class='ocrx_word' id='word_1_252' title='bbox 1956 2473 2074 2521; x_wconf 90' lang='lat' dir='ltr'>nec</span> <span class='ocrx_word' id='word_1_253' title='bbox 2131 2458 2383 2539; x_wconf 72' lang='lat' dir='ltr'>aequius</span> <span class='ocrx_word' id='word_1_254' title='bbox 2443 2455 2883 2519; x_wconf 86' lang='lat' dir='ltr'>doctissimum</span> <span class='ocrx_word' id='word_1_255' title='bbox 2949 2453 3269 2518; x_wconf 89' lang='lat' dir='ltr'>hominem</span> <span class='ocrx_word' id='word_1_256' title='bbox 3334 2453 3697 2543; x_wconf 79' lang='lat' dir='ltr'>reprehen-</span> 
     </span>
    </p>
   </div>
   <div class='ocr_carea' id='block_1_25' title="bbox 281 2541 3699 2635">
    <p class='ocr_par' dir='ltr' id='par_1_25' title="bbox 281 2541 3699 2635">
     <span class='ocr_line' id='line_1_25' title="bbox 281 2541 3699 2635; baseline -0.002 -23"><span class='ocrx_word' id='word_1_257' title='bbox 281 2549 453 2613; x_wconf 91' lang='lat' dir='ltr'>dunt</span> <span class='ocrx_word' id='word_1_258' title='bbox 503 2552 900 2616; x_wconf 74' lang='lat' dir='ltr'>retentiores</span> <span class='ocrx_word' id='word_1_259' title='bbox 947 2541 1238 2634; x_wconf 87' lang='lat' dir='ltr'>quidam,</span> <span class='ocrx_word' id='word_1_260' title='bbox 1299 2555 1466 2635; x_wconf 92' lang='lat' dir='ltr'>quod</span> <span class='ocrx_word' id='word_1_261' title='bbox 1515 2551 1876 2617; x_wconf 87' lang='lat' dir='ltr'>adulterina</span> <span class='ocrx_word' id='word_1_262' title='bbox 1924 2550 2158 2631; x_wconf 89' lang='lat' dir='ltr'>scripta</span> <span class='ocrx_word' id='word_1_263' title='bbox 2215 2563 2341 2611; x_wconf 94' lang='lat' dir='ltr'>non</span> <span class='ocrx_word' id='word_1_264' title='bbox 2387 2562 2614 2627; x_wconf 89' lang='lat' dir='ltr'>pauca,</span> <span class='ocrx_word' id='word_1_265' title='bbox 2675 2550 2746 2608; x_wconf 91' lang='lat' dir='ltr'>ut</span> <span class='ocrx_word' id='word_1_266' title='bbox 2802 2559 2952 2608; x_wconf 89' lang='lat' dir='ltr'>vera</span> <span class='ocrx_word' id='word_1_267' title='bbox 3005 2541 3400 2623; x_wconf 91' lang='lat' dir='ltr'>allegaverit,</span> <span class='ocrx_word' id='word_1_268' title='bbox 3459 2556 3699 2622; x_wconf 89' lang='lat' dir='ltr'>eosque</span> 
     </span>
    </p>
   </div>
   <div class='ocr_carea' id='block_1_26' title="bbox 282 2635 3705 2727">
    <p class='ocr_par' dir='ltr' id='par_1_26' title="bbox 282 2635 3705 2727">
     <span class='ocr_line' id='line_1_26' title="bbox 282 2635 3705 2727; baseline -0.001 -22"><span class='ocrx_word' id='word_1_269' title='bbox 282 2642 513 2707; x_wconf 88' lang='lat' dir='ltr'>Libros</span> <span class='ocrx_word' id='word_1_270' title='bbox 566 2649 633 2707; x_wconf 91' lang='lat' dir='ltr'>et</span> <span class='ocrx_word' id='word_1_271' title='bbox 695 2646 1026 2709; x_wconf 88' lang='lat' dir='ltr'>Tractatus</span> <span class='ocrx_word' id='word_1_272' title='bbox 1085 2646 1376 2711; x_wconf 90' lang='lat' dir='ltr'>Patribus</span> <span class='ocrx_word' id='word_1_273' title='bbox 1427 2645 1723 2727; x_wconf 86' lang='lat' dir='ltr'>pluribus</span> <span class='ocrx_word' id='word_1_274' title='bbox 1773 2643 2159 2725; x_wconf 86' lang='lat' dir='ltr'>attribuerit,</span> <span class='ocrx_word' id='word_1_275' title='bbox 2219 2641 2329 2722; x_wconf 92' lang='lat' dir='ltr'>qui</span> <span class='ocrx_word' id='word_1_276' title='bbox 2391 2638 2522 2720; x_wconf 88' lang='lat' dir='ltr'>jam</span> <span class='ocrx_word' id='word_1_277' title='bbox 2585 2635 2970 2718; x_wconf 79' lang='lat' dir='ltr'>supposititii</span> <span class='ocrx_word' id='word_1_278' title='bbox 3044 2652 3184 2700; x_wconf 91' lang='lat' dir='ltr'>esse</span> <span class='ocrx_word' id='word_1_279' title='bbox 3241 2638 3705 2727; x_wconf 81' lang='lat' dir='ltr'>agnoscuntur-</span> 
     </span>
    </p>
   </div>
   <div class='ocr_carea' id='block_1_27' title="bbox 275 2725 3697 2818">
    <p class='ocr_par' dir='ltr' id='par_1_27' title="bbox 275 2725 3697 2818">
     <span class='ocr_line' id='line_1_27' title="bbox 275 2725 3697 2818; baseline -0.003 -18"><span class='ocrx_word' id='word_1_280' title='bbox 275 2736 403 2800; x_wconf 84' lang='lat' dir='ltr'>Sed</span> <span class='ocrx_word' id='word_1_281' title='bbox 462 2737 831 2801; x_wconf 89' lang='lat' dir='ltr'>communis</span> <span class='ocrx_word' id='word_1_282' title='bbox 887 2738 991 2803; x_wconf 88' lang='lat' dir='ltr'>hic</span> <span class='ocrx_word' id='word_1_283' title='bbox 1042 2739 1163 2803; x_wconf 88' lang='lat' dir='ltr'>fuit</span> <span class='ocrx_word' id='word_1_284' title='bbox 1219 2757 1391 2803; x_wconf 91' lang='lat' dir='ltr'>error</span> <span class='ocrx_word' id='word_1_285' title='bbox 1427 2725 1721 2804; x_wconf 50' lang='lat' dir='ltr'>_illorurn</span> <span class='ocrx_word' id='word_1_286' title='bbox 1784 2742 2146 2818; x_wconf 88' lang='lat' dir='ltr'>temporum</span> <span class='ocrx_word' id='word_1_287' title='bbox 2196 2754 2210 2799; x_wconf 89' lang='lat'><strong>:</strong></span> <span class='ocrx_word' id='word_1_288' title='bbox 2276 2734 2554 2799; x_wconf 91' lang='lat' dir='ltr'>nondum</span> <span class='ocrx_word' id='word_1_289' title='bbox 2611 2730 2850 2812; x_wconf 90' lang='lat' dir='ltr'>quippe</span> <span class='ocrx_word' id='word_1_290' title='bbox 2905 2728 3054 2792; x_wconf 85' lang='lat' dir='ltr'>satis</span> <span class='ocrx_word' id='word_1_291' title='bbox 3102 2727 3379 2808; x_wconf 89' lang='lat' dir='ltr'>eliquata</span> <span class='ocrx_word' id='word_1_292' title='bbox 3430 2725 3697 2789; x_wconf 89' lang='lat' dir='ltr'>veritate</span> 
     </span>
    </p>
   </div>
   <div class='ocr_carea' id='block_1_28' title="bbox 276 2820 3696 2912">
    <p class='ocr_par' dir='ltr' id='par_1_28' title="bbox 276 2820 3696 2912">
     <span class='ocr_line' id='line_1_28' title="bbox 276 2820 3696 2912; baseline -0.003 -21"><span class='ocrx_word' id='word_1_293' title='bbox 276 2846 484 2909; x_wconf 90' lang='lat' dir='ltr'>reque</span> <span class='ocrx_word' id='word_1_294' title='bbox 536 2829 620 2892; x_wconf 86' lang='lat' dir='ltr'>ad</span> <span class='ocrx_word' id='word_1_295' title='bbox 679 2830 1035 2895; x_wconf 89' lang='lat' dir='ltr'>severiores</span> <span class='ocrx_word' id='word_1_296' title='bbox 1092 2831 1327 2896; x_wconf 67' lang='lat' dir='ltr'>criticae</span> <span class='ocrx_word' id='word_1_297' title='bbox 1379 2832 1635 2912; x_wconf 86' lang='lat' dir='ltr'>regulas</span> <span class='ocrx_word' id='word_1_298' title='bbox 1694 2828 2029 2912; x_wconf 86' lang='lat' dir='ltr'>pensitata,</span> <span class='ocrx_word' id='word_1_299' title='bbox 2090 2828 2155 2892; x_wconf 89' lang='lat' dir='ltr'>id</span> <span class='ocrx_word' id='word_1_300' title='bbox 2202 2828 2367 2893; x_wconf 88' lang='lat' dir='ltr'>bona</span> <span class='ocrx_word' id='word_1_301' title='bbox 2425 2826 2546 2889; x_wconf 86' lang='lat' dir='ltr'>ﬁde</span> <span class='ocrx_word' id='word_1_302' title='bbox 2599 2824 2933 2898; x_wconf 87' lang='lat' dir='ltr'>citabatur,</span> <span class='ocrx_word' id='word_1_303' title='bbox 2987 2823 3067 2886; x_wconf 93' lang='lat' dir='ltr'>de</span> <span class='ocrx_word' id='word_1_304' title='bbox 3128 2837 3257 2902; x_wconf 93' lang='lat' dir='ltr'>quo</span> <span class='ocrx_word' id='word_1_305' title='bbox 3311 2820 3525 2912; x_wconf 76' lang='lat' dir='ltr'>nullus</span> <span class='ocrx_word' id='word_1_306' title='bbox 3554 2835 3696 2884; x_wconf 92' lang='lat' dir='ltr'>esse</span> 
     </span>
    </p>
   </div>
   <div class='ocr_carea' id='block_1_29' title="bbox 276 2911 3693 3003">
    <p class='ocr_par' dir='ltr' id='par_1_29' title="bbox 276 2911 3693 3003">
     <span class='ocr_line' id='line_1_29' title="bbox 276 2911 3693 3003; baseline -0.001 -26"><span class='ocrx_word' id='word_1_307' title='bbox 276 2916 628 2981; x_wconf 87' lang='lat' dir='ltr'>videbatur</span> <span class='ocrx_word' id='word_1_308' title='bbox 679 2919 1051 3000; x_wconf 89' lang='lat' dir='ltr'>suspicandi</span> <span class='ocrx_word' id='word_1_309' title='bbox 1105 2920 1299 2984; x_wconf 91' lang='lat' dir='ltr'>locus.</span> <span class='ocrx_word' id='word_1_310' title='bbox 1361 2921 1477 2996; x_wconf 85' lang='lat' dir='ltr'>Qui</span> <span class='ocrx_word' id='word_1_311' title='bbox 1534 2911 2119 3002; x_wconf 83' lang='lat' dir='ltr'>Magdeburgenses</span> <span class='ocrx_word' id='word_1_312' title='bbox 2191 2922 2399 3003; x_wconf 84' lang='lat' dir='ltr'>ipsos,</span> <span class='ocrx_word' id='word_1_313' title='bbox 2462 2920 2900 2997; x_wconf 87' lang='lat' dir='ltr'>famosumque</span> <span class='ocrx_word' id='word_1_314' title='bbox 2972 2915 3148 2977; x_wconf 90' lang='lat' dir='ltr'>illum</span> <span class='ocrx_word' id='word_1_315' title='bbox 3227 2912 3395 2994; x_wconf 89' lang='lat' dir='ltr'>apud</span> <span class='ocrx_word' id='word_1_316' title='bbox 3475 2911 3693 3003; x_wconf 88' lang='lat' dir='ltr'>Prote-</span> 
     </span>
    </p>
   </div>
   <div class='ocr_carea' id='block_1_30' title="bbox 267 3002 3696 3095">
    <p class='ocr_par' dir='ltr' id='par_1_30' title="bbox 267 3002 3696 3095">
     <span class='ocr_line' id='line_1_30' title="bbox 267 3002 3696 3095; baseline -0.002 -22"><span class='ocrx_word' id='word_1_317' title='bbox 267 3016 522 3075; x_wconf 83' lang='lat' dir='ltr'>stantes</span> <span class='ocrx_word' id='word_1_318' title='bbox 582 3012 880 3078; x_wconf 88' lang='lat' dir='ltr'>criticum</span> <span class='ocrx_word' id='word_1_319' title='bbox 938 3014 1255 3078; x_wconf 77' lang='lat' dir='ltr'>Andream</span> <span class='ocrx_word' id='word_1_320' title='bbox 1312 3015 1606 3079; x_wconf 84' lang='lat' dir='ltr'>Rivetum</span> <span class='ocrx_word' id='word_1_321' title='bbox 1664 3014 2144 3095; x_wconf 84' lang='lat' dir='ltr'>examinaverit,</span> <span class='ocrx_word' id='word_1_322' title='bbox 2194 3002 2260 3078; x_wconf 74' lang='lat' dir='ltr'>Si</span> <span class='ocrx_word' id='word_1_323' title='bbox 2320 3028 2442 3075; x_wconf 93' lang='lat' dir='ltr'>non</span> <span class='ocrx_word' id='word_1_324' title='bbox 2502 3010 2753 3089; x_wconf 88' lang='lat' dir='ltr'>iisdem,</span> <span class='ocrx_word' id='word_1_325' title='bbox 2814 3009 2879 3071; x_wconf 93' lang='lat' dir='ltr'>in</span> <span class='ocrx_word' id='word_1_326' title='bbox 2953 3006 3095 3070; x_wconf 91' lang='lat' dir='ltr'>aliis</span> <span class='ocrx_word' id='word_1_327' title='bbox 3167 3010 3377 3069; x_wconf 90' lang='lat' dir='ltr'>tamen</span> <span class='ocrx_word' id='word_1_328' title='bbox 3434 3002 3696 3083; x_wconf 86' lang='lat' dir='ltr'>gravius</span> 
     </span>
    </p>
   </div>
   <div class='ocr_carea' id='block_1_31' title="bbox 270 3096 3691 3189">
    <p class='ocr_par' dir='ltr' id='par_1_31' title="bbox 270 3096 3691 3189">
     <span class='ocr_line' id='line_1_31' title="bbox 270 3096 3691 3189; baseline -0.002 -25"><span class='ocrx_word' id='word_1_329' title='bbox 270 3102 512 3184; x_wconf 85' lang='lat' dir='ltr'>lapsos,</span> <span class='ocrx_word' id='word_1_330' title='bbox 577 3121 696 3169; x_wconf 92' lang='lat' dir='ltr'>nec</span> <span class='ocrx_word' id='word_1_331' title='bbox 751 3106 908 3169; x_wconf 91' lang='lat' dir='ltr'>artis</span> <span class='ocrx_word' id='word_1_332' title='bbox 967 3106 1207 3171; x_wconf 83' lang='lat' dir='ltr'>criticae</span> <span class='ocrx_word' id='word_1_333' title='bbox 1266 3107 1598 3189; x_wconf 89' lang='lat' dir='ltr'>peritiores</span> <span class='ocrx_word' id='word_1_334' title='bbox 1660 3107 1855 3170; x_wconf 86' lang='lat' dir='ltr'>fuisse</span> <span class='ocrx_word' id='word_1_335' title='bbox 1913 3106 2085 3170; x_wconf 91' lang='lat' dir='ltr'>illico</span> <span class='ocrx_word' id='word_1_336' title='bbox 2142 3103 2599 3185; x_wconf 86' lang='lat' dir='ltr'>deprehendet.</span> <span class='ocrx_word' id='word_1_337' title='bbox 2657 3101 2777 3165; x_wconf 89' lang='lat' dir='ltr'>Sed</span> <span class='ocrx_word' id='word_1_338' title='bbox 2822 3099 3073 3163; x_wconf 87' lang='lat' dir='ltr'>tandem</span> <span class='ocrx_word' id='word_1_339' title='bbox 3107 3096 3345 3177; x_wconf 88' lang='lat' dir='ltr'>siquid</span> <span class='ocrx_word' id='word_1_340' title='bbox 3380 3110 3691 3176; x_wconf 91' lang='lat' dir='ltr'>peccave-</span> 
     </span>
    </p>
   </div>
   <div class='ocr_carea' id='block_1_32' title="bbox 274 3189 3690 3282">
    <p class='ocr_par' dir='ltr' id='par_1_32' title="bbox 274 3189 3690 3282">
     <span class='ocr_line' id='line_1_32' title="bbox 274 3189 3690 3282; baseline -0.002 -25"><span class='ocrx_word' id='word_1_341' title='bbox 274 3196 363 3259; x_wconf 87' lang='lat' dir='ltr'>rit</span> <span class='ocrx_word' id='word_1_342' title='bbox 419 3199 916 3271; x_wconf 84' lang='lat' dir='ltr'>Feuardentius,</span> <span class='ocrx_word' id='word_1_343' title='bbox 976 3201 1258 3282; x_wconf 86' lang='lat' dir='ltr'>gravius,</span> <span class='ocrx_word' id='word_1_344' title='bbox 1322 3218 1462 3265; x_wconf 92' lang='lat' dir='ltr'>mea</span> <span class='ocrx_word' id='word_1_345' title='bbox 1518 3201 1776 3282; x_wconf 88' lang='lat' dir='ltr'>quidem</span> <span class='ocrx_word' id='word_1_346' title='bbox 1836 3199 2172 3281; x_wconf 88' lang='lat' dir='ltr'>sententia,</span> <span class='ocrx_word' id='word_1_347' title='bbox 2239 3201 2480 3279; x_wconf 85' lang='lat' dir='ltr'>peccat,</span> <span class='ocrx_word' id='word_1_348' title='bbox 2534 3194 2644 3276; x_wconf 92' lang='lat' dir='ltr'>qui</span> <span class='ocrx_word' id='word_1_349' title='bbox 2709 3193 2959 3273; x_wconf 88' lang='lat' dir='ltr'>culpam</span> <span class='ocrx_word' id='word_1_350' title='bbox 3018 3189 3341 3254; x_wconf 87' lang='lat' dir='ltr'>conﬁtenti</span> <span class='ocrx_word' id='word_1_351' title='bbox 3371 3193 3435 3252; x_wconf 93' lang='lat' dir='ltr'>et</span> <span class='ocrx_word' id='word_1_352' title='bbox 3464 3202 3690 3282; x_wconf 83' lang='lat' dir='ltr'>quam-</span> 
     </span>
    </p>
   </div>
   <div class='ocr_carea' id='block_1_33' title="bbox 274 3280 3691 3376">
    <p class='ocr_par' dir='ltr' id='par_1_33' title="bbox 274 3280 3691 3376">
     <span class='ocr_line' id='line_1_33' title="bbox 274 3280 3691 3376; baseline -0.003 -23"><span class='ocrx_word' id='word_1_353' title='bbox 274 3292 567 3372; x_wconf 90' lang='lat' dir='ltr'>primum</span> <span class='ocrx_word' id='word_1_354' title='bbox 621 3294 992 3358; x_wconf 90' lang='lat' dir='ltr'>emendanti</span> <span class='ocrx_word' id='word_1_355' title='bbox 1046 3280 1280 3359; x_wconf 85' lang='lat' dir='ltr'>iterum</span> <span class='ocrx_word' id='word_1_356' title='bbox 1358 3280 1639 3376; x_wconf 85' lang='lat' dir='ltr'>objicere</span> <span class='ocrx_word' id='word_1_357' title='bbox 1715 3311 1840 3359; x_wconf 91' lang='lat' dir='ltr'>non</span> <span class='ocrx_word' id='word_1_358' title='bbox 1924 3298 2198 3358; x_wconf 87' lang='lat' dir='ltr'>veretur.</span> <span class='ocrx_word' id='word_1_359' title='bbox 2260 3295 2417 3356; x_wconf 92' lang='lat' dir='ltr'>Dum</span> <span class='ocrx_word' id='word_1_360' title='bbox 2479 3292 2740 3371; x_wconf 86' lang='lat' dir='ltr'>primam</span> <span class='ocrx_word' id='word_1_361' title='bbox 2794 3285 3018 3352; x_wconf 75' lang='lat' dir='ltr'>Irenaei</span> <span class='ocrx_word' id='word_1_362' title='bbox 3066 3283 3165 3348; x_wconf 92' lang='lat' dir='ltr'>sui</span> <span class='ocrx_word' id='word_1_363' title='bbox 3203 3282 3547 3346; x_wconf 86' lang='lat' dir='ltr'>editionem</span> <span class='ocrx_word' id='word_1_364' title='bbox 3575 3280 3691 3376; x_wconf 85' lang='lat' dir='ltr'>ad-</span> 
     </span>
    </p>
   </div>
   <div class='ocr_carea' id='block_1_34' title="bbox 273 3373 3693 3469">
    <p class='ocr_par' dir='ltr' id='par_1_34' title="bbox 273 3373 3693 3469">
     <span class='ocr_line' id='line_1_34' title="bbox 273 3373 3693 3469; baseline -0.004 -20"><span class='ocrx_word' id='word_1_365' title='bbox 273 3391 563 3467; x_wconf 86' lang='lat' dir='ltr'>ornaret,</span> <span class='ocrx_word' id='word_1_366' title='bbox 617 3387 908 3453; x_wconf 89' lang='lat' dir='ltr'>scribens</span> <span class='ocrx_word' id='word_1_367' title='bbox 965 3388 1031 3451; x_wconf 93' lang='lat' dir='ltr'>in</span> <span class='ocrx_word' id='word_1_368' title='bbox 1091 3388 1240 3452; x_wconf 89' lang='lat' dir='ltr'>libri</span> <span class='ocrx_word' id='word_1_369' title='bbox 1296 3373 1470 3453; x_wconf 82' lang='lat' dir='ltr'>tertii</span> <span class='ocrx_word' id='word_1_370' title='bbox 1532 3405 1671 3469; x_wconf 89' lang='lat' dir='ltr'>cap.</span> <span class='ocrx_word' id='word_1_371' title='bbox 1729 3388 1830 3464; x_wconf 88' lang='lat'>33,</span> <span class='ocrx_word' id='word_1_372' title='bbox 1895 3404 2064 3456; x_wconf 82' lang='lat' dir='ltr'>nunc</span> <span class='ocrx_word' id='word_1_373' title='bbox 2121 3385 2223 3468; x_wconf 75' lang='lat'>2‘2,</span> <span class='ocrx_word' id='word_1_374' title='bbox 2276 3386 2441 3450; x_wconf 90' lang='lat' dir='ltr'>inter</span> <span class='ocrx_word' id='word_1_375' title='bbox 2494 3383 2664 3448; x_wconf 91' lang='lat' dir='ltr'>varia</span> <span class='ocrx_word' id='word_1_376' title='bbox 2706 3398 2850 3464; x_wconf 69' lang='lat' dir='ltr'>quae</span> <span class='ocrx_word' id='word_1_377' title='bbox 2907 3376 3191 3458; x_wconf 90' lang='lat' dir='ltr'>congerit</span> <span class='ocrx_word' id='word_1_378' title='bbox 3223 3379 3472 3440; x_wconf 86' lang='lat' dir='ltr'>Patrum</span> <span class='ocrx_word' id='word_1_379' title='bbox 3508 3373 3693 3438; x_wconf 91' lang='lat' dir='ltr'>testi-</span> 
     </span>
    </p>
   </div>
   <div class='ocr_carea' id='block_1_35' title="bbox 282 3468 3697 3563">
    <p class='ocr_par' dir='ltr' id='par_1_35' title="bbox 282 3468 3697 3563">
     <span class='ocr_line' id='line_1_35' title="bbox 282 3468 3697 3563; baseline 0.003 -22"><span class='ocrx_word' id='word_1_380' title='bbox 282 3478 523 3551; x_wconf 79' lang='lat' dir='ltr'>monia,</span> <span class='ocrx_word' id='word_1_381' title='bbox 593 3496 792 3543; x_wconf 91' lang='lat' dir='ltr'>unum</span> <span class='ocrx_word' id='word_1_382' title='bbox 853 3481 1032 3545; x_wconf 91' lang='lat' dir='ltr'>velut</span> <span class='ocrx_word' id='word_1_383' title='bbox 1076 3498 1156 3545; x_wconf 82' lang='lat' dir='ltr'>ex</span> <span class='ocrx_word' id='word_1_384' title='bbox 1213 3482 1442 3563; x_wconf 83' lang='lat' dir='ltr'>Cyrillo</span> <span class='ocrx_word' id='word_1_385' title='bbox 1492 3468 1916 3547; x_wconf 79' lang='lat' dir='ltr'>AleXandrino</span> <span class='ocrx_word' id='word_1_386' title='bbox 1971 3481 2082 3545; x_wconf 64' lang='lat' dir='ltr'>lib.</span> <span class='ocrx_word' id='word_1_387' title='bbox 2133 3496 2194 3544; x_wconf 77' lang='lat' dir='ltr'>vr</span> <span class='ocrx_word' id='word_1_388' title='bbox 2247 3483 2324 3542; x_wconf 69' lang='lat' dir='ltr'>in</span> <span class='ocrx_word' id='word_1_389' title='bbox 2371 3479 2642 3559; x_wconf 85' lang='lat' dir='ltr'>Joann.,</span> <span class='ocrx_word' id='word_1_390' title='bbox 2705 3493 2841 3557; x_wconf 89' lang='lat' dir='ltr'>cap.</span> <span class='ocrx_word' id='word_1_391' title='bbox 2897 3473 2997 3553; x_wconf 78' lang='grc'>15,</span> <span class='ocrx_word' id='word_1_392' title='bbox 3055 3470 3298 3535; x_wconf 70' lang='lat' dir='ltr'>addidit</span> <span class='ocrx_word' id='word_1_393' title='bbox 3332 3490 3345 3532; x_wconf 77' lang='grc' dir='ltr'>ε</span> <span class='ocrx_word' id='word_1_394' title='bbox 3379 3468 3697 3563; x_wconf 33' lang='lat' dir='ltr'>(lquuCY&#39;</span> 
     </span>
    </p>
   </div>
   <div class='ocr_carea' id='block_1_36' title="bbox 284 3559 3693 3658">
    <p class='ocr_par' dir='ltr' id='par_1_36' title="bbox 284 3559 3693 3658">
     <span class='ocr_line' id='line_1_36' title="bbox 284 3559 3693 3658; baseline -0.004 -22"><span class='ocrx_word' id='word_1_395' title='bbox 284 3574 415 3636; x_wconf 91' lang='lat' dir='ltr'>rilli</span> <span class='ocrx_word' id='word_1_396' title='bbox 474 3590 605 3637; x_wconf 92' lang='lat' dir='ltr'>non</span> <span class='ocrx_word' id='word_1_397' title='bbox 663 3579 783 3655; x_wconf 90' lang='lat' dir='ltr'>est,</span> <span class='ocrx_word' id='word_1_398' title='bbox 842 3576 957 3639; x_wconf 88' lang='lat' dir='ltr'>sed</span> <span class='ocrx_word' id='word_1_399' title='bbox 1003 3575 1224 3640; x_wconf 85' lang='lat' dir='ltr'>Jodoci</span> <span class='ocrx_word' id='word_1_400' title='bbox 1266 3559 1651 3658; x_wconf 31' lang='lat' dir='ltr'>&#39;Clichtovei,</span> <span class='ocrx_word' id='word_1_401' title='bbox 1707 3575 1819 3657; x_wconf 91' lang='lat' dir='ltr'>qui</span> <span class='ocrx_word' id='word_1_402' title='bbox 1876 3579 2146 3654; x_wconf 87' lang='lat' dir='ltr'>quatuor</span> <span class='ocrx_word' id='word_1_403' title='bbox 2202 3570 2805 3638; x_wconf 87' lang='lat' dir='ltr'>Commentariorum</span> <span class='ocrx_word' id='word_1_404' title='bbox 2862 3581 3122 3632; x_wconf 88' lang='lat' dir='ltr'>suorum</span> <span class='ocrx_word' id='word_1_405' title='bbox 3153 3564 3348 3658; x_wconf 89' lang='lat' dir='ltr'>libros</span> <span class='ocrx_word' id='word_1_406' title='bbox 3377 3559 3693 3658; x_wconf 78' lang='lat' dir='ltr'>Cyrillinis</span> 
     </span>
    </p>
   </div>
   <div class='ocr_carea' id='block_1_37' title="bbox 286 3652 3691 3751">
    <p class='ocr_par' dir='ltr' id='par_1_37' title="bbox 286 3652 3691 3751">
     <span class='ocr_line' id='line_1_37' title="bbox 286 3652 3691 3751; baseline -0.004 -21"><span class='ocrx_word' id='word_1_407' title='bbox 286 3667 687 3732; x_wconf 87' lang='lat' dir='ltr'>interseruit.</span> <span class='ocrx_word' id='word_1_408' title='bbox 750 3652 976 3735; x_wconf 81' lang='lat' dir='ltr'>Errore</span> <span class='ocrx_word' id='word_1_409' title='bbox 1028 3670 1240 3735; x_wconf 85' lang='lat' dir='ltr'>statim</span> <span class='ocrx_word' id='word_1_410' title='bbox 1286 3672 1528 3751; x_wconf 90' lang='lat' dir='ltr'>agnito,</span> <span class='ocrx_word' id='word_1_411' title='bbox 1588 3652 1760 3736; x_wconf 80' lang='lat' dir='ltr'>hunc</span> <span class='ocrx_word' id='word_1_412' title='bbox 1817 3652 2159 3734; x_wconf 88' lang='lat' dir='ltr'>emendare</span> <span class='ocrx_word' id='word_1_413' title='bbox 2216 3664 2537 3731; x_wconf 82' lang='lat' dir='ltr'>festinavit</span> <span class='ocrx_word' id='word_1_414' title='bbox 2595 3662 2690 3726; x_wconf 91' lang='lat' dir='ltr'>vir</span> <span class='ocrx_word' id='word_1_415' title='bbox 2758 3660 3004 3739; x_wconf 89' lang='lat' dir='ltr'>bonus;</span> <span class='ocrx_word' id='word_1_416' title='bbox 3075 3656 3188 3751; x_wconf 84' lang='lat' dir='ltr'>sed</span> <span class='ocrx_word' id='word_1_417' title='bbox 3256 3670 3402 3720; x_wconf 91' lang='lat' dir='ltr'>cum</span> <span class='ocrx_word' id='word_1_418' title='bbox 3466 3652 3691 3751; x_wconf 80' lang='lat' dir='ltr'>folium</span> 
     </span>
    </p>
   </div>
   <div class='ocr_carea' id='block_1_38' title="bbox 282 3746 3693 3845">
    <p class='ocr_par' dir='ltr' id='par_1_38' title="bbox 282 3746 3693 3845">
     <span class='ocr_line' id='line_1_38' title="bbox 282 3746 3693 3845; baseline -0.004 -21"><span class='ocrx_word' id='word_1_419' title='bbox 282 3762 410 3841; x_wconf 86' lang='lat' dir='ltr'>jam</span> <span class='ocrx_word' id='word_1_420' title='bbox 457 3780 574 3843; x_wconf 89' lang='lat' dir='ltr'>per</span> <span class='ocrx_word' id='word_1_421' title='bbox 632 3764 1063 3844; x_wconf 78' lang='lat' dir='ltr'>typographos</span> <span class='ocrx_word' id='word_1_422' title='bbox 1121 3746 1427 3829; x_wconf 78' lang='lat' dir='ltr'>excusum</span> <span class='ocrx_word' id='word_1_423' title='bbox 1483 3770 1673 3845; x_wconf 91' lang='lat' dir='ltr'>esset,</span> <span class='ocrx_word' id='word_1_424' title='bbox 1709 3765 1958 3828; x_wconf 90' lang='lat' dir='ltr'>nullum</span> <span class='ocrx_word' id='word_1_425' title='bbox 2013 3760 2191 3825; x_wconf 89' lang='lat' dir='ltr'>aliud</span> <span class='ocrx_word' id='word_1_426' title='bbox 2241 3762 2569 3841; x_wconf 88' lang='lat' dir='ltr'>supererat</span> <span class='ocrx_word' id='word_1_427' title='bbox 2622 3753 2997 3832; x_wconf 90' lang='lat' dir='ltr'>remedium,</span> <span class='ocrx_word' id='word_1_428' title='bbox 3044 3750 3162 3845; x_wconf 84' lang='lat' dir='ltr'>nisi</span> <span class='ocrx_word' id='word_1_429' title='bbox 3195 3754 3266 3813; x_wconf 93' lang='lat' dir='ltr'>ut</span> <span class='ocrx_word' id='word_1_430' title='bbox 3294 3746 3693 3845; x_wconf 72' lang='lat' dir='ltr'>q_ua_ratione</span> 
     </span>
    </p>
   </div>
   <div class='ocr_carea' id='block_1_39' title="bbox 283 3839 3692 3938">
    <p class='ocr_par' dir='ltr' id='par_1_39' title="bbox 283 3839 3692 3938">
     <span class='ocr_line' id='line_1_39' title="bbox 283 3839 3692 3938; baseline -0.006 -19"><span class='ocrx_word' id='word_1_431' title='bbox 283 3839 723 3933; x_wconf 64' lang='lat' dir='ltr'>corrigendae</span> <span class='ocrx_word' id='word_1_432' title='bbox 762 3839 954 3936; x_wconf 72' lang='lat' dir='ltr'>esset,</span> <span class='ocrx_word' id='word_1_433' title='bbox 1012 3857 1284 3922; x_wconf 89' lang='lat' dir='ltr'>lectores</span> <span class='ocrx_word' id='word_1_434' title='bbox 1345 3839 1720 3938; x_wconf 81' lang='lat' dir='ltr'>tempestive</span> <span class='ocrx_word' id='word_1_435' title='bbox 1787 3858 2070 3921; x_wconf 89' lang='lat' dir='ltr'>moneret</span> <span class='ocrx_word' id='word_1_436' title='bbox 2124 3853 2192 3918; x_wconf 90' lang='lat' dir='ltr'>in</span> <span class='ocrx_word' id='word_1_437' title='bbox 2248 3839 2601 3917; x_wconf 75' lang='lat' dir='ltr'>erratorum</span> <span class='ocrx_word' id='word_1_438' title='bbox 2658 3848 2917 3926; x_wconf 89' lang='lat' dir='ltr'>indice;</span> <span class='ocrx_word' id='word_1_439' title='bbox 2973 3843 3141 3938; x_wconf 85' lang='lat' dir='ltr'>quod</span> <span class='ocrx_word' id='word_1_440' title='bbox 3202 3847 3267 3905; x_wconf 93' lang='lat' dir='ltr'>et</span> <span class='ocrx_word' id='word_1_441' title='bbox 3323 3839 3692 3938; x_wconf 80' lang='lat' dir='ltr'>fecit._Cum</span> 
     </span>
    </p>
   </div>
   <div class='ocr_carea' id='block_1_40' title="bbox 274 3930 3689 4032">
    <p class='ocr_par' dir='ltr' id='par_1_40' title="bbox 274 3930 3689 4032">
     <span class='ocr_line' id='line_1_40' title="bbox 274 3930 3689 4032; baseline -0.006 -22"><span class='ocrx_word' id='word_1_442' title='bbox 274 3930 495 4011; x_wconf 80' lang='lat' dir='ltr'>autem</span> <span class='ocrx_word' id='word_1_443' title='bbox 548 3930 1226 4032; x_wconf 40' lang='lat' dir='ltr'>Franciscus&#39;Suarez,</span> <span class='ocrx_word' id='word_1_444' title='bbox 1302 3930 1495 4014; x_wconf 46' lang='lat' dir='ltr'>haud&#39;</span> <span class='ocrx_word' id='word_1_445' title='bbox 1528 3949 1693 4014; x_wconf 92' lang='lat' dir='ltr'>lecto</span> <span class='ocrx_word' id='word_1_446' title='bbox 1779 3948 1890 4012; x_wconf 92' lang='lat' dir='ltr'>illo</span> <span class='ocrx_word' id='word_1_447' title='bbox 1973 3945 2204 4026; x_wconf 86' lang='lat' dir='ltr'>indice,</span> <span class='ocrx_word' id='word_1_448' title='bbox 2274 3939 2761 4032; x_wconf 84' lang='lat' dir='ltr'>Feuardentium</span> <span class='ocrx_word' id='word_1_449' title='bbox 2820 3936 3111 4032; x_wconf 25' lang='lat' dir='ltr'>acerbius</span> <span class='ocrx_word' id='word_1_450' title='bbox 3188 3930 3689 4014; x_wconf 80' lang='lat' dir='ltr'>perstrinxisset,</span> 
     </span>
    </p>
   </div>
   <div class='ocr_carea' id='block_1_41' title="bbox 274 4029 3689 4122">
    <p class='ocr_par' dir='ltr' id='par_1_41' title="bbox 274 4029 3689 4122">
     <span class='ocr_line' id='line_1_41' title="bbox 274 4029 3689 4122; baseline -0.007 -15"><span class='ocrx_word' id='word_1_451' title='bbox 274 4039 476 4119; x_wconf 85' lang='lat' dir='ltr'>digne</span> <span class='ocrx_word' id='word_1_452' title='bbox 536 4057 652 4121; x_wconf 92' lang='lat' dir='ltr'>pro</span> <span class='ocrx_word' id='word_1_453' title='bbox 722 4041 1136 4120; x_wconf 88' lang='lat' dir='ltr'>incogitantia</span> <span class='ocrx_word' id='word_1_454' title='bbox 1191 4029 1536 4122; x_wconf 69' lang='lat' dir='ltr'>Castigatus</span> <span class='ocrx_word' id='word_1_455' title='bbox 1587 4047 1685 4107; x_wconf 89' lang='lat' dir='ltr'>est</span> <span class='ocrx_word' id='word_1_456' title='bbox 1742 4041 1809 4105; x_wconf 93' lang='lat' dir='ltr'>in</span> <span class='ocrx_word' id='word_1_457' title='bbox 1863 4039 2143 4104; x_wconf 89' lang='lat' dir='ltr'>editione</span> <span class='ocrx_word' id='word_1_458' title='bbox 2198 4033 2554 4103; x_wconf 84' lang='lat' dir='ltr'>Coloniensi</span> <span class='ocrx_word' id='word_1_459' title='bbox 2581 4031 2729 4095; x_wconf 87' lang='lat' dir='ltr'>anni</span> <span class='ocrx_word' id='word_1_460' title='bbox 2787 4029 2958 4122; x_wconf 10' lang='lat' dir='ltr'>l5967.</span> <span class='ocrx_word' id='word_1_461' title='bbox 3001 4030 3159 4122; x_wconf 87' lang='lat' dir='ltr'>Ecce</span> <span class='ocrx_word' id='word_1_462' title='bbox 3190 4031 3425 4122; x_wconf 78' lang='lat' dir='ltr'>tamen,</span> <span class='ocrx_word' id='word_1_463' title='bbox 3462 4039 3689 4122; x_wconf 78' lang='lat' dir='ltr'>recen-</span> 
     </span>
    </p>
   </div>
   <div class='ocr_carea' id='block_1_42' title="bbox 280 4115 3696 4217">
    <p class='ocr_par' dir='ltr' id='par_1_42' title="bbox 280 4115 3696 4217">
     <span class='ocr_line' id='line_1_42' title="bbox 280 4115 3696 4217; baseline -0.005 -20"><span class='ocrx_word' id='word_1_464' title='bbox 280 4115 404 4198; x_wconf 74' lang='lat' dir='ltr'>tior</span> <span class='ocrx_word' id='word_1_465' title='bbox 453 4115 720 4215; x_wconf 77' lang='lat' dir='ltr'>quidam</span> <span class='ocrx_word' id='word_1_466' title='bbox 775 4115 1058 4208; x_wconf 74' lang='lat' dir='ltr'>criticus.</span> <span class='ocrx_word' id='word_1_467' title='bbox 1115 4152 1197 4199; x_wconf 90' lang='lat' dir='ltr'>ne</span> <span class='ocrx_word' id='word_1_468' title='bbox 1243 4115 1428 4201; x_wconf 65' lang='lat' dir='ltr'>lectis</span> <span class='ocrx_word' id='word_1_469' title='bbox 1483 4137 1744 4217; x_wconf 87' lang='lat' dir='ltr'>quidem</span> <span class='ocrx_word' id='word_1_470' title='bbox 1800 4152 1913 4199; x_wconf 89' lang='lat' dir='ltr'>seu</span> <span class='ocrx_word' id='word_1_471' title='bbox 1965 4137 2310 4196; x_wconf 79' lang='lat' dir='ltr'>memorato</span> <span class='ocrx_word' id='word_1_472' title='bbox 2369 4128 2602 4201; x_wconf 88' lang='lat' dir='ltr'>indice,</span> <span class='ocrx_word' id='word_1_473' title='bbox 2659 4141 2769 4188; x_wconf 90' lang='lat' dir='ltr'>seu</span> <span class='ocrx_word' id='word_1_474' title='bbox 2830 4121 2995 4186; x_wconf 90' lang='lat' dir='ltr'>notis</span> <span class='ocrx_word' id='word_1_475' title='bbox 3051 4121 3112 4183; x_wconf 91' lang='lat' dir='ltr'>in</span> <span class='ocrx_word' id='word_1_476' title='bbox 3173 4118 3362 4183; x_wconf 91' lang='lat' dir='ltr'>citata</span> <span class='ocrx_word' id='word_1_477' title='bbox 3415 4115 3696 4217; x_wconf 79' lang='lat' dir='ltr'>editione</span> 
     </span>
    </p>
   </div>
   <div class='ocr_carea' id='block_1_43' title="bbox 282 4211 3695 4311">
    <p class='ocr_par' dir='ltr' id='par_1_43' title="bbox 282 4211 3695 4311">
     <span class='ocr_line' id='line_1_43' title="bbox 282 4211 3695 4311; baseline -0.005 -18"><span class='ocrx_word' id='word_1_478' title='bbox 282 4211 543 4299; x_wconf 77' lang='lat' dir='ltr'>additis.</span> <span class='ocrx_word' id='word_1_479' title='bbox 599 4228 663 4292; x_wconf 89' lang='lat' dir='ltr'>in</span> <span class='ocrx_word' id='word_1_480' title='bbox 727 4229 860 4293; x_wconf 90' lang='lat' dir='ltr'>sola</span> <span class='ocrx_word' id='word_1_481' title='bbox 918 4229 1217 4310; x_wconf 91' lang='lat' dir='ltr'>Suarezii,</span> <span class='ocrx_word' id='word_1_482' title='bbox 1277 4237 1386 4294; x_wconf 91' lang='lat' dir='ltr'>aut</span> <span class='ocrx_word' id='word_1_483' title='bbox 1416 4211 1754 4311; x_wconf 77' lang='lat' dir='ltr'>Theophili</span> <span class='ocrx_word' id='word_1_484' title='bbox 1816 4226 2122 4293; x_wconf 80' lang='lat' dir='ltr'>Rainaudi</span> <span class='ocrx_word' id='word_1_485' title='bbox 2176 4226 2322 4296; x_wconf 83' lang='lat' dir='ltr'>ﬁde,</span> <span class='ocrx_word' id='word_1_486' title='bbox 2354 4227 2628 4287; x_wconf 85' lang='lat' dir='ltr'>erratum</span> <span class='ocrx_word' id='word_1_487' title='bbox 2676 4219 2778 4311; x_wconf 86' lang='lat' dir='ltr'>bis</span> <span class='ocrx_word' id='word_1_488' title='bbox 2802 4221 3157 4311; x_wconf 89' lang='lat' dir='ltr'>correctum</span> <span class='ocrx_word' id='word_1_489' title='bbox 3188 4219 3253 4276; x_wconf 90' lang='lat' dir='ltr'>et</span> <span class='ocrx_word' id='word_1_490' title='bbox 3286 4211 3695 4311; x_wconf 72' lang='lat' dir='ltr'>emendatum</span> 
     </span>
    </p>
   </div>
   <div class='ocr_carea' id='block_1_44' title="bbox 284 4303 3694 4406">
    <p class='ocr_par' dir='ltr' id='par_1_44' title="bbox 284 4303 3694 4406">
     <span class='ocr_line' id='line_1_44' title="bbox 284 4303 3694 4406; baseline -0.006 -20"><span class='ocrx_word' id='word_1_491' title='bbox 284 4323 380 4387; x_wconf 91' lang='lat' dir='ltr'>illi</span> <span class='ocrx_word' id='word_1_492' title='bbox 442 4323 659 4387; x_wconf 90' lang='lat' dir='ltr'>adhuc</span> <span class='ocrx_word' id='word_1_493' title='bbox 713 4322 1031 4403; x_wconf 88' lang='lat' dir='ltr'>impingit.</span> <span class='ocrx_word' id='word_1_494' title='bbox 1095 4303 1333 4399; x_wconf 35' lang='lat' dir='ltr'>Qui-bus</span> <span class='ocrx_word' id='word_1_495' title='bbox 1382 4322 1515 4406; x_wconf 90' lang='lat' dir='ltr'>jam</span> <span class='ocrx_word' id='word_1_496' title='bbox 1575 4303 1788 4389; x_wconf 75' lang='lat' dir='ltr'>verbis</span> <span class='ocrx_word' id='word_1_497' title='bbox 1840 4321 2163 4403; x_wconf 82' lang='lat' dir='ltr'>exciperet</span> <span class='ocrx_word' id='word_1_498' title='bbox 2214 4312 2696 4391; x_wconf 83' lang='lat' dir='ltr'>Feuardentius,</span> <span class='ocrx_word' id='word_1_499' title='bbox 2730 4309 2784 4373; x_wconf 89' lang='lat' dir='ltr'>si</span> <span class='ocrx_word' id='word_1_500' title='bbox 2816 4310 3084 4406; x_wconf 85' lang='lat' dir='ltr'>viveret,</span> <span class='ocrx_word' id='word_1_501' title='bbox 3121 4310 3485 4406; x_wconf 73' lang='lat' dir='ltr'>accuratum</span> <span class='ocrx_word' id='word_1_502' title='bbox 3514 4303 3694 4406; x_wconf 70' lang='lat' dir='ltr'>illum</span> 
     </span>
    </p>
   </div>
   <div class='ocr_carea' id='block_1_45' title="bbox 284 4398 3698 4497">
    <p class='ocr_par' dir='ltr' id='par_1_45' title="bbox 284 4398 3698 4497">
     <span class='ocr_line' id='line_1_45' title="bbox 284 4398 3698 4497; baseline -0.006 -16"><span class='ocrx_word' id='word_1_503' title='bbox 284 4432 650 4496; x_wconf 87' lang='lat' dir='ltr'>censorem,</span> <span class='ocrx_word' id='word_1_504' title='bbox 706 4398 823 4496; x_wconf 81' lang='lat' dir='ltr'>qui</span> <span class='ocrx_word' id='word_1_505' title='bbox 871 4398 1033 4497; x_wconf 80' lang='lat' dir='ltr'>quos</span> <span class='ocrx_word' id='word_1_506' title='bbox 1087 4398 1403 4482; x_wconf 71' lang='lat' dir='ltr'>auctores</span> <span class='ocrx_word' id='word_1_507' title='bbox 1430 4416 1782 4496; x_wconf 80' lang='lat' dir='ltr'>redarguit.</span> <span class='ocrx_word' id='word_1_508' title='bbox 1848 4432 1925 4479; x_wconf 92' lang='lat' dir='ltr'>ne</span> <span class='ocrx_word' id='word_1_509' title='bbox 1986 4398 2167 4493; x_wconf 82' lang='lat' dir='ltr'>segni</span> <span class='ocrx_word' id='word_1_510' title='bbox 2226 4409 2485 4492; x_wconf 76' lang='lat' dir='ltr'>quidem</span> <span class='ocrx_word' id='word_1_511' title='bbox 2573 4422 2761 4468; x_wconf 60' lang='lat' dir='ltr'>manu</span> <span class='ocrx_word' id='word_1_512' title='bbox 2840 4398 3565 4497; x_wconf 72' lang='lat' dir='ltr'>evolvere__diguatur&#39;?</span> <span class='ocrx_word' id='word_1_513' title='bbox 3606 4399 3698 4460; x_wconf 94' lang='lat' dir='ltr'>-Ut</span> 
     </span>
    </p>
   </div>
   <div class='ocr_carea' id='block_1_46' title="bbox 290 4491 3694 4589">
    <p class='ocr_par' dir='ltr' id='par_1_46' title="bbox 290 4491 3694 4589">
     <span class='ocr_line' id='line_1_46' title="bbox 290 4491 3694 4589; baseline -0.006 -15"><span class='ocrx_word' id='word_1_514' title='bbox 290 4518 361 4573; x_wconf 90' lang='lat' dir='ltr'>ut</span> <span class='ocrx_word' id='word_1_515' title='bbox 403 4515 531 4589; x_wconf 87' lang='lat' dir='ltr'>est,</span> <span class='ocrx_word' id='word_1_516' title='bbox 599 4491 1007 4573; x_wconf 71' lang='lat' dir='ltr'>Feuardentii</span> <span class='ocrx_word' id='word_1_517' title='bbox 1067 4517 1251 4574; x_wconf 91' lang='lat' dir='ltr'>notas</span> <span class='ocrx_word' id='word_1_518' title='bbox 1308 4515 1373 4575; x_wconf 89' lang='lat' dir='ltr'>et</span> <span class='ocrx_word' id='word_1_519' title='bbox 1430 4491 1932 4588; x_wconf 79' lang='lat' dir='ltr'>observationes,</span> <span class='ocrx_word' id='word_1_520' title='bbox 1994 4491 2216 4589; x_wconf 80' lang='lat' dir='ltr'>quales</span> <span class='ocrx_word' id='word_1_521' title='bbox 2249 4491 2335 4568; x_wconf 84' lang='lat' dir='ltr'>in</span> <span class='ocrx_word' id='word_1_522' title='bbox 2391 4499 2750 4565; x_wconf 85' lang='lat' dir='ltr'>novissimis</span> <span class='ocrx_word' id='word_1_523' title='bbox 2828 4494 3046 4560; x_wconf 66' lang='lat' dir='ltr'>lrenazi</span> <span class='ocrx_word' id='word_1_524' title='bbox 3106 4491 3493 4589; x_wconf 84' lang='lat' dir='ltr'>editionibus</span> <span class='ocrx_word' id='word_1_525' title='bbox 3549 4509 3694 4589; x_wconf 72' lang='lat' dir='ltr'>pre-</span> 
     </span>
    </p>
   </div>
   <div class='ocr_carea' id='block_1_47' title="bbox 285 4583 3699 4675">
    <p class='ocr_par' dir='ltr' id='par_1_47' title="bbox 285 4583 3699 4675">
     <span class='ocr_line' id='line_1_47' title="bbox 285 4583 3699 4675; baseline -0.005 -13"><span class='ocrx_word' id='word_1_526' title='bbox 285 4583 573 4669; x_wconf 40' lang='lat' dir='ltr'>dierun&#39;t,</span> <span class='ocrx_word' id='word_1_527' title='bbox 641 4598 803 4663; x_wconf 87' lang='lat' dir='ltr'>tales</span> <span class='ocrx_word' id='word_1_528' title='bbox 858 4599 1090 4663; x_wconf 90' lang='lat' dir='ltr'>iterum</span> <span class='ocrx_word' id='word_1_529' title='bbox 1151 4600 1253 4664; x_wconf 92' lang='lat' dir='ltr'>edi</span> <span class='ocrx_word' id='word_1_530' title='bbox 1314 4601 1575 4675; x_wconf 88' lang='lat' dir='ltr'>curavi;</span> <span class='ocrx_word' id='word_1_531' title='bbox 1642 4600 1730 4663; x_wconf 88' lang='lat' dir='ltr'>ita</span> <span class='ocrx_word' id='word_1_532' title='bbox 1776 4583 1989 4666; x_wconf 86' lang='lat' dir='ltr'>tamen</span> <span class='ocrx_word' id='word_1_533' title='bbox 2014 4583 2111 4664; x_wconf 29' lang='lat' dir='ltr'>“ut</span> <span class='ocrx_word' id='word_1_534' title='bbox 2174 4596 2387 4662; x_wconf 90' lang='lat' dir='ltr'>omnia</span> <span class='ocrx_word' id='word_1_535' title='bbox 2434 4594 2718 4674; x_wconf 82' lang='lat' dir='ltr'>ejusdem</span> <span class='ocrx_word' id='word_1_536' title='bbox 2795 4590 2986 4672; x_wconf 91' lang='lat' dir='ltr'>(quod</span> <span class='ocrx_word' id='word_1_537' title='bbox 3049 4595 3114 4653; x_wconf 90' lang='lat' dir='ltr'>et</span> <span class='ocrx_word' id='word_1_538' title='bbox 3183 4588 3351 4651; x_wconf 90' lang='lat' dir='ltr'>idem</span> <span class='ocrx_word' id='word_1_539' title='bbox 3417 4586 3496 4650; x_wconf 91' lang='lat' dir='ltr'>de</span> <span class='ocrx_word' id='word_1_540' title='bbox 3555 4583 3699 4648; x_wconf 87' lang='lat' dir='ltr'>aliis</span> 
     </span>
    </p>
   </div>
   <div class='ocr_carea' id='block_1_48' title="bbox 281 4680 3700 4774">
    <p class='ocr_par' dir='ltr' id='par_1_48' title="bbox 281 4680 3700 4774">
     <span class='ocr_line' id='line_1_48' title="bbox 281 4680 3700 4774; baseline -0.004 -19"><span class='ocrx_word' id='word_1_541' title='bbox 281 4692 409 4756; x_wconf 90' lang='lat' dir='ltr'>dici</span> <span class='ocrx_word' id='word_1_542' title='bbox 485 4690 707 4771; x_wconf 89' lang='lat' dir='ltr'>velim)</span> <span class='ocrx_word' id='word_1_543' title='bbox 769 4691 940 4756; x_wconf 91' lang='lat' dir='ltr'>dicta</span> <span class='ocrx_word' id='word_1_544' title='bbox 997 4697 1062 4756; x_wconf 93' lang='lat' dir='ltr'>et</span> <span class='ocrx_word' id='word_1_545' title='bbox 1101 4692 1372 4772; x_wconf 89' lang='lat' dir='ltr'>allegata</span> <span class='ocrx_word' id='word_1_546' title='bbox 1430 4698 1730 4774; x_wconf 74' lang='lat' dir='ltr'>praestare</span> <span class='ocrx_word' id='word_1_547' title='bbox 1787 4694 2002 4758; x_wconf 92' lang='lat' dir='ltr'>nolim.</span> <span class='ocrx_word' id='word_1_548' title='bbox 2058 4695 2283 4772; x_wconf 90' lang='lat' dir='ltr'>Neque</span> <span class='ocrx_word' id='word_1_549' title='bbox 2340 4688 2506 4754; x_wconf 89' lang='lat' dir='ltr'>enim</span> <span class='ocrx_word' id='word_1_550' title='bbox 2557 4705 2595 4751; x_wconf 87' lang='lat' dir='ltr'>a</span> <span class='ocrx_word' id='word_1_551' title='bbox 2659 4702 2759 4750; x_wconf 90' lang='lat' dir='ltr'>me</span> <span class='ocrx_word' id='word_1_552' title='bbox 2833 4682 3327 4765; x_wconf 78' lang='lat' dir='ltr'>exspectandum</span> <span class='ocrx_word' id='word_1_553' title='bbox 3409 4680 3546 4742; x_wconf 90' lang='lat' dir='ltr'>fuit.</span> <span class='ocrx_word' id='word_1_554' title='bbox 3623 4681 3700 4774; x_wconf 85' lang='lat' dir='ltr'>ut</span> 
     </span>
    </p>
   </div>
   <div class='ocr_carea' id='block_1_49' title="bbox 279 4771 3697 4869">
    <p class='ocr_par' dir='ltr' id='par_1_49' title="bbox 279 4771 3697 4869">
     <span class='ocr_line' id='line_1_49' title="bbox 279 4771 3697 4869; baseline -0.005 -18"><span class='ocrx_word' id='word_1_555' title='bbox 279 4786 498 4852; x_wconf 86' lang='lat' dir='ltr'>omnia</span> <span class='ocrx_word' id='word_1_556' title='bbox 563 4803 712 4866; x_wconf 68' lang='lat' dir='ltr'>quae</span> <span class='ocrx_word' id='word_1_557' title='bbox 766 4785 1007 4866; x_wconf 80' lang='lat' dir='ltr'>profert</span> <span class='ocrx_word' id='word_1_558' title='bbox 1060 4771 1392 4851; x_wconf 85' lang='lat' dir='ltr'>auctorum</span> <span class='ocrx_word' id='word_1_559' title='bbox 1430 4771 1807 4853; x_wconf 69' lang='lat' dir='ltr'>testimonia</span> <span class='ocrx_word' id='word_1_560' title='bbox 1864 4786 2313 4869; x_wconf 85' lang='lat' dir='ltr'>expenderem,</span> <span class='ocrx_word' id='word_1_561' title='bbox 2365 4801 2438 4847; x_wconf 89' lang='lat' dir='ltr'>ac</span> <span class='ocrx_word' id='word_1_562' title='bbox 2485 4782 2535 4846; x_wconf 88' lang='lat' dir='ltr'>si</span> <span class='ocrx_word' id='word_1_563' title='bbox 2574 4781 2722 4862; x_wconf 86' lang='lat' dir='ltr'>quis</span> <span class='ocrx_word' id='word_1_564' title='bbox 2781 4780 2846 4842; x_wconf 90' lang='lat' dir='ltr'>in</span> <span class='ocrx_word' id='word_1_565' title='bbox 2897 4778 2978 4842; x_wconf 91' lang='lat' dir='ltr'>iis</span> <span class='ocrx_word' id='word_1_566' title='bbox 3034 4775 3305 4840; x_wconf 85' lang='lat' dir='ltr'>citandis</span> <span class='ocrx_word' id='word_1_567' title='bbox 3360 4790 3546 4869; x_wconf 79' lang='lat' dir='ltr'>error</span> <span class='ocrx_word' id='word_1_568' title='bbox 3579 4771 3697 4835; x_wconf 90' lang='lat' dir='ltr'>ob-</span> 
     </span>
    </p>
   </div>
   <div class='ocr_carea' id='block_1_50' title="bbox 284 4864 3699 4963">
    <p class='ocr_par' dir='ltr' id='par_1_50' title="bbox 284 4864 3699 4963">
     <span class='ocr_line' id='line_1_50' title="bbox 284 4864 3699 4963; baseline -0.005 -18"><span class='ocrx_word' id='word_1_569' title='bbox 284 4864 599 4963; x_wconf 66' lang='lat' dir='ltr'>repserit,</span> <span class='ocrx_word' id='word_1_570' title='bbox 658 4864 1004 4943; x_wconf 85' lang='lat' dir='ltr'>indicarem</span> <span class='ocrx_word' id='word_1_571' title='bbox 1063 4900 1077 4943; x_wconf 91' lang='lat'>:</span> <span class='ocrx_word' id='word_1_572' title='bbox 1137 4879 1372 4945; x_wconf 88' lang='lat' dir='ltr'>laboris</span> <span class='ocrx_word' id='word_1_573' title='bbox 1453 4881 1517 4946; x_wconf 91' lang='lat' dir='ltr'>id</span> <span class='ocrx_word' id='word_1_574' title='bbox 1602 4882 1895 4946; x_wconf 90' lang='lat' dir='ltr'>immensi</span> <span class='ocrx_word' id='word_1_575' title='bbox 1952 4864 2237 4953; x_wconf 55' lang='lat' dir='ltr'>fuisset;</span> <span class='ocrx_word' id='word_1_576' title='bbox 2300 4864 2505 4957; x_wconf 88' lang='lat' dir='ltr'>quem</span> <span class='ocrx_word' id='word_1_577' title='bbox 2585 4874 2637 4937; x_wconf 91' lang='lat' dir='ltr'>si</span> <span class='ocrx_word' id='word_1_578' title='bbox 2696 4870 3139 4951; x_wconf 84' lang='lat' dir='ltr'>suscepissem,</span> <span class='ocrx_word' id='word_1_579' title='bbox 3178 4884 3298 4963; x_wconf 87' lang='lat' dir='ltr'>non</span> <span class='ocrx_word' id='word_1_580' title='bbox 3347 4864 3699 4963; x_wconf 27' lang='lat' dir='ltr'>jamAipsas</span> 
     </span>
    </p>
   </div>
   <div class='ocr_carea' id='block_1_51' title="bbox 288 4960 3699 5049">
    <p class='ocr_par' dir='ltr' id='par_1_51' title="bbox 288 4960 3699 5049">
     <span class='ocr_line' id='line_1_51' title="bbox 288 4960 3699 5049; baseline -0.005 -9"><span class='ocrx_word' id='word_1_581' title='bbox 288 4960 697 5040; x_wconf 81' lang='lat' dir='ltr'>Feuardentii</span> <span class='ocrx_word' id='word_1_582' title='bbox 757 4979 959 5049; x_wconf 87' lang='lat' dir='ltr'>notas,</span> <span class='ocrx_word' id='word_1_583' title='bbox 1025 4974 1143 5039; x_wconf 91' lang='lat' dir='ltr'>sed</span> <span class='ocrx_word' id='word_1_584' title='bbox 1208 4991 1400 5040; x_wconf 87' lang='lat' dir='ltr'>novas</span> <span class='ocrx_word' id='word_1_585' title='bbox 1459 4976 1524 5040; x_wconf 93' lang='lat' dir='ltr'>in</span> <span class='ocrx_word' id='word_1_586' title='bbox 1585 4975 2074 5041; x_wconf 87' lang='lat' dir='ltr'>Feuardentium</span> <span class='ocrx_word' id='word_1_587' title='bbox 2156 4970 2654 5047; x_wconf 82' lang='lat' dir='ltr'>observationes,</span> <span class='ocrx_word' id='word_1_588' title='bbox 2736 4965 2912 5030; x_wconf 92' lang='lat' dir='ltr'>nullo</span> <span class='ocrx_word' id='word_1_589' title='bbox 2996 4967 3107 5027; x_wconf 89' lang='lat' dir='ltr'>aut</span> <span class='ocrx_word' id='word_1_590' title='bbox 3183 4961 3415 5041; x_wconf 86' lang='lat' dir='ltr'>exiguo</span> <span class='ocrx_word' id='word_1_591' title='bbox 3495 4960 3699 5023; x_wconf 89' lang='lat' dir='ltr'>fructu</span> 
     </span>
    </p>
   </div>
   <div class='ocr_carea' id='block_1_52' title="bbox 285 5052 3698 5149">
    <p class='ocr_par' dir='ltr' id='par_1_52' title="bbox 285 5052 3698 5149">
     <span class='ocr_line' id='line_1_52' title="bbox 285 5052 3698 5149; baseline -0.005 -17"><span class='ocrx_word' id='word_1_592' title='bbox 285 5070 633 5134; x_wconf 85' lang='lat' dir='ltr'>dedissem.</span> <span class='ocrx_word' id='word_1_593' title='bbox 697 5071 846 5131; x_wconf 80' lang='lat' dir='ltr'>Cum</span> <span class='ocrx_word' id='word_1_594' title='bbox 896 5073 1122 5132; x_wconf 90' lang='lat' dir='ltr'>autem</span> <span class='ocrx_word' id='word_1_595' title='bbox 1213 5074 1339 5130; x_wconf 88' lang='lat' dir='ltr'>tum</span> <span class='ocrx_word' id='word_1_596' title='bbox 1396 5069 1877 5149; x_wconf 88' lang='lat' dir='ltr'>Feuardentius,</span> <span class='ocrx_word' id='word_1_597' title='bbox 1930 5073 2066 5131; x_wconf 90' lang='lat' dir='ltr'>tum</span> <span class='ocrx_word' id='word_1_598' title='bbox 2113 5065 2219 5129; x_wconf 88' lang='lat' dir='ltr'>alii</span> <span class='ocrx_word' id='word_1_599' title='bbox 2284 5061 2760 5128; x_wconf 81' lang='lat' dir='ltr'>observationes</span> <span class='ocrx_word' id='word_1_600' title='bbox 2808 5075 2955 5121; x_wconf 86' lang='lat' dir='ltr'>suas</span> <span class='ocrx_word' id='word_1_601' title='bbox 2994 5057 3071 5119; x_wconf 89' lang='lat' dir='ltr'>ad</span> <span class='ocrx_word' id='word_1_602' title='bbox 3110 5061 3389 5149; x_wconf 86' lang='lat' dir='ltr'>veterem</span> <span class='ocrx_word' id='word_1_603' title='bbox 3419 5052 3698 5149; x_wconf 82' lang='lat' dir='ltr'>capitum</span> 
     </span>
    </p>
   </div>
   <div class='ocr_carea' id='block_1_53' title="bbox 288 5145 3695 5243">
    <p class='ocr_par' dir='ltr' id='par_1_53' title="bbox 288 5145 3695 5243">
     <span class='ocr_line' id='line_1_53' title="bbox 288 5145 3695 5243; baseline -0.006 -16"><span class='ocrx_word' id='word_1_604' title='bbox 288 5163 660 5242; x_wconf 86' lang='lat' dir='ltr'>sectionem,</span> <span class='ocrx_word' id='word_1_605' title='bbox 732 5178 918 5243; x_wconf 91' lang='lat' dir='ltr'>quam</span> <span class='ocrx_word' id='word_1_606' title='bbox 989 5159 1455 5240; x_wconf 88' lang='lat' dir='ltr'>sequebantur,</span> <span class='ocrx_word' id='word_1_607' title='bbox 1513 5145 2086 5240; x_wconf 77' lang='lat' dir='ltr'>accommo’darint;</span> <span class='ocrx_word' id='word_1_608' title='bbox 2142 5159 2234 5223; x_wconf 92' lang='lat' dir='ltr'>sic</span> <span class='ocrx_word' id='word_1_609' title='bbox 2289 5155 2815 5225; x_wconf 85' lang='lat' dir='ltr'>accommodatas,</span> <span class='ocrx_word' id='word_1_610' title='bbox 2882 5168 2961 5215; x_wconf 92' lang='lat' dir='ltr'>ne</span> <span class='ocrx_word' id='word_1_611' title='bbox 3013 5167 3138 5231; x_wconf 84' lang='lat' dir='ltr'>qua</span> <span class='ocrx_word' id='word_1_612' title='bbox 3186 5146 3480 5243; x_wconf 78' lang='lat' dir='ltr'>confusio</span> <span class='ocrx_word' id='word_1_613' title='bbox 3539 5145 3695 5209; x_wconf 91' lang='lat' dir='ltr'>sub-</span> 
     </span>
    </p>
   </div>
   <div class='ocr_carea' id='block_1_54' title="bbox 290 5239 3475 5336">
    <p class='ocr_par' dir='ltr' id='par_1_54' title="bbox 290 5239 3475 5336">
     <span class='ocr_line' id='line_1_54' title="bbox 290 5239 3475 5336; baseline -0.006 -16"><span class='ocrx_word' id='word_1_614' title='bbox 290 5255 584 5329; x_wconf 87' lang='lat' dir='ltr'>oriretur,</span> <span class='ocrx_word' id='word_1_615' title='bbox 636 5239 859 5336; x_wconf 79' lang='lat' dir='ltr'>reliqui</span> <span class='ocrx_word' id='word_1_616' title='bbox 921 5276 938 5317; x_wconf 89' lang='lat'><strong>:</strong></span> <span class='ocrx_word' id='word_1_617' title='bbox 1006 5239 1211 5317; x_wconf 76' lang='lat' dir='ltr'>novae</span> <span class='ocrx_word' id='word_1_618' title='bbox 1260 5253 1559 5319; x_wconf 84' lang='lat' dir='ltr'>duntaxat</span> <span class='ocrx_word' id='word_1_619' title='bbox 1612 5253 1913 5318; x_wconf 89' lang='lat' dir='ltr'>editionis</span> <span class='ocrx_word' id='word_1_620' title='bbox 1969 5239 2175 5334; x_wconf 86' lang='lat' dir='ltr'>capita</span> <span class='ocrx_word' id='word_1_621' title='bbox 2219 5256 2284 5316; x_wconf 90' lang='lat' dir='ltr'>et</span> <span class='ocrx_word' id='word_1_622' title='bbox 2332 5251 2596 5332; x_wconf 86' lang='lat' dir='ltr'>paginas</span> <span class='ocrx_word' id='word_1_623' title='bbox 2648 5247 2725 5309; x_wconf 87' lang='lat' dir='ltr'>ad</span> <span class='ocrx_word' id='word_1_624' title='bbox 2776 5243 3123 5324; x_wconf 87' lang='lat' dir='ltr'>marginem</span> <span class='ocrx_word' id='word_1_625' title='bbox 3181 5239 3475 5305; x_wconf 88' lang='lat' dir='ltr'>iudicavi.</span> 
     </span>
    </p>
   </div>
   <div class='ocr_carea' id='block_1_55' title="bbox 368 5408 3701 5523">
    <p class='ocr_par' dir='ltr' id='par_1_55' title="bbox 368 5408 3701 5523">
     <span class='ocr_line' id='line_1_55' title="bbox 368 5408 3701 5523; baseline -0.007 -19"><span class='ocrx_word' id='word_1_626' title='bbox 368 5438 649 5504; x_wconf 84' lang='lat' dir='ltr'>Tertium</span> <span class='ocrx_word' id='word_1_627' title='bbox 698 5437 1010 5523; x_wconf 88' lang='lat' dir='ltr'>denique,</span> <span class='ocrx_word' id='word_1_628' title='bbox 1083 5408 1269 5515; x_wconf 78' lang='lat' dir='ltr'>quod</span> <span class='ocrx_word' id='word_1_629' title='bbox 1317 5434 1379 5500; x_wconf 91' lang='lat' dir='ltr'>in</span> <span class='ocrx_word' id='word_1_630' title='bbox 1435 5437 1649 5502; x_wconf 91' lang='lat' dir='ltr'>animo</span> <span class='ocrx_word' id='word_1_631' title='bbox 1709 5434 1847 5517; x_wconf 88' lang='lat' dir='ltr'>fuit,</span> <span class='ocrx_word' id='word_1_632' title='bbox 1908 5434 2131 5502; x_wconf 87' lang='lat' dir='ltr'>lectori</span> <span class='ocrx_word' id='word_1_633' title='bbox 2188 5430 2487 5498; x_wconf 89' lang='lat' dir='ltr'>videlicet</span> <span class='ocrx_word' id='word_1_634' title='bbox 2550 5444 2624 5493; x_wconf 84' lang='lat' dir='ltr'>ea</span> <span class='ocrx_word' id='word_1_635' title='bbox 2684 5441 2905 5509; x_wconf 88' lang='lat' dir='ltr'>parare</span> <span class='ocrx_word' id='word_1_636' title='bbox 2959 5425 3026 5487; x_wconf 89' lang='lat' dir='ltr'>et</span> <span class='ocrx_word' id='word_1_637' title='bbox 3106 5421 3336 5487; x_wconf 81' lang='lat' dir='ltr'>offerre</span> <span class='ocrx_word' id='word_1_638' title='bbox 3393 5416 3701 5498; x_wconf 87' lang='lat' dir='ltr'>subsidia,</span> 
     </span>
    </p>
   </div>
  </div>
