  <div class='ocr_page' id='page_1' title='image "/cluster/home/n/w/nwhite01/storage/ocr_20150623/7/coo.31924054872860/019.png"; bbox 0 0 4152 6408; ppageno 0'>
   <div class='ocr_carea' id='block_1_1' title="bbox 419 376 2059 457">
    <p class='ocr_par' dir='ltr' id='par_1_1' title="bbox 419 376 2059 456">
     <span class='ocr_line' id='line_1_1' title="bbox 419 376 2059 456; baseline 0.009 -14"><span class='ocrx_word' id='word_1_1' title='bbox 419 376 497 443; x_wconf 79' lang='lat'>23</span> <span class='ocrx_word' id='word_1_2' title='bbox 1152 385 1804 454; x_wconf 75' lang='lat' dir='ltr'>DISSERTATIONES</span> <span class='ocrx_word' id='word_1_3' title='bbox 1846 389 2059 456; x_wconf 76' lang='lat' dir='ltr'>PR/EV</span> 
     </span>
    </p>
   </div>
   <div class='ocr_carea' id='block_1_2' title="bbox 2170 376 3810 457">
    <p class='ocr_par' dir='ltr' id='par_1_2' title="bbox 2170 381 3810 457">
     <span class='ocr_line' id='line_1_2' title="bbox 2170 381 3810 457; baseline 0 -3"><span class='ocrx_word' id='word_1_4' title='bbox 2170 393 2194 454; x_wconf 66' lang='grc' dir='ltr'>Ξ</span> <span class='ocrx_word' id='word_1_5' title='bbox 2237 391 2319 456; x_wconf 89' lang='grc' dir='ltr'><strong>ΙΝ</strong></span> <span class='ocrx_word' id='word_1_6' title='bbox 2365 394 2657 457; x_wconf 66' lang='lat' dir='ltr'>IRENEI</span> <span class='ocrx_word' id='word_1_7' title='bbox 2703 393 2993 456; x_wconf 79' lang='lat' dir='ltr'>LIBROS.</span> <span class='ocrx_word' id='word_1_8' title='bbox 3738 381 3810 454; x_wconf 68' lang='lat'>&#39;24</span> 
     </span>
    </p>
   </div>
   <div class='ocr_carea' id='block_1_3' title="bbox 418 510 3815 603">
    <p class='ocr_par' dir='ltr' id='par_1_3' title="bbox 418 510 3815 603">
     <span class='ocr_line' id='line_1_3' title="bbox 418 510 3815 603; baseline 0.004 -29"><span class='ocrx_word' id='word_1_9' title='bbox 418 510 656 592; x_wconf 83' lang='lat' dir='ltr'>quibus</span> <span class='ocrx_word' id='word_1_10' title='bbox 707 513 886 580; x_wconf 88' lang='lat' dir='ltr'>labor</span> <span class='ocrx_word' id='word_1_11' title='bbox 925 515 1064 597; x_wconf 89' lang='lat' dir='ltr'>ejus</span> <span class='ocrx_word' id='word_1_12' title='bbox 1113 515 1459 599; x_wconf 85' lang='lat' dir='ltr'>minuatur,</span> <span class='ocrx_word' id='word_1_13' title='bbox 1521 517 1613 584; x_wconf 91' lang='lat' dir='ltr'>sic</span> <span class='ocrx_word' id='word_1_14' title='bbox 1666 523 2008 584; x_wconf 83' lang='lat' dir='ltr'>exsecutus</span> <span class='ocrx_word' id='word_1_15' title='bbox 2063 537 2226 586; x_wconf 91' lang='lat' dir='ltr'>sum.</span> <span class='ocrx_word' id='word_1_16' title='bbox 2262 525 2498 586; x_wconf 61' lang='lat' dir='ltr'>Frater</span> <span class='ocrx_word' id='word_1_17' title='bbox 2553 527 2683 588; x_wconf 90' lang='lat' dir='ltr'>tres</span> <span class='ocrx_word' id='word_1_18' title='bbox 2733 521 3030 603; x_wconf 85' lang='lat' dir='ltr'>superius</span> <span class='ocrx_word' id='word_1_19' title='bbox 3081 527 3460 586; x_wconf 88' lang='lat' dir='ltr'>memoratas</span> <span class='ocrx_word' id='word_1_20' title='bbox 3506 521 3815 586; x_wconf 80' lang='lat' dir='ltr'>Disserta-</span> 
     </span>
    </p>
   </div>
   <div class='ocr_carea' id='block_1_4' title="bbox 413 605 3813 695">
    <p class='ocr_par' dir='ltr' id='par_1_4' title="bbox 413 605 3813 695">
     <span class='ocr_line' id='line_1_4' title="bbox 413 605 3813 695; baseline 0.003 -26"><span class='ocrx_word' id='word_1_21' title='bbox 413 605 645 682; x_wconf 89' lang='lat' dir='ltr'>tiones,</span> <span class='ocrx_word' id='word_1_22' title='bbox 707 626 945 693; x_wconf 87' lang='lat' dir='ltr'>easque</span> <span class='ocrx_word' id='word_1_23' title='bbox 999 629 1221 677; x_wconf 90' lang='lat' dir='ltr'>omnes</span> <span class='ocrx_word' id='word_1_24' title='bbox 1279 617 1458 678; x_wconf 87' lang='lat' dir='ltr'>notas</span> <span class='ocrx_word' id='word_1_25' title='bbox 1513 620 1578 679; x_wconf 91' lang='lat' dir='ltr'>et</span> <span class='ocrx_word' id='word_1_26' title='bbox 1629 613 2134 694; x_wconf 84' lang='lat' dir='ltr'>observationes,</span> <span class='ocrx_word' id='word_1_27' title='bbox 2195 615 2431 695; x_wconf 85' lang='lat' dir='ltr'>quibus</span> <span class='ocrx_word' id='word_1_28' title='bbox 2489 615 2772 680; x_wconf 83' lang='lat' dir='ltr'>difficilia</span> <span class='ocrx_word' id='word_1_29' title='bbox 2822 613 3045 678; x_wconf 72' lang='lat' dir='ltr'>Irenzei</span> <span class='ocrx_word' id='word_1_30' title='bbox 3103 613 3241 678; x_wconf 92' lang='lat' dir='ltr'>loca</span> <span class='ocrx_word' id='word_1_31' title='bbox 3307 613 3628 677; x_wconf 91' lang='lat' dir='ltr'>elucidare</span> <span class='ocrx_word' id='word_1_32' title='bbox 3702 629 3813 678; x_wconf 94' lang='lat' dir='ltr'>co-</span> 
     </span>
    </p>
   </div>
   <div class='ocr_carea' id='block_1_5' title="bbox 421 703 3819 789">
    <p class='ocr_par' dir='ltr' id='par_1_5' title="bbox 421 703 3819 789">
     <span class='ocr_line' id='line_1_5' title="bbox 421 703 3819 789; baseline 0.002 -27"><span class='ocrx_word' id='word_1_33' title='bbox 421 703 605 766; x_wconf 90' lang='lat' dir='ltr'>natus</span> <span class='ocrx_word' id='word_1_34' title='bbox 661 719 839 787; x_wconf 87' lang='lat' dir='ltr'>sum;</span> <span class='ocrx_word' id='word_1_35' title='bbox 887 723 962 770; x_wconf 91' lang='lat' dir='ltr'>ac</span> <span class='ocrx_word' id='word_1_36' title='bbox 999 723 1226 770; x_wconf 91' lang='lat' dir='ltr'>novam</span> <span class='ocrx_word' id='word_1_37' title='bbox 1285 709 1563 789; x_wconf 92' lang='lat' dir='ltr'>capitum</span> <span class='ocrx_word' id='word_1_38' title='bbox 1623 711 1996 786; x_wconf 79' lang='lat' dir='ltr'>sectionem,</span> <span class='ocrx_word' id='word_1_39' title='bbox 2060 725 2352 789; x_wconf 89' lang='lat' dir='ltr'>novaque</span> <span class='ocrx_word' id='word_1_40' title='bbox 2407 707 2702 771; x_wconf 87' lang='lat' dir='ltr'>lemmata</span> <span class='ocrx_word' id='word_1_41' title='bbox 2753 711 2816 770; x_wconf 94' lang='lat' dir='ltr'>et</span> <span class='ocrx_word' id='word_1_42' title='bbox 2871 704 3242 783; x_wconf 86' lang='lat' dir='ltr'>summulas,</span> <span class='ocrx_word' id='word_1_43' title='bbox 3279 705 3515 785; x_wconf 88' lang='lat' dir='ltr'>quibus</span> <span class='ocrx_word' id='word_1_44' title='bbox 3543 705 3819 768; x_wconf 87' lang='lat' dir='ltr'>auctoris</span> 
     </span>
    </p>
   </div>
   <div class='ocr_carea' id='block_1_6' title="bbox 420 797 3817 885">
    <p class='ocr_par' dir='ltr' id='par_1_6' title="bbox 420 797 3817 885">
     <span class='ocr_line' id='line_1_6' title="bbox 420 797 3817 885; baseline 0.002 -29"><span class='ocrx_word' id='word_1_45' title='bbox 420 802 651 875; x_wconf 89' lang='lat' dir='ltr'>scop&#39;us</span> <span class='ocrx_word' id='word_1_46' title='bbox 703 804 770 862; x_wconf 90' lang='lat' dir='ltr'>et</span> <span class='ocrx_word' id='word_1_47' title='bbox 811 807 1258 879; x_wconf 85' lang='lat' dir='ltr'>argumentum</span> <span class='ocrx_word' id='word_1_48' title='bbox 1303 802 1507 866; x_wconf 90' lang='lat' dir='ltr'>oculis</span> <span class='ocrx_word' id='word_1_49' title='bbox 1555 802 1916 885; x_wconf 85' lang='lat' dir='ltr'>exhibetur,</span> <span class='ocrx_word' id='word_1_50' title='bbox 1969 801 2034 864; x_wconf 90' lang='lat' dir='ltr'>in</span> <span class='ocrx_word' id='word_1_51' title='bbox 2092 802 2330 882; x_wconf 89' lang='lat' dir='ltr'>quibus</span> <span class='ocrx_word' id='word_1_52' title='bbox 2387 800 2683 863; x_wconf 92' lang='lat' dir='ltr'>omnibus</span> <span class='ocrx_word' id='word_1_53' title='bbox 2756 799 2914 863; x_wconf 88' lang='lat' dir='ltr'>forte</span> <span class='ocrx_word' id='word_1_54' title='bbox 2987 797 3274 861; x_wconf 89' lang='lat' dir='ltr'>nonnihil</span> <span class='ocrx_word' id='word_1_55' title='bbox 3332 799 3469 878; x_wconf 84' lang='lat' dir='ltr'>Opis</span> <span class='ocrx_word' id='word_1_56' title='bbox 3545 798 3817 878; x_wconf 90' lang='lat' dir='ltr'>quibus-</span> 
     </span>
    </p>
   </div>
   <div class='ocr_carea' id='block_1_7' title="bbox 423 885 3816 976">
    <p class='ocr_par' dir='ltr' id='par_1_7' title="bbox 423 885 3816 976">
     <span class='ocr_line' id='line_1_7' title="bbox 423 885 3816 976; baseline 0.001 -28"><span class='ocrx_word' id='word_1_57' title='bbox 423 885 568 950; x_wconf 87' lang='lat' dir='ltr'>dam</span> <span class='ocrx_word' id='word_1_58' title='bbox 627 888 851 972; x_wconf 83' lang='lat' dir='ltr'>fuerit;</span> <span class='ocrx_word' id='word_1_59' title='bbox 904 896 1135 972; x_wconf 61' lang='lat' dir='ltr'>prater</span> <span class='ocrx_word' id='word_1_60' title='bbox 1205 893 1383 975; x_wconf 74' lang='lat' dir='ltr'>haec,</span> <span class='ocrx_word' id='word_1_61' title='bbox 1445 894 1702 975; x_wconf 90' lang='lat' dir='ltr'>inquam</span> <span class='ocrx_word' id='word_1_62' title='bbox 1732 945 1748 976; x_wconf 92' lang='lat'>,</span> <span class='ocrx_word' id='word_1_63' title='bbox 1823 909 2150 960; x_wconf 81' lang='lat' dir='ltr'>accessere</span> <span class='ocrx_word' id='word_1_64' title='bbox 2216 898 2487 974; x_wconf 88' lang='lat' dir='ltr'>quatuor</span> <span class='ocrx_word' id='word_1_65' title='bbox 2564 891 2904 974; x_wconf 85' lang='lat' dir='ltr'>ampliores</span> <span class='ocrx_word' id='word_1_66' title='bbox 2976 889 3547 972; x_wconf 90' lang='lat' dir='ltr'>locupletioresque</span> <span class='ocrx_word' id='word_1_67' title='bbox 3626 907 3816 971; x_wconf 89' lang='lat' dir='ltr'>quam</span> 
     </span>
    </p>
   </div>
   <div class='ocr_carea' id='block_1_8' title="bbox 423 977 3816 1072">
    <p class='ocr_par' dir='ltr' id='par_1_8' title="bbox 423 977 3816 1072">
     <span class='ocr_line' id='line_1_8' title="bbox 423 977 3816 1072; baseline 0.002 -32"><span class='ocrx_word' id='word_1_68' title='bbox 423 977 729 1044; x_wconf 88' lang='lat' dir='ltr'>hactenus</span> <span class='ocrx_word' id='word_1_69' title='bbox 773 983 1163 1064; x_wconf 89' lang='lat' dir='ltr'>prodierunt,</span> <span class='ocrx_word' id='word_1_70' title='bbox 1223 985 1500 1050; x_wconf 88' lang='lat' dir='ltr'>Indices.</span> <span class='ocrx_word' id='word_1_71' title='bbox 1563 987 1811 1051; x_wconf 91' lang='lat' dir='ltr'>Primus</span> <span class='ocrx_word' id='word_1_72' title='bbox 1865 991 1963 1050; x_wconf 87' lang='lat' dir='ltr'>est</span> <span class='ocrx_word' id='word_1_73' title='bbox 2005 991 2367 1072; x_wconf 59' lang='lat' dir='ltr'>gramarum</span> <span class='ocrx_word' id='word_1_74' title='bbox 2429 1004 2654 1050; x_wconf 90' lang='lat' dir='ltr'>vocum</span> <span class='ocrx_word' id='word_1_75' title='bbox 2713 985 3124 1063; x_wconf 84' lang='lat' dir='ltr'>Glossarium,</span> <span class='ocrx_word' id='word_1_76' title='bbox 3172 1001 3284 1048; x_wconf 89' lang='lat' dir='ltr'>seu</span> <span class='ocrx_word' id='word_1_77' title='bbox 3341 985 3660 1065; x_wconf 80' lang='lat' dir='ltr'>Lexicon;</span> <span class='ocrx_word' id='word_1_78' title='bbox 3711 1001 3816 1048; x_wconf 90' lang='lat' dir='ltr'>se-</span> 
     </span>
    </p>
   </div>
   <div class='ocr_carea' id='block_1_9' title="bbox 425 1073 3808 1160">
    <p class='ocr_par' dir='ltr' id='par_1_9' title="bbox 425 1073 3808 1160">
     <span class='ocr_line' id='line_1_9' title="bbox 425 1073 3808 1160; baseline 0.001 -24"><span class='ocrx_word' id='word_1_79' title='bbox 425 1073 675 1137; x_wconf 90' lang='lat' dir='ltr'>cundus</span> <span class='ocrx_word' id='word_1_80' title='bbox 729 1076 1088 1140; x_wconf 90' lang='lat' dir='ltr'>Latinarum</span> <span class='ocrx_word' id='word_1_81' title='bbox 1149 1077 1599 1160; x_wconf 87' lang='lat' dir='ltr'>difﬁciliorum,</span> <span class='ocrx_word' id='word_1_82' title='bbox 1645 1086 1710 1143; x_wconf 94' lang='lat' dir='ltr'>et</span> <span class='ocrx_word' id='word_1_83' title='bbox 1754 1080 1834 1144; x_wconf 90' lang='lat' dir='ltr'>ab</span> <span class='ocrx_word' id='word_1_84' title='bbox 1893 1095 2015 1142; x_wconf 91' lang='lat' dir='ltr'>usu</span> <span class='ocrx_word' id='word_1_85' title='bbox 2067 1080 2386 1144; x_wconf 90' lang='lat' dir='ltr'>communi</span> <span class='ocrx_word' id='word_1_86' title='bbox 2457 1079 2894 1159; x_wconf 89' lang='lat' dir='ltr'>remotiorum,</span> <span class='ocrx_word' id='word_1_87' title='bbox 2965 1093 3234 1158; x_wconf 86' lang='lat' dir='ltr'>quarum</span> <span class='ocrx_word' id='word_1_88' title='bbox 3292 1077 3647 1155; x_wconf 82' lang='lat' dir='ltr'>signiﬁcata</span> <span class='ocrx_word' id='word_1_89' title='bbox 3707 1078 3808 1140; x_wconf 82' lang='lat' dir='ltr'>vel</span> 
     </span>
    </p>
   </div>
   <div class='ocr_carea' id='block_1_10' title="bbox 427 1165 3808 1252">
    <p class='ocr_par' dir='ltr' id='par_1_10' title="bbox 427 1165 3808 1252">
     <span class='ocr_line' id='line_1_10' title="bbox 427 1165 3808 1252; baseline 0.001 -24"><span class='ocrx_word' id='word_1_90' title='bbox 427 1165 707 1246; x_wconf 74' lang='lat' dir='ltr'>Irenaeo,</span> <span class='ocrx_word' id='word_1_91' title='bbox 767 1183 881 1232; x_wconf 91' lang='lat' dir='ltr'>seu</span> <span class='ocrx_word' id='word_1_92' title='bbox 937 1167 1076 1248; x_wconf 86' lang='lat' dir='ltr'>ejus</span> <span class='ocrx_word' id='word_1_93' title='bbox 1131 1169 1458 1251; x_wconf 88' lang='lat' dir='ltr'>interpreti</span> <span class='ocrx_word' id='word_1_94' title='bbox 1517 1172 1788 1252; x_wconf 88' lang='lat' dir='ltr'>propria,</span> <span class='ocrx_word' id='word_1_95' title='bbox 1854 1171 1952 1234; x_wconf 87' lang='lat' dir='ltr'>vel</span> <span class='ocrx_word' id='word_1_96' title='bbox 2011 1189 2130 1235; x_wconf 91' lang='lat' dir='ltr'>non</span> <span class='ocrx_word' id='word_1_97' title='bbox 2204 1174 2363 1236; x_wconf 88' lang='lat' dir='ltr'>adeo</span> <span class='ocrx_word' id='word_1_98' title='bbox 2412 1171 2600 1236; x_wconf 85' lang='lat' dir='ltr'>obvia</span> <span class='ocrx_word' id='word_1_99' title='bbox 2656 1177 2826 1234; x_wconf 92' lang='lat' dir='ltr'>sunt.</span> <span class='ocrx_word' id='word_1_100' title='bbox 2887 1171 3142 1233; x_wconf 90' lang='lat' dir='ltr'>Tertius</span> <span class='ocrx_word' id='word_1_101' title='bbox 3195 1174 3314 1250; x_wconf 92' lang='lat' dir='ltr'>est,</span> <span class='ocrx_word' id='word_1_102' title='bbox 3350 1186 3571 1233; x_wconf 90' lang='lat' dir='ltr'>eorum</span> <span class='ocrx_word' id='word_1_103' title='bbox 3623 1185 3808 1250; x_wconf 64' lang='grc' dir='ltr'>(μείη-</span> 
     </span>
    </p>
   </div>
   <div class='ocr_carea' id='block_1_11' title="bbox 425 1261 3816 1345">
    <p class='ocr_par' dir='ltr' id='par_1_11' title="bbox 425 1261 3816 1345">
     <span class='ocr_line' id='line_1_11' title="bbox 425 1261 3816 1345; baseline 0.002 -26"><span class='ocrx_word' id='word_1_104' title='bbox 425 1272 679 1338; x_wconf 92' lang='lat' dir='ltr'>cunque</span> <span class='ocrx_word' id='word_1_105' title='bbox 735 1261 970 1340; x_wconf 77' lang='lat' dir='ltr'>profert</span> <span class='ocrx_word' id='word_1_106' title='bbox 1016 1263 1312 1342; x_wconf 72' lang='lat' dir='ltr'>Irenaeus,</span> <span class='ocrx_word' id='word_1_107' title='bbox 1373 1263 1712 1343; x_wconf 74' lang='lat' dir='ltr'>Scripturza</span> <span class='ocrx_word' id='word_1_108' title='bbox 1769 1281 1962 1327; x_wconf 62' lang='lat' dir='ltr'>sacra}</span> <span class='ocrx_word' id='word_1_109' title='bbox 1999 1266 2548 1345; x_wconf 82' lang='lat' dir='ltr'>testimoniorum;</span> <span class='ocrx_word' id='word_1_110' title='bbox 2611 1265 2903 1328; x_wconf 86' lang='lat' dir='ltr'>adnotata</span> <span class='ocrx_word' id='word_1_111' title='bbox 2950 1263 3165 1344; x_wconf 78' lang='lat' dir='ltr'>etiam,</span> <span class='ocrx_word' id='word_1_112' title='bbox 3201 1263 3254 1327; x_wconf 88' lang='lat' dir='ltr'>si</span> <span class='ocrx_word' id='word_1_113' title='bbox 3297 1281 3441 1345; x_wconf 62' lang='lat' dir='ltr'>quae</span> <span class='ocrx_word' id='word_1_114' title='bbox 3495 1263 3816 1327; x_wconf 90' lang='lat' dir='ltr'>interdum</span> 
     </span>
    </p>
   </div>
   <div class='ocr_carea' id='block_1_12' title="bbox 425 1351 3818 1440">
    <p class='ocr_par' dir='ltr' id='par_1_12' title="bbox 425 1351 3818 1440">
     <span class='ocr_line' id='line_1_12' title="bbox 425 1351 3818 1440; baseline 0.002 -28"><span class='ocrx_word' id='word_1_115' title='bbox 425 1355 736 1431; x_wconf 88' lang='lat' dir='ltr'>occurrat,</span> <span class='ocrx_word' id='word_1_116' title='bbox 795 1351 858 1415; x_wconf 92' lang='lat' dir='ltr'>in</span> <span class='ocrx_word' id='word_1_117' title='bbox 912 1352 1162 1417; x_wconf 89' lang='lat' dir='ltr'>citando</span> <span class='ocrx_word' id='word_1_118' title='bbox 1223 1371 1350 1417; x_wconf 89' lang='lat' dir='ltr'>uno</span> <span class='ocrx_word' id='word_1_119' title='bbox 1400 1361 1464 1418; x_wconf 90' lang='lat' dir='ltr'>et</span> <span class='ocrx_word' id='word_1_120' title='bbox 1512 1356 1732 1419; x_wconf 89' lang='lat' dir='ltr'>eodem</span> <span class='ocrx_word' id='word_1_121' title='bbox 1791 1356 2176 1440; x_wconf 86' lang='lat' dir='ltr'>testimonio,</span> <span class='ocrx_word' id='word_1_122' title='bbox 2237 1359 2626 1438; x_wconf 83' lang='lat' dir='ltr'>diversitate,</span> <span class='ocrx_word' id='word_1_123' title='bbox 2684 1364 2754 1421; x_wconf 91' lang='lat' dir='ltr'>ut</span> <span class='ocrx_word' id='word_1_124' title='bbox 2807 1373 2881 1421; x_wconf 88' lang='lat' dir='ltr'>ea</span> <span class='ocrx_word' id='word_1_125' title='bbox 2928 1358 3173 1421; x_wconf 84' lang='lat' dir='ltr'>ratione</span> <span class='ocrx_word' id='word_1_126' title='bbox 3233 1357 3570 1438; x_wconf 71' lang='lat' dir='ltr'>Scripturae</span> <span class='ocrx_word' id='word_1_127' title='bbox 3621 1373 3818 1420; x_wconf 66' lang='lat' dir='ltr'>sacrae</span> 
     </span>
    </p>
   </div>
   <div class='ocr_carea' id='block_1_13' title="bbox 429 1444 3818 1533">
    <p class='ocr_par' dir='ltr' id='par_1_13' title="bbox 429 1444 3818 1533">
     <span class='ocr_line' id='line_1_13' title="bbox 429 1444 3818 1533; baseline 0 -24"><span class='ocrx_word' id='word_1_128' title='bbox 429 1444 698 1509; x_wconf 90' lang='lat' dir='ltr'>studiosi</span> <span class='ocrx_word' id='word_1_129' title='bbox 748 1446 970 1510; x_wconf 65' lang='lat' dir='ltr'>Irenaei</span> <span class='ocrx_word' id='word_1_130' title='bbox 1018 1447 1268 1511; x_wconf 89' lang='lat' dir='ltr'>codices</span> <span class='ocrx_word' id='word_1_131' title='bbox 1315 1464 1529 1512; x_wconf 91' lang='lat' dir='ltr'>sacros</span> <span class='ocrx_word' id='word_1_132' title='bbox 1575 1465 1721 1512; x_wconf 91' lang='lat' dir='ltr'>cum</span> <span class='ocrx_word' id='word_1_133' title='bbox 1795 1449 2027 1513; x_wconf 83' lang='lat' dir='ltr'>nostris</span> <span class='ocrx_word' id='word_1_134' title='bbox 2085 1467 2448 1533; x_wconf 89' lang='lat' dir='ltr'>comparare</span> <span class='ocrx_word' id='word_1_135' title='bbox 2527 1451 2710 1514; x_wconf 88' lang='lat' dir='ltr'>facile</span> <span class='ocrx_word' id='word_1_136' title='bbox 2777 1449 3039 1531; x_wconf 88' lang='lat' dir='ltr'>possint,</span> <span class='ocrx_word' id='word_1_137' title='bbox 3123 1447 3359 1529; x_wconf 86' lang='lat' dir='ltr'>quidve</span> <span class='ocrx_word' id='word_1_138' title='bbox 3429 1447 3818 1512; x_wconf 90' lang='lat' dir='ltr'>discriminis</span> 
     </span>
    </p>
   </div>
   <div class='ocr_carea' id='block_1_14' title="bbox 424 1537 3815 1622">
    <p class='ocr_par' dir='ltr' id='par_1_14' title="bbox 424 1537 3815 1622">
     <span class='ocr_line' id='line_1_14' title="bbox 424 1537 3815 1622; baseline 0 -20"><span class='ocrx_word' id='word_1_139' title='bbox 424 1537 764 1618; x_wconf 91' lang='lat' dir='ltr'>(levissimi</span> <span class='ocrx_word' id='word_1_140' title='bbox 820 1541 1016 1620; x_wconf 90' lang='lat' dir='ltr'>certe)</span> <span class='ocrx_word' id='word_1_141' title='bbox 1080 1541 1244 1604; x_wconf 91' lang='lat' dir='ltr'>inter</span> <span class='ocrx_word' id='word_1_142' title='bbox 1290 1547 1596 1622; x_wconf 88' lang='lat' dir='ltr'>utrosque</span> <span class='ocrx_word' id='word_1_143' title='bbox 1673 1543 2044 1618; x_wconf 87' lang='lat' dir='ltr'>intercedat,</span> <span class='ocrx_word' id='word_1_144' title='bbox 2109 1545 2469 1610; x_wconf 89' lang='lat' dir='ltr'>observare.</span> <span class='ocrx_word' id='word_1_145' title='bbox 2558 1546 2826 1617; x_wconf 86' lang='lat' dir='ltr'>Quartus</span> <span class='ocrx_word' id='word_1_146' title='bbox 2877 1541 3177 1622; x_wconf 89' lang='lat' dir='ltr'>denique,</span> <span class='ocrx_word' id='word_1_147' title='bbox 3255 1555 3470 1604; x_wconf 90' lang='lat' dir='ltr'>rerum</span> <span class='ocrx_word' id='word_1_148' title='bbox 3526 1538 3815 1603; x_wconf 89' lang='lat' dir='ltr'>omnium</span> 
     </span>
    </p>
   </div>
   <div class='ocr_carea' id='block_1_15' title="bbox 425 1631 3820 1718">
    <p class='ocr_par' dir='ltr' id='par_1_15' title="bbox 425 1631 3820 1718">
     <span class='ocr_line' id='line_1_15' title="bbox 425 1631 3820 1718; baseline -0 -21"><span class='ocrx_word' id='word_1_149' title='bbox 425 1634 912 1716; x_wconf 68' lang='lat' dir='ltr'>praecipuarum,</span> <span class='ocrx_word' id='word_1_150' title='bbox 970 1653 1118 1717; x_wconf 62' lang='lat' dir='ltr'>quae</span> <span class='ocrx_word' id='word_1_151' title='bbox 1179 1643 1318 1699; x_wconf 91' lang='lat' dir='ltr'>tum</span> <span class='ocrx_word' id='word_1_152' title='bbox 1372 1637 1539 1717; x_wconf 90' lang='lat' dir='ltr'>apud</span> <span class='ocrx_word' id='word_1_153' title='bbox 1602 1635 1813 1716; x_wconf 90' lang='lat' dir='ltr'>ipsum</span> <span class='ocrx_word' id='word_1_154' title='bbox 1871 1640 2202 1718; x_wconf 64' lang='lat' dir='ltr'>Irenaeum,</span> <span class='ocrx_word' id='word_1_155' title='bbox 2265 1643 2397 1700; x_wconf 91' lang='lat' dir='ltr'>tum</span> <span class='ocrx_word' id='word_1_156' title='bbox 2447 1635 2512 1699; x_wconf 92' lang='lat' dir='ltr'>in</span> <span class='ocrx_word' id='word_1_157' title='bbox 2571 1634 2804 1698; x_wconf 87' lang='lat' dir='ltr'>nostris</span> <span class='ocrx_word' id='word_1_158' title='bbox 2837 1633 3395 1698; x_wconf 89' lang='lat' dir='ltr'>Dissertationibus</span> <span class='ocrx_word' id='word_1_159' title='bbox 3425 1631 3686 1697; x_wconf 88' lang='lat' dir='ltr'>etnotis</span> <span class='ocrx_word' id='word_1_160' title='bbox 3717 1649 3820 1696; x_wconf 92' lang='lat' dir='ltr'>oc-</span> 
     </span>
    </p>
   </div>
   <div class='ocr_carea' id='block_1_16' title="bbox 424 1725 2804 1810">
    <p class='ocr_par' dir='ltr' id='par_1_16' title="bbox 424 1725 2804 1810">
     <span class='ocr_line' id='line_1_16' title="bbox 424 1725 2804 1810; baseline -0 -22"><span class='ocrx_word' id='word_1_161' title='bbox 424 1731 731 1807; x_wconf 77' lang='lat' dir='ltr'>canunt;</span> <span class='ocrx_word' id='word_1_162' title='bbox 781 1725 996 1791; x_wconf 91' lang='lat' dir='ltr'>addito</span> <span class='ocrx_word' id='word_1_163' title='bbox 1055 1727 1247 1792; x_wconf 89' lang='lat' dir='ltr'>etiam</span> <span class='ocrx_word' id='word_1_164' title='bbox 1302 1727 1368 1790; x_wconf 91' lang='lat' dir='ltr'>in</span> <span class='ocrx_word' id='word_1_165' title='bbox 1425 1727 1551 1792; x_wconf 82' lang='lat' dir='ltr'>line</span> <span class='ocrx_word' id='word_1_166' title='bbox 1606 1728 1804 1791; x_wconf 90' lang='lat' dir='ltr'>altero</span> <span class='ocrx_word' id='word_1_167' title='bbox 1862 1746 1974 1810; x_wconf 93' lang='lat' dir='ltr'>pro</span> <span class='ocrx_word' id='word_1_168' title='bbox 2023 1729 2288 1792; x_wconf 89' lang='lat' dir='ltr'>aliorum</span> <span class='ocrx_word' id='word_1_169' title='bbox 2347 1729 2515 1793; x_wconf 89' lang='lat' dir='ltr'>notis</span> <span class='ocrx_word' id='word_1_170' title='bbox 2571 1729 2804 1792; x_wconf 87' lang='lat' dir='ltr'>Indice.</span> 
     </span>
    </p>
   </div>
   <div class='ocr_carea' id='block_1_17' title="bbox 506 1819 3808 1904">
    <p class='ocr_par' dir='ltr' id='par_1_17' title="bbox 506 1819 3808 1904">
     <span class='ocr_line' id='line_1_17' title="bbox 506 1819 3808 1904; baseline 0.001 -22"><span class='ocrx_word' id='word_1_171' title='bbox 506 1822 657 1884; x_wconf 73' lang='lat' dir='ltr'>Haec</span> <span class='ocrx_word' id='word_1_172' title='bbox 711 1824 860 1883; x_wconf 91' lang='lat' dir='ltr'>sunt</span> <span class='ocrx_word' id='word_1_173' title='bbox 914 1837 1058 1902; x_wconf 66' lang='lat' dir='ltr'>qua:</span> <span class='ocrx_word' id='word_1_174' title='bbox 1104 1820 1184 1884; x_wconf 91' lang='lat' dir='ltr'>de</span> <span class='ocrx_word' id='word_1_175' title='bbox 1221 1836 1384 1883; x_wconf 92' lang='lat' dir='ltr'>nova</span> <span class='ocrx_word' id='word_1_176' title='bbox 1440 1821 1559 1884; x_wconf 90' lang='lat' dir='ltr'>hac</span> <span class='ocrx_word' id='word_1_177' title='bbox 1604 1821 1827 1886; x_wconf 75' lang='lat' dir='ltr'>Irenzei</span> <span class='ocrx_word' id='word_1_178' title='bbox 1883 1821 2161 1886; x_wconf 85' lang='lat' dir='ltr'>editione</span> <span class='ocrx_word' id='word_1_179' title='bbox 2205 1823 2454 1904; x_wconf 76' lang='lat' dir='ltr'>praefari</span> <span class='ocrx_word' id='word_1_180' title='bbox 2511 1821 2715 1885; x_wconf 89' lang='lat' dir='ltr'>visum</span> <span class='ocrx_word' id='word_1_181' title='bbox 2776 1823 2894 1886; x_wconf 90' lang='lat' dir='ltr'>est.</span> <span class='ocrx_word' id='word_1_182' title='bbox 2938 1820 3234 1901; x_wconf 84' lang='lat' dir='ltr'>Exposita</span> <span class='ocrx_word' id='word_1_183' title='bbox 3255 1819 3386 1902; x_wconf 91' lang='lat' dir='ltr'>jam</span> <span class='ocrx_word' id='word_1_184' title='bbox 3426 1821 3624 1884; x_wconf 87' lang='lat' dir='ltr'>totius</span> <span class='ocrx_word' id='word_1_185' title='bbox 3654 1837 3808 1884; x_wconf 85' lang='lat' dir='ltr'>con-</span> 
     </span>
    </p>
   </div>
   <div class='ocr_carea' id='block_1_18' title="bbox 426 1911 3812 1998">
    <p class='ocr_par' dir='ltr' id='par_1_18' title="bbox 426 1911 3812 1998">
     <span class='ocr_line' id='line_1_18' title="bbox 426 1911 3812 1998; baseline 0.001 -22"><span class='ocrx_word' id='word_1_186' title='bbox 426 1912 554 1976; x_wconf 90' lang='lat' dir='ltr'>silii</span> <span class='ocrx_word' id='word_1_187' title='bbox 611 1911 736 1977; x_wconf 90' lang='lat' dir='ltr'>mei</span> <span class='ocrx_word' id='word_1_188' title='bbox 785 1912 1050 1995; x_wconf 91' lang='lat' dir='ltr'>ratione,</span> <span class='ocrx_word' id='word_1_189' title='bbox 1111 1919 1412 1978; x_wconf 59' lang='lat' dir='ltr'>caeterum</span> <span class='ocrx_word' id='word_1_190' title='bbox 1462 1914 1762 1994; x_wconf 89' lang='lat' dir='ltr'>deinceps</span> <span class='ocrx_word' id='word_1_191' title='bbox 1829 1915 2130 1980; x_wconf 87' lang='lat' dir='ltr'>lectorem</span> <span class='ocrx_word' id='word_1_192' title='bbox 2205 1933 2330 1979; x_wconf 90' lang='lat' dir='ltr'>non</span> <span class='ocrx_word' id='word_1_193' title='bbox 2398 1917 2708 1994; x_wconf 88' lang='lat' dir='ltr'>morabor,</span> <span class='ocrx_word' id='word_1_194' title='bbox 2761 1915 2917 1998; x_wconf 92' lang='lat' dir='ltr'>quin</span> <span class='ocrx_word' id='word_1_195' title='bbox 2963 1914 3098 1995; x_wconf 90' lang='lat' dir='ltr'>ipse</span> <span class='ocrx_word' id='word_1_196' title='bbox 3149 1915 3465 1996; x_wconf 83' lang='lat' dir='ltr'>diSpiciat,</span> <span class='ocrx_word' id='word_1_197' title='bbox 3523 1932 3603 1978; x_wconf 89' lang='lat' dir='ltr'>an</span> <span class='ocrx_word' id='word_1_198' title='bbox 3649 1932 3812 1996; x_wconf 89' lang='lat' dir='ltr'>opus</span> 
     </span>
    </p>
   </div>
   <div class='ocr_carea' id='block_1_19' title="bbox 427 2005 3819 2088">
    <p class='ocr_par' dir='ltr' id='par_1_19' title="bbox 427 2005 3819 2088">
     <span class='ocr_line' id='line_1_19' title="bbox 427 2005 3819 2088; baseline 0.001 -19"><span class='ocrx_word' id='word_1_199' title='bbox 427 2005 596 2070; x_wconf 90' lang='lat' dir='ltr'>votis</span> <span class='ocrx_word' id='word_1_200' title='bbox 652 2010 717 2070; x_wconf 92' lang='lat' dir='ltr'>et</span> <span class='ocrx_word' id='word_1_201' title='bbox 769 2008 1010 2071; x_wconf 91' lang='lat' dir='ltr'>conatis</span> <span class='ocrx_word' id='word_1_202' title='bbox 1059 2007 1456 2088; x_wconf 87' lang='lat' dir='ltr'>respondeat.</span> <span class='ocrx_word' id='word_1_203' title='bbox 1506 2009 1679 2083; x_wconf 88' lang='lat' dir='ltr'>Quod</span> <span class='ocrx_word' id='word_1_204' title='bbox 1725 2009 1778 2071; x_wconf 93' lang='lat' dir='ltr'>si</span> <span class='ocrx_word' id='word_1_205' title='bbox 1808 2009 1895 2072; x_wconf 92' lang='lat' dir='ltr'>ita</span> <span class='ocrx_word' id='word_1_206' title='bbox 1926 2009 2030 2088; x_wconf 90' lang='lat' dir='ltr'>sit,</span> <span class='ocrx_word' id='word_1_207' title='bbox 2091 2024 2278 2071; x_wconf 92' lang='lat' dir='ltr'>unam</span> <span class='ocrx_word' id='word_1_208' title='bbox 2343 2009 2502 2072; x_wconf 88' lang='lat' dir='ltr'>hanc</span> <span class='ocrx_word' id='word_1_209' title='bbox 2559 2026 2700 2073; x_wconf 80' lang='lat' dir='ltr'>esse</span> <span class='ocrx_word' id='word_1_210' title='bbox 2758 2008 2946 2073; x_wconf 90' lang='lat' dir='ltr'>velim</span> <span class='ocrx_word' id='word_1_211' title='bbox 3006 2007 3240 2072; x_wconf 90' lang='lat' dir='ltr'>laboris</span> <span class='ocrx_word' id='word_1_212' title='bbox 3290 2009 3673 2082; x_wconf 87' lang='lat' dir='ltr'>mercedem,</span> <span class='ocrx_word' id='word_1_213' title='bbox 3740 2009 3819 2072; x_wconf 89' lang='lat' dir='ltr'>de</span> 
     </span>
    </p>
   </div>
   <div class='ocr_carea' id='block_1_20' title="bbox 429 2099 3820 2183">
    <p class='ocr_par' dir='ltr' id='par_1_20' title="bbox 429 2099 3820 2183">
     <span class='ocr_line' id='line_1_20' title="bbox 429 2099 3820 2183; baseline 0 -20"><span class='ocrx_word' id='word_1_214' title='bbox 429 2099 708 2164; x_wconf 83' lang='lat' dir='ltr'>Ecclesia</span> <span class='ocrx_word' id='word_1_215' title='bbox 759 2099 1081 2181; x_wconf 89' lang='lat' dir='ltr'>quidpiam</span> <span class='ocrx_word' id='word_1_216' title='bbox 1134 2099 1482 2182; x_wconf 90' lang='lat' dir='ltr'>meruisse;</span> <span class='ocrx_word' id='word_1_217' title='bbox 1539 2101 1721 2181; x_wconf 85' lang='lat' dir='ltr'>cujus</span> <span class='ocrx_word' id='word_1_218' title='bbox 1757 2101 2000 2181; x_wconf 90' lang='lat' dir='ltr'>judicio</span> <span class='ocrx_word' id='word_1_219' title='bbox 2069 2117 2468 2182; x_wconf 73' lang='lat' dir='ltr'>quaecunque</span> <span class='ocrx_word' id='word_1_220' title='bbox 2522 2117 2559 2163; x_wconf 94' lang='lat' dir='ltr'>a</span> <span class='ocrx_word' id='word_1_221' title='bbox 2618 2117 2719 2164; x_wconf 90' lang='lat' dir='ltr'>me</span> <span class='ocrx_word' id='word_1_222' title='bbox 2773 2101 3198 2183; x_wconf 89' lang='lat' dir='ltr'>prodierunt,</span> <span class='ocrx_word' id='word_1_223' title='bbox 3273 2099 3553 2164; x_wconf 91' lang='lat' dir='ltr'>libenter</span> <span class='ocrx_word' id='word_1_224' title='bbox 3609 2101 3820 2180; x_wconf 88' lang='lat' dir='ltr'>subji-</span> 
     </span>
    </p>
   </div>
   <div class='ocr_carea' id='block_1_21' title="bbox 427 2193 3535 2280">
    <p class='ocr_par' dir='ltr' id='par_1_21' title="bbox 427 2193 3535 2280">
     <span class='ocr_line' id='line_1_21' title="bbox 427 2193 3535 2280; baseline 0.001 -22"><span class='ocrx_word' id='word_1_225' title='bbox 427 2193 550 2274; x_wconf 91' lang='lat' dir='ltr'>cio,</span> <span class='ocrx_word' id='word_1_226' title='bbox 599 2209 674 2258; x_wconf 89' lang='lat' dir='ltr'>ea</span> <span class='ocrx_word' id='word_1_227' title='bbox 727 2193 941 2280; x_wconf 85' lang='lat' dir='ltr'>omnia</span> <span class='ocrx_word' id='word_1_228' title='bbox 990 2194 1328 2258; x_wconf 91' lang='lat' dir='ltr'>emendare</span> <span class='ocrx_word' id='word_1_229' title='bbox 1387 2210 1462 2258; x_wconf 91' lang='lat' dir='ltr'>ac</span> <span class='ocrx_word' id='word_1_230' title='bbox 1502 2209 1804 2260; x_wconf 90' lang='lat' dir='ltr'>revocare</span> <span class='ocrx_word' id='word_1_231' title='bbox 1863 2201 2138 2278; x_wconf 89' lang='lat' dir='ltr'>paratus,</span> <span class='ocrx_word' id='word_1_232' title='bbox 2190 2214 2330 2278; x_wconf 64' lang='lat' dir='ltr'>qua:</span> <span class='ocrx_word' id='word_1_233' title='bbox 2383 2197 2723 2261; x_wconf 90' lang='lat' dir='ltr'>emendare</span> <span class='ocrx_word' id='word_1_234' title='bbox 2779 2213 2855 2261; x_wconf 91' lang='lat' dir='ltr'>ac</span> <span class='ocrx_word' id='word_1_235' title='bbox 2910 2212 3207 2261; x_wconf 88' lang='lat' dir='ltr'>revocare</span> <span class='ocrx_word' id='word_1_236' title='bbox 3250 2193 3535 2276; x_wconf 89' lang='lat' dir='ltr'>jusserit.</span> 
     </span>
    </p>
   </div>
   <div class='ocr_carea' id='block_1_22' title="bbox 432 2384 3804 2870">
    <p class='ocr_par' dir='ltr' id='par_1_22' title="bbox 432 2384 3804 2870">
     <span class='ocr_line' id='line_1_22' title="bbox 432 2384 3804 2870; baseline 0.001 -107"><span class='ocrx_word' id='word_1_237' title='bbox 432 2542 1630 2767; x_wconf 77' lang='lat' dir='ltr'>lllSSllll’ll’lltllllS</span> <span class='ocrx_word' id='word_1_238' title='bbox 1765 2545 2298 2870; x_wconf 73' lang='lat' dir='ltr'>nuqu</span> <span class='ocrx_word' id='word_1_239' title='bbox 2406 2547 2544 2768; x_wconf 83' lang='lat' dir='ltr'>Ill</span> <span class='ocrx_word' id='word_1_240' title='bbox 2665 2545 3154 2769; x_wconf 66' lang='lat' dir='ltr'>[mu</span> <span class='ocrx_word' id='word_1_241' title='bbox 3246 2384 3804 2768; x_wconf 60' lang='lat' dir='ltr'>unus.</span> 
     </span>
    </p>
   </div>
   <div class='ocr_carea' id='block_1_23' title="bbox 1175 3020 3046 3153">
    <p class='ocr_par' dir='ltr' id='par_1_23' title="bbox 1175 3020 3046 3153">
     <span class='ocr_line' id='line_1_23' title="bbox 1175 3020 3046 3153; baseline 0.004 -7"><span class='ocrx_word' id='word_1_242' title='bbox 1175 3021 2314 3152; x_wconf 83' lang='lat' dir='ltr'>DISSERTATIO</span> <span class='ocrx_word' id='word_1_243' title='bbox 2456 3020 3046 3153; x_wconf 85' lang='lat' dir='ltr'>PRIMA.</span> 
     </span>
    </p>
   </div>
   <div class='ocr_carea' id='block_1_24' title="bbox 426 3250 3814 3340">
    <p class='ocr_par' dir='ltr' id='par_1_24' title="bbox 426 3250 3814 3340">
     <span class='ocr_line' id='line_1_24' title="bbox 426 3250 3814 3340; baseline 0 -25"><span class='ocrx_word' id='word_1_244' title='bbox 426 3252 516 3315; x_wconf 91' lang='lat' dir='ltr'>De</span> <span class='ocrx_word' id='word_1_245' title='bbox 564 3250 882 3320; x_wconf 67' lang='lat' dir='ltr'>haereticis</span> <span class='ocrx_word' id='word_1_246' title='bbox 925 3270 1088 3336; x_wconf 90' lang='lat' dir='ltr'>quos</span> <span class='ocrx_word' id='word_1_247' title='bbox 1148 3251 1315 3319; x_wconf 91' lang='lat' dir='ltr'>libro</span> <span class='ocrx_word' id='word_1_248' title='bbox 1381 3254 1586 3337; x_wconf 88' lang='lat' dir='ltr'>primo</span> <span class='ocrx_word' id='word_1_249' title='bbox 1658 3261 1948 3323; x_wconf 89' lang='lat' dir='ltr'>recenset</span> <span class='ocrx_word' id='word_1_250' title='bbox 2002 3258 2277 3322; x_wconf 84' lang='lat' dir='ltr'>lrenaeus</span> <span class='ocrx_word' id='word_1_251' title='bbox 2332 3274 2684 3340; x_wconf 89' lang='lat' dir='ltr'>eorumque</span> <span class='ocrx_word' id='word_1_252' title='bbox 2739 3258 3010 3336; x_wconf 87' lang='lat' dir='ltr'>actibus,</span> <span class='ocrx_word' id='word_1_253' title='bbox 3065 3253 3322 3334; x_wconf 86' lang='lat' dir='ltr'>scriptis</span> <span class='ocrx_word' id='word_1_254' title='bbox 3377 3260 3442 3318; x_wconf 93' lang='lat' dir='ltr'>et</span> <span class='ocrx_word' id='word_1_255' title='bbox 3499 3253 3814 3318; x_wconf 88' lang='lat' dir='ltr'>doctrina.</span> 
     </span>
    </p>
   </div>
   <div class='ocr_carea' id='block_1_25' title="bbox 1471 3577 2756 3676">
    <p class='ocr_par' dir='ltr' id='par_1_25' title="bbox 1471 3577 2756 3676">
     <span class='ocr_line' id='line_1_25' title="bbox 1471 3577 2756 3676; baseline -0.003 -4"><span class='ocrx_word' id='word_1_256' title='bbox 1471 3577 2177 3676; x_wconf 83' lang='lat' dir='ltr'>ARTlCULUS</span> <span class='ocrx_word' id='word_1_257' title='bbox 2257 3578 2756 3673; x_wconf 84' lang='lat' dir='ltr'>PRIMUS.</span> 
     </span>
    </p>
   </div>
   <div class='ocr_carea' id='block_1_26' title="bbox 1367 3757 2480 3868">
    <p class='ocr_par' dir='ltr' id='par_1_26' title="bbox 1367 3757 2480 3868">
     <span class='ocr_line' id='line_1_26' title="bbox 1367 3757 2480 3868; baseline 0 -2"><span class='ocrx_word' id='word_1_258' title='bbox 1367 3757 1376 3768; x_wconf 81' lang='grc'><strong>’</strong></span> <span class='ocrx_word' id='word_1_259' title='bbox 1741 3794 1861 3867; x_wconf 93' lang='lat' dir='ltr'>DE</span> <span class='ocrx_word' id='word_1_260' title='bbox 1928 3794 2480 3868; x_wconf 87' lang='lat' dir='ltr'>VALENTlNO.</span> 
     </span>
    </p>
   </div>
   <div class='ocr_carea' id='block_1_27' title="bbox 876 4082 2516 4168">
    <p class='ocr_par' dir='ltr' id='par_1_27' title="bbox 876 4082 2508 4168">
     <span class='ocr_line' id='line_1_27' title="bbox 876 4082 2508 4168; baseline 0.003 -23"><span class='ocrx_word' id='word_1_261' title='bbox 876 4082 922 4146; x_wconf 88' lang='grc' dir='ltr'><strong>Ι.</strong></span> <span class='ocrx_word' id='word_1_262' title='bbox 970 4085 1280 4148; x_wconf 70' lang='lat' dir='ltr'>Valentini</span> <span class='ocrx_word' id='word_1_263' title='bbox 1307 4088 1549 4168; x_wconf 81' lang='lat' dir='ltr'>patria.</span> <span class='ocrx_word' id='word_1_264' title='bbox 2099 4101 2138 4151; x_wconf 79' lang='grc' dir='ltr'><strong>Α</strong></span> <span class='ocrx_word' id='word_1_265' title='bbox 2165 4089 2384 4168; x_wconf 88' lang='lat' dir='ltr'>phanio</span> <span class='ocrx_word' id='word_1_266' title='bbox 2439 4106 2508 4150; x_wconf 89' lang='lat' dir='ltr'>co</span> 
     </span>
    </p>
   </div>
   <div class='ocr_carea' id='block_1_28' title="bbox 2179 4082 3819 4168">
    <p class='ocr_par' dir='ltr' id='par_1_28' title="bbox 2179 4086 3819 4167">
     <span class='ocr_line' id='line_1_28' title="bbox 2179 4086 3819 4167; baseline -0.003 -17"><span class='ocrx_word' id='word_1_267' title='bbox 2179 4089 2384 4166; x_wconf 60' lang='lat' dir='ltr'>phanio</span> <span class='ocrx_word' id='word_1_268' title='bbox 2439 4088 2792 4167; x_wconf 86' lang='lat' dir='ltr'>consentiat,</span> <span class='ocrx_word' id='word_1_269' title='bbox 2850 4086 2952 4167; x_wconf 89' lang='lat' dir='ltr'>qui</span> <span class='ocrx_word' id='word_1_270' title='bbox 3024 4087 3345 4166; x_wconf 62' lang='grc' dir='ltr'>Φρεϐονίτὴν</span> <span class='ocrx_word' id='word_1_271' title='bbox 3399 4093 3495 4154; x_wconf 76' lang='grc' dir='ltr'>τῆς</span> <span class='ocrx_word' id='word_1_272' title='bbox 3556 4091 3819 4166; x_wconf 68' lang='grc' dir='ltr'>Αἰγύπτου</span> 
     </span>
    </p>
   </div>
   <div class='ocr_carea' id='block_1_29' title="bbox 500 4173 3822 4263">
    <p class='ocr_par' dir='ltr' id='par_1_29' title="bbox 500 4173 3822 4263">
     <span class='ocr_line' id='line_1_29' title="bbox 500 4173 3822 4263; baseline 0.001 -27"><span class='ocrx_word' id='word_1_273' title='bbox 500 4173 835 4258; x_wconf 84' lang='lat' dir='ltr'>[l-Xlll]De</span> <span class='ocrx_word' id='word_1_274' title='bbox 851 4175 1147 4240; x_wconf 86' lang='lat' dir='ltr'>Valontiui</span> <span class='ocrx_word' id='word_1_275' title='bbox 1173 4180 1360 4260; x_wconf 90' lang='lat' dir='ltr'>patria</span> <span class='ocrx_word' id='word_1_276' title='bbox 1381 4189 1438 4242; x_wconf 90' lang='lat' dir='ltr'>et</span> <span class='ocrx_word' id='word_1_277' title='bbox 1454 4180 1638 4260; x_wconf 85' lang='lat' dir='ltr'>stirpe</span> <span class='ocrx_word' id='word_1_278' title='bbox 1656 4179 1800 4242; x_wconf 86' lang='lat' dir='ltr'>nihil</span> <span class='ocrx_word' id='word_1_279' title='bbox 1817 4189 2072 4263; x_wconf 82' lang='lat' dir='ltr'>certum,</span> <span class='ocrx_word' id='word_1_280' title='bbox 2158 4177 2522 4258; x_wconf 67' lang='grc' dir='ltr'>πιρπλιώτην,</span> <span class='ocrx_word' id='word_1_281' title='bbox 2587 4175 3010 4240; x_wconf 74' lang='lat' dir='ltr'>Phrebonitcm</span> <span class='ocrx_word' id='word_1_282' title='bbox 3040 4176 3121 4239; x_wconf 81' lang='lat' dir='ltr'>ad</span> <span class='ocrx_word' id='word_1_283' title='bbox 3150 4175 3529 4240; x_wconf 80' lang='lat' dir='ltr'>maritimam</span> <span class='ocrx_word' id='word_1_284' title='bbox 3555 4179 3822 4257; x_wconf 62' lang='lat' dir='ltr'>zEgypti</span> 
     </span>
    </p>
   </div>
   <div class='ocr_carea' id='block_1_30' title="bbox 415 4263 3821 4348">
    <p class='ocr_par' dir='ltr' id='par_1_30' title="bbox 415 4263 3821 4348">
     <span class='ocr_line' id='line_1_30' title="bbox 415 4263 3821 4348; baseline -0 -22"><span class='ocrx_word' id='word_1_285' title='bbox 415 4263 1014 4347; x_wconf 77' lang='lat' dir='ltr'>Epiphanioleste8,e</span> <span class='ocrx_word' id='word_1_286' title='bbox 1034 4267 1329 4331; x_wconf 83' lang='lat' dir='ltr'>veteribus</span> <span class='ocrx_word' id='word_1_287' title='bbox 1349 4269 1609 4348; x_wconf 82' lang='lat' dir='ltr'>exsculpi</span> <span class='ocrx_word' id='word_1_288' title='bbox 1644 4269 2077 4348; x_wconf 82' lang='lat' dir='ltr'>potest.Quam-</span> <span class='ocrx_word' id='word_1_289' title='bbox 2157 4285 2336 4329; x_wconf 87' lang='lat' dir='ltr'>cram</span> <span class='ocrx_word' id='word_1_290' title='bbox 2366 4283 2501 4328; x_wconf 89' lang='lat' dir='ltr'>esse</span> <span class='ocrx_word' id='word_1_291' title='bbox 2529 4265 2760 4330; x_wconf 86' lang='lat' dir='ltr'>scribit.</span> <span class='ocrx_word' id='word_1_292' title='bbox 2817 4265 3068 4344; x_wconf 86' lang='lat' dir='ltr'>Longius</span> <span class='ocrx_word' id='word_1_293' title='bbox 3115 4284 3149 4326; x_wconf 90' lang='lat' dir='ltr'>a</span> <span class='ocrx_word' id='word_1_294' title='bbox 3194 4265 3340 4326; x_wconf 84' lang='lat' dir='ltr'>mari</span> <span class='ocrx_word' id='word_1_295' title='bbox 3399 4265 3578 4330; x_wconf 86' lang='lat' dir='ltr'>distat</span> <span class='ocrx_word' id='word_1_296' title='bbox 3634 4265 3821 4329; x_wconf 88' lang='lat' dir='ltr'>Phar-</span> 
     </span>
    </p>
   </div>
   <div class='ocr_carea' id='block_1_31' title="bbox 415 4352 3814 4438">
    <p class='ocr_par' dir='ltr' id='par_1_31' title="bbox 415 4352 3814 4438">
     <span class='ocr_line' id='line_1_31' title="bbox 415 4352 3814 4438; baseline 0.001 -26"><span class='ocrx_word' id='word_1_297' title='bbox 415 4352 504 4414; x_wconf 83' lang='lat' dir='ltr'>vis</span> <span class='ocrx_word' id='word_1_298' title='bbox 545 4353 722 4433; x_wconf 88' lang='lat' dir='ltr'>hujus</span> <span class='ocrx_word' id='word_1_299' title='bbox 761 4355 1036 4418; x_wconf 80' lang='lat' dir='ltr'>haeresim</span> <span class='ocrx_word' id='word_1_300' title='bbox 1064 4357 1195 4419; x_wconf 91' lang='lat' dir='ltr'>fuse</span> <span class='ocrx_word' id='word_1_301' title='bbox 1213 4357 1594 4438; x_wconf 72' lang='lat' dir='ltr'>exagitaverit</span> <span class='ocrx_word' id='word_1_302' title='bbox 1627 4355 1912 4432; x_wconf 75' lang='lat' dir='ltr'>Irenzens,</span> <span class='ocrx_word' id='word_1_303' title='bbox 1949 4359 2076 4421; x_wconf 62' lang='lat' dir='ltr'>haec</span> <span class='ocrx_word' id='word_1_304' title='bbox 2156 4355 2430 4435; x_wconf 70' lang='lat' dir='ltr'>baethiles</span> <span class='ocrx_word' id='word_1_305' title='bbox 2474 4373 2712 4430; x_wconf 78' lang='lat' dir='ltr'>nonius,</span> <span class='ocrx_word' id='word_1_306' title='bbox 2757 4372 2850 4426; x_wconf 89' lang='lat' dir='ltr'>ac,</span> <span class='ocrx_word' id='word_1_307' title='bbox 2897 4372 2972 4416; x_wconf 90' lang='lat' dir='ltr'>ne</span> <span class='ocrx_word' id='word_1_308' title='bbox 3036 4354 3279 4435; x_wconf 86' lang='lat' dir='ltr'>prepius</span> <span class='ocrx_word' id='word_1_309' title='bbox 3316 4355 3582 4432; x_wconf 87' lang='lat' dir='ltr'>accedat,</span> <span class='ocrx_word' id='word_1_310' title='bbox 3619 4357 3814 4417; x_wconf 89' lang='lat' dir='ltr'>inter-</span> 
     </span>
    </p>
   </div>
   <div class='ocr_carea' id='block_1_32' title="bbox 417 4441 3816 4528">
    <p class='ocr_par' dir='ltr' id='par_1_32' title="bbox 417 4441 3816 4528">
     <span class='ocr_line' id='line_1_32' title="bbox 417 4441 3816 4528; baseline -0.001 -22"><span class='ocrx_word' id='word_1_311' title='bbox 417 4451 617 4506; x_wconf 82' lang='lat' dir='ltr'>tamen</span> <span class='ocrx_word' id='word_1_312' title='bbox 648 4441 766 4504; x_wconf 89' lang='lat' dir='ltr'>alto</span> <span class='ocrx_word' id='word_1_313' title='bbox 796 4443 1012 4522; x_wconf 89' lang='lat' dir='ltr'>premit</span> <span class='ocrx_word' id='word_1_314' title='bbox 1045 4445 1307 4507; x_wconf 87' lang='lat' dir='ltr'>silentio.</span> <span class='ocrx_word' id='word_1_315' title='bbox 1344 4445 1664 4528; x_wconf 82' lang='lat' dir='ltr'>Accepisse</span> <span class='ocrx_word' id='word_1_316' title='bbox 1697 4464 1762 4508; x_wconf 91' lang='lat' dir='ltr'>se</span> <span class='ocrx_word' id='word_1_317' title='bbox 1809 4447 1889 4508; x_wconf 87' lang='lat' dir='ltr'>ait</span> <span class='ocrx_word' id='word_1_318' title='bbox 1925 4448 2075 4528; x_wconf 90' lang='lat' dir='ltr'>Epi-</span> <span class='ocrx_word' id='word_1_319' title='bbox 2157 4443 2380 4506; x_wconf 89' lang='lat' dir='ltr'>cedunt</span> <span class='ocrx_word' id='word_1_320' title='bbox 2426 4441 2668 4505; x_wconf 88' lang='lat' dir='ltr'>Tanites</span> <span class='ocrx_word' id='word_1_321' title='bbox 2708 4452 2767 4504; x_wconf 90' lang='lat' dir='ltr'>et</span> <span class='ocrx_word' id='word_1_322' title='bbox 2804 4446 2960 4507; x_wconf 88' lang='lat' dir='ltr'>Neut</span> <span class='ocrx_word' id='word_1_323' title='bbox 2999 4446 3184 4503; x_wconf 89' lang='lat' dir='ltr'>nomi.</span> <span class='ocrx_word' id='word_1_324' title='bbox 3236 4443 3430 4516; x_wconf 83' lang='lat' dir='ltr'>Quare</span> <span class='ocrx_word' id='word_1_325' title='bbox 3486 4445 3537 4505; x_wconf 95' lang='lat' dir='ltr'>si</span> <span class='ocrx_word' id='word_1_326' title='bbox 3589 4443 3729 4526; x_wconf 89' lang='lat' dir='ltr'>quid</span> <span class='ocrx_word' id='word_1_327' title='bbox 3759 4449 3816 4502; x_wconf 90' lang='lat' dir='ltr'>et</span> 
     </span>
    </p>
   </div>
   <div class='ocr_carea' id='block_1_33' title="bbox 413 4530 3814 4614">
    <p class='ocr_par' dir='ltr' id='par_1_33' title="bbox 413 4530 3814 4614">
     <span class='ocr_line' id='line_1_33' title="bbox 413 4530 3814 4614; baseline -0.001 -22"><span class='ocrx_word' id='word_1_328' title='bbox 413 4530 802 4612; x_wconf 86' lang='lat' dir='ltr'>phanius,sed</span> <span class='ocrx_word' id='word_1_329' title='bbox 832 4531 1138 4595; x_wconf 82' lang='lat' dir='ltr'>auditione</span> <span class='ocrx_word' id='word_1_330' title='bbox 1167 4533 1698 4609; x_wconf 84' lang='lat' dir='ltr'>sola,etfama,non</span> <span class='ocrx_word' id='word_1_331' title='bbox 1726 4542 1945 4608; x_wconf 91' lang='lat' dir='ltr'>tamen,</span> <span class='ocrx_word' id='word_1_332' title='bbox 1969 4535 2070 4597; x_wconf 69' lang='lat' dir='ltr'>in-</span> <span class='ocrx_word' id='word_1_333' title='bbox 2153 4531 2301 4594; x_wconf 88' lang='lat' dir='ltr'>mihi</span> <span class='ocrx_word' id='word_1_334' title='bbox 2336 4531 2628 4611; x_wconf 88' lang='lat' dir='ltr'>conjicere</span> <span class='ocrx_word' id='word_1_335' title='bbox 2669 4531 2866 4606; x_wconf 84' lang='lat' dir='ltr'>liceat,</span> <span class='ocrx_word' id='word_1_336' title='bbox 2902 4533 3192 4594; x_wconf 86' lang='lat' dir='ltr'>libentius</span> <span class='ocrx_word' id='word_1_337' title='bbox 3223 4533 3374 4612; x_wconf 87' lang='lat' dir='ltr'>apud</span> <span class='ocrx_word' id='word_1_338' title='bbox 3412 4533 3814 4614; x_wconf 76' lang='lat' dir='ltr'>Epiphaniam</span> 
     </span>
    </p>
   </div>
   <div class='ocr_carea' id='block_1_34' title="bbox 412 4619 3818 4702">
    <p class='ocr_par' dir='ltr' id='par_1_34' title="bbox 412 4619 3818 4702">
     <span class='ocr_line' id='line_1_34' title="bbox 412 4619 3818 4702; baseline 0 -22"><span class='ocrx_word' id='word_1_339' title='bbox 412 4619 562 4701; x_wconf 89' lang='lat' dir='ltr'>quit,</span> <span class='ocrx_word' id='word_1_340' title='bbox 613 4636 806 4701; x_wconf 85' lang='lat' dir='ltr'>usque</span> <span class='ocrx_word' id='word_1_341' title='bbox 847 4621 997 4684; x_wconf 90' lang='lat' dir='ltr'>adeo</span> <span class='ocrx_word' id='word_1_342' title='bbox 1039 4632 1224 4698; x_wconf 87' lang='lat' dir='ltr'>certa,</span> <span class='ocrx_word' id='word_1_343' title='bbox 1275 4631 1338 4686; x_wconf 89' lang='lat' dir='ltr'>ut</span> <span class='ocrx_word' id='word_1_344' title='bbox 1390 4623 1636 4685; x_wconf 91' lang='lat' dir='ltr'>dubium</span> <span class='ocrx_word' id='word_1_345' title='bbox 1690 4623 1866 4700; x_wconf 77' lang='lat' dir='ltr'>levet,</span> <span class='ocrx_word' id='word_1_346' title='bbox 1900 4624 2066 4686; x_wconf 91' lang='lat' dir='ltr'>illum</span> <span class='ocrx_word' id='word_1_347' title='bbox 2152 4621 2414 4702; x_wconf 84' lang='lat' dir='ltr'>legerem</span> <span class='ocrx_word' id='word_1_348' title='bbox 2466 4621 2843 4686; x_wconf 72' lang='lat' dir='ltr'>Phanott&#39;tem</span> <span class='ocrx_word' id='word_1_349' title='bbox 2895 4625 2983 4686; x_wconf 89' lang='lat' dir='ltr'>vel</span> <span class='ocrx_word' id='word_1_350' title='bbox 3052 4623 3439 4686; x_wconf 74' lang='lat' dir='ltr'>Ptenetitem.</span> <span class='ocrx_word' id='word_1_351' title='bbox 3489 4623 3818 4686; x_wconf 88' lang='lat' dir='ltr'>Phtenotes</span> 
     </span>
    </p>
   </div>
   <div class='ocr_carea' id='block_1_35' title="bbox 410 4707 3818 4794">
    <p class='ocr_par' dir='ltr' id='par_1_35' title="bbox 410 4707 3818 4794">
     <span class='ocr_line' id='line_1_35' title="bbox 410 4707 3818 4794; baseline -0.001 -21"><span class='ocrx_word' id='word_1_352' title='bbox 410 4707 794 4773; x_wconf 87' lang='lat' dir='ltr'>Prehonitem</span> <span class='ocrx_word' id='word_1_353' title='bbox 828 4728 984 4790; x_wconf 84' lang='lat' dir='ltr'>esse,</span> <span class='ocrx_word' id='word_1_354' title='bbox 1013 4729 1084 4773; x_wconf 89' lang='lat' dir='ltr'>ex</span> <span class='ocrx_word' id='word_1_355' title='bbox 1113 4711 1349 4794; x_wconf 59' lang='lat' dir='ltr'>[qupti</span> <span class='ocrx_word' id='word_1_356' title='bbox 1378 4712 1632 4775; x_wconf 89' lang='lat' dir='ltr'>uuadam</span> <span class='ocrx_word' id='word_1_357' title='bbox 1665 4730 1789 4774; x_wconf 89' lang='lat' dir='ltr'>ora.</span> <span class='ocrx_word' id='word_1_358' title='bbox 1822 4711 1934 4776; x_wconf 91' lang='lat' dir='ltr'>Ubi</span> <span class='ocrx_word' id='word_1_359' title='bbox 1961 4733 2067 4794; x_wconf 88' lang='lat' dir='ltr'>pro</span> <span class='ocrx_word' id='word_1_360' title='bbox 2152 4710 2312 4773; x_wconf 90' lang='lat' dir='ltr'>enim</span> <span class='ocrx_word' id='word_1_361' title='bbox 2356 4711 2679 4774; x_wconf 62' lang='lat' dir='ltr'>Ptolemaeo</span> <span class='ocrx_word' id='word_1_362' title='bbox 2711 4731 2928 4773; x_wconf 90' lang='lat' dir='ltr'>nomus</span> <span class='ocrx_word' id='word_1_363' title='bbox 2980 4719 3112 4774; x_wconf 84' lang='lat' dir='ltr'>erat</span> <span class='ocrx_word' id='word_1_364' title='bbox 3142 4710 3201 4772; x_wconf 91' lang='lat' dir='ltr'>in</span> <span class='ocrx_word' id='word_1_365' title='bbox 3231 4710 3464 4792; x_wconf 61' lang='lat' dir='ltr'>Egypti</span> <span class='ocrx_word' id='word_1_366' title='bbox 3499 4714 3689 4786; x_wconf 87' lang='lat' dir='ltr'>Delta,</span> <span class='ocrx_word' id='word_1_367' title='bbox 3721 4729 3818 4771; x_wconf 91' lang='lat' dir='ltr'>su-</span> 
     </span>
    </p>
   </div>
   <div class='ocr_carea' id='block_1_36' title="bbox 409 4797 3822 4882">
    <p class='ocr_par' dir='ltr' id='par_1_36' title="bbox 409 4797 3822 4882">
     <span class='ocr_line' id='line_1_36' title="bbox 409 4797 3822 4882; baseline -0.001 -22"><span class='ocrx_word' id='word_1_368' title='bbox 409 4797 1038 4880; x_wconf 83' lang='lat' dir='ltr'>Phrebom&#39;tem,cujus</span> <span class='ocrx_word' id='word_1_369' title='bbox 1068 4799 1186 4862; x_wconf 91' lang='lat' dir='ltr'>loci</span> <span class='ocrx_word' id='word_1_370' title='bbox 1217 4801 1380 4864; x_wconf 88' lang='lat' dir='ltr'>nulla</span> <span class='ocrx_word' id='word_1_371' title='bbox 1407 4801 1562 4882; x_wconf 89' lang='lat' dir='ltr'>apud</span> <span class='ocrx_word' id='word_1_372' title='bbox 1586 4810 1821 4864; x_wconf 85' lang='lat' dir='ltr'>veteres</span> <span class='ocrx_word' id='word_1_373' title='bbox 1851 4821 2066 4865; x_wconf 89' lang='lat' dir='ltr'>occur-</span> <span class='ocrx_word' id='word_1_374' title='bbox 2152 4817 2259 4881; x_wconf 88' lang='lat' dir='ltr'>pra</span> <span class='ocrx_word' id='word_1_375' title='bbox 2286 4800 2616 4882; x_wconf 79' lang='lat' dir='ltr'>Meteliten,</span> <span class='ocrx_word' id='word_1_376' title='bbox 2651 4801 2712 4861; x_wconf 89' lang='lat' dir='ltr'>in</span> <span class='ocrx_word' id='word_1_377' title='bbox 2734 4801 3015 4863; x_wconf 85' lang='lat' dir='ltr'>Austrum</span> <span class='ocrx_word' id='word_1_378' title='bbox 3061 4819 3334 4880; x_wconf 76' lang='lat' dir='ltr'>vergens,</span> <span class='ocrx_word' id='word_1_379' title='bbox 3399 4819 3510 4862; x_wconf 91' lang='lat' dir='ltr'>nec</span> <span class='ocrx_word' id='word_1_380' title='bbox 3552 4801 3752 4881; x_wconf 86' lang='lat' dir='ltr'>procul</span> <span class='ocrx_word' id='word_1_381' title='bbox 3785 4816 3822 4858; x_wconf 87' lang='lat' dir='ltr'>a</span> 
     </span>
    </p>
   </div>
   <div class='ocr_carea' id='block_1_37' title="bbox 408 4886 3818 4970">
    <p class='ocr_par' dir='ltr' id='par_1_37' title="bbox 408 4886 3818 4970">
     <span class='ocr_line' id='line_1_37' title="bbox 408 4886 3818 4970; baseline -0.001 -20"><span class='ocrx_word' id='word_1_382' title='bbox 408 4886 1078 4968; x_wconf 71' lang='lat' dir='ltr'>ritmentio,legendum</span> <span class='ocrx_word' id='word_1_383' title='bbox 1110 4891 1419 4953; x_wconf 87' lang='lat' dir='ltr'>contendit</span> <span class='ocrx_word' id='word_1_384' title='bbox 1439 4890 1790 4952; x_wconf 81' lang='lat' dir='ltr'>Lambertus</span> <span class='ocrx_word' id='word_1_385' title='bbox 1821 4889 2068 4954; x_wconf 58' lang='lat' dir='ltr'>Danaus</span> <span class='ocrx_word' id='word_1_386' title='bbox 2151 4889 2324 4964; x_wconf 91' lang='lat' dir='ltr'>mari,</span> <span class='ocrx_word' id='word_1_387' title='bbox 2370 4893 2540 4970; x_wconf 88' lang='lat' dir='ltr'>cujus</span> <span class='ocrx_word' id='word_1_388' title='bbox 2581 4899 2758 4970; x_wconf 85' lang='lat' dir='ltr'>caput</span> <span class='ocrx_word' id='word_1_389' title='bbox 2796 4897 2922 4952; x_wconf 89' lang='lat' dir='ltr'>erat</span> <span class='ocrx_word' id='word_1_390' title='bbox 2952 4899 3168 4964; x_wconf 71' lang='grc' dir='ltr'>Βοῦτος,</span> <span class='ocrx_word' id='word_1_391' title='bbox 3211 4890 3432 4952; x_wconf 64' lang='grc' dir='ltr'>[ξυιυς.</span> <span class='ocrx_word' id='word_1_392' title='bbox 3461 4887 3818 4952; x_wconf 89' lang='lat' dir='ltr'>Doctissimo</span> 
     </span>
    </p>
   </div>
   <div class='ocr_carea' id='block_1_38' title="bbox 405 4975 2045 5059">
    <p class='ocr_par' dir='ltr' id='par_1_38' title="bbox 405 4975 2045 5059">
     <span class='ocr_line' id='line_1_38' title="bbox 405 4975 2045 5059; baseline 0.002 -20"><span class='ocrx_word' id='word_1_393' title='bbox 405 4975 478 5039; x_wconf 89' lang='lat' dir='ltr'>ad</span> <span class='ocrx_word' id='word_1_394' title='bbox 510 4979 764 5058; x_wconf 80' lang='lat' dir='ltr'>August.</span> <span class='ocrx_word' id='word_1_395' title='bbox 795 4978 882 5040; x_wconf 79' lang='lat' dir='ltr'>De</span> <span class='ocrx_word' id='word_1_396' title='bbox 909 4977 1149 5052; x_wconf 55' lang='lat' dir='ltr'>hae-rea,</span> <span class='ocrx_word' id='word_1_397' title='bbox 1174 4997 1305 5059; x_wconf 90' lang='lat' dir='ltr'>cap.</span> <span class='ocrx_word' id='word_1_398' title='bbox 1337 4980 1436 5052; x_wconf 85' lang='grc'>11,</span> <span class='ocrx_word' id='word_1_399' title='bbox 1471 4978 1937 5042; x_wconf 70' lang='grc' dir='ltr'>ΡΙιωὺωῑΙιὶιεηι</span> <span class='ocrx_word' id='word_1_400' title='bbox 1961 5000 2045 5043; x_wconf 89' lang='lat' dir='ltr'>cu-</span> 
     </span>
    </p>
   </div>
   <div class='ocr_carea' id='block_1_39' title="bbox 2149 4975 3789 5059">
    <p class='ocr_par' dir='ltr' id='par_1_39' title="bbox 2149 4977 3789 5058">
     <span class='ocr_line' id='line_1_39' title="bbox 2149 4977 3789 5058; baseline -0.002 -18"><span class='ocrx_word' id='word_1_401' title='bbox 2149 4977 2454 5041; x_wconf 87' lang='lat' dir='ltr'>Harduino</span> <span class='ocrx_word' id='word_1_402' title='bbox 2483 4979 2640 5040; x_wconf 88' lang='lat' dir='ltr'>idem</span> <span class='ocrx_word' id='word_1_403' title='bbox 2671 4996 2803 5041; x_wconf 91' lang='lat' dir='ltr'>esse</span> <span class='ocrx_word' id='word_1_404' title='bbox 2836 4977 3092 5054; x_wconf 88' lang='lat' dir='ltr'>videtur,</span> <span class='ocrx_word' id='word_1_405' title='bbox 3127 4978 3229 5058; x_wconf 89' lang='lat' dir='ltr'>qui</span> <span class='ocrx_word' id='word_1_406' title='bbox 3275 4978 3451 5041; x_wconf 89' lang='lat' dir='ltr'>Plinii</span> <span class='ocrx_word' id='word_1_407' title='bbox 3490 4977 3789 5043; x_wconf 82' lang='lat' dir='ltr'>Ptenethu</span> 
     </span>
    </p>
   </div>
   <div class='ocr_carea' id='block_1_40' title="bbox 396 5064 3818 5150">
    <p class='ocr_par' dir='ltr' id='par_1_40' title="bbox 396 5064 3818 5150">
     <span class='ocr_line' id='line_1_40' title="bbox 396 5064 3818 5150; baseline -0 -23"><span class='ocrx_word' id='word_1_408' title='bbox 396 5066 500 5147; x_wconf 89' lang='lat' dir='ltr'>jus</span> <span class='ocrx_word' id='word_1_409' title='bbox 522 5068 833 5130; x_wconf 59' lang='lat' dir='ltr'>sententia;</span> <span class='ocrx_word' id='word_1_410' title='bbox 869 5068 1166 5130; x_wconf 85' lang='lat' dir='ltr'>calculum</span> <span class='ocrx_word' id='word_1_411' title='bbox 1194 5067 1400 5149; x_wconf 85' lang='lat' dir='ltr'>adjicit</span> <span class='ocrx_word' id='word_1_412' title='bbox 1437 5069 1709 5132; x_wconf 87' lang='lat' dir='ltr'>Petavius</span> <span class='ocrx_word' id='word_1_413' title='bbox 1739 5068 1799 5128; x_wconf 91' lang='lat' dir='ltr'>in</span> <span class='ocrx_word' id='word_1_414' title='bbox 1831 5068 1952 5130; x_wconf 89' lang='lat' dir='ltr'>suis</span> <span class='ocrx_word' id='word_1_415' title='bbox 1983 5071 2054 5132; x_wconf 91' lang='lat' dir='ltr'>ad</span> <span class='ocrx_word' id='word_1_416' title='bbox 2147 5067 2254 5131; x_wconf 91' lang='lat' dir='ltr'>lib.</span> <span class='ocrx_word' id='word_1_417' title='bbox 2286 5084 2345 5149; x_wconf 87' lang='lat' dir='ltr'>v,</span> <span class='ocrx_word' id='word_1_418' title='bbox 2381 5086 2512 5150; x_wconf 90' lang='lat' dir='ltr'>cap.</span> <span class='ocrx_word' id='word_1_419' title='bbox 2537 5067 2598 5141; x_wconf 88' lang='lat'>9,</span> <span class='ocrx_word' id='word_1_420' title='bbox 2628 5068 2811 5148; x_wconf 88' lang='lat' dir='ltr'>idque</span> <span class='ocrx_word' id='word_1_421' title='bbox 2833 5086 3037 5129; x_wconf 89' lang='lat' dir='ltr'>verum</span> <span class='ocrx_word' id='word_1_422' title='bbox 3067 5086 3284 5128; x_wconf 89' lang='lat' dir='ltr'>nomen</span> <span class='ocrx_word' id='word_1_423' title='bbox 3321 5086 3454 5130; x_wconf 88' lang='lat' dir='ltr'>esse</span> <span class='ocrx_word' id='word_1_424' title='bbox 3505 5069 3699 5131; x_wconf 88' lang='lat' dir='ltr'>credit</span> <span class='ocrx_word' id='word_1_425' title='bbox 3729 5064 3818 5124; x_wconf 92' lang='lat' dir='ltr'>vir</span> 
     </span>
    </p>
   </div>
   <div class='ocr_carea' id='block_1_41' title="bbox 403 5155 3799 5239">
    <p class='ocr_par' dir='ltr' id='par_1_41' title="bbox 403 5155 3799 5239">
     <span class='ocr_line' id='line_1_41' title="bbox 403 5155 3799 5239; baseline 0 -22"><span class='ocrx_word' id='word_1_426' title='bbox 403 5155 802 5237; x_wconf 77' lang='lat' dir='ltr'>Epiphaniam</span> <span class='ocrx_word' id='word_1_427' title='bbox 835 5157 1220 5222; x_wconf 85' lang='lat' dir='ltr'>notis.Exstat</span> <span class='ocrx_word' id='word_1_428' title='bbox 1241 5157 1482 5238; x_wconf 84' lang='lat' dir='ltr'>quidem</span> <span class='ocrx_word' id='word_1_429' title='bbox 1507 5157 1939 5221; x_wconf 71' lang='lat' dir='ltr'>Pharbaathites</span> <span class='ocrx_word' id='word_1_430' title='bbox 1967 5159 2058 5220; x_wconf 87' lang='lat' dir='ltr'>in-</span> <span class='ocrx_word' id='word_1_431' title='bbox 2140 5159 2200 5219; x_wconf 90' lang='lat' dir='ltr'>in</span> <span class='ocrx_word' id='word_1_432' title='bbox 2229 5158 2642 5239; x_wconf 80' lang='lat' dir='ltr'>geographicis</span> <span class='ocrx_word' id='word_1_433' title='bbox 2684 5157 3088 5238; x_wconf 76' lang='lat' dir='ltr'>peritissimus</span> <span class='ocrx_word' id='word_1_434' title='bbox 3113 5155 3572 5239; x_wconf 81' lang='lat' dir='ltr'>Christophorus</span> <span class='ocrx_word' id='word_1_435' title='bbox 3597 5157 3799 5221; x_wconf 86' lang='lat' dir='ltr'>Celta-</span> 
     </span>
    </p>
   </div>
   <div class='ocr_carea' id='block_1_42' title="bbox 401 5245 3805 5328">
    <p class='ocr_par' dir='ltr' id='par_1_42' title="bbox 401 5245 3805 5328">
     <span class='ocr_line' id='line_1_42' title="bbox 401 5245 3805 5328; baseline -0.001 -22"><span class='ocrx_word' id='word_1_436' title='bbox 401 5245 640 5307; x_wconf 81' lang='lat' dir='ltr'>ferioris</span> <span class='ocrx_word' id='word_1_437' title='bbox 667 5246 896 5328; x_wconf 50' lang='lat' dir='ltr'>iﬁgypti</span> <span class='ocrx_word' id='word_1_438' title='bbox 927 5266 1162 5321; x_wconf 89' lang='lat' dir='ltr'>nomus,</span> <span class='ocrx_word' id='word_1_439' title='bbox 1196 5251 1364 5324; x_wconf 88' lang='lat' dir='ltr'>cujus</span> <span class='ocrx_word' id='word_1_440' title='bbox 1391 5254 1566 5328; x_wconf 84' lang='lat' dir='ltr'>caput</span> <span class='ocrx_word' id='word_1_441' title='bbox 1598 5246 1739 5309; x_wconf 92' lang='lat' dir='ltr'>urbs</span> <span class='ocrx_word' id='word_1_442' title='bbox 1775 5247 2056 5310; x_wconf 67' lang='lat' dir='ltr'>Pliarbae-</span> <span class='ocrx_word' id='word_1_443' title='bbox 2137 5247 2286 5320; x_wconf 89' lang='lat' dir='ltr'>rius,</span> <span class='ocrx_word' id='word_1_444' title='bbox 2319 5249 2457 5328; x_wconf 89' lang='lat' dir='ltr'>quia</span> <span class='ocrx_word' id='word_1_445' title='bbox 2479 5248 2538 5308; x_wconf 92' lang='lat' dir='ltr'>in</span> <span class='ocrx_word' id='word_1_446' title='bbox 2573 5246 3043 5310; x_wconf 85' lang='lat' dir='ltr'>Chalcedonensi</span> <span class='ocrx_word' id='word_1_447' title='bbox 3075 5246 3321 5327; x_wconf 82' lang='lat' dir='ltr'>synodo,</span> <span class='ocrx_word' id='word_1_448' title='bbox 3364 5255 3511 5323; x_wconf 92' lang='lat' dir='ltr'>act.,</span> <span class='ocrx_word' id='word_1_449' title='bbox 3544 5264 3589 5326; x_wconf 84' lang='grc' dir='ltr'>Ι,</span> <span class='ocrx_word' id='word_1_450' title='bbox 3612 5245 3805 5310; x_wconf 87' lang='lat' dir='ltr'>Hera-</span> 
     </span>
    </p>
   </div>
   <div class='ocr_carea' id='block_1_43' title="bbox 405 5333 3806 5424">
    <p class='ocr_par' dir='ltr' id='par_1_43' title="bbox 405 5333 3806 5424">
     <span class='ocr_line' id='line_1_43' title="bbox 405 5333 3806 5424; baseline -0.002 -26"><span class='ocrx_word' id='word_1_451' title='bbox 405 5335 843 5411; x_wconf 88' lang='lat' dir='ltr'>tus,Bubastico</span> <span class='ocrx_word' id='word_1_452' title='bbox 876 5347 937 5399; x_wconf 91' lang='lat' dir='ltr'>et</span> <span class='ocrx_word' id='word_1_453' title='bbox 963 5336 1280 5399; x_wconf 88' lang='lat' dir='ltr'>Busiritico</span> <span class='ocrx_word' id='word_1_454' title='bbox 1311 5336 1659 5399; x_wconf 86' lang='lat' dir='ltr'>ﬂuminibus</span> <span class='ocrx_word' id='word_1_455' title='bbox 1715 5336 2292 5424; x_wconf 74' lang='lat' dir='ltr'>conclusus,Bclius</span> <span class='ocrx_word' id='word_1_456' title='bbox 2352 5338 2767 5400; x_wconf 89' lang='lat' dir='ltr'>Ptenethensis</span> <span class='ocrx_word' id='word_1_457' title='bbox 2829 5345 3194 5422; x_wconf 71' lang='lat' dir='ltr'>memoratur</span> <span class='ocrx_word' id='word_1_458' title='bbox 3240 5337 3295 5402; x_wconf 88' lang='lat'>9.</span> <span class='ocrx_word' id='word_1_459' title='bbox 3361 5336 3657 5420; x_wconf 88' lang='lat' dir='ltr'>Quidquid</span> <span class='ocrx_word' id='word_1_460' title='bbox 3705 5333 3806 5405; x_wconf 86' lang='lat' dir='ltr'>sit,</span> 
     </span>
    </p>
   </div>
   <div class='ocr_carea' id='block_1_44' title="bbox 405 5425 3806 5508">
    <p class='ocr_par' dir='ltr' id='par_1_44' title="bbox 405 5425 3806 5508">
     <span class='ocr_line' id='line_1_44' title="bbox 405 5425 3806 5508; baseline -0.001 -20"><span class='ocrx_word' id='word_1_461' title='bbox 405 5426 463 5488; x_wconf 87' lang='lat' dir='ltr'>in</span> <span class='ocrx_word' id='word_1_462' title='bbox 495 5426 806 5490; x_wconf 86' lang='lat' dir='ltr'>meridiem</span> <span class='ocrx_word' id='word_1_463' title='bbox 831 5445 1106 5508; x_wconf 85' lang='lat' dir='ltr'>vergens,</span> <span class='ocrx_word' id='word_1_464' title='bbox 1140 5427 1313 5507; x_wconf 88' lang='lat' dir='ltr'>cujus</span> <span class='ocrx_word' id='word_1_465' title='bbox 1336 5426 1662 5489; x_wconf 74' lang='lat' dir='ltr'>meminere</span> <span class='ocrx_word' id='word_1_466' title='bbox 1692 5425 1890 5488; x_wconf 84' lang='lat' dir='ltr'>Herod</span> <span class='ocrx_word' id='word_1_467' title='bbox 1916 5435 2053 5504; x_wconf 64' lang='lat' dir='ltr'>itus,</span> <span class='ocrx_word' id='word_1_468' title='bbox 2140 5427 2566 5492; x_wconf 84' lang='lat' dir='ltr'>Alexandriam</span> <span class='ocrx_word' id='word_1_469' title='bbox 2610 5426 2910 5508; x_wconf 81' lang='lat' dir='ltr'>profectus</span> <span class='ocrx_word' id='word_1_470' title='bbox 2940 5427 3315 5502; x_wconf 80' lang='lat' dir='ltr'>Valentinus,</span> <span class='ocrx_word' id='word_1_471' title='bbox 3352 5425 3430 5490; x_wconf 88' lang='lat' dir='ltr'>ibi</span> <span class='ocrx_word' id='word_1_472' title='bbox 3461 5425 3806 5491; x_wconf 69' lang='lat' dir='ltr'>Graecorum</span> 
     </span>
    </p>
   </div>
   <div class='ocr_carea' id='block_1_45' title="bbox 401 5513 3808 5600">
    <p class='ocr_par' dir='ltr' id='par_1_45' title="bbox 401 5513 3808 5600">
     <span class='ocr_line' id='line_1_45' title="bbox 401 5513 3808 5600; baseline -0.001 -24"><span class='ocrx_word' id='word_1_473' title='bbox 401 5513 510 5576; x_wconf 85' lang='lat' dir='ltr'>lib.</span> <span class='ocrx_word' id='word_1_474' title='bbox 543 5535 606 5597; x_wconf 84' lang='grc' dir='ltr'>ιι,</span> <span class='ocrx_word' id='word_1_475' title='bbox 640 5535 770 5598; x_wconf 91' lang='lat' dir='ltr'>cap.</span> <span class='ocrx_word' id='word_1_476' title='bbox 799 5519 940 5595; x_wconf 71' lang='lat'>466;</span> <span class='ocrx_word' id='word_1_477' title='bbox 964 5515 1201 5592; x_wconf 87' lang='lat' dir='ltr'>Strabo,</span> <span class='ocrx_word' id='word_1_478' title='bbox 1248 5515 1354 5580; x_wconf 90' lang='lat' dir='ltr'>lib.</span> <span class='ocrx_word' id='word_1_479' title='bbox 1398 5533 1542 5592; x_wconf 80' lang='lat' dir='ltr'>xm;</span> <span class='ocrx_word' id='word_1_480' title='bbox 1575 5517 1826 5590; x_wconf 80' lang='lat' dir='ltr'>Plinius,</span> <span class='ocrx_word' id='word_1_481' title='bbox 1861 5514 1969 5580; x_wconf 88' lang='lat' dir='ltr'>lib.</span> <span class='ocrx_word' id='word_1_482' title='bbox 1992 5534 2052 5600; x_wconf 84' lang='grc' dir='ltr'>ν,</span> <span class='ocrx_word' id='word_1_483' title='bbox 2137 5517 2360 5579; x_wconf 90' lang='lat' dir='ltr'>artibus</span> <span class='ocrx_word' id='word_1_484' title='bbox 2385 5535 2502 5579; x_wconf 91' lang='lat' dir='ltr'>non</span> <span class='ocrx_word' id='word_1_485' title='bbox 2533 5516 2923 5580; x_wconf 87' lang='lat' dir='ltr'>mediocriter</span> <span class='ocrx_word' id='word_1_486' title='bbox 2951 5518 3208 5579; x_wconf 91' lang='lat' dir='ltr'>instutus</span> <span class='ocrx_word' id='word_1_487' title='bbox 3245 5524 3354 5580; x_wconf 91' lang='lat' dir='ltr'>est.</span> <span class='ocrx_word' id='word_1_488' title='bbox 3380 5515 3808 5580; x_wconf 87' lang='lat' dir='ltr'>Doctissimum</span> 
     </span>
    </p>
   </div>
   <div class='ocr_carea' id='block_1_46' title="bbox 399 5602 3804 5689">
    <p class='ocr_par' dir='ltr' id='par_1_46' title="bbox 399 5602 3804 5689">
     <span class='ocr_line' id='line_1_46' title="bbox 399 5602 3804 5689; baseline -0.001 -23"><span class='ocrx_word' id='word_1_489' title='bbox 399 5621 530 5686; x_wconf 83' lang='lat' dir='ltr'>cap.</span> <span class='ocrx_word' id='word_1_490' title='bbox 563 5603 747 5669; x_wconf 86' lang='lat' dir='ltr'>9.Sed</span> <span class='ocrx_word' id='word_1_491' title='bbox 777 5623 989 5670; x_wconf 89' lang='lat' dir='ltr'>vereor</span> <span class='ocrx_word' id='word_1_492' title='bbox 1013 5615 1076 5668; x_wconf 89' lang='lat' dir='ltr'>ut</span> <span class='ocrx_word' id='word_1_493' title='bbox 1100 5606 1277 5687; x_wconf 85' lang='lat' dir='ltr'>hujus</span> <span class='ocrx_word' id='word_1_494' title='bbox 1325 5605 1488 5669; x_wconf 88' lang='lat' dir='ltr'>nomi</span> <span class='ocrx_word' id='word_1_495' title='bbox 1542 5606 1690 5668; x_wconf 79' lang='lat' dir='ltr'>situs</span> <span class='ocrx_word' id='word_1_496' title='bbox 1725 5623 1860 5667; x_wconf 91' lang='lat' dir='ltr'>cum</span> <span class='ocrx_word' id='word_1_497' title='bbox 1905 5602 2052 5686; x_wconf 82' lang='lat' dir='ltr'>Epi—</span> <span class='ocrx_word' id='word_1_498' title='bbox 2135 5607 2300 5672; x_wconf 90' lang='lat' dir='ltr'>enim</span> <span class='ocrx_word' id='word_1_499' title='bbox 2355 5603 2540 5670; x_wconf 82' lang='lat' dir='ltr'>fuisse</span> <span class='ocrx_word' id='word_1_500' title='bbox 2598 5604 2809 5669; x_wconf 90' lang='lat' dir='ltr'>scribit</span> <span class='ocrx_word' id='word_1_501' title='bbox 2852 5607 3251 5689; x_wconf 84' lang='lat' dir='ltr'>Hieronymus</span> <span class='ocrx_word' id='word_1_502' title='bbox 3293 5606 3350 5668; x_wconf 91' lang='lat' dir='ltr'>in</span> <span class='ocrx_word' id='word_1_503' title='bbox 3411 5608 3592 5684; x_wconf 88' lang='lat' dir='ltr'>Osee,</span> <span class='ocrx_word' id='word_1_504' title='bbox 3669 5617 3804 5680; x_wconf 82' lang='lat' dir='ltr'>cap.</span> 
     </span>
    </p>
   </div>
   <div class='ocr_carea' id='block_1_47' title="bbox 473 5783 1923 5870">
    <p class='ocr_par' dir='ltr' id='par_1_47' title="bbox 473 5783 1923 5870">
     <span class='ocr_line' id='line_1_47' title="bbox 473 5783 1923 5870; baseline 0.001 -24"><span class='ocrx_word' id='word_1_505' title='bbox 473 5787 507 5837; x_wconf 72' lang='grc' dir='ltr'><em>ε</em></span> <span class='ocrx_word' id='word_1_506' title='bbox 531 5783 854 5868; x_wconf 86' lang='lat' dir='ltr'>Epiphan.,</span> <span class='ocrx_word' id='word_1_507' title='bbox 891 5783 1051 5850; x_wconf 67' lang='lat' dir='ltr'>near.</span> <span class='ocrx_word' id='word_1_508' title='bbox 1083 5786 1187 5862; x_wconf 89' lang='lat'>3|,</span> <span class='ocrx_word' id='word_1_509' title='bbox 1218 5789 1333 5869; x_wconf 69' lang='lat' dir='ltr'>ge.</span> <span class='ocrx_word' id='word_1_510' title='bbox 1419 5789 1454 5842; x_wconf 76' lang='grc' dir='ltr'>ο</span> <span class='ocrx_word' id='word_1_511' title='bbox 1484 5787 1734 5870; x_wconf 71' lang='lat' dir='ltr'>Epiph,</span> <span class='ocrx_word' id='word_1_512' title='bbox 1769 5787 1923 5850; x_wconf 84' lang='lat' dir='ltr'>ibid.</span> 
     </span>
    </p>
   </div>
  </div>
