4152 6440
292 434 373 499 53
1213 435 1719 503 DISSERTATIO
1763 439 1809 521 Ι,
1856 438 2036 501 ART.
2086 441 2135 515 Ι,
2183 439 2280 501 DE
2325 438 2798 503 VALENTINO.
3640 437 3722 505 54

290 579 414 637 llon
435 574 673 653 omnia,
706 573 901 652 prima
930 572 1147 636 saltem
1191 592 1262 637 ac
1310 573 1548 639 rudiora
1600 575 1970 644 lineamenta

2073 572 2289 645 ιοῦσία,
2321 569 2400 628 διὸ
2456 571 2555 630 καὶ
2621 572 2933 653 νοητάρχης
3015 574 3487 655 προσαγορεύεται.
3544 572 3721 638 Hunc

291 662 1526 746 suppeditavitChaldaica,Egyptiaca;et
1554 669 1970 750 Pythagorica,
2056 659 2406 750 Hercurius,
2440 658 2813 750 .lamblichoi
2837 668 3013 743 teste,
3070 671 3241 725 vocat
3288 662 3475 727 Deum
3504 662 3719 729 Emeth

293 774 402 817 seu
459 754 558 815 his
607 753 897 815 omnibus
954 753 1245 834 permista
1303 753 1604 818 Platonica
1652 749 1970 840 theologia.
2057 749 2582 840 (forteilegpndum
2605 769 2741 813 cum
2771 749 3032 814 Eusebio
3062 751 3238 816 lib-ll!
3284 754 3714 839 Prep-evang.,

292 843 674 908 Jamblichus
718 842 915 905 lib.De
963 850 1175 922 myst.,
1211 852 1360 906 sect.
1397 837 1971 928 vm,cap.9,scribit,
2056 858 2188 920 cap.
2222 839 2282 916 2,
2310 837 2765 921 Kneph),quem
2809 848 3089 922 tanquam
3121 841 3334 905 ducem
3359 843 3476 906 diis
3495 837 3716 911 coeles-

186 970 191 973 -
300 934 783 1015 antiquissimam
843 933 999 996 hanc
1030 952 1166 997 esse
1196 936 1605 1014 {Egypliorum
1655 936 1732 1001 de
1765 956 1971 1001 rerum
2057 929 2218 991 tibus
2250 929 2560 1009 praeponit,
2588 929 2788 1011 aitque
2817 929 2977 993 hunc
3006 949 3139 993 esse
3166 933 3428 996 Mentem
3460 934 3719 1017 seipsam

303 1021 621 1104 principiis
651 1021 993 1083 doctrinam
1029 1041 1044 1085 :
1079 1023 1147 1083 1ο
1174 1020 1364 1085 Unum
1417 1042 1550 1085 esse
1574 1027 1784 1100 Deum,
1814 1028 1974 1088 emi-
2062 1018 2587 1098 intelligentem,et
2615 1018 2763 1082 alias
2792 1018 3235 1095 intellectiones
3255 1022 3330 1085 ad
3361 1041 3428 1086 se
3459 1042 3717 1089 conver-

306 1113 421 1174 bus
479 1110 765 1172 omnibus
821 1130 959 1192 quae
1004 1128 1147 1173 vero
1195 1121 1356 1187 sunt,
1418 1114 1978 1197 universalibusque

306 1201 648 1283 principiis,
681 1201 805 1261 imo
827 1200 960 1280 ipso
992 1202 1172 1263 etiam
1204 1201 1394 1282 primo
1428 1204 1561 1266 Deo.
1579 1214 1636 1265 et
1664 1223 1806 1285 rege
1822 1205 1982 1286 prio-

305 1310 435 1353 rem
471 1313 488 1352 :
519 1293 625 1368 πρὸ
667 1291 776 1347 τῶν
820 1288 989 1356 ὄντως
1045 1291 1236 1365 ὄντων,
1295 1294 1383 1349 καὶ
1434 1296 1536 1350 νῶν
1594 1294 1734 1352 ὅλων
1792 1296 1977 1376 ἀρχῶν

305 1380 418 1436 ἐστι
477 1382 611 1443 Θεὸς
666 1384 777 1449 εἷς,
830 1385 1045 1456 πρῶτος
1094 1382 1181 1437 καὶ
1227 1381 1286 1438 οὗ
1322 1381 1530 1459 πρώτου
1578 1391 1711 1442 Θευῦ
1754 1386 1842 1441 καὶ
1873 1386 1977 1461 βα-

302 1470 499 1534 σιλέως
530 1484 547 1500 ·
583 1468 648 1530 in
711 1468 977 1529 monade
1018 1467 1264 1531 unitatis
1322 1488 1443 1531 suae
1498 1480 1976 1552 permanentem,

309 1558 743 1639 exemplarque
776 1556 1076 1638 illius,qui
1100 1565 1191 1619 est
1213 1558 1304 1620 sui
1341 1561 1535 1636 Pater,
1566 1580 1601 1622 a
1622 1580 1688 1623 se
1711 1561 1974 1641 genitus,

313 1656 372 1709 et
402 1646 754 1727 lonopator
779 1646 970 1725 Deus;
995 1654 1088 1709 est
1110 1650 1272 1710 enim
1298 1650 1488 1729 majus
1514 1649 1658 1726 quid
1701 1659 1759 1713 et
1786 1650 1975 1731 prius,

316 1738 443 1799 fons
468 1736 739 1797 omnium
775 1743 841 1800 et
870 1736 1038 1798 radix
1072 1736 1344 1798 omnium
1378 1737 1820 1818 intelligibilum
1848 1738 1976 1819 pri-

2060 1118 2281 1171 tentem
2317 1128 2331 1170 :
2365 1110 2423 1166 ὃν
2472 1132 2603 1189 φησι
2656 1119 2777 1170 νοῦν
2825 1110 2970 1168 εἴναι
3026 1112 3182 1172 αὐτὸν
3235 1113 3418 1171 ἑαυτὸν
3475 1123 3714 1195 νοοῦντα,

2057 1199 2145 1255 καὶ
2199 1199 2293 1262 τὰς
2351 1199 2563 1270 νοήσεις
2622 1200 2695 1264 εἰς
2753 1198 2939 1257 ἑαυτὸν
2983 1199 3385 1283 ἐπιστρέφοντα,
3422 1202 3572 1266 Aliis
3601 1223 3717 1267 no-

2065 1287 2323 1349 minibus
2341 1298 2612 1350 voeatum
2659 1289 2844 1352 fuisse
2875 1289 2948 1352 ab
2980 1289 3274 1372 Egyptiis
3328 1292 3508 1355 tradit
3556 1293 3715 1356 idem

2061 1376 2451 1440 Jamblichus.
2494 1399 2518 1433 ι
2544 1374 2756 1458 Opifex
2787 1378 3011 1460 quippe
3041 1379 3225 1454 Mens,
3285 1380 3387 1458 ait,
3438 1380 3718 1446 Veritatis

2062 1474 2273 1529 auctor
2291 1474 2351 1528 et
2376 1485 2621 1547 praeses,
2651 1485 2721 1529 ac
2753 1465 3092 1549 Sapientiae,
3130 1476 3424 1550 quatenus
3438 1472 3513 1534 ad
3534 1489 3720 1552 gene-

2064 1556 2357 1617 rationem
2390 1559 2571 1631 venit,
2606 1565 2666 1619 et
2713 1557 2994 1620 latentem
3024 1558 3389 1622 occultarum
3419 1564 3719 1625 rationum

2060 1643 2176 1706 vim
2208 1643 2485 1725 producit
2530 1647 2590 1707 in
2645 1645 2873 1721 lucem,
2900 1646 3098 1726 lingua
3123 1647 3462 1730 Egyptiaca
3499 1650 3719 1714 dicitur

2061 1734 2254 1796 Amen
2284 1756 2297 1794 :
2332 1742 2629 1815 quatenus
2648 1752 2788 1796 vero
2821 1735 3054 1815 perficit
3075 1738 3277 1798 omnia
3305 1756 3540 1800 summa
3577 1758 3715 1803 cum

314 1845 537 1889 marum
582 1826 890 1903 idearum,
950 1846 1085 1908 quae
1124 1836 1311 1889 sunt:
1362 1833 1417 1885 ἓν
1447 1831 1803 1905 μονότητιτῆς
1848 1831 1975 1887 ἑαυ-

2073 1823 2313 1930 veritate
2360 1831 2420 1887 et
2473 1830 2894 1930 arte,mvocant
2942 1842 3079 1930 eum
3137 1826 3369 1930 Phtha}
3421 1836 3718 1930 quatenus

307 1917 679 1985 τοῦένότητος
737 1917 917 1991 μένων
949 1933 966 1950 ⁸
999 1917 1336 1997 παράδειγμα
1384 1918 1438 1974 δὲ
1485 1918 1691 1998 ἵδρυται
1739 1927 1832 1978 τοῦ
1886 1921 1975 1976 αὖ·

2073 1931 2202 1976 vero
2228 1911 2521 1976 bonorum
2552 1913 2762 1976 artifex
2794 1922 2904 1990 est,
2939 1914 3155 1978 dicitur
3186 1915 3417 1999 Osiris;
3450 1917 3719 2000 aliasque

300 2008 622 2086 τοπᾶτορος,
684 2008 1001 2088 αὒτογόνου,
1051 2009 1140 2065 καὶ
1197 2010 1558 2089 μονοπάτορσις
1629 2018 1761 2069 θεοῦ
1833 2015 1976 2067 Μεῖ-

2073 2001 2582 2064 denominationes
2639 2011 2887 2084 propter
2940 2004 3092 2066 alias
3144 2005 3389 2070 virtutes
3444 2007 3643 2071 habet.
3682 2034 3712 2067 ι

301 2105 388 2169 ζον
418 2098 520 2176 γάρ
549 2120 602 2153 τι
648 2098 741 2153 καὶ
799 2100 1035 2175 πρῶτον,
1080 2099 1169 2154 καὶ
1221 2099 1373 2175 πηγὴ
1430 2102 1536 2156 τῶν
1593 2100 1830 2179 nivth,
1895 2099 1983 2155 καὶ
2065 2090 2125 2152 Ὀ
2154 2094 2254 2173 γὰρ
2283 2092 2660 2173 δημιουργικὸς
2702 2097 2845 2170 νοῦς,
2877 2096 2966 2153 καὶ
3020 2099 3121 2166 τῆς
3175 2096 3427 2166 ἀληθείας
3481 2094 3720 2182 προστά-

303 2186 521 2261 πυθμῆν
567 2192 679 2242 τῶν
725 2185 1024 2261 νοουμένων
1054 2186 1280 2264 πρώτω-ι
1310 2185 1459 2243 εἱδῶν
1480 2188 1671 2248 ὄντων.
1709 2188 1978 2252 Primum
2065 2206 2188 2255 της,
2223 2184 2310 2240 κκῖ
2339 2183 2548 2264 σοφίας,
2595 2183 2892 2266 ἐρχόμενος
2935 2185 3034 2262 μὲν
3086 2185 3173 2244 ἐπὶ
3225 2186 3456 2267 γένεσιν,
3489 2192 3580 2248 καὶ
3620 2195 3721 2260 τὴν

304 2273 464 2336 istud
492 2274 862 2355 principium
891 2282 1064 2336 vocat
1092 2275 1451 2349 Mercurius,
1482 2274 1824 2338 Jamblicho
1869 2294 1981 2338 au-

2073 2273 2242 2363 ᾆιςρανῆ
2294 2275 2400 2363 τῷν
2469 2273 2847 2363 κεκρυμμένων
2927 2273 3103 2354 λόγων
3172 2273 3389 2353 δύναμιν
3450 2280 3524 2344 εἰς
3609 2286 3723 2363 φῶς

306 2375 475 2426 ctore
500 2363 582 2439 κ,
604 2365 870 2446 primum
922 2366 1231 2444 exemplar
1251 2373 1310 2427 et
1347 2363 1580 2434 Eicton;
1618 2365 1679 2428 in
1710 2385 1850 2446 quo,
1884 2364 1984 2428 iu-

2073 2360 2213 2441 ἄγων
2275 2404 2289 2421 .
2346 2358 2529 2438 Ἀμῶν
2586 2361 2724 2419 κατὰ
2788 2365 2889 2432 τὴν
2935 2371 3040 2423 τῶν
3104 2366 3403 2443 Αἱγυττίων
3475 2358 3724 2449 γλῶσσαν

304 2454 527 2535 quit,et
560 2454 828 2534 primum
854 2452 1199 2532 intelligens
1214 2463 1274 2517 et
1297 2455 1550 2534 primum
1574 2454 1983 2535 intelligibile,

2073 2451 2304 2533 λέγεται²
2362 2449 2626 2511 συντελῶν
2671 2450 2727 2509 δὲ
2789 2451 3031 2530 ἀψευδῶς
3085 2453 3305 2529 ἕκαστα,
3338 2458 3427 2514 καὶ
3454 2467 3723 2540 τεχνικῶς

304 2543 595 2625 quodque
644 2543 772 2605 solo
823 2544 1066 2606 silentio
1124 2544 1343 2605 colitur
1391 2545 1444 2601 ἒν
1492 2548 1537 2620 ᾧ
1581 2544 1648 2613 δὴ
1681 2548 1742 2602 τὸ
1773 2545 1985 2620 πρῶτόν

2073 2538 2187 2616 μετ’
2219 2540 2490 2616 ἀληθείας,
2539 2542 2672 2601 Φθέ·
2707 2542 2918 2625 ἀγαθῶν
2969 2541 3026 2600 δὲ
3054 2545 3314 2613 ποιητκός
3358 2545 3457 2623 ὢν,
3503 2538 3724 2619 ’Ὄσιρις

305 2621 419 2691 in
450 2621 629 2707 νοοῦν,
688 2635 778 2691 καὶ
837 2636 899 2693 τὸ
942 2641 1152 2712 πρῶτον
1193 2637 1407 2709 νοητὸν,
1441 2637 1469 2692 ὃ
1500 2633 1565 2703 δὴ
1595 2636 1685 2692 καὶ
1715 2633 1797 2691 διὰ
1830 2635 1986 2714 σιγῆς
2069 2628 2350 2703 κέκληται,
2405 2630 2494 2687 XI?»
2541 2628 2706 2696 ἄλλοις
2737 2621 2808 2687 διε
2848 2629 3014 2698 ἄλλας
3069 2630 3315 2711 δυνάμεις
3363 2621 3542 2694 τεκαὶ
3572 2639 3724 2720 ἐνερ-

308 2728 482 2799 μσνῆς
503 2725 877 2802 θεραπεύεται.
913 2721 1140 2801 [XXVI]
1166 2722 1250 2784 De
1289 2724 1401 2785 hoc
1433 2723 1614 2785 etiam
1676 2723 1986 2786 oraculum

2073 2720 2216 2798 γείας
2258 2718 2556 2795 ἐπωνυμίας
2582 2717 2722 2801 ἔχει.

306 2811 451 2893 illud
486 2812 652 2893 quod
689 2811 802 2873 sub
852 2812 1182 2874 Zoroastris
1236 2812 1480 2874 nomine
1511 2812 1937 2877 circumfertur
1970 2831 1985 2875 :

317 2892 493 2981 ’Ἔχει
539 2903 606 2958 τὸ
667 2915 837 2982 νοεῖν,
872 2903 1130 2982 πατρικὸν
1172 2903 1290 2959 νοῦν
1320 2901 1570 2963 ἐνδιδόναι
1628 2903 1827 2967 πείσαις
1875 2926 1993 2971 πη·-

307 3006 442 3070 γαϊς
485 3013 548 3048 τε
616 2994 707 3049 καὶ
767 2992 998 3072 ἀρχαῖς,
1056 2983 1224 3050 ’Ἐστι
1271 2994 1371 3071 γὰρ
1421 2993 1586 3072 πέρας
1638 3000 1732 3051 τοῦ
1803 3015 1995 3073 πατρι-

2155 2807 2254 2869 37.
2287 2806 2440 2870 Hinc
2468 2817 2672 2888 aperte
2715 2808 3014 2888 colligitur
3050 2810 3454 2877 Jamblichum
3495 2815 3722 2881 (eadem

2076 2906 2169 2961 est
2196 2896 2437 2961 Photini
2465 2900 2740 2960 doctrina
2768 2898 2963 2978 Enn.,
2999 2900 3321 2984 lib.v,cap.
3349 2903 3406 2978 3)
3432 2904 3581 2966 duos
3597 2904 3724 2985 pri-

2078 3005 2208 3050 mos
2236 2988 2381 3049 deos
2411 2993 2695 3068 statuere,
2726 2986 3061 3070 iisdemque
3091 2991 3540 3055 characteribus
3559 2993 3632 3056 ab
3651 3011 3722 3057 ec

306 3091 408 3139 κοῦ
469 3083 657 3158 βυθοῦ,
733 3082 824 3137 καὶ
880 3083 1035 3160 πηγὴ
1090 3089 1195 3138 τῶν
1224 3082 1441 3161 νοερῶν,
1515 3080 1631 3138 υνδὲ
1703 3082 1986 3162 προῆλθεν,

2075 3076 2396 3156 designari,
2459 3076 2676 3158 quibus
2736 3077 2984 3158 Bythum
3044 3087 3104 3143 et
3158 3079 3292 3143 Nun
3337 3081 3727 3163 designabant

307 3169 430 3226 ἀλλ’
461 3171 674 3247 ἔμεινεν
724 3169 778 3225 ἐν
834 3178 913 3244 τῷ
964 3177 1205 3249 πατρικῷ
1253 3172 1417 3251 βυθῷ,
1479 3173 1569 3228 καὶ
1627 3170 1681 3227 ἐν
1709 3177 1788 3244 τῷ
1816 3170 1989 3248 ἁδύτῷ

308 3261 445 3317 κατὰ
475 3262 576 3329 τὴν
605 3258 972 3339 θεοθρὲμμονα
1003 3262 1182 3338 σιγήν.
1222 3259 1422 3322 Habet
1451 3262 1589 3341 ipsa
1624 3262 1988 3342 inte.ligen-

310 3351 401 3412 tia
426 3356 768 3429 paternam
797 3346 1058 3410 Mentem
1089 3348 1302 3411 indere
1334 3350 1610 3412 omnibus
1637 3350 1906 3428 fontibus
1935 3357 1991 3414 et

303 3438 795 3519 principiisEat
813 3440 956 3517 ﬁnis
979 3437 1289 3516 Profundt’
1308 3440 1642 3520 paterni,et
1661 3441 1796 3517 fons
1816 3437 1991 3502 intel-

308 3528 669 3609 ligibitium.
708 3527 920 3607 Neque
960 3528 1212 3608 prodiit,
1249 3528 1353 3591 sed
1381 3534 1608 3590 mansit
1639 3531 1705 3591 in
1730 3534 1991 3608 paterno

308 3618 660 3696 Profunda,
707 3626 768 3680 et
787 3619 855 3680 in
876 3619 1061 3699 adyto
1082 3630 1195 3698 per
1221 3618 1504 3681 divinum
1526 3618 1872 3681 silentium.
1908 3617 2010 3691 Ex,

307 3708 535 3790 quibus
565 3706 887 3768 evidenter
917 3715 1077 3786 patet
1105 3725 1215 3768 nec
1249 3707 1415 3788 Bythi
1443 3724 1688 3787 nomen,
1723 3708 1992 3787 supremi

308 3818 383 3860 ac
414 3796 600 3878 primi
635 3796 770 3869 Dei,
803 3795 1063 3860 IEonum
1096 3797 1369 3857 omnium
1402 3796 1582 3860 fontis
1610 3814 1680 3857 ac
1702 3797 1987 3878 parentis,

311 3906 423 3950 nec
452 3904 586 3948 rem
618 3885 871 3947 nomine
899 3884 1289 3965 signiﬁcatam
1319 3886 1767 3968 antiquissimos
1791 3885 1991 3966 philo-

311 3976 538 4057 sophos
569 3976 846 4037 latuisse.
900 3974 1155 4053 Bythum
1210 3995 1426 4057 nempe
1474 3995 1582 4037 seu
1616 3974 1991 4038 Profundum

311 4064 718 4136 vocabant,ob
753 4064 1267 4145 inﬁnitas,quibus
1297 4063 1534 4144 gaudet,
1565 4064 1986 4145 perfectiones,

309 4173 568 4237 quarum
583 4155 858 4215 omnium
872 4155 1246 4217 altitudinem
1269 4153 1622 4216 immensam
1638 4154 1803 4215 nulla
1822 4172 1994 4217 mens

315 4252 519 4306 creata
549 4244 876 4324 explorare
934 4243 1112 4305 valet.
1173 4245 1323 4306 Rem
1384 4243 1686 4324 eamdem,
1720 4245 1826 4305 sed
1860 4243 1993 4304 aliis

2072 3164 2476 3230 Valentiniani
2511 3186 2524 3227 :
2561 3166 2713 3229 adeo
2744 3175 2806 3229 ut
2838 3185 2910 3230 ex
2940 3168 3155 3232 eodem
3202 3171 3366 3234 fonte
3415 3171 3727 3236 hauserint

2073 3276 2303 3334 omnes,
2340 3274 2411 3318 ex
2440 3256 2786 3339 Egyptiaca
2830 3258 3063 3322 scilicet
3103 3268 3162 3322 et
3189 3260 3507 3325 Cbaldaica
3545 3262 3724 3325 theo-

2073 3347 2348 3426 logia,cui
2380 3364 2622 3427 operam
2653 3359 3010 3413 navaverant
3040 3350 3358 3433 Platonici,
3382 3351 3428 3413 ii
3466 3369 3725 3433 praeser-

2073 3435 2179 3497 tim
2210 3436 2313 3514 qui
2342 3454 2376 3499 e
2405 3437 2612 3500 schola
2633 3437 3040 3502 Alexandrina
3067 3440 3438 3520 prodierant.
3478 3441 3544 3506 Id
3586 3459 3724 3505 vero

2074 3535 2466 3608 utrorumque
2493 3526 2786 3608 principia
2815 3537 2877 3590 et
2906 3529 3217 3610 Opiniones
3235 3549 3438 3593 secum
3471 3530 3726 3594 invicem

2072 3616 2404 3687 conferenti
2429 3616 2809 3680 manifestum
2838 3618 3728 3703 ﬁet.AfﬁrmatJamblichus,ex

2072 3705 2479 3787 Egyptiorum
2509 3706 2825 3784 sententia,
2869 3708 3149 3789 primum,
3173 3708 3362 3772 Deum
3412 3710 3728 3792 principiis

2074 3794 2352 3858 omnibus
2383 3813 2452 3858 ac
2483 3797 2684 3874 rebus,
2720 3797 2850 3878 ipso
2884 3798 3062 3861 etiam
3115 3798 3306 3881 primo
3336 3801 3461 3863 Deo
3494 3816 3567 3864 ac
3586 3816 3729 3881 rege

2077 3886 2336 3966 priorem
2367 3888 2591 3962 esse,in
2621 3887 2878 3951 mouade
2921 3889 3166 3951 unitatis
3196 3908 3320 3951 suae
3349 3906 3725 3971 permanere,

2072 3976 2296 4039 fontem
2331 3976 2599 4039 omnium
2620 3994 2753 4039 esse
2785 3984 2843 4038 et
2865 3977 3130 4040 radicem
3150 3978 3416 4041 omnium
3440 3976 3728 4057 intelligi-

2073 4065 2283 4129 bilinm
2318 4066 2642 4147 primarum
2671 4065 2965 4142 idearum,
3001 4075 3115 4130 etc.
3145 4066 3287 4131 Haec
3336 4066 3546 4130 eadem
3591 4072 3732 4130 sunt

2075 4174 2208 4236 quae
2226 4156 2410 4237 Bytho
2428 4174 2536 4217 suo
2560 4154 3268 4220 lribuuntValentiniani.
3295 4155 3525 4219 Dicunt
3537 4157 3726 4234 enim,

2074 4243 2301 4307 Irenaeo
2336 4252 2487 4307 teste
2513 4241 2589 4321 ιτ,
2614 4261 2739 4309 esse
2765 4243 3088 4326 quemdam
3117 4245 3192 4308 in
3232 4244 3643 4308 invisibitibus
3671 4252 3730 4308 et

314 4333 659 4413 verbis,pro
692 4351 864 4395 more
884 4332 1443 4413 suo,exprimebant
1476 4333 1992 4413 poetaeJingentes
2012 4365 2059 4417 ο
2078 4333 2594 4398 inenarrabilibus
2619 4333 3053 4397 altitudinibus
3077 4335 3420 4416 perfectum
3446 4334 3727 4413 xEonem,

315 4442 387 4486 ex
415 4420 667 4485 Oceano
697 4430 872 4484 natos
903 4439 1038 4484 esse
1065 4422 1211 4483 deos
1241 4440 1475 4484 omnes.
1510 4419 1732 4485 Oceani
1769 4423 1992 4504 quippe
2075 4424 2447 4504 προόντα,ίιαὶ
2467 4432 2608 4487 ante
2626 4423 3139 4505 fuit,quemnutla
3160 4442 3260 4486 res
3281 4442 3499 4507 capere
3511 4426 3727 4507 possit,

312 4514 781 4592 nominc,cujus
808 4511 1061 4574 altitudo
1094 4511 1561 4592 profundissima
1592 4520 1703 4585 est,
1739 4514 1989 4593 Bythum
2075 4512 2992 4595 inuisibilem,sempfternum,et
3018 4516 3443 4596 ingenitum,et
3456 4515 3735 4595 inquieta

311 4604 512 4682 ipsum
528 4622 641 4663 seu
667 4602 1038 4666 Profundum
1066 4602 1559 4683 philosophorum
1576 4601 1990 4677 designabant.
2075 4601 2270 4665 multa
2288 4602 2475 4682 fuisse
2492 4604 2750 4684 inﬁnitis
2769 4601 3031 4667 amentis.
3051 4602 3195 4676 Quae
3209 4606 3478 4684 apprime
3508 4622 3731 4668 conve-

313 4692 382 4753 2‘
412 4695 499 4753 Ex
551 4693 673 4754 hoc
723 4712 847 4753 uno
900 4701 1113 4771 sponte
1159 4691 1453 4753 effulsisse
1502 4694 1584 4752 ait
1623 4689 1993 4755 Jamblichus
2078 4691 2540 4754 niuntzarctius
2578 4692 2775 4754 adhuc
2830 4692 3134 4754 cohaerere
3184 4692 3627 4774 deprehendes,
3680 4691 3735 4756 si

320 4784 511 4845 Deum
543 4781 665 4842 sibi
698 4780 1246 4860 sufﬁcientem;qui
1282 4779 1536 4859 proinde
1565 4788 1655 4841 est
1679 4779 1773 4842 sui
1798 4780 1991 4857 Pater,
2078 4781 2348 4842 conferas
2377 4781 2708 4863 Epiphanis
2738 4781 3306 4863 sententiam,quam
3336 4782 3733 4862 exponit.Ire-

328 4881 383 4932 et
406 4871 799 4952 principium.
830 4869 903 4931 Et
934 4870 1094 4931 enim
1128 4870 1225 4931 hic
1257 4878 1312 4930 et
1346 4867 1731 4949 principium,
1756 4878 1814 4932 et
1838 4872 2000 4933 Deus
2082 4889 2246 4933 naeus
2276 4889 2411 4950 cap.
2449 4872 2518 4933 11
2551 4889 2566 4935 :
2599 4872 2703 4935 Est
2727 4872 3032 4952 quaedam,
3076 4869 3296 4954 aiebat,
3332 4878 3477 4935 ante
3527 4887 3735 4936 omnes

328 4962 614 5035 deorum,
644 4960 841 5021 unitas
870 4979 945 5021 ex
975 4979 1120 5033 uno,
1151 4958 1762 5039 superessentialis,et
1790 4978 2000 5021 essen-
2079 4961 2412 5034 Proarehe,
2438 4969 2939 5043 proanennoetos,
2978 4969 3035 5025 et
3060 4959 3532 5039 inenarrabilis,
3564 4967 3733 5026 etin-

327 5049 425 5112 tiaa
452 5049 823 5132 principium
861 5067 878 5113 :
915 5066 1050 5110 nam
1097 5047 1171 5109 ab
1221 5066 1292 5109 eo
1342 5055 1548 5109 natura
1578 5056 1668 5109 est
1698 5056 1757 5110 et
1787 5066 1998 5111 essen-
2079 5052 2683 5131 nominabilis,quam
2703 5068 2811 5132 ego
2839 5050 3206 5114 Monotetem
3235 5068 3397 5115 voco.
3435 5052 3585 5115 Cum
3621 5050 3739 5116 hac

324 5141 455 5218 tia;
512 5155 574 5202 et
626 5147 952 5221 propterea
1009 5138 1349 5202 Noetarcha
1380 5182 1397 5211 ,
1462 5154 1572 5198 seu
1626 5136 1999 5217 intelligibile
2084 5138 3740 5222 Monoteteestvirtus,quametipsumvocoHenotetem,

329 5232 705 5313 principium
742 5238 1018 5293 meatur:
1048 5231 1155 5287 ἀπὸ
1186 5228 1240 5285 δὲ
1268 5232 1362 5288 τοῦ
1419 5231 1537 5294 ἑνὸς
1567 5231 1752 5287 τούτου
1776 5231 1803 5286 ὃ
1824 5232 1983 5312 αὐτάρ

2088 5231 2325 5294 Primus
2354 5249 2494 5310 ergo
2514 5230 2832 5294 Jambliclii
2853 5228 3348 5312 Deus,principiis
3366 5229 3648 5293 omnibus
3677 5237 3738 5294 et

324 5347 426 5389 4ης
483 5326 618 5384 Θεὸς
670 5323 860 5380 ἑαυτὺν
899 5319 1191 5396 ἐξέλαμψε,
1244 5317 1322 5376 διὸ
1377 5320 1467 5376 καὶ
1524 5319 1862 5401 αὒτοπέτωρ,
1914 5344 1983 5379 κα

2086 5320 2292 5396 rebus,
2319 5319 2451 5401 ipso
2481 5323 2657 5382 etiam
2717 5321 2908 5403 primo
2965 5338 3109 5398 rege
3161 5318 3326 5400 prior
3354 5326 3465 5381 est.
3498 5322 3739 5384 Primus

324 5413 603 5493 σῦτὰρχης
635 5412 750 5490 (sic
779 5411 939 5491 lego,
992 5427 1113 5471 non
1176 5407 1493 5488 a'hipxnci-
1527 5407 1676 5488 ἀρχὴ
1720 5410 1820 5488 γὰρ
1851 5411 1986 5469 οὗτος

2087 5409 2643 5474 Valentinianorum
2690 5412 2871 5486 Deus,
2905 5408 3380 5491 perfectissimus
3409 5407 3563 5474 Eon
3620 5419 3734 5489 est,

322 5504 409 5560 καὶ
467 5506 599 5567 Θεὸς
649 5506 788 5559 θεῶν
843 5521 856 5535 ⁸
917 5501 1087 5578 μονὰς
1130 5499 1191 5558 ἐκ
1240 5498 1332 5556 τοῧ
1373 5500 1513 5577 ἑνὸς²
1549 5499 1851 5573 προούσιος,
1914 5505 1986 5558 κα

2083 5500 2281 5580 προών,
2316 5498 2497 5562 rebus
2526 5499 2808 5562 omnibus
2835 5498 3735 5583 pratexsistensfroarcheseu,

322 5594 468 5674 ἀριῆ
515 5598 618 5659 τῆς
675 5592 859 5658 οὗσὶας
912 5608 927 5622 ⁸
984 5588 1082 5649 ἀπ’
1140 5593 1301 5650 αῦτοῦ
1356 5589 1456 5669 γὰρ
1511 5589 1546 5657 ἡ
1606 5588 1853 5656 οὖσιότης
1911 5594 1986 5649 καῖ

2084 5589 2344 5670 primum
2377 5588 2738 5672 principium
2769 5588 2928 5672 quod
2957 5596 3094 5653 ante
3124 5588 3330 5654 omnia
3359 5595 3471 5664 est,
3505 5595 3739 5673 θεωρία

400 5770 467 5826 ιθ
489 5772 640 5854 Cap.
671 5771 735 5835 2.
822 5769 887 5822 47
908 5768 1109 5853 Iren.,
1135 5765 1240 5830 lib.
1275 5781 1318 5849 ι,
1343 5784 1397 5829 ο.
1428 5768 1484 5832 1.
