4152 6452
347 367 455 432 tOt
1263 371 1769 434 DISSERTATIO
1814 371 1863 450 I,
1912 364 2024 432 AR‘

2143 368 2191 447 Ι,
2240 362 2336 430 DE
2385 367 2862 434 VALENTINO.
3666 364 3782 432 102

333 510 503 562 recte
523 498 806 563 observat
821 503 1089 564 lrenazus
1133 503 1250 578 83',
1283 507 1642 565 immorata
1665 505 1872 564 omnia
1906 519 2040 582 quae
2065 509 2094 557 Α
2123 499 2198 560 lis
2227 500 2530 579 gentilium
2565 501 3100 582 philosophematis
3135 502 3468 564 simulatam
3493 501 3784 564 Christia-

341 590 774 670 rctanturﬁlh’
796 591 1256 673 operabantur,
1286 592 1437 654 nihil
1461 593 1736 654 vitiorum
1769 593 2032 653 omnium
2120 588 2303 649 nismi
2335 593 2600 671 speciem
2638 590 3018 667 induxerant;
3049 593 3152 653 sed
3182 591 3599 672 ethnicisipsis
3622 592 3785 672 pejo-

343 698 521 743 cceuo
554 679 869 760 inquinari
904 701 969 743 se
1001 701 1179 763 posse
1245 691 1540 764 putantes.
1579 683 1638 744 Si
1684 683 1841 743 enim
1878 682 2034 742 Deus
2117 696 2235 751 res,
2272 680 2396 758 ipsa
2427 679 2675 741 moralia
2707 689 3168 761 prmeepta,quae
3202 689 3409 742 natura
3440 681 3783 743 mortalium

347 788 828 851 summususque
853 771 926 832 ad
950 773 1110 836 Novi
1134 771 2033 852 Testamentitemporaignotus
2114 767 2398 829 cordibus
2424 769 2751 849 inscripsit,
2792 770 2879 832 sic
2910 787 3147 849 pessum
3195 771 3458 846 dedisse,
3493 779 3557 832 ut
3586 772 3785 833 fractis

348 860 500 935 fuit;
534 861 586 920 si
619 860 832 922 mundi
865 861 1051 942 hujus
1101 881 1309 924 curam
1363 863 1490 942 ipse
1541 881 1658 922 non
1689 862 1892 939 gessit,
1925 861 2027 922 sed
2122 858 2425 936 repagulis
2449 859 2726 919 homines
2758 857 2816 919 in
2843 859 3138 938 pecudum
3169 860 3396 921 vivendi
3432 879 3661 922 morem
3687 862 3788 923 de-

345 951 484 1029 ejus
516 949 1108 1013 administrationem
1163 951 1395 1030 angelis
1437 950 1818 1014 inferioribus
1869 970 2036 1012 com-
2111 943 2390 1023 jicerent.
2431 945 2660 1024 Religio
2691 947 3026 1010 Christiana
3069 949 3126 1008 in
3184 949 3369 1010 sacris
3398 951 3784 1011 sanctissimae

347 1038 514 1100 misit
542 1061 555 1096 :
592 1058 736 1118 ergo
769 1040 845 1101 ab
877 1042 1210 1122 angelis,ut
1242 1048 1478 1111 caetera,
1511 1041 1584 1101 ita
1620 1050 1678 1102 et
1711 1039 2039 1121 pr0phetiaa
2119 1032 2432 1096 Trinitatis
2461 1043 2517 1098 ct
2571 1034 3014 1098 Incarnationis
3047 1037 3363 1118 mysteriis,
3412 1058 3519 1099 ceu
3551 1038 3784 1100 duobus

342 1127 662 1207 profectae,
693 1138 754 1189 et
805 1129 901 1192 ie;
931 1130 993 1190 in
1027 1139 1234 1192 monte
1266 1131 1434 1194 Sinai
1465 1130 1577 1192 lata
1627 1130 1759 1191 fuit,
1795 1131 1856 1193 Si
1891 1147 2034 1190 vero
2120 1123 2490 1206 cardinibus,
2528 1129 2648 1186 tota
2674 1127 3046 1206 pmissimum
3077 1127 3580 1208 vertitur,Deique
3601 1128 3784 1190 verbo

343 1217 439 1280 lex
471 1237 506 1280 a
531 1218 862 1299 Demiurgo
897 1219 1170 1292 animali,
1204 1220 1485 1282 animalis
1529 1220 1787 1282 hominis
1818 1219 2032 1281 condi-
2119 1222 2242 1274 tum
2271 1215 2646 1295 scripl0,tum
2679 1215 2896 1277 tradito
2919 1217 3154 1278 nititur.
3181 1216 3318 1278 Haec
3342 1227 3536 1278 autem
3564 1217 3782 1279 funda-

347 1315 480 1369 tore
497 1309 638 1370 data
658 1318 750 1370 est
773 1328 788 1372 :
830 1327 974 1388 ergo
1001 1329 1072 1371 ea
1095 1330 1216 1373 non
1245 1319 1479 1372 tenetur
1502 1311 1699 1372 anima
1721 1309 2028 1391 spiritalis,

340 1415 459 1458 nec
490 1398 758 1475 proinde
782 1398 934 1478 legis
959 1400 1133 1479 jussa
1163 1400 1473 1479 negligens
1504 1406 1735 1480 peccat,
1771 1399 1908 1479 quia
1940 1399 2031 1460 al-

347 1486 517 1547 tioris
547 1496 642 1548 est
671 1488 957 1567 originis,
985 1507 1099 1550 nec
1130 1489 1441 1568 Demiurgi
1481 1489 1738 1568 imperio
1769 1487 2028 1549 subdita.

350 1575 418 1637 Si
440 1576 565 1637 sola
583 1576 691 1638 Dei
716 1577 1015 1638 hactenus
1057 1579 1264 1657 ignoti,
1302 1597 1460 1640 nunc
1507 1597 1644 1638 vero
1667 1596 1732 1639 se
1753 1577 2032 1639 revelan-

359 1664 458 1739 tis,
491 1665 771 1743 cognitio,
803 1665 881 1728 iis
909 1666 1131 1748 quibus
1183 1667 1380 1729 infusa
1425 1668 1626 1744 fuerit,
1661 1668 1913 1729 salutem
1942 1667 2033 1729 af-

2120 1312 2316 1363 menta
2353 1306 2430 1364 ita
2461 1314 2909 1379 succussere,ut
2931 1305 3196 1367 funditus
3227 1306 3642 1370 diruerint.De
3673 1307 3783 1368 tri-

2118 1391 2304 1455 nitate
2338 1411 2730 1474 personarum
2769 1395 2969 1458 nonin
3000 1414 3070 1457 eo
3103 1404 3327 1458 tantum
3351 1396 3536 1476 impie
3567 1398 3784 1460 sentie-

2121 1479 2284 1557 bant,
2320 1482 2476 1563 quod
2509 1485 2798 1559 Mentem,
2835 1485 3183 1561 Veritatem,
3245 1483 3530 1564 Verbum,
3563 1485 3780 1567 Vitam,

2119 1569 2343 1646 Horon,
2379 1571 2713 1654 Caeristnm,
2767 1575 3163 1650 Salvatorem,
3219 1577 3454 1638 diversa
3513 1579 3778 1651 nomina,

2119 1661 2338 1740 quibus
2372 1665 2785 1744 exprimuntur
2808 1665 2987 1726 unius
3011 1674 3068 1726 et
3101 1667 3369 1745 ejusdem
3396 1667 3528 1727 Filii
3559 1666 3659 1728 Dei
3679 1685 3786 1747 per

357 1753 627 1830 fert,seu,
663 1762 732 1815 ut
757 1755 1188 1836 loquebantur,
1217 1757 1278 1817 in
1311 1755 1580 1819 Pleroma
1604 1756 1858 1832 inducit;
1895 1768 2184 1838 ergoBSB
2237 1751 2618 1815 subsistentis
2667 1755 3078 1834 proprietates,
3139 1755 3201 1814 in
3262 1754 3507 1816 totidem
3561 1756 3784 1819 [Eones

349 1863 467 1904 non
492 1862 646 1923 opus
676 1844 798 1906 erit
828 1845 1145 1926 operibus,
1182 1846 1241 1907 in
1276 1846 1486 1927 primis
1517 1847 1653 1928 quia
1677 1845 1753 1908 ab
1794 1845 2032 1908 illorum
2119 1841 2640 1904 transformassent
2669 1863 2686 1919 ;
2735 1844 2838 1904 sed
2896 1843 3055 1925 quod
3102 1845 3332 1906 z‘Eones
3361 1844 3496 1906 illos
3527 1846 3614 1908 vel
3647 1865 3783 1911 cum

342 1932 735 2014 necessitate,
770 1953 953 2015 quam
1009 1935 1103 1996 lex
1137 1936 1212 1996 ab
1243 1936 1472 2015 angelis
1518 1939 1632 1998 lata
1656 1935 2031 2015 injungebat,
2115 1929 2243 2009 ipso
2276 1933 2451 1994 Patre
2484 1932 3041 2007 confunderent,uti
3075 1932 3275 1996 fecere
3306 1935 3779 2011 Noetus,Sabel-

336 2021 580 2083 animas
613 2023 893 2086 liberavit
923 2042 1032 2085 suo
1079 2025 1338 2087 adventu
1371 2025 1657 2088 Salvator.
1694 2024 1754 2088 Si
1782 2025 2031 2107 quibus-
2118 2020 2235 2082 lius
2267 2029 2326 2083 et
2356 2023 2575 2084 Paulus
2600 2022 3045 2102 Samosatenus;
3094 2024 3184 2084 vel
3218 2024 3303 2084 sic
3338 2041 3372 2084 a
3399 2026 3574 2087 Patre
3603 2044 3779 2107 sepa-

336 2109 476 2171 dam
515 2113 868 2175 necessaria
903 2112 1027 2174 sint
1076 2133 1298 2194 opera;
1354 2133 1458 2177 eos
1518 2114 1803 2177 duntaxat
1825 2107 2034 2194 juvare
2114 2111 2611 2192 rarent,utlonge
2643 2110 2946 2174 inferioris
2981 2120 3206 2175 natura;
3238 2131 3371 2174 esse
3401 2115 3643 2195 vellent,
3670 2134 3782 2177 nec

338 2211 598 2280 queunt,
635 2201 866 2282 quibus
895 2203 1188 2284 spiritalis
1245 2204 1496 2267 scientia
1554 2203 1744 2279 deest,
1802 2205 2031 2266 caeteris
2116 2198 2250 2278 plus
2276 2217 2451 2280 quam
2480 2201 2724 2280 angelos
2756 2220 2890 2263 esse
2921 2201 3239 2279 sentirent,
3287 2221 3418 2283 quae
3447 2203 3573 2264 Arii
3605 2205 3782 2265 dein-

339 2291 584 2369 penitus
607 2291 946 2356 inutilia.Si
975 2294 1245 2374 spiritale
1278 2313 1483 2356 semen
1513 2294 1582 2356 ad
1619 2294 1870 2356 salutem
1906 2295 2031 2356 cfﬁ-
2115 2305 2257 2368 ceps
2290 2289 2660 2370 blasphemia
2691 2289 2955 2352 fuit.Nec
3006 2291 3221 2352 melius
3252 2300 3448 2353 actum
3481 2311 3614 2353 cum
3649 2293 3778 2376 Spi-

337 2398 470 2456 cax,
499 2399 575 2442 ex
605 2400 728 2461 quo
747 2383 940 2444 semel
965 2383 1252 2459 habitum,
1265 2384 1461 2464 perire
1484 2403 1784 2464 nunquam
1808 2394 2023 2464 potest,
2115 2376 2232 2438 ritu
2262 2387 2494 2457 sancto,
2529 2380 2631 2460 qui
2669 2388 2726 2440 et
2776 2379 2907 2460 ipse
2937 2379 3127 2458 gradu
3180 2381 3447 2460 dejectus
3497 2383 3568 2443 ad
3599 2401 3780 2463 ange-

339 2469 448 2530 sed
483 2478 747 2549 augetur
810 2489 1075 2552 semper,
1111 2472 1332 2534 crescit
1364 2482 1421 2534 et
1468 2474 1777 2554 perficitur
1810 2494 1824 2532 :
1887 2493 2028 2553 ergo
2115 2466 2310 2528 lorum
2341 2477 2563 2529 sortem
2607 2469 2902 2547 relegatus
2936 2478 3046 2530 est.
3079 2469 3300 2550 Sicque
3330 2489 3447 2531 una
3478 2480 3535 2533 et
3565 2476 3770 2535 eadem

336 2559 635 2639 quidquid
662 2569 846 2639 agant
872 2560 943 2638 ii,
976 2561 1194 2641 quibus
1227 2561 1562 2643 inspersum
1595 2563 1797 2637 fuerit,
1830 2564 2028 2643 quod-
2115 2555 2363 2618 haeresis
2387 2576 2456 2619 ea
2487 2558 2666 2620 simul
2693 2577 2919 2621 venena
2951 2560 3206 2622 miscere
3230 2561 3412 2636 novit,
3448 2580 3579 2640 quae
3608 2563 3772 2624 dein-

339 2666 585 2728 cunque
609 2650 920 2710 scelerum
943 2669 1134 2728 genus
1156 2659 1524 2732 perpeti-ent,
1560 2672 1594 2712 a
1624 2653 1813 2732 gratia
1841 2662 1898 2716 et
1928 2671 2025 2714 sa-
2113 2663 2252 2725 ceps
2284 2646 2517 2708 divisim
2567 2657 2880 2728 epotarent
2928 2648 3223 2711 Sabellius
3268 2659 3324 2711 et
3351 2650 3548 2713 Arius.
3584 2652 3769 2724 Quam

336 2736 461 2797 lute
488 2757 810 2819 nunquam
833 2739 1136 2801 excident.
1164 2739 1225 2803 Si
1250 2742 1510 2822 denique
1530 2760 1599 2802 ea
1615 2743 1900 2804 duntaxat
1926 2762 2024 2805 sa-
2115 2736 2335 2797 misere
2367 2737 2439 2798 ab
2471 2737 2545 2798 iis
2577 2738 2787 2800 violata
2845 2738 3109 2819 mysterii
3141 2741 3567 2805 lncarnationis
3597 2743 3768 2822 ﬁdes,

339 2827 523 2890 lutem
558 2828 935 2909 percipiunt,
969 2847 1101 2910 qua;
1131 2830 1398 2910 suscepit
1440 2831 1733 2907 Christus,
1766 2833 2024 2911 hylicum
2113 2843 2182 2886 ex
2215 2827 2390 2906 paulo
2417 2835 2554 2888 ante
2583 2828 2753 2888 dictis
2783 2828 3160 2890 manifestum
3194 2837 3303 2890 est.
3339 2830 3427 2892 lbi
3470 2849 3582 2894 nec
3613 2835 3770 2894 Deus

338 2935 479 2979 vero
501 2918 654 2979 nihil
677 2919 1016 2998 assumpsit
1039 2939 1053 2978 :
1078 2937 1218 2998 ergo
1251 2919 1401 2981 nihil
1427 2921 1780 3002 corporibus
1803 2923 2029 3002 imper-
2116 2931 2356 2977 carnem
2393 2917 2680 2998 suscepit,
2731 2935 2841 2979 nec
2868 2926 3063 2992 natus,
3109 2936 3217 2979 nec
3247 2937 3456 2998 passus
3499 2920 3562 2980 in
3591 2939 3772 2982 carne

337 3007 481 3068 titus
504 3017 619 3083 est,
663 3007 869 3088 iisque
901 3008 1069 3070 nulla
1099 3009 1400 3090 speranda
1443 3011 1832 3075 resurrectio.
1886 3012 2032 3075 Tam
2117 3011 2232 3088 est,
2267 3026 2379 3069 nec
2415 3007 2676 3069 Verbum
2732 3027 2868 3070 caro
2922 3008 3141 3071 factum
3191 3019 3323 3087 est;
3357 3029 3469 3072 nec
3497 3013 3770 3075 Christus

335 3102 506 3160 arcte
524 3117 667 3160 cum
687 3099 821 3160 suis
851 3099 1166 3179 principiis
1191 3101 1498 3162 cohaerent
1528 3120 1613 3162 ea;
1643 3105 2028 3164 consecutio-
2062 3177 2084 3179 _,
2115 3113 2294 3157 verus
2324 3096 2501 3158 homo
2531 3098 2664 3174 fuit,
2701 3098 2806 3159 sed
2833 3097 3094 3158 hominis
3125 3099 3511 3161 simulacrum
3539 3111 3598 3162 et
3621 3121 3771 3164 vana

337 3197 546 3262 nes,ut
568 3205 675 3249 eas
716 3177 971 3267 ipsimet
1015 3177 1421 3252 Valentiniani
1459 3209 1600 3252 suas
1631 3191 1824 3272 palam
1858 3191 2028 3256 fateri
2049 3177 2088 3227 C
2113 3190 2372 3266 Species,
2405 3206 2540 3268 quae
2570 3206 2784 3249 sensus
2816 3187 3148 3250 deluderet.
3172 3187 3295 3249 Etsi
3326 3187 3766 3270 Scripturarum

343 3295 463 3337 non
487 3279 959 3340 erubescerent.

427 3370 526 3429 75.
548 3365 718 3440 Jam,
745 3377 922 3447 puto,
949 3367 1151 3430 nullus
1175 3367 1611 3450 deinceps,nisi
1629 3370 1730 3452 qui
1758 3379 2024 3433 veterum

331 3458 612 3518 omnium
644 3455 1033 3519 auctoritatis
1081 3458 1292 3539 jugum
1351 3459 1640 3522 audacius
1671 3463 2022 3540 excusserit,

332 3544 807 3608 Valentinianos
835 3545 909 3606 iis
941 3563 1214 3608 errorum
1250 3549 1543 3628 portentis
1574 3549 1885 3614 absolvere
1928 3572 2028 3615 co-
2052 3595 2073 3604 η

330 3635 576 3714 gitabit,
613 3634 846 3716 quibus
873 3635 1303 3698 insimulantur
1333 3647 1454 3699 tum
1486 3638 1560 3700 ab
1592 3641 1840 3712 Irenaeo.
1875 3650 2028 3706 teste

327 3725 504 3787 omni
527 3725 903 3805 exceptione
935 3726 1169 3806 majori,
1208 3734 1332 3788 tum
1377 3746 1412 3788 a
1441 3729 1677 3791 caeteris
1728 3731 2023 3798 Patribus.

326 3813 466 3877 Imo
489 3815 766 3897 stupebit
787 3813 1072 3878 cordatus
1094 3817 1374 3898 quisque,
1400 3835 1472 3879 eo
1491 3837 1680 3898 usque
1713 3821 2025 3883 temerita-

331 3906 417 3966 tis
439 3907 800 3986 prorupisse
820 3904 1110 3984 quosdam
1135 3907 1598 3976 recentiores,ut
1615 3911 1850 3970 testium
1879 3930 2027 3974 coae-

332 4004 666 4057 taneorum
713 3995 1216 4075 oculatorumque
1254 3997 1606 4059 auctoritate
1639 3999 1882 4071 elevata,
1923 4019 2028 4064 eos

331 4102 639 4146 excusare
673 4085 848 4145 vanis
876 4084 1190 4163 argutiolis
1220 4086 1510 4166 nitantur,
1548 4106 1698 4168 quos
1729 4089 1815 4150 illi
1847 4090 2026 4152 certis

325 4173 685 4235 rationibus
747 4172 1111 4255 invictisque
1170 4174 1527 4237 testimoniis
1549 4195 1686 4240 reos
1717 4197 1848 4242 esse
1879 4199 2022 4260 pro-

330 4261 523 4354 bant;
560 4272 626 4354 et
658 4279 740 4323 ne
772 4261 1077 4354 desipiant
1106 4265 1324 4345 perditi
1349 4265 1648 4354 homines,
1677 4267 2025 4334 immaniter

334 4351 688 4433 desipuisse
722 4360 967 4414 sanctos
999 4352 1199 4415 Patres
1232 4355 1484 4416 innuere
1528 4351 1648 4417 non
1677 4369 2016 4422 vereantur.

329 4444 698 4517 Attendant,
723 4459 951 4522 quaeso,
987 4442 1232 4522 benigni
1262 4445 1348 4506 illi
1377 4445 1791 4508 haereticorum
1826 4448 2019 4512 inter-

332 4541 572 4612 pretes,
607 4540 759 4613 quot
782 4539 842 4592 et
872 4541 1088 4612 quanta
1121 4535 1441 4613 postremis
1465 4535 1631 4598 hisce
1665 4539 1897 4601 saeculis
1926 4559 2014 4602 er-

331 4639 552 4684 rorum
616 4634 913 4696 monstra,
968 4623 1300 4703 stolidaque
1361 4624 1574 4685 deliria
1611 4632 1911 4706 pepererit
1959 4631 2021 4691 in

339 4712 584 4792 Anglia,
620 4711 974 4788 Germania,
1026 4712 1366 4793 Hollandia,
1416 4713 1534 4775 imo
1571 4716 1774 4796 pain-is
1803 4719 2023 4781 abhinc

344 4806 518 4863 annis
551 4803 614 4862 in
647 4801 845 4863 Gallia
907 4803 1062 4864 male
1116 4821 1329 4863 sanum
1381 4803 1774 4867 fanaticorum
1809 4817 2018 4887 caput;

347 4893 562 4972 quibus
597 4902 799 4955 tamen
825 4895 918 4955 sui
950 4913 1070 4955 non
1123 4894 1446 4956 defuerunt
1502 4896 1771 4979 asseclze,
1826 4916 2023 4978 neque

339 5001 594 5044 numero
628 4982 828 5065 pauci,
866 5001 1068 5065 neque
1097 4984 1309 5045 ordine
1335 4992 1395 5044 et
1423 4984 1673 5048 scientia
1702 4987 1931 5049 inﬁmi:
1969 4996 2025 5048 et

330 5074 453 5151 jam
487 5073 669 5134 ﬁdem
703 5092 992 5155 superare
1025 5093 1145 5135 non
1180 5072 1498 5149 videbitur,
1534 5078 1823 5154 quosdam
1860 5077 2022 5156 prio-

338 5180 473 5224 rum
497 5163 854 5228 szeCulorum
871 5163 1165 5227 homines
1187 5164 1273 5224 sic
1290 5163 1630 5238 insaniisse,
1653 5175 1715 5228 ut
1746 5173 2027 5228 enarrant

345 5254 568 5316 Patres.
630 5255 743 5317 Sed
810 5255 1020 5318 missis
1078 5253 1248 5315 hisce
1294 5255 1861 5316 concertationibus.
1898 5274 2029 5336 quae

346 5343 630 5408 hactenus
647 5346 944 5420 diximus,
971 5343 1305 5427 perspicue
1324 5341 2029 5421 demonstrant,Valenti-

345 5436 540 5500 nianos
553 5457 739 5522 puros
761 5449 1093 5522 putosque
1119 5433 1392 5496 ethnicos
1420 5430 1626 5510 fuisse,
1662 5437 1762 5516 qui
1793 5435 2027 5498 ridicu-

370 5670 614 5740 εὶιίὁ..
646 5690 692 5752 ι,
735 5690 795 5736 c.
833 5670 904 5743 5,
943 5683 1018 5726 η.
1055 5661 1124 5722 3-

2111 3274 2281 3337 libris
2309 3283 2368 3338 et
2387 3277 2584 3338 verbis
2607 3277 2876 3358 pepercit
2899 3277 3192 3339 scelerata
3209 3279 3506 3341 Valentini
3531 3299 3765 3362 manus,

2111 3382 2212 3427 eas
2244 3373 2440 3428 tamen
2473 3385 2506 3427 a
2535 3385 2768 3428 summo
2826 3366 3093 3428 omnium
3144 3369 3396 3430 Parente
3451 3370 3770 3451 inspiratas

2110 3473 2384 3534 negasse,
2410 3456 2469 3516 in
2498 3457 2723 3518 fabulas
2755 3455 3355 3546 fmdedetoﬁrquendo
3387 3463 3766 3546 convertisse,

2112 3560 2304 3607 sacrae
2315 3545 2719 3626 apostolorum
2737 3545 3041 3606 traditioni
3061 3545 3444 3612 delirantium
3456 3545 3765 3614 hominum

2111 3651 2297 3713 nugas
2327 3634 2722 3706 substituisse,
2757 3635 2865 3697 Dei
2896 3634 3160 3698 Verbum
3194 3639 3444 3718 turpiter
3469 3640 3767 3720 abjecisse

2110 3722 2338 3786 fuit.De
2370 3723 2597 3785 arbitrii
2627 3724 3346 3808 libertate,bonorumque
3373 3747 3623 3809 operum
3653 3751 3764 3794 ne-

2110 3813 2388 3875 cessitate
2419 3815 2568 3876 nihil
2626 3815 2820 3877 dicam
2858 3835 2878 3876 :
2937 3815 3119 3893 aliud,
3171 3817 3425 3878 maxima
3453 3820 3664 3882 saltem
3694 3841 3763 3884 ex

2073 3959 2078 3962 _
2111 3913 2303 3984 parte,
2331 3905 2487 3966 fatali
2517 3905 2875 3968 necessitate
2905 3906 3320 3983 constrictum;
3344 3907 3622 3991 alterum,
3653 3929 3762 3974 ceu

2109 3994 2255 4056 viles
2280 3994 2637 4075 quisquilize,
2671 3995 2744 4056 ad
2777 4013 2880 4055 eos
2905 3995 3309 4073 amandatum,
3331 4016 3482 4077 quos
3509 4001 3762 4081 spiritali

2109 4083 2341 4145 semine
2365 4083 2521 4145 haud
2553 4083 2940 4164 iuspersisset
2973 4103 3158 4156 mater
3177 4084 3506 4149 Achamoth
3538 4107 3552 4152 :
3587 4100 3653 4154 ut
3679 4093 3764 4153 sic

2108 4173 2165 4232 in
2197 4173 2520 4254 Scripturis
2550 4173 2698 4234 nihil
2722 4173 3142 4235 intemeratum
3177 4184 3466 4258 maneret,
3499 4179 3603 4242 sed
3638 4189 3758 4242 tum

2105 4261 2400 4342 dogmata,
2438 4272 2560 4325 tum
2592 4273 2888 4345 praecepta
2918 4263 3152 4344 penitus
3179 4274 3448 4330 ruerent.

2190 4443 2288 4504 76.
2317 4441 2453 4504 Haec
2483 4443 2558 4504 de
2584 4443 2796 4506 haeresi
2823 4443 3239 4507 Valentiniana
3285 4446 3540 4510 dicenda
3588 4451 3760 4513 nobis

2043 4514 2085 4563 θ
2105 4539 2296 4594 erant.
2331 4533 2393 4595 Si
2451 4534 2512 4594 in
2544 4553 2614 4594 ea
2662 4534 3015 4614 explicanda
3046 4534 3219 4616 paulo
3249 4536 3552 4616 longiores
3573 4543 3757 4603 exsti-

2107 4621 2592 4698 terimus,Irenaei
2615 4625 2887 4705 exemplo
2902 4624 3284 4707 fecimus,qui
3303 4627 3455 4690 hanc
3479 4629 3653 4707 longe
3673 4632 3759 4692 fu-

2103 4710 2247 4772 siori
2261 4720 2318 4772 et
2333 4713 2685 4774 accuratiori
2699 4715 2844 4794 stylo
2859 4733 3034 4795 quam
3051 4725 3295 4777 caeteras
3308 4719 3758 4798 omnes[XLVlI|

2108 4811 2456 4881 persecutus
2491 4812 2602 4866 est.
2639 4806 2786 4867 Cum
2818 4811 2980 4866 enim
3010 4806 3072 4866 in
3106 4825 3258 4887 eam,
3317 4817 3380 4868 ut
3412 4809 3542 4889 plus
3571 4811 3759 4872 semel

2107 4893 2322 4953 asserit
2349 4895 2433 4969 83,
2482 4905 2759 4976 tanquam
2823 4895 2882 4956 in
2936 4897 3229 4957 sentinam
3261 4901 3579 4977 quamdam
3611 4919 3757 4962 con-

2107 4983 2664 5046 ﬂuxerintomnium
2685 4986 3104 5048 haereticorum
3124 4988 3333 5048 sordes
3359 4997 3417 5049 et
3435 4990 3757 5069 spurcitiae,

2110 5075 2230 5149 vel,
2263 5081 2329 5135 ut
2360 5074 2561 5136 verbis
2585 5077 2713 5156 eius
2738 5077 3760 5160 υιειτ,ἀνακεφκλαίωσις,νεοαρὶτιιια-

2111 5165 2196 5224 tio
2229 5165 2492 5226 omnium
2517 5167 2627 5241 sit;
2664 5185 2732 5227 ea
2762 5167 2946 5228 semel
2998 5175 3160 5228 recte
3189 5168 3478 5249 exposita,
3531 5179 3762 5231 eceterae

2112 5254 2256 5314 nihil
2285 5263 2384 5316 aut
2416 5274 2623 5335 parum
2657 5256 2888 5335 negotii,
2910 5257 3205 5337 facessgre
3238 5266 3533 5337 poterunt.
3569 5259 3761 5331 Quare

2113 5344 2255 5405 etin
2286 5347 2400 5407 hoc
2416 5323 2596 5409 etiam
2630 5323 2919 5409 [renatum
2962 5323 3345 5423 imitmiimur,
3372 5349 3528 5427 quod
3551 5367 3656 5410 eas
3677 5349 3761 5410 le-

2113 5435 2236 5495 vius
2266 5436 2725 5516 prstringemus,
2763 5456 2834 5500 ea
2861 5435 3143 5498 duntaxat
3189 5437 3595 5518 observantes,
3631 5458 3761 5521 qua)

1242 5659 1403 5723 8319.
1441 5658 1614 5723 Praef.
1650 5659 1755 5722 lib.
1799 5675 1882 5739 nt,
1921 5666 1977 5720 et
2005 5657 2313 5720 Paeti-lib.
2349 5674 2426 5721 IV.
