4152 6390
495 324 605 388 103

1273 303 1920 390 DISSERTATIONES
1961 323 2290 391 PREVLE
2333 325 2412 392 IN
2460 328 2750 392 IRENIEI
2796 329 3088 392 LIBROS.

3764 335 3877 398 104

495 458 817 540 unicuique
843 459 1082 539 propria
1103 467 1417 532 erunt,nec
1441 459 1574 520 aliis
1605 458 2150 521 communia.Post-
2173 473 2214 519 Α
2239 459 2551 520 commodo
2584 458 2968 521 consulentes
3011 459 3404 539 servabimus,
3437 480 3615 543 quem
3642 468 3883 527 servavit

494 549 686 628 posito
719 556 1054 629 temporum
1112 549 1348 624 ordine,
1399 567 1535 611 cum
1571 557 1824 626 tantum,
1861 547 2149 610 lectorum

2236 556 2444 610 auctor
2471 560 2696 611 noster.

1700 849 2406 944 ARTICULUS
2492 851 2618 941 ll'

1531 1076 1641 1148 DE
1717 1074 2210 1147 VALENTINI
2285 1073 2808 1156 DISCIPULIS,

577 1390 676 1450 77.
702 1391 1071 1453 Consensum
1097 1390 1157 1452 in
1171 1411 1348 1454 unam
1365 1393 1568 1464 ﬁdem,
1584 1392 1946 1474 peculiarem
1966 1387 2160 1454 solius

496 1496 648 1540 verte
695 1498 764 1541 ac
811 1481 1123 1542 catholica
1173 1481 1394 1544 Christi
1422 1482 1712 1545 Ecclesiae
1733 1483 1968 1545 laudem
1989 1497 2160 1554 esse;

495 1568 807 1632 discordes
828 1589 966 1632 vero
989 1571 1362 1652 turpiterque
1387 1591 1588 1636 secum
1617 1582 1944 1653 pugnantes
1968 1572 2028 1633 in
2046 1570 2161 1633 ﬁde

496 1660 916 1735 sententias,in
964 1662 1277 1723 haereticos
1325 1681 1536 1724 omnes
1584 1665 1821 1741 praprie
1865 1660 2160 1743 quadrare

501 1747 721 1827 passim
745 1756 908 1810 notat
930 1748 1284 1812 Irenaeust
1332 1751 1441 1811 etsi
1465 1751 1540 1813 de
1567 1749 1864 1812 haereticis
1880 1748 2159 1810 omnibus

498 1836 900 1908 verissimum,
931 1857 1227 1918 nusquam
1251 1847 1448 1902 tamen
1468 1840 1689 1901 clarius
1727 1839 1942 1914 elucet,
1977 1857 2154 1920 quam

2245 1410 2393 1468 τερον
2416 1387 2469 1444 δὲ
2492 1392 2635 1470 ἦχον
2658 1392 2730 1454 εἷς
2761 1389 2926 1454 ἀκοὰς
2950 1395 3057 1446 τῶν
3079 1385 3584 1468 ἐμϐεϐροντημένων
3605 1389 3890 1471 ἐξήχησεν.

2243 1476 2426 1538 Addit
2449 1477 2835 1557 Augustinus.
2861 1479 3276 1542 Secundianos
3304 1476 3416 1540 hoc
3439 1495 3475 1541 a
3512 1477 3895 1542 Valentinia-

2243 1568 2341 1628 nis
2363 1567 2590 1629 distare
2617 1568 2767 1643 diei,
2795 1568 2955 1648 quod
2981 1567 3212 1629 addant
3240 1584 3426 1649 opera
3456 1569 3898 1649 turpitudinis;

2242 1657 2396 1719 forte
2427 1657 2565 1738 quia
2597 1666 2828 1738 turpem
2862 1667 2921 1719 et
2950 1656 3272 1718 obscenam
3331 1657 3634 1719 Valentini
3684 1658 3902 1720 doctri-

2242 1764 2377 1808 nam
2411 1745 2822 1828 impudentius
2855 1745 3255 1827 praedicabant
3299 1747 3584 1828 omnique
3632 1747 3902 1829 deposita

2239 1835 2602 1898 verecundia
2649 1845 2782 1898 actu
2815 1835 3226 1916 perﬁciebant.
3253 1833 3457 1916 Neque
3488 1837 3649 1898 enim
3686 1838 3876 1918 princi

501 1927 598 1986 ubi
621 1925 696 1988 de
715 1925 1008 1988 Gnosticis
1028 1945 1095 1988 ac
1119 1928 1552 1990 Valentinianis
1577 1947 1777 1990 sermo
1799 1929 2159 1991 estJJiscre-
2183 1927 2220 1976 Β
2245 1925 2476 2007 piorum
2531 1935 2808 1988 auctores
2838 1935 3029 1999 erant,
3093 1924 3195 1986 scd
3228 1926 3357 1987 haec
3389 1943 3423 1987 a
3451 1925 3769 1990 Valentino
3798 1947 3899 1989 ac-

501 2024 674 2094 pant,
702 2015 894 2096 inquit
909 2017 1009 2078 ille
1029 2019 1116 2090 84,
1141 2018 1218 2079 ab
1235 2020 1495 2080 invicem
1515 2026 1569 2080 et
1594 2020 1867 2080 doctrina
1880 2025 1940 2080 et
1958 2019 2160 2080 tradi-

503 2105 760 2178 tione;et
781 2107 888 2183 qui
907 2109 1283 2169 recent-iores
1300 2125 1506 2169 eorum
1529 2108 2161 2187 agnoscuntur,affee-

500 2201 636 2255 tant
648 2211 764 2272 per
778 2198 872 2255 sin
880 2199 1058 2276 gulos
1071 2197 1201 2258 dies
1222 2214 1438 2258 novum
1456 2197 1696 2278 aliquid
1719 2199 2163 2272 adinvenire,et

499 2284 872 2361 fructiﬁcare
894 2286 1052 2364 quod
1066 2305 1382 2366 nunquam
1427 2290 1746 2368 quisquam
1768 2287 2156 2367 excogitavit.

500 2371 570 2432 Et
593 2372 914 2436 alibi85:Ab
931 2375 1026 2437 his
1039 2382 1234 2437 autem
1254 2377 1360 2455 qui
1375 2377 1656 2456 praedicti
1673 2377 1972 2455 sunt,jam
1996 2375 2159 2438 mul-

489 2468 564 2525 ta:
578 2465 949 2544 prepagines
968 2465 1301 2528 multarum
1337 2465 1642 2528 haeresum
1679 2468 1866 2545 factae
1893 2473 2062 2540 sunt,
2091 2484 2160 2528 eo

489 2553 931 2632 quodmultiea:
955 2557 1127 2635 ipsis,
1149 2557 1268 2617 imo
1284 2573 1486 2617 omnes
1512 2555 1984 2618 velintdoctores
2001 2573 2152 2632 esse,

487 2648 546 2702 et
557 2641 870 2704 abscedere
883 2645 1126 2723 quidem
1139 2644 1214 2704 ab
1227 2645 1449 2706 haeresi
1461 2645 1526 2706 in
1540 2663 1658 2724 qua
1669 2647 1945 2724 fuerunt,
1981 2644 2159 2708 aliud

487 2738 683 2792 autem
700 2731 919 2812 dogma
934 2733 1146 2796 abalia
1162 2737 1480 2805 sententia,
1509 2744 1562 2796 et
1591 2735 1872 2815 deinceps
1893 2737 2158 2797 alteram

485 2819 560 2881 ab
573 2819 770 2882 altera
785 2831 1385 2902 componentesmove
1396 2823 1604 2887 docere
1616 2825 1939 2897 insistunt;
1951 2831 2160 2887 semet-

483 2910 645 2989 ipsos
665 2909 1102 2974 adinventores
1128 2915 1442 2976 sententia
1463 2931 1893 2995 quamcunque
1909 2932 2152 2996 compe-

483 3001 1340 3083 gerint,enarrantes.Nempe
1358 3023 1568 3065 omnes
1599 3022 1764 3065 nova:
1793 3004 2155 3073 inventionis

485 3088 732 3166 gloriam
760 3090 1097 3170 captabant,
1150 3099 1230 3166 et,
1291 3100 1356 3154 ut
1399 3111 1619 3155 nomen
1675 3092 1791 3154 sibi
1821 3094 1978 3174 apud
2013 3111 2155 3155 suos

2245 2016 2662 2098 eeperant,qui
2693 2016 2742 2076 si
2764 2015 3076 2096 discipulis
3100 2015 3314 2076 melior
3331 2015 3574 2088 exstitit,
3587 2016 3740 2079 forte
3768 2023 3902 2096 quia

2247 2105 2422 2186 paulo
2453 2105 2868 2168 verecundior.
2905 2103 2974 2166 Et
3005 2104 3088 2166 ita
3119 2103 3305 2166 sensit
3333 2103 3740 2168 Damascenus
3761 2107 3901 2168 scri-

2251 2196 2397 2257 bens
2422 2195 2482 2256 in
2514 2195 2622 2258 lib.
2656 2196 2740 2258 De
2788 2197 3003 2258 haeres.
3064 2193 3472 2257 Secundianos
3520 2197 3900 2258 consensisse

2245 2304 2381 2346 cum
2415 2285 2759 2366 Valentino,
2794 2285 2910 2346 nisi
2941 2284 3097 2365 quod
3127 2303 3261 2346 eum
3283 2285 3341 2346 in
3366 2285 3641 2348 docenda
3666 2293 3728 2348 et
3747 2305 3904 2348 com-

2245 2375 2638 2436 memoranda
2685 2375 3048 2437 obscenitate
3105 2373 3283 2454 longe
3312 2374 3688 2456 multumque
3719 2395 3900 2456 supe—

2241 2464 2451 2527 rarint.

2326 2555 2421 2615 79.
2473 2552 2750 2616 Secundo
2809 2554 3087 2618 tribuunt
3129 2552 3391 2636 [renatus
3421 2560 3482 2614 et
3508 2552 3900 2634 Epiphanius,

2241 2643 2403 2721 quod
2437 2643 2809 2705 octonarium
2845 2645 3102 2725 primum
3131 2641 3476 2706 distinxerit
3504 2643 3565 2703 in
3588 2651 3902 2722 quaterna-

2239 2732 2393 2793 rium
2449 2732 2720 2794 dextrum
2781 2742 2840 2795 et
2879 2734 3214 2810 sinistrum,
3250 2732 3454 2794 lumen
3505 2741 3563 2794 et
3591 2731 3900 2794 tenebras.

2240 2824 2408 2885 Nova
2432 2823 2673 2903 quidem
2709 2823 3158 2904 etaanigmatica
3202 2823 3404 2905 verba,
3430 2821 3534 2884 sed
3558 2841 3679 2884 non
3714 2840 3905 2882 novus

2242 2930 2429 2975 error.
2466 2911 2571 2974 His
2594 2911 2754 2973 enim
2779 2912 3176 2992 signiﬁcabat,
3211 2921 3273 2972 ut
3303 2929 3483 2992 supra
3502 2912 3901 2982 ostendimus,

2240 3001 2498 3082 primum
2524 3001 2896 3062 octonarium
2913 3019 2984 3063 ex
2998 3001 3223 3081 duplici
3235 3001 3615 3081 quaternario
3628 3001 3905 3076 conﬂari;

2238 3091 2428 3152 altero
2463 3109 2534 3152 ex
2565 3089 2897 3171 imparibus
2926 3091 3373 3171 numeris,quos
3402 3107 3472 3151 ex
3499 3090 3906 3170 Pythagoreo-

483 3178 772 3251 facerent,
809 3190 1076 3243 veterem
1110 3199 1373 3244 errorem
1411 3182 1473 3245 hi
1503 3184 1672 3245 novis
1704 3185 2015 3246 erroribus
2045 3204 2149 3246 cu-
2171 3179 2211 3229 C
2234 3197 2370 3242 rum
2399 3188 2601 3242 mente
2635 3181 2877 3242 dextros
2907 3190 2965 3242 et
3009 3180 3252 3256 faustos,
3307 3179 3495 3242 altero
3526 3197 3596 3242 ex
3627 3178 3902 3260 paribus,

483 3268 732 3342 mulare,
767 3269 856 3330 illi
915 3270 1084 3332 novis
1141 3271 1352 3334 saltem
1414 3291 1483 3334 ac
1516 3273 1775 3335 insolitis
1807 3273 2153 3336 nominibus

481 3375 699 3421 ornare
728 3359 1073 3425 studebant.
1103 3360 1230 3433 Qua
1263 3363 1423 3423 enim
1448 3363 1727 3425 libertate
1756 3381 1789 3424 a
1812 3363 1938 3424 suis
1967 3365 2152 3442 magi-

477 3446 638 3528 stris,
673 3449 975 3511 veteribus
1019 3449 1339 3528 Gnosticis,
1378 3451 1435 3513 in
1471 3451 1746 3533 pluribus
1791 3451 2154 3515 discesserat

2235 3287 2385 3350 quos
2417 3270 2699 3332 sinistros
2757 3277 2816 3330 et
2870 3269 3164 3331 infaustos
3212 3268 3478 3331 vocabat.
3511 3267 3786 3349 Idipsum
3815 3279 3905 3330 est

2235 3357 2394 3439 quod
2428 3356 2778 3423 Ptolemaici
2805 3358 3260 3438 quaternionem
3289 3357 3686 3420 masculinum
3720 3368 3780 3420 et
3808 3359 3902 3420 fe-

2235 3447 2532 3509 mininum
2566 3447 2968 3528 appellabant.
3006 3448 3074 3510 In
3104 3466 3176 3510 eo
3233 3465 3370 3510 vero
3397 3446 3472 3508 ab
3503 3446 3599 3508 his
3628 3456 3692 3510 et
3721 3466 3758 3509 a
3790 3446 3902 3510 Va-

479 3534 1067 3614 Valentinus,eadem
1098 3539 1172 3601 ab
1200 3540 1333 3622 ipso
1365 3541 1426 3601 in
1463 3541 1664 3602 multis
1691 3559 2002 3603 secessere
2028 3542 2156 3604 dis-
2235 3535 2464 3598 lentino
2495 3536 2774 3600 discessit
2818 3536 3109 3619 ille,quod
3154 3539 3468 3613 Virtutem,
3494 3556 3627 3619 qua;
3656 3556 3787 3620 prae
3817 3546 3903 3600 te-

478 3627 2152 3710 cipuliejus,Secundus.Epiphanes,Ptolemaeus,Color-
2236 3627 2509 3689 maritate
2541 3625 2912 3708 defecit,non
2939 3646 2974 3689 a
2992 3627 3234 3707 triginta
3260 3628 3556 3690 [Eonibus
3577 3628 3895 3702 derivarit,

482 3715 685 3793 basus,
721 3721 981 3793 Marcus,
1011 3727 1069 3780 et
1098 3719 1222 3782 alii:
1251 3722 1401 3781 adeo
1433 3728 1498 3781 ut
1526 3719 1958 3782 Tertulliani“
1978 3728 2149 3785 astate
2231 3715 2339 3777 88d
2370 3735 2404 3778 ει
2433 3715 2720 3778 fructibus
2751 3732 2985 3780 eorum.
3009 3717 3252 3786 Scilicet
3267 3719 3544 3798 angelum
3569 3718 3898 3799 quemdam

482 3823 692 3886 purus,
737 3813 797 3868 et
827 3807 1066 3888 qualem
1101 3808 1537 3888 excogitaverat
1586 3809 1715 3890 ipse
1764 3811 2141 3892 Valentinus,
2227 3803 2537 3868 inferioris
2566 3805 2798 3868 ordinis
2829 3824 2963 3869 esse
2993 3807 3183 3885 ﬁnxit,
3218 3825 3295 3870 ne
3325 3825 3442 3889 qua
3461 3806 3596 3871 labe
3615 3826 3900 3890 asperge-

482 3894 1057 3959 Valentinianismus
1098 3897 1223 3976 jam
1273 3897 1488 3959 nullibi
1536 3906 1855 3974 terrarum,
1890 3908 2142 3982 prater-
2224 3903 2392 3956 retur
2419 3894 2699 3976 superius
2727 3894 3031 3960 Pleroma.

476 4002 653 4065 quam
713 3985 1070 4062 Antiochiae,
1127 3985 1238 4048 sub
1294 3987 1584 4051 Axionico
1630 3987 1874 4068 vigeret.
1930 3988 2142 4054 Caeteri
2763 3987 2840 4052 ΙΙ.
2881 3987 2968 4052 De
2993 3990 3344 4072 Epiphane.

477 4091 691 4168 omnes
712 4093 861 4168 nova
883 4083 1157 4156 suscepta
1176 4075 1708 4168 larva,oblitterato
1731 4080 1909 4141 etiam
1931 4081 2143 4159 magis-
2305 4086 2404 4149 80.
2441 4082 2779 4146 Proximum
2831 4082 3108 4147 Secundo
3165 4085 3468 4148 subnectit
3510 4085 3894 4168 Epiphanem

480 4163 554 4257 tri
585 4164 855 4240 nomine,
885 4183 1062 4228 suum
1093 4167 1350 4248 quisque
1379 4167 1592 4230 haeresi
1636 4169 1893 4249 proprias
1921 4187 2142 4232 nomen
2224 4175 2486 4238 Irenaeus
2517 4196 2530 4235 :
2566 4173 2641 4236 de
2681 4174 2795 4236 hoc
2843 4175 3030 4257 enim,
3083 4194 3197 4238 nec
3236 4175 3313 4238 de
3341 4177 3458 4238 alio
3490 4163 3898 4257 intelligenda

479 4253 914 4333 imposuerunt.
2224 4283 2356 4346 quae
2385 4266 2445 4327 in
2475 4263 2661 4326 veteri
2708 4262 2921 4326 Irenaei
2967 4253 3171 4328 Latina
3203 4253 3717 4346 interpretatione
3743 4265 3896 4347 legi-

2225 4355 2570 4416 muszAlius
2591 4371 2733 4415 vero
2755 4355 3029 4434 quidam,
3056 4357 3166 4435 qui
3181 4365 3238 4418 et
3267 4354 3472 4419 clarus
3489 4363 3578 4419 est
3593 4359 3895 4438 magister

561 4442 663 4505 78.
697 4441 1120 4524 Primusquem
1147 4443 1681 4524 postValentinum
1706 4443 1976 4525 proxime
2007 4463 2140 4507 me-
2166 4447 2534 4525 Dipsorum,
2567 4452 2682 4504 etc.
2717 4442 2978 4514 Quarum
3011 4445 3254 4525 quidem
3301 4444 3627 4508 verborum
3673 4448 3893 4510 Graeca

480 4534 1014 4608 morantlrenzeus,
1049 4533 2132 4615 Epiphanius,Theodoretus,Tertul-
2216 4533 2533 4615 licetapud
2554 4531 2952 4613 Epiphaniam
2976 4533 3646 4609 desiderentur,merito
3680 4543 3890 4598 tamen

476 4622 1296 4714 lianus,_vel_quisquisalius
1326 4633 1536 4686 auctor
1578 4632 1666 4685 est
1695 4623 2126 4714 Additamenti,
2215 4624 2301 4685 sic
2326 4622 2608 4714 habuisse
2638 4622 2884 4714 conjicit
2914 4623 3272 4714 Pearsonius
3307 4643 3321 4688 :
3388 4616 3597 4689 ’Ἄλλος
3653 4623 3709 4681 δέ
3772 4649 3888 4714 τις,

1065 4352 1112 4412 Ι.
1151 4349 1241 4413 De
1270 4349 1573 4415 Secundo.

474 4712 632 4792 quod
651 4712 723 4773 ad
748 4712 973 4774 calcem
1000 4711 1136 4774 libri
1158 4712 1247 4774 De
1291 4713 1861 4794 praescriptionibus
1889 4713 2125 4792 legitur,

473 4801 837 4880 Augustinus
887 4811 949 4864 et
994 4802 1117 4876 alii,
1165 4801 1474 4865 Secundus
1506 4811 1616 4866 est.
1650 4803 1792 4876 Quis
1824 4811 1882 4865 et
1911 4804 2124 4884 qualis,

475 4909 665 4971 quove
713 4891 774 4952 in
823 4891 951 4955 loco
1013 4899 1208 4966 natus,
1268 4901 1532 4956 veterum
1561 4911 1737 4955 nemo
1770 4893 2026 4976 scripsit.
2061 4893 2129 4958 Id

474 4981 759 5042 duntaxat
789 4999 859 5042 ex
907 4981 1244 5062 Epiphanio
1286 4983 1347 5033 87
1379 4982 1688 5065 discimus,
1721 4982 1878 5064 quod
1908 4984 2127 5047 Valen-

476 5071 598 5132 tino
629 5089 884 5146 003N118,
923 5073 1267 5150 magistrum
1302 5092 1452 5134 novo
1505 5073 1702 5154 aliquo
1733 5074 1974 5135 invento
2029 5093 2130 5136 su-

475 5178 684 5240 perare
705 5160 791 5234 sic
836 5161 1126 5240 gestierit,
1159 5171 1223 5223 ut
1249 5169 1445 5225 tamen
1474 5163 1632 5244 quod
1660 5163 1948 5226 intererat
1976 5162 2134 5227 inter

477 5250 1156 5331 utrumquediscrimen,
1190 5257 1378 5314 totum
1413 5252 1538 5315 fere
1557 5252 1618 5314 in
1639 5253 1838 5314 verbis
1865 5254 2124 5318 haeserit.

473 5340 623 5401 Nam
654 5339 887 5415 eadem,
925 5358 1058 5420 quae
1079 5340 1451 5418 Valentinus,
1486 5341 1742 5406 docebat
1770 5343 1992 5423 omnia,
2021 5343 2155 5405 sed”

473 5427 762 5508 ampliore
782 5428 980 5490 sonitu
1003 5430 1362 5492 furiosorum
1394 5449 1569 5494 aures
1600 5431 1883 5512 opplebat
1908 5450 1921 5495 :
1951 5434 2130 5490 Πάντα

473 5519 572 5595 μὲν
613 5519 680 5575 τὰ
721 5521 859 5577 κατὰ
929 5522 1021 5577 τὸν
1079 5521 1428 5580 Οὖαλεντϊνδν
1498 5521 1797 5603 ἐξηγεῖται,
1871 5524 2127 5602 περισσό-

2214 4717 2242 4770 ὁ
2284 4715 2375 4770 καὶ
2419 4711 2743 4792 Ἐπιφανής,
2776 4711 3087 4778 διδάσκαλος
3144 4717 3338 4777 αὐτῶν,
3386 4715 3499 4781 Ubi
3552 4711 3887 4796 imperitus

2212 4803 2516 4883 interpres
2547 4800 2765 4863 misere
2796 4801 3018 4883 lapsus,
3051 4804 3418 4868 Tertulliano
3451 4806 3888 4870 oﬂ’endiculum

2214 4891 2504 4974 praebuit;
2551 4907 2689 4951 nam
2745 4899 2803 4952 et
2855 4890 2986 4971 ipse
3014 4893 3273 4975 scripsit,
3309 4897 3677 4976 insignioris
3708 4899 3891 4978 apud

2213 5000 2314 5045 eos
2345 4982 2650 5060 magistri.
2679 4978 2910 5061 Quippe
2941 4990 3155 5044 neuter
3200 4985 3538 5066 advertens,
3575 4984 3886 5048 Irenaeum

2211 5090 2356 5134 voce
2415 5071 2675 5150 ἐπιφκνὴς
2735 5070 3004 5132 alludere
3055 5071 3130 5134 ad
3172 5072 3434 5137 haeretici
3492 5094 3742 5158 nomen,
3811 5097 3891 5140 ex

2215 5160 2454 5243 proprio
2507 5159 2927 5240 appellativum
2987 5161 3301 5238 fecerunt;
3357 5165 3603 5228 deﬁnita
3657 5165 3888 5229 Irenaei

2214 5250 2478 5340 verbain
2494 5268 2703 5340 vagum
2730 5260 2788 5311 et
2827 5250 3206 5314 indeﬁnitum
3241 5273 3607 5333 sermonem,
3650 5274 3722 5322 ex
3756 5279 3887 5340 quo

2213 5339 2435 5402 nullius
2463 5339 2724 5402 auctoris
2781 5359 3000 5403 nomen
3049 5343 3248 5423 colligi
3299 5353 3498 5427 queat,
3553 5339 3886 5428 perperam

2213 5437 2670 5520 convertentes.
2708 5429 2864 5502 Quin
2922 5440 3119 5496 tamen
3163 5435 3239 5497 de
3267 5435 3579 5519 Epiphane
3609 5439 3704 5501 hic
3738 5451 3890 5520 agat

2213 5519 2499 5603 Irenaeus,
2532 5519 2808 5584 dubitare
2865 5541 2986 5586 non
3031 5523 3175 5588 sinit
3201 5524 3590 5609 Epiphanius,
3625 5529 3729 5611 qui
3757 5519 3888 5594 Se-

551 5679 616 5730 94
644 5678 830 5758 Iren,,
855 5681 959 5745 lib.
992 5701 1033 5763 ι,
1071 5701 1200 5763 cap.
1229 5684 1330 5759 91,
1357 5701 1419 5746 n.
1452 5683 1512 5746 5.
1559 5681 1739 5746 331d.
1775 5701 1907 5764 cap.
1931 5684 2031 5759 2'7,
2067 5703 2126 5745 n.
2159 5684 2220 5747 4.
2266 5683 2331 5734 88
2360 5685 2512 5749 Adv.
2540 5683 2801 5760 Valent.,
2829 5706 2880 5748 c.
2918 5689 2976 5752 4.
3004 5688 3066 5737 87
3089 5689 3383 5773 Epiphan.
3414 5691 3788 5772 Haar.xxxt,§
3816 5697 3882 5759 1.
