4152 6434
440 388 553 453 113

1099 393 1617 457 DISSEBTATJO
1656 391 1711 471 ι,
1753 390 1935 457 ΑΜ.
1980 391 2065 469 n,
2112 387 2117 448 1

2205 388 2210 448 :
2254 387 2689 468 VALENTINI
2731 391 3173 473 DISSJPUIJS-

3731 396 3853 475 1H

441 541 573 584 men
604 542 742 587 cum
766 523 1159 606 Hieronymo,
1194 524 1299 607 qui
1330 526 1477 590 illud
1508 524 1626 607 ipsi
1651 528 1850 591 Marco
1879 521 2108 602 tribuit,
2130 527 2172 578 Α
2196 517 2642 609 conferentibus
2661 532 2720 586 et
2736 532 2992 604 quatuor
3017 525 3140 588 illis
3168 526 3471 609 supremis
3491 525 3852 595 Virtutibus’

444 619 711 691 proterve
741 613 1142 687 contendere,
1177 625 1346 676 ratus
1379 612 1659 679 videlicet
1685 616 1940 677 alterum
1970 627 2110 675 cum

442 719 476 761 a
497 710 569 762 te:
588 720 622 762 o
652 700 831 763 facito
864 702 1176 765 conciliari
1201 722 1382 785 posse
1416 707 1492 766 At
1512 703 1667 785 quod
1686 703 1920 767 Marcus
1940 700 2118 781 Pyre-

446 810 631 852 neum
665 792 973 854 transiens
1006 793 1325 875 Hispanias
1355 792 1925 874 occuparit,tantum
1952 791 2121 855 abest

439 882 743 960 εει-ἱρεῖαι
762 881 1066 946 [murum
1090 886 1157 945 in
1180 884 1272 944 his
1304 882 1480 945 libris
1500 901 1651 963 quos
1672 881 1966 945 adversus
1986 898 2116 943 0m-

444 988 544 1031 im
564 970 1270 1053 hmcsescomposuitmt
1287 992 1360 1033 ne
1377 971 1618 1054 qu3dem
1635 970 1898 1050 cogitare
1916 980 2010 1051 pot
2023 987 2120 1030 ue-

440 1058 518 1120 rit
548 1058 758 1121 Fuisse
781 1063 1030 1141 quidem
1050 1066 1312 1124 Μαι-(λιιι)
1333 1060 1781 1142 queuidam,qui
1803 1058 2119 1124 Gnostico-

441 1167 573 1210 rum
589 1168 830 1211 errores
843 1150 905 1212 in
918 1150 1224 1231 Hispaniis
1240 1151 1275 1211 d
1286 1148 1970 1223 isseminaverit,diserte
1980 1148 2124 1211 scri-

440 1238 589 1299 bunt
608 1240 916 1319 Sulpitins
946 1244 1205 1302 Severus
1232 1239 1337 1302 lib.
1374 1257 1415 1302 tt
1450 1240 1815 1320 Ilist.sacr.,
1843 1260 1894 1301 c.
1932 1239 2035 1319 60,
2067 1249 2127 1300 et

444 1326 733 1389 [sodorus
750 1328 1133 1411 Hispalensis
1159 1329 1263 1391 lib.
1294 1328 1381 1391 De
1401 1327 1957 1411 scriplmcclesﬁed
1985 1345 2123 1389 eum

449 1435 483 1479 e
512 1418 774 1498 Memphi
801 1419 864 1479 in
885 1419 1138 1501 Egypto
1167 1417 1681 1491 oriundum,secta
1702 1417 2119 1492 Manichteum,

455 1525 521 1568 ac
552 1508 783 1569 saeculis
805 1508 1053 1571 duobus
1078 1511 1274 1569 Marco
1298 1509 1467 1585 Mago
1487 1507 1889 1569 recentiorem
1915 1505 2119 1581 fuisse,

461 1618 532 1658 ex
562 1597 767 1659 iisdem
793 1606 980 1676 patet.
1022 1595 1263 1659 Addunt
1312 1597 1496 1660 enim.
1536 1596 1791 1659 .‘llarcum
1823 1594 2121 1676 Memphi-

466 1698 681 1759 tannm,
731 1707 874 1748 cum
926 1688 988 1749 in
1040 1686 1358 1768 Hispanias
1405 1684 1768 1760 advenisset,
1795 1683 2123 1764 discipulos

462 1774 735 1837 habuisse
763 1777 1087 1838 mulierem
1110 1776 1455 1858 quamdam,
1490 1782 1729 1856 Agapen
1765 1774 2032 1849 nomine,
2066 1782 2125 1836 et

2197 626 2316 699 non
2340 608 2581 690 quidem
2615 613 2963 685 immediate
2990 622 3047 677 et
3070 634 3180 697 per
3210 608 3571 698 seipsas,sed
3604 636 3715 699 per
3734 637 3849 682 an-

2197 696 2394 789 gelum
2428 698 2795 784 Gabrielem,
2829 702 2931 785 qui
2962 696 3186 777 Verbi;
3234 696 3524 789 Spiritum
3556 696 3854 783 sanctum,

2198 786 2298 878 qui
2333 788 2481 853 Vitas
2503 811 2521 874 ;
2546 792 2837 869 Altissimi
2869 790 3189 871 Virtutem,
3222 786 3355 878 qua
3380 792 3695 873 Hominis;
3728 793 3859 860 Vir-

2200 876 2398 955 ginem
2431 878 2854 965 denique,qute
2872 881 3159 946 Ecclesiae
3192 876 3385 946 locum
3417 882 3858 966 suppleret.Sic

2203 974 2401 1029 autem
2430 988 2463 1030 a
2488 971 2674 1035 Maria
2703 973 2764 1036 in
2796 973 2993 1036 lucem
3024 973 3248 1037 editum
3280 972 3487 1049 fuisse,
3508 982 3571 1039 ut
3592 992 3701 1057 per
3723 983 3857 1037 nte—

2206 1074 2336 1117 rum
2370 1058 2525 1145 ejus,
2561 1079 2668 1124 ceu
2702 1082 2855 1144 aqua
2885 1079 2993 1142 per
3022 1061 3226 1125 tubum
3254 1062 3573 1140 transiens,
3608 1063 3759 1125 nihil
3788 1080 3860 1133 ex

2206 1164 2289 1234 ea
2305 1150 2726 1229 sumpserit.ln
2745 1172 2880 1216 cum
2904 1171 3063 1223 vero,
3088 1171 3222 1214 cum
3243 1154 3316 1213 ad
3341 1170 3553 1234 aquam
3575 1151 3860 1229 venisset,

2207 1233 2501 1323 columbae
2521 1238 2709 1302 instar
2729 1240 3113 1323 descendisse
3130 1261 3263 1323 supt
3280 1233 3453 1303 runm
3468 1240 3857 1323 Salvatorem,

2204 1322 2305 1402 qui
2334 1343 2469 1386 cum
2503 1328 2764 1391 Aionum
2798 1329 3066 1391 omnium
3098 1321 3258 1392 lctus
3288 1338 3471 1402 esset,
3503 1330 3773 1392 omnium
3802 1321 3861 1393 in

2205 1412 2573 1502 se'virtutem
2609 1417 3139 1500 complectebatur:
3175 1420 3452 1498 huncque
3488 1438 3620 1483 esse
3636 1419 3734 1502 qui
3756 1439 3861 1501 per

2206 1519 2271 1561 os
2300 1499 2332 1564 J
2342 1522 2448 1566 esu
2481 1506 2660 1569 verba
2691 1499 2916 1573 fecerit.
2943 1526 3126 1590 seque
3149 1507 3372 1571 Filium
3419 1499 3682 1571 hominis
3708 1499 3859 1570 con-

2205 1590 2396 1739 ﬁessus
2430 1593 2793 1677 fuerit,quod
2818 1615 3142 1677 supernum
3167 1596 3484 1660 Hominem
3506 1607 3732 1679 patrem
3753 1599 3858 1660 ha-

2246 1690 2394 1739 eret.

2246 1690 2394 1743 eret.

2287 1768 2389 1835 90.
2422 1771 2584 1834 Mitto
2609 1793 2760 1855 quas
2790 1776 2867 1837 de
2901 1776 3105 1838 mundi
3126 1775 3303 1855 hujus
3323 1774 3701 1856 aspectabilis
3721 1785 3856 1839 ortu

454 1865 758 1945 Elpidiem
780 1850 1179 1938 Rhetoremk
1197 1850 1724 1948 quibusinstitutus
1740 1863 1849 1926 fuit
1878 1850 2184 1949 Priscus...“
2212 1877 2395 1935 nugas
2427 1850 3007 1927 venditabantﬂunc
3028 1866 3101 1926 ad
3120 1850 3440 1947 imaginem
3455 1882 3853 1945 supernorum

454 1954 670 2029 lianas,
735 1958 839 2037 qui
886 1976 919 2017 a
950 1956 1207 2020 concilio
1266 1954 1796 2034 Cmsarattgustano
1823 1971 1980 2016 anno
2006 1953 2126 2018 380
2210 1950 2296 2008 sic
2324 1951 2629 2012 conditum
2654 1954 2948 2028 volebant,
2984 1965 3046 2016 ut
3068 1953 3129 2017 in
3160 1952 3410 2034 singulis
3439 1953 3565 2017 fere
3594 1952 3861 2035 partibus

454 2064 591 2105 curn
626 2044 870 2125 Elpirtio
901 2046 1185 2124 magistro
1213 2045 1526 2108 damnatus
1557 2044 1685 2117 fuit,
1720 2051 1779 2105 et
1799 2062 1955 2106 anno
2006 2043 2127 2105 385
2213 2037 2483 2101 Pleroma
2525 2041 2795 2105 referret.
2856 2044 3219 2107 Platonicum
3271 2044 3329 2106 id
3372 2044 3588 2125 dogma
3614 2043 3796 2105 fuisse
3825 2060 3863 2105 a

455 2133 724 2196 Treviris
770 2134 951 2214 jussu
1005 2134 1239 2196 Maximi
1300 2132 1528 2214 tyranni
1556 2132 1750 2212 capite
1792 2140 2122 2196 truncatus.
2213 2129 2598 2216 nugatoribus
2629 2132 2757 2194 istis
2802 2141 3110 2196 recoctum
3156 2133 3432 2216 superius
3460 2134 3854 2197 ostendimus.

2213 2215 2282 2280 Ut
2337 2227 2535 2281 autem
2594 2221 3041 2298 conﬁrmandis,
3101 2224 3150 2285 si
3180 2215 3415 2304 superis
3448 2216 3602 2302 '[Lll]
3642 2223 3855 2304 placet,

2210 2316 2292 2368 tot
2312 2314 2371 2370 et
2401 2309 2578 2372 tantis
2608 2320 2821 2373 emota;
2853 2312 3069 2375 mentis
3111 2312 3523 2376 deliramentis
3552 2328 3855 2374 sacrarum

460 2221 563 2284 Vel
599 2243 747 2303 ergo
784 2223 1077 2286 memoria
1108 2225 1306 2303 lapsus
1339 2222 1753 2302 Hieronymus,
1790 2220 1879 2283 vel
1906 2221 2121 2284 homo-

452 2314 969 2396 nymiadeccptns
1002 2318 1265 2377 Marcum
1298 2312 1763 2393 itemphiranum
1792 2330 1928 2373 cum
1961 2316 2126 2390 Mago

451 2404 755 2466 confudit.

508 2498 589 2556 88
642 2494 920 2572 Longum
953 2502 1139 2567 esset,
1173 2491 1295 2554 imo
1357 2507 1867 2572 supervacaneum
1902 2489 2113 2569 singu-

430 2583 513 2641 las
538 2582 1009 2661 pvmstigiatoris
1061 2584 1241 2660 hujus
1295 2580 1548 2661 ineptias
1582 2577 2112 2642 recensere.Nihil

426 2672 791 2754 quippe,aut
813 2691 1032 2753 parum
1053 2691 1087 2733 a
1116 2672 1352 2735 cmteris
1388 2670 1824 2733 Valentinianis
1851 2668 2113 2730 disside—

431 2763 550 2837 bat,
583 2761 704 2824 nisi
755 2762 921 2842 quod
959 2771 1012 2822 ut
1048 2764 1221 2841 nugis
1263 2761 1517 2842 pretium
1551 2760 1800 2821 adderet
1829 2757 2117 2837 impervia

432 2851 702 2932 quaedam
739 2852 1115 2922 obswritas,
1149 2871 1284 2933 qua:
1307 2850 1410 2911 alii
1442 2848 1677 2931 planius
1699 2855 1759 2911 et
1778 2846 2115 2928 simplicius

431 2941 775 3015 tradebant,
812 2942 916 3004 hic
954 2940 1340 3023 Pythagorica
1376 2938 1657 3001 methodo
1690 2955 1857 3017 usus,
1883 2938 2113 3017 allego-

431 3032 552 3091 rica
580 3030 1065 3103 elementorum,
1107 3030 1460 3097 litterarum,
1497 3026 1886 3110 syllabarum,
1910 3034 1967 3087 et
1998 3046 2116 3087 nuo

2206 2396 2644 2477 Seripturarum
2677 2400 3000 2464 auctoritas
3037 2421 3155 2464 non
3208 2401 3466 2476 deesset,
3498 2401 3855 2482 stupendum

2210 2497 2459 2567 quantas
2482 2488 2871 2553 admoverent
2914 2491 3243 2573 machinas,
3296 2499 3359 2553 ut
3389 2509 3489 2552 eas
3520 2499 3637 2552 tam
3673 2490 3858 2574 impie

2196 2594 2370 2655 quam
2406 2576 2658 2641 ridicule
2682 2579 3116 2662 discerperent,
3152 2579 3856 2654 consuerant,etobtorto

2196 2665 2349 2725 collo
2367 2664 2425 2727 in
2449 2666 2675 2730 alienos
2698 2668 3049 2752 iueptosque
3061 2690 3273 2734 sensus
3296 2671 3851 2733 traherent.l’armn

2198 2753 2547 2830 fuisset,nisi
2571 2756 2919 2820 innumeras
2939 2760 3368 2841 propemodum
3390 2758 3853 2840 finxissentapo—

2197 2843 2452 2925 cryphas
2474 2846 2824 2928 spuriasque
2841 2847 3428 2932 Scriptura's,quibus
3455 2848 3652 2910 fucum
3684 2847 3849 2910 face-

2197 2940 2331 2993 rent
2355 2933 2670 3013 imperitis.
2704 2935 2864 3009 Quos
2895 2938 3083 3000 libros
3125 2937 3602 3021 supposuissent,
3628 2935 3853 2999 Irenaeo

2201 3030 2401 3082 nostro
2423 3023 2721 3103 sigillatim
2741 3025 3078 3090 edisserere
3110 3026 3231 3089 non
3257 3025 3501 3107 placuit.
3529 3024 3591 3089 id
3608 3033 3853 3088 .tantutn

434 3136 739 3181 mororum
771 3121 1116 3200 farragine,
1148 3119 1369 3182 tictitiis
1405 3116 1763 3207 Pteromatis
1816 3115 2176 3207 mysteriisﬁc
2200 3119 2447 3207 constat,
2482 3112 2798 3176 ridiculam
2845 3115 3033 3190 illam,
3083 3136 3258 3198 quam
3293 3115 3368 3177 de
3400 3114 3636 3207 Christo
3666 3133 3853 3207 puero

434 3209 753 3289 caliginem
779 3199 1107 3271 effundere
1137 3208 1444 3288 satagebat
1500 3206 1729 3285 Nempe
1757 3214 1942 3267 totum
1977 3199 2147 3268 Ple-“
2200 3199 2474 3262 fabellam
2507 3211 2790 3266 enarrant
2843 3224 2977 3287 cap.
3032 3207 3115 3269 ‘20
3144 3222 3465 3270 occurrere
3495 3203 3555 3264 in
3588 3202 3852 3284 pseudo—

438 3301 822 3360 romainslar
868 3299 1135 3360 nominis
1193 3299 1529 3378 cujusdam;
1580 3295 1861 3369 tetradas,
1894 3296 2122 3359 decada

430 3400 481 3447 et
538 3387 848 3468 ogdoada,
913 3388 1106 3450 instar
1156 3388 1404 3449 totidem
1459 3385 2119 3468 syllabarumn‘Eones

425 3496 564 3537 vero
595 3478 877 3557 singulos
913 3478 1104 3539 instar
1128 3476 1496 3556 singularum
1526 3476 1961 3555 Iitterarum,ex
1992 3474 2120 3556 qui-

429 3568 539 3627 bus
564 3570 889 3648 mysticum
912 3567 1272 3631 l’leromatis
1292 3585 1510 3629 nomen
1534 3565 1921 3644 coalesceret,
1957 3563 2121 3626 exhi-

434 3657 632 3717 lwlut.
674 3660 940 3719 Litteras
1002 3675 1144 3719 vero
1197 3654 1403 3734 viginti
1464 3662 1724 3736 quatuor
1745 3651 2112 3723 Graecorum,

434 3748 593 3807 velut
616 3746 934 3824 ἀπυρρτιίις,
966 3746 1210 3826 eﬂluciu
1234 3744 1503 3825 quaedam
1529 3762 1661 3804 esse
1691 3741 2114 3819 contendebat,

434 3848 554 3896 tres
609 3856 721 3897 eas
790 3835 1087 3909 Virtutes,
1144 3834 1365 3915 quibus
1417 3833 1733 3895 universus
1762 3850 2118 3913 superorum

429 3926 887 3987 densenturqu
937 3942 1228 3985 nuuierus
1280 3923 1643 4001 continetur,
1675 3920 2118 3984 adumbrantia.

428 4016 527 4075 Sic
569 4032 775 4075 mutas
808 4034 1028 4076 novem
1056 4013 1311 4093 litteras,
1354 4012 1543 4073 Patris
1570 4020 1629 4072 et
1658 4010 1941 4072 Veritatis
1970 4009 2121 4072 ima-

425 4105 611 4178 gines
642 4123 786 4166 esse
814 4105 1061 4165 dicebat
1102 4125 1115 4162 :
1154 4102 1308 4183 quod
1343 4101 1622 4163 videlicet
1654 4100 1801 4162 muti
1832 4100 1945 4181 ipsi
1976 4099 2117 4173 sint,

436 4196 550 4255 hoc
586 4193 1163 4274 est,ejusmodi.qui
1192 4190 1580 4253 nullisverbis
1598 4190 1849 4272 exprimi
1871 4189 2118 4270 possint;

434 4286 843 4344 semivocales
876 4293 1101 4360 autem,
1126 4301 1260 4363 quae
1290 4289 1422 4343 octo
1444 4291 1604 4362 sunt,
1636 4279 1816 4342 Verbi
1845 4288 1901 4341 et
1931 4277 2117 4356 Vitta;

434 4374 594 4451 quod
641 4374 812 4436 inter
836 4374 1073 4434 vocales
1101 4380 1157 4433 et
1189 4381 1589 4433 consonantes
1610 4370 1769 4431 velut
1791 4369 2006 4431 mediae
2033 4370 2122 4430 in-

2202 3288 2517 3368 Evangelio
2550 3290 2815 3355 infantiae
2845 3295 3263 3376 Christi,quod
3294 3292 3550 3357 Arabice
3573 3310 3707 3354 cum
3742 3291 3849 3355 La-

2205 3379 2325 3440 tina
2358 3382 2851 3462 interpretatione
2900 3385 3090 3448 edidit
3116 3384 3409 3448 Henricus
3450 3379 3671 3456 Sikius,
3701 3390 3759 3444 et
3791 3382 3851 3444 in

2201 3469 2333 3531 aliis
2362 3468 2715 3551 quibusdam
2743 3472 3013 3552 ejusdem
3043 3474 3294 3538 furfuris
3321 3471 3849 3553 scriptis,quornm

2206 3559 2588 3620 meminimus
2622 3560 2679 3621 in
2716 3562 2870 3623 notis
2898 3565 2977 3647 ad,
3001 3565 3161 3628 hunc
3184 3565 3403 3627 locum.

2281 3738 2380 3801 91.
2407 3737 2632 3809 Quibus
2655 3741 2984 3822 sacrilegiis
3032 3743 3434 3807 venerandum
3467 3738 3854 3816 Eucharistite

2207 3852 2258 3891 ιιι
2265 3840 2368 3911 j'sta
2393 3834 2640 3914 rium,et
2662 3830 3076 3897 Ordinationis
3100 3846 3535 3900 sacramentum
3557 3835 3854 3902 contami-

2204 3927 2467 3995 nassent,
2498 3940 2568 3990 ac
2589 3921 2855 3985 funditus
2885 3925 3385 4006 evertissent,jam
3420 3927 3697 3991 vidimus.
3741 3926 3851 3987 Mi-

2207 4028 2338 4071 rum
2371 4009 2420 4072 si
2479 4009 2612 4073 aliis
2671 4014 3065 4076 sacramentis
3120 4018 3490 4097 pepercisset
3546 4017 3849 4097 impietas.

2206 4098 2507 4178 Baptismo
2542 4101 2849 4181 profanum
2882 4098 3194 4183 quoddam
3227 4113 3287 4169 ct
3327 4122 3361 4165 a
3390 4103 3607 4168 Sataua
3633 4124 3851 4186 sugged

2204 4197 2356 4250 stum
2377 4188 2733 4254 initiationis
2757 4210 2967 4268 genus,
3002 4193 3074 4254 ad
3094 4193 3250 4255 sacri
3276 4192 3437 4256 illius
3468 4194 3712 4269 lavacri,
3730 4194 3854 4275 'per

2202 4278 2357 4357 quod
2388 4277 2461 4338 ad
2483 4280 2668 4342 Deum
2693 4278 3854 4367 regeneramur,eversionem,totiusque

2203 4369 2351 4429 adeo
2383 4367 2520 4429 ﬁdei
2552 4368 2977 4449 abjectionem,
3011 4371 3854 4454 substituerant.Redemptio-

424 4461 709 4542 terjec'ae
742 4462 895 4535 sint,
924 4476 1104 4542 atque
1136 4469 1197 4521 ut
1221 4459 1999 4540 asuperioribusdelluant,
2031 4458 2332 4521 itaDnem
2392 4456 2684 4520 vocabant
2734 4460 2840 4533 illi,
2904 4460 3177 4542 hancque
3221 4461 3313 4531 iis,
3370 4460 3471 4544 qui
3526 4464 3851 4545 perfectam

426 4552 702 4612 vicissim
771 4550 1060 4613 inferiora
1113 4550 1187 4612 ad
1263 4568 1368 4612 eas
1414 4551 1750 4613 refcrantur
1807 4569 1821 4613 :
1874 4549 2113 4611 vocales

432 4660 650 4720 porro,
687 4660 827 4721 qua:
860 4640 1009 4720 ipsae
1037 4660 1273 4721 quoque
1296 4650 1524 4720 septem
1553 4649 1712 4713 sunt,
1748 4638 2025 4704 Hominis
2055 4649 2113 4700 et

436 4733 757 4807 Ecclesia);
782 4730 1027 4812 quando
1060 4730 1305 4811 quidem
1334 4750 1440 4791 vox
1477 4749 1578 4810 per
1614 4729 1930 4791 llominem
1966 4748 2109 4810 pro—

436 4839 667 4900 gressa,
703 4820 918 4882 omnia
942 4819 1299 4881 informavit.
1358 4820 1491 4882 Fuit
1523 4820 1724 4900 itaque
1775 4820 1901 4881 haec
1936 4819 2111 4881 Marci

437 4908 1048 4988 sententia,singulos
1079 4907 1300 4971 Eoues
1331 4910 1390 4969 in
1416 4908 1749 4970 Pleromale
1779 4906 2116 4988 peculiares

434 5018 578 5060 suos
610 4998 905 5061 habuisse
957 4998 1339 5060 characteres
1371 5007 1427 5059 et
1489 5016 1694 5071 sonos,
1741 4997 1814 5059 ad
1860 5015 2113 5078 quorum

432 5088 763 5169 imaginem
798 5090 1015 5151 litteras
1035 5087 1383 5150 Graecorum
1418 5105 1719 5169 expressw
1742 5087 1883 5147 sint.

513 5180 617 5241 89.
652 5178 736 5242 De
758 5181 897 5242 lesn
930 5178 1173 5242 Christo
1191 5177 1399 5239 eadem
1456 5196 1632 5252 pene.
1667 5194 1735 5238 ac
1764 5175 1963 5237 cieteri
1993 5173 2113 5238 Va-

436 5267 1027 5346 tentiniani,etl'utieh
1038 5277 1101 5328 at
1130 5286 1148 5327 :
1174 5286 1310 5327 eum
1325 5266 1559 5329 scilicet
1576 5285 1609 5328 a
1626 5283 1828 5327 rerum
1846 5265 2114 5326 omnium

437 5368 694 5438 parente,
713 5360 889 5424 Verbi
925 5375 1126 5441 opera
1159 5355 1523 5434 electum,ut
1555 5353 2116 5441 iPeUIDIlOIDiUibUS

2196 4548 2390 4623 γνῶσιν
2423 4549 2733 4609 consecuti
2774 4550 3031 4632 fuerant,
3064 4551 3467 4615 necessariam
3500 4571 3633 4616 esse
3681 4555 3852 4617 dice-

2197 4634 2360 4710 bant,
2399 4636 2551 4699 utin
2585 4636 2907 4721 Virtutem,
2937 4661 3073 4720 quae
3114 4659 3301 4719 super
3346 4641 3550 4703 omnia
3601 4642 3851 4718 eminet,

2196 4736 2722 4804 regenerarentur.
2761 4730 2952 4792 Aliter
3007 4730 3168 4792 enim
3222 4732 3348 4792 fieri
3409 4749 3526 4792 non
3562 4751 3757 4813 posse,
3792 4740 3855 4794 ut

2197 4815 2470 4896 Cuiquam
2504 4817 2697 4880 aditus
2728 4819 2799 4881 ad
2832 4820 3112 4883 Pleroma
3142 4829 3373 4901 pateret
3407 4842 3420 4879 :
3453 4822 3678 4903 quippe
3717 4841 3853 4884 eum

2200 4923 2269 4966 ea
2295 4915 2476 4987 esset,
2501 4926 2634 4987 quae
2667 4926 2853 4989 usque
2883 4910 2954 4971 ad
3014 4909 3287 4972 intimum
3320 4909 3491 4991 Bythi
3521 4911 3718 4972 sinum
3751 4930 3856 4974 eos

2200 4997 2502 5058 evelleret.
2566 4996 2710 5060 Eam
2764 5017 2941 5080 [νυνι-ο
2990 4999 3492 5080 redemptionem,
3548 5000 3852 5077 vulgarem

2199 5085 2672 5149 Christianorum
2704 5087 3062 5167 baptismum
3103 5086 3335 5149 infinito
3356 5106 3641 5169 superare
3664 5089 3855 5153 inter-

2199 5176 2351 5236 vallo
2373 5195 2491 5236 non
2518 5176 2777 5257 pudebat
2796 5177 3206 5242 asserere.llic
3235 5178 3854 5261 siquidemanimalis,

2200 5264 2305 5327 illa
2326 5266 2636 5348 spiritalis;
2670 5268 2766 5332 lue
2795 5286 2828 5327 a
2879 5268 3203 5348 conspicuo
3232 5268 3377 5331 .lesu
3402 5267 3741 5343 institutus,
3754 5268 3858 5331 illa

2200 5354 2273 5417 ab
2295 5375 2368 5417 eo
2386 5355 2561 5436 quiin
2587 5378 2721 5419 eoin
2741 5357 3425 5431 descendit.Salvatore;
3445 5356 3543 5419 hic
3563 5362 3633 5419 ad
3669 5357 3858 5437 poeni-

427 5460 622 5516 nolmn
650 5456 910 5522 faceret,
945 5452 1027 5511 ad
1067 5463 1359 5527 superna:
1390 5443 1979 5524 Virtutisimaginem
2001 5442 2119 5504 dis-
2205 5445 2445 5507 tentiam
2477 5452 2892 5522 annnutiatus,
2944 5466 3055 5509 nec
3113 5464 3209 5523 eo,
3270 5464 3448 5528 quem
3511 5446 3860 5509 conferebat

406 5555 718 5630 pensatum
773 5543 980 5609 fuisse
1018 5556 1037 5630 ς
1080 5533 1488 5630 quatnobrem
1512 5534 1740 5630 “abiis
1765 5533 2117 5630 Virtutibus,
2203 5538 2484 5630 lenones,
2520 5536 2734 5630 virtute
2757 5537 3080 5630 superior;
3112 5536 3860 5630 illaconsequendastpor.

390 5621 517 5728 qua,»
539 5663 575 5707 ε
625 5639 830 5706 Verbo
856 5645 922 5700 et
951 5621 1493 5728 Vitaﬁomipe'et
1511 5624 1781 5687 Ecclesia
1821 5624 2121 5705 proﬂuxe-
2206 5624 2483 5727 factionis
2501 5644 2678 5728 causa
2693 5625 3180 5728 deceperat-lata.
3203 5626 3521 5728 “nolint-er
3534 5624 3861 5728 muscosius

370 5713 521 5815 ἀοι,
549 5735 965 5826 productum
1006 5718 1247 5821 fuisse,
1284 5714 1354 5777 ad
1377 5713 1434 5776 id
1455 5724 1650 5777 tamen
1677 5733 1921 5797 operam
1954 5730 2122 5776 suam
2209 5713 2751 5779 conveniebant..-\t
2776 5733 2918 5777 vero
2942 5714 3017 5777 de
3039 5714 3491 5797 Redemptiouis
3519 5714 3698 5787 modo
3726 5713 3857 5776 dis-

3396 5842 3457 5882 nx
