4152 6404
232 370 345 434 149

742 505 906 571 VIII.
945 507 1035 569 De
1064 507 1409 573 Nicolaitis.

316 596 438 660 I32.
472 597 818 661 Nicolaitas
849 619 884 661 a
915 599 1188 676 Nicolao,
1223 622 1343 665 uno
1375 621 1408 665 e
1433 611 1666 681 septem
1699 601 1910 682 priori-

233 686 338 748 bus
364 687 945 770 diaconis.quorum
972 692 1198 753 mentio
1233 692 1296 752 tit
1324 693 1384 754 in
1413 692 1580 755 Actis
1609 691 1908 772 apostolo-

225 776 453 848 mmm,

221 866 392 926 tentia
421 874 538 944 est;
571 866 626 927 si
683 887 850 930 unus
912 870 1251 951 excipiatur
1306 871 1626 934 Cassianus
1669 869 1756 950 93,
1806 869 1906 950 qui

215 955 366 1015 nulla
393 965 673 1016 veterum
711 960 1086 1021 auctoritate
1116 960 1305 1021 fretus
1350 961 1665 1035 existimat,
1701 979 1804 1021 eos
1832 958 1906 1021 ab

208 1043 320 1103 alio
341 1044 607 1125 quodam
628 1043 680 1107 Ν
689 1047 893 1110 icolao
913 1057 972 1110 et
995 1068 1219 1110 nomen
1242 1056 1302 1112 et
1322 1050 1616 1130 originem
1632 1048 1903 1130 accepis-

207 1134 385 1194 se.An
406 1152 550 1194 vero
563 1133 867 1198 Nicolaus
898 1138 999 1200 ille
1024 1138 1315 1200 diaconus
1339 1139 1713 1220 propudiosae
1735 1138 1904 1201 Nico-

208 1223 474 1284 laitarum
505 1234 701 1286 secta:
735 1226 1141 1290 fundamenta
1172 1229 1412 1308 jecerit,
1442 1230 1566 1309 jam
1597 1227 1658 1289 in
1675 1225 1908 1290 diversa

208 1312 561 1373 scinduntur
621 1315 988 1394 opiniones.
1051 1317 1169 1379 Alii
1231 1337 1367 1380 eum
1430 1318 1606 1399 culpa
1660 1319 1900 1391 teneri,

212 1401 306 1463 alii
359 1421 568 1465 vacare
628 1405 942 1466 sentiunt.
983 1407 1054 1468 Et
1115 1407 1362 1488 quidem
1410 1406 1712 1469 Nicolaum
1772 1407 1902 1486 pri-

221 1511 377 1552 mum
408 1493 630 1554 erroris
663 1506 995 1557 auctorem
1027 1505 1084 1556 et
1105 1499 1450 1576 magistrum
1477 1496 1902 1570 exstitisse,di-

223 1591 379 1643 serte
407 1591 675 1644 asserunt
698 1581 982 1646 Irenqu
1001 1585 1090 1659 93,
1111 1593 1278 1647 vetus
1302 1596 1508 1647 auctor
1528 1585 1906 1648 Additamen-

225 1670 265 1730 ti
313 1671 464 1750 quod
505 1671 573 1731 ad
618 1671 866 1734 calcem
907 1674 1265 1737 Tertulliani
1301 1673 1435 1736 libri
1466 1675 1548 1736 De
1589 1676 1907 1756 praescript

219 1761 282 1810 9‘
335 1762 570 1839 legitur,
625 1762 1001 1845 Hippolytus
1055 1765 1212 1846 apud
1270 1766 1540 1827 Photium
1597 1765 1681 1839 95,
1731 1765 1901 1828 Hila-

920 377 1431 440 DISSERTATIO
1473 379 1501 455 Ι
1543 378 1725 440 ART.
1771 375 1876 438 III.
1923 374 2022 437 DE
2067 371 2507 442 VALENTINI
2552 380 2988 444 MAGISTRIS.

502 796 738 839 nomen
777 781 1064 855 traxisse,
1099 782 1440 843 communis
1475 783 1741 843 omnium
1775 799 1912 842 sen-

3545 381 3657 460 ιδρ

1927 515 1966 565 Α
1990 510 2313 594 zelotypiaa,
2346 511 2664 593 palamque
2695 492 2919 574 faceret
2956 531 3022 576 se
3052 513 3132 576 ita
3159 514 3438 579 aﬂ‘ectum
3490 535 3646 596 esse,

1992 606 2078 673 ut,
2112 602 2161 663 si
2191 601 2278 664 fas
2337 608 2515 673 esset,
2551 599 2826 662 abdicata
2873 619 3080 682 uxore,
3138 602 3322 665 cuivis
3370 623 3500 667 eam
3534 607 3650 670 duo
3690 633 3696 638 ι

1991 690 2167 752 cendi
2191 697 2544 772 potestatem
2571 689 2771 769 largirl
2806 696 3043 770 paratus
3076 698 3261 755 esset.
3309 692 3476 766 Quod
3507 697 3647 778 qui-

1991 777 2126 840 dem
2160 780 2252 842 vel
2285 797 2354 844 ex
2389 798 2459 841 eo
2492 778 3126 859 demonstratur,quod
3157 783 3508 862 aconjugali
3529 777 3650 849 ﬁde

1993 887 2293 950 nunquam
2328 867 2654 944 resiluerit,
2692 877 2752 931 et
2782 885 2856 930 ex
2881 868 3009 947 ejus
3038 868 3245 931 liberis
3274 871 3409 934 ﬁliae
3438 892 3648 937 conse-

1989 959 2229 1020 nuerint
2256 957 2534 1038 virgines,
2569 957 2727 1020 ﬁlius
2756 964 2954 1019 autem
2977 957 3193 1020 caelebs
3228 961 3397 1022 vitam
3439 964 3643 1043 egerit.

1989 1047 2120 1110 Alio
2147 1047 2373 1110 Nicolai
2393 1047 2894 1129 apophthegmate
2933 1046 3330 1110 abutebantur
3358 1050 3645 1134 haeretici,

1989 1139 2241 1216 scilicet,
2271 1141 2472 1204 Carne
2527 1140 2898 1203 abutendum
2925 1157 3050 1203 esse
3085 1162 3098 1204 :
3132 1141 3289 1222 quod
3343 1149 3542 1206 tamen
3585 1145 3646 1208 id

1989 1249 2172 1292 unum
2189 1231 2528 1311 signiﬁcare
2540 1229 2775 1292 animus
2791 1230 3175 1307 fuerat,carni
3188 1231 3645 1314 haudquaquam

1988 1319 2418 1399 indulgendum
2481 1337 2639 1400 esse,
2699 1318 2801 1381 sed
2855 1337 2984 1381 eam
3034 1319 3526 1400 perdomandam,
3588 1334 3646 1389 et

1988 1409 2226 1471 assidua
2300 1409 2525 1471 virtutis
2575 1408 2998 1472 exercitatione
3062 1410 3469 1488 frangendam.
3528 1411 3648 1477 Sua

1987 1507 2100 1560 stat
2130 1498 2365 1580 utrique
2418 1497 2572 1580 parti
2624 1497 2968 1578 auctoritas,
3017 1498 3334 1579 gravisque
3362 1501 3645 1582 utrinque

1991 1587 2242 1649 militant
2298 1589 2598 1649 rationum
2660 1594 2986 1649 momenta.
3037 1586 3344 1650 Nicolaum
3403 1590 3644 1656 damnat

1989 1677 2246 1740 lrenaeus
2293 1678 2381 1739 vir
2429 1676 2814 1759 apostolicus,
2875 1676 3125 1739 absolvit
3170 1675 3448 1742 Clemens
3506 1681 3644 1745 huic

1987 1783 2240 1848 coaevus;
2276 1776 2524 1848 uterque
2575 1784 2645 1827 ex
2695 1765 2769 1826 iis
2821 1784 2954 1846 quae
2980 1764 3054 1827 ab
3086 1767 3490 1845 apostolorum
3543 1769 3642 1832 di-

214 1851 334 1912 rius
360 1851 440 1920 96.
475 1853 758 1934 [LXVII]
812 1855 1143 1934 Gregorius
1203 1857 1376 1935 Nyss.
1405 1855 1492 1932 97-,
1523 1854 1894 1929 Philastrius,
1925 1852 2225 1936 Bscipulis
2267 1855 2474 1918 auditu
2529 1855 2839 1935 percipere
2897 1862 3191 1935 potuerat;
3234 1856 3384 1919 adeo
3431 1865 3494 1920 ut
3544 1859 3642 1921 hic

206 1939 602 2023 Hieronymus
631 1944 706 1994 98
756 1953 821 2006 et
885 1944 1207 2025 Gregorius
1264 1947 1510 2024 Magnus
1551 1944 1636 2008 99.
1670 1945 1897 2026 Lapsus

201 2033 437 2093 ocrasio
490 2032 631 2108 I'uit,
667 2033 723 2094 si
757 2033 1170 2115 Epiphanium
1215 2035 1523 2097 audiamus
1555 2037 1602 2111 ί,
1637 2033 1897 2096 hominis

196 2122 708 2203 intemperantia,
768 2124 1164 2187 continentiae
1223 2124 1532 2204 propositi,
1567 2123 1722 2206 quod
1755 2142 1894 2184 sus-

194 2221 462 2292 ceperat,
499 2212 769 2276 minime
802 2223 1006 2277 tenax.
1041 2212 1188 2275 Cum
1221 2213 1382 2276 enim
1410 2231 1658 2276 uxorem
1702 2212 1894 2275 habe-

203 2313 319 2374 rel,
355 2302 622 2380 eleganti
683 2304 904 2384 specie
955 2303 1297 2382 mulierem,
1331 2322 1503 2384 aqua
1549 2302 1895 2383 aliquandiu

191 2390 308 2452 sibi
339 2400 784 2472 temperasset;
817 2393 1210 2455 contine-itis:
1243 2393 1524 2473 longioris
1556 2392 1892 2474 impatiens,

189 2484 264 2543 al
303 2483 598 2562 prisrinos
642 2485 977 2565 amplexus
1006 2483 1210 2546 rediit.
1257 2482 1332 2546 Ut
1385 2494 1582 2544 autem
1639 2481 1898 2564 probro-

192 2592 325 2633 snm
364 2573 604 2634 facinus
641 2574 929 2655 quarsitis
962 2572 1264 2636 coloribus
1300 2572 1649 2648 obduceret,
1685 2571 1892 2634 libidi-

195 2683 328 2723 nem
360 2665 750 2744 procacitate
786 2663 1135 2737 cumulans,
1170 2663 1369 2725 docuit
1403 2685 1417 2726 :
1454 2664 1588 2726 Nisi
1615 2664 1754 2744 quis
1771 2665 1896 2725 εἰη-

197 2753 351 2832 gulis
379 2756 595 2817 diebus
625 2754 930 2817 luxuriae
963 2761 1155 2828 vacet,
1183 2759 1610 2834 sempiternam
1632 2753 1894 2816 salutem

199 2847 470 2922 consequi
513 2865 643 2906 non
705 2863 918 2923 posse.
972 2844 1122 2906 Tum
1166 2844 1451 2924 zelotypia
1495 2845 1797 2923 incensus,
1833 2853 1892 2906 et

197 2933 332 2994 inde
374 2934 430 2995 in
465 2952 626 2995 nova
677 2935 932 2996 scelera
982 2933 1320 3014 prolapsus,
1354 2932 1774 2995 Nicolailarum
1821 2953 1889 2996 ac

197 3023 625 3085 Gnosticorum
661 3033 861 3086 sectae
893 3023 1137 3086 initium
1166 3022 1351 3097 dedit,
1383 3043 1415 3084 e
1444 3022 1660 3103 quibus
1689 3021 1890 3103 plures

1979 1943 2320 2007 alterutrius
2351 1945 2502 2007 ﬁdes
2532 1943 2752 2006 elevari
2782 1963 2903 2006 non
2935 1943 3169 2008 debeat.
3193 1945 3402 2009 Tutius
3433 1948 3634 2026 igitur,

1981 2053 2057 2096 ne
2085 2043 2311 2097 temere
2335 2034 2715 2108 deﬁniamus,
2750 2051 2878 2095 rem
2925 2033 2987 2094 in
3021 2034 3220 2097 medio
3267 2036 3634 2120 relinquere.

1979 2123 2127 2186 Illud
2160 2143 2298 2186 vero
2332 2125 2736 2186 certissimum
2772 2130 2881 2196 est,
2909 2122 3015 2186 Dei
3047 2124 3233 2204 ipsius
3264 2144 3368 2188 ore
3390 2126 3637 2192 damna-

1981 2221 2072 2275 tos
2117 2213 2301 2275 fuisse
2359 2213 2701 2277 Nicolaitas.
2755 2211 2853 2276 Sic
2899 2212 3058 2274 enim
3111 2213 3172 2275 in
3221 2215 3638 2298 Apocalypsi8

1979 2301 2248 2364 Christus
2291 2303 2634 2384 episcopum
2680 2301 3048 2383 Ephesinum
3095 2303 3465 2386 alloquitur:
3515 2309 3637 2371 Sed

1977 2390 2084 2453 hoc
2104 2391 2308 2472 habes,
2347 2393 2492 2472 quia
2522 2392 2701 2453 odisti
2729 2394 2894 2470 facta
2919 2391 3383 2476 Nicolaitarum,
3405 2413 3544 2478 quae
3575 2405 3636 2460 et

1977 2497 2082 2559 ego
2114 2481 2334 2544 odi.Ac
2356 2481 2604 2562 proinde
2644 2488 2769 2543 tum
2808 2481 3095 2562 temporis
3143 2481 3474 2546 Ecclesiam
3522 2487 3632 2548 de-

1977 2573 2241 2634 vastabat
2272 2591 2340 2634 ea
2361 2581 2544 2636 secta.
2562 2574 2688 2636 Cito
2707 2575 3052 2637 exstinctam
3079 2582 3244 2656 putat
3265 2576 3625 2643 Eusebius».

1975 2662 2374 2738 Probabilius,
2428 2683 2546 2726 non
2577 2667 2764 2746 ipsam
2816 2672 3040 2727 sectam
3093 2665 3465 2745 exstinctam,
3522 2669 3628 2730 sed

1974 2759 2152 2813 sectae
2184 2771 2403 2814 nomen
2432 2752 2715 2814 duntaxat
2745 2754 3065 2814 extinctum
3099 2772 3254 2816 esse.
3287 2756 3434 2818 Cum
3466 2756 3625 2818 enim

1973 2841 2464 2904 scelestissimum
2524 2843 2686 2922 quid,
2739 2842 3010 2924 adeoque
3059 2854 3118 2906 et
3168 2845 3624 2919 exsecrandum,

1973 2930 2280 2992 catholicis
2314 2931 2556 2993 auribus
2577 2940 2816 2993 sonaret
2844 2953 2860 3006 ;
2894 2950 2964 2994 eo
2999 2931 3267 3013 deposito
3298 2952 3487 2996 novus
3518 2952 3622 2997 ex-

1973 3018 2260 3096 cogitatus
2293 3022 2705 3084 Gnosticorum
2741 3021 2969 3099 titulus,
2996 3022 3098 3104 qui
3121 3023 3407 3087 ementita
3435 3023 3628 3087 scien-

199 3112 344 3181 aliae,
370 3132 626 3193 quarum
654 3111 944 3174 obscura
974 3112 1068 3174 vel
1094 3130 1339 3193 prorsus
1366 3112 1569 3191 ignota
1617 3111 1884 3194 nomina,
1907 3136 1948 3186 ε
1973 3107 2070 3172 tiae
2100 3108 2276 3170 laude
2305 3109 2503 3172 fucum
2533 3110 2754 3172 faceret
2783 3109 3099 3192 imperitis.

205 3201 366 3261 novis
388 3204 604 3264 additis
639 3221 939 3264 errorum
1000 3222 1074 3264 ac
1126 3203 1542 3283 spurcitiarum
1576 3201 1881 3276 monstris,

211 3292 548 3354 scaturiere.
584 3291 704 3365 Qui
745 3312 902 3354 vero
963 3290 1273 3354 Nicolaum
1309 3311 1342 3353 a
1373 3292 1549 3372 culpa
1600 3290 1880 3361 liberant,

207 3400 318 3440 nec
339 3382 438 3460 ipsi
455 3385 627 3464 pauci
666 3393 977 3463 sunt,nec
1011 3381 1196 3443 intimi
1220 3382 1278 3443 in
1303 3380 1571 3442 Ecclesia
1595 3380 1880 3444 nominis.

201 3472 428 3548 Agmen
478 3473 645 3534 ducit
708 3473 1006 3536 Clemens
1055 3469 1538 3546 Alexandrinus’,
1573 3489 1750 3551 quem
1784 3489 1884 3532 se-

199 3572 464 3639 quuntur
488 3561 795 3625 Eusebius
816 3564 873 3642 5,
900 3561 1320 3624 Theodoretus
1349 3561 1399 3635 4,
1436 3559 1798 3637 Augustinus
1825 3563 1878 3634 5,

201 3649 545 3713 Victorinus
590 3651 1115 3713 Petavionensisﬁ
1147 3659 1206 3712 et
1235 3651 1334 3712 alii
1367 3671 1379 3710 :
1416 3650 1573 3712 inter
1602 3669 1751 3731 quos
1781 3668 1880 3712 re-

199 3742 438 3802 censeri
463 3755 664 3823 posset
691 3739 975 3822 Ignatius
1023 3743 1080 3802 in
1127 3740 1395 3822 epistolis
1443 3740 1514 3802 ad
1549 3739 1880 3802 Trallianos

203 3841 262 3889 et
296 3829 894 3913 Philadelphienses,
931 3830 982 3890 si
1011 3849 1081 3892 ea
1111 3851 1242 3912 qua:
1275 3831 1332 3891 in
1362 3829 1590 3893 Nicolai
1633 3829 1879 3908 gratiam

202 3921 583 3982 adducuntur
615 3921 988 3999 testimonia,
1022 3939 1092 3982 ex
1124 3919 1427 4000 genuinis,
1488 3939 1606 3980 non
1638 3936 1777 3980 vero
1811 3937 1880 3980 ex

203 4010 588 4091 interpailatis
649 4009 929 4091 epistolis
978 4010 1505 4090 depromerentur.
1547 4008 1640 4070 llli
1671 4027 1881 4070 omnes

199 4111 477 4181 censent,
512 4101 843 4163 haereticos
893 4099 1297 4175 Simonianos,
1359 4109 1420 4161 ut
1468 4097 1878 4160 auctoritatem

205 4190 320 4250 sibi
352 4209 423 4252 ex
455 4210 678 4270 magno
713 4189 963 4252 nomine
1019 4189 1429 4263 conciliarent,
1482 4188 1729 4252 Nicolao
1771 4206 1875 4250 ca-

2053 3287 2188 3352 I33.
2223 3291 2506 3367 Dogmata
2517 3289 2944 3354 Nicolaitarum
2965 3291 3294 3355 theoretica
3305 3309 3625 3358 recensere

1965 3395 2474 3458 supervacaneum
2493 3379 2662 3441 duxit
2679 3379 3180 3444 Irenaaus:eadem
3202 3384 3424 3464 quippe
3438 3383 3623 3448 fuisse

1967 3485 2099 3548 quae
2116 3475 2468 3530 caeterorum
2509 3467 2926 3532 Gnosticorum
2959 3471 3275 3553 perspicue
3304 3473 3621 3538 innuitlib.

1966 3559 2228 3637 1n,cap.l
2247 3560 2370 3634 1',ut
2374 3559 2496 3639 jam
2513 3559 2586 3621 de
2601 3558 2884 3622 Cerintho
2897 3570 3139 3640 agentes
3151 3562 3620 3628 observavimus.

1962 3645 2047 3707 Ea
2069 3646 2281 3708 fusiori
2304 3649 2455 3728 ston
2479 3659 2835 3729 prosecutus
2867 3659 2954 3713 est
2983 3648 3621 3734 Epiphanius‘°,com-

1965 3736 2187 3814 pendio
2215 3756 2355 3798 vero
2409 3739 2744 3802 retulerunt
2786 3743 3152 3822 Augustinus
3181 3743 3229 3786 “
3260 3752 3317 3806 et
3356 3743 3624 3807 Pseudo-

1963 3824 2365 3916 Tertullianus
2394 3827 2468 3889 19.
2499 3827 2613 3891 Sed
2646 3849 2778 3912 quae
2827 3831 2871 3892 ii
2927 3830 3234 3894 Nicolaitis
3289 3833 3620 3916 ascribunt,

1963 3915 2094 3994 ipsa
2114 3925 2252 3978 sunt
2281 3937 2413 3999 qua;
2445 3920 2614 4000 paulo
2650 3927 2784 3999 post
2812 3921 3295 3985 tribuitlrenaeus
3326 3915 3622 3988 Gnosticis

1963 4004 2025 4065 in
2055 4024 2301 4084 genere.
2357 4008 2502 4070 Cum
2549 4016 2746 4071 autem
2807 4030 2878 4072 eo
2938 4011 3180 4073 nomine
3239 4031 3361 4093 prae
3391 4014 3622 4076 caeteris

1963 4094 2365 4174 gloriarentur
2377 4096 3153 4181 Nicolaitazdlludquel‘orte
3165 4100 3617 4181 primiomnium

1963 4184 2075 4247 sibi
2102 4184 2651 4263 vindicassent,non
2681 4187 2950 4250 dubitem
2982 4189 3129 4270 quin
3153 4191 3212 4251 in
3245 4208 3347 4254 eos
3377 4190 3618 4271 potissi-

208 4280 551 4360 lumniatos,
621 4300 697 4342 eo
752 4291 998 4343 auctore
1047 4280 1325 4359 gloriatos
1383 4281 1584 4360 fuisse,
1644 4286 2126 4358 arreptanmum
2161 4276 2519 4338 conveniant
2548 4296 2681 4358 qua:
2709 4278 2770 4340 in
2805 4279 3120 4341 Gnosticos
3149 4279 3275 4342 illic
3304 4280 3487 4342 refert
3507 4299 3616 4342 an-

212 4388 524 4449 perperam
560 4371 888 4433 occasione
939 4388 1010 4432 ex
1056 4370 1207 4432 facto
1238 4369 1395 4451 quod
1427 4368 1704 4432 Clemens
1735 4371 1877 4429 Ale-

207 4461 381 4522 xand.
417 4461 447 4508 ’ἵ
480 4461 664 4541 longe
719 4461 901 4521 aliter
930 4471 1108 4540 atque
1136 4460 1506 4542 Epiphanius
1531 4467 1755 4520 narrat.
1787 4457 1883 4519 Ait

209 4551 767 4631 nempe,audiisse,
798 4548 1134 4623 Nicolaum,
1171 4559 1233 4612 ut
1271 4549 1344 4611 ab
1375 4548 1608 4626 objecta
1658 4547 1772 4609 sibi
1804 4546 1878 4607 ab

211 4641 494 4720 apostolis
522 4641 825 4721 zelotypia
857 4649 1136 4720 purgaret
1169 4659 1321 4713 sesc,
1359 4657 1562 4715 uxore,
1603 4657 1734 4720 qua:
1765 4637 1879 4699 Ior-

216 4749 373 4791 mosa
425 4739 580 4806 erat,
646 4732 708 4792 in
769 4730 1032 4792 medium
1085 4729 1364 4802 adducta,
1415 4729 1754 4810 permisisse
1786 4730 1878 4790 cui

215 4820 388 4880 vellet
420 4820 478 4883 ei
510 4820 770 4882 nubere.
814 4821 960 4883 Inde
981 4839 1145 4900 vero,
1179 4820 1346 4900 quasi
1368 4837 1614 4881 uxorem
1647 4817 1885 4898 publice

213 4910 640 4990 prostituisset,
699 4910 953 4992 ejusque
980 4911 1386 4990 promiscuum
1436 4928 1610 4970 usum
1643 4907 1884 4989 quibus-

208 5017 448 5081 cunque
480 4999 887 5080 permisisset,
923 4999 1300 5061 occasionem
1335 5011 1605 5080 captasse
1639 4998 1872 5060 haereti-

205 5109 306 5150 cos
332 5089 575 5151 laxandi
600 5089 773 5153 frena
792 5088 1050 5153 libidini.
1076 5089 1306 5152 Nicolai
1336 5107 1480 5151 vero
1512 5088 1672 5150 hunc
1697 5106 1882 5150 unum

207 5179 389 5240 fuisse
447 5189 827 5262 scopum,ut
881 5198 917 5241 a
963 5197 1029 5240 se
1077 5177 1426 5240 amoliretur
1481 5177 1882 5258 suspicionem

285 5348 335 5390 ⁹¹
376 5352 523 5430 Cap.
559 5365 649 5422 τι,
687 5346 746 5411 3.
783 5349 818 5411 5
900 5347 957 5391 ⁹²
986 5349 1136 5412 Coll.
1211 5350 1300 5423 I8,
1356 5366 1414 5409 c.
1467 5349 1564 5411 16.
1597 5346 1652 5392 93
1683 5345 1808 5408 Lib.
1863 5363 1907 5429 ι,

1965 4373 2093 4425 ctor
2124 4373 2346 4426 noster.
2382 4364 2500 4428 Sed
2532 4368 2608 4428 de
2661 4367 2753 4428 his
2810 4385 2917 4429 suo
2967 4368 3123 4430 loco.
3185 4370 3451 4433 Practica
3481 4388 3619 4433 vero

1965 4453 2238 4532 dogmata
2269 4455 2649 4536 paucissimis
2671 4456 2999 4534 verbis,sed
3029 4459 3456 4522 efﬁcacissimis
3479 4479 3618 4542 per-

1965 4544 2202 4606 strinxit
2232 4545 2387 4606 idem
2420 4545 2684 4608 Irenaeus
2711 4568 2725 4608 :
2763 4546 3100 4611 Indiscrete
3131 4551 3370 4622 vivunt,
3402 4549 3618 4632 inquit,

1965 4632 2020 4693 id
2053 4641 2142 4694 est
2164 4634 2500 4714 promiscua
2531 4635 2617 4697 eis
2650 4645 2787 4697 sunt
2816 4636 3015 4697 omnia
3052 4655 3066 4700 :
3101 4639 3260 4718 quod
3290 4638 3363 4700 ad
3393 4637 3620 4719 Carpo-

1965 4723 2144 4786 cratis
2173 4723 2528 4806 principium
2562 4726 2717 4786 redit
2753 4747 2765 4789 :
2794 4726 2943 4788 nihil
2976 4736 3182 4808 suapte
3243 4735 3452 4790 natura
3508 4729 3618 4789 bo-

1966 4833 2109 4876 num
2140 4832 2272 4876 esse
2303 4824 2402 4876 aut
2421 4815 2778 4891 malum,sed
2804 4815 3210 4878 indiﬂ‘erentia
3231 4815 3623 4889 omnia.Nihi|

1969 4905 2184 4966 mirum
2236 4903 2436 4986 itaque
2495 4907 2542 4967 si
2596 4905 2939 4988 idolothytis
2989 4907 3174 4988 vesci,
3226 4915 3284 4968 et
3335 4907 3622 4970 fornicari

1971 4994 2208 5075 (quibus
2241 4995 2690 5058 characteribus
2721 4995 2990 5076 designat
3019 5015 3146 5057 eam
3183 5006 3408 5060 sectam
3443 4999 3621 5060 Chri-

1969 5092 2094 5146 stus
2125 5083 2198 5158 1³,
2233 5085 2396 5148 nulla
2433 5085 2520 5146 eis
2577 5086 2786 5166 religio
2838 5096 3024 5150 esset.
3077 5085 3206 5150 Uno
3267 5087 3446 5150 verbo
3504 5096 3620 5149 tam

1969 5174 2213 5238 effrenis
2269 5175 2378 5237 fuit
2425 5176 2483 5237 in
2529 5176 2692 5238 omni
2742 5176 3217 5259 intemperantiae
3243 5195 3465 5260 genere
3513 5197 3622 5240 eo-

1970 5366 2023 5409 c.
2058 5345 2158 5422 96,
2224 5365 2284 5409 ιι.
2323 5347 2381 5411 3.
2443 5344 2499 5389 9‘
2527 5347 2595 5409 C'
2627 5349 2727 5411 47.
2760 5345 2816 5389 9⁵
2843 5345 2988 5410 Cod.
3022 5347 3165 5411 232.
3224 5347 3281 5391 96
3310 5350 3378 5411 Ιιι
3411 5345 3621 5410 Matth.

209 5457 264 5501 c.
294 5440 395 5502 25.
455 5441 509 5484 97
545 5443 590 5502 L
652 5455 737 5509 XI,
795 5457 900 5518 ep.
947 5440 1004 5500 1.
1068 5438 1327 5501 Eunom.
1359 5436 1415 5480 93
1445 5437 1509 5500 In
1572 5437 1750 5518 epist.
1784 5437 1858 5497 ad
1917 5435 2156 5500 Heliod.
2192 5444 2250 5497 et
2307 5434 2618 5500 Sabinian.
2651 5437 2817 5500 Diac.
2848 5434 2904 5481 99
2933 5437 3107 5500 Hom.
3168 5437 3248 5500 38
3302 5437 3364 5499 in
3397 5435 3618 5516 Evang.

209 5531 228 5572 ¹
290 5529 446 5592 liter.
501 5548 644 5604 xxv,
680 5530 712 5611 §
746 5531 803 5593 1.
838 5530 867 5574 τ
898 5528 962 5591 L.
1003 5547 1063 5594 III
1121 5528 1367 5600 Strom.,
1410 5549 1466 5610 p.
1501 5527 1642 5594 436.
1707 5523 1732 5568 ⁸
1764 5529 1827 5590 L.

1976 5579 1979 5597 ,
2027 5545 2082 5591 c.
2137 5525 2237 5588 29.
2305 5523 2333 5569 ‘
2360 5527 2426 5590 L.
2464 5545 2548 5601 ιιι,
2582 5546 2638 5589 c.
2676 5530 2736 5590 1.
2795 5527 2822 5568 ⁵
2850 5525 3008 5590 Hier.
3042 5544 3104 5590 v.
3160 5525 3190 5571 ⁸
3218 5525 3284 5590 [ιι
3315 5527 3503 5610 Apoc.
3560 5525 3622 5590 in

210 5618 492 5682 Biblioth.
534 5621 650 5684 Pl’.
712 5618 739 5663 7
771 5621 834 5682 L.
869 5636 909 5682 ιι
944 5617 1198 5700 Strom.,
1233 5638 1294 5701 p.
1323 5619 1464 5681 411.
1502 5618 1647 5699 Cap.
1685 5633 1748 5693 ιι,
1811 5613 1890 5679 ⁸(

1976 5635 2010 5676 ι.
2044 5632 2108 5692 ιι,
2142 5615 2200 5679 6.
2234 5615 2262 5659 9
2291 5615 2418 5679 Lib.
2454 5631 2541 5690 ιιι,
2575 5633 2628 5678 c.
2671 5615 2769 5679 29.
2827 5614 2880 5660 ¹⁰
2907 5613 3062 5680 Haer.
3099 5633 3236 5680 xxv.
3269 5615 3317 5660 “
3350 5614 3503 5681 Haar.
3559 5631 3619 5675 v.

213 5708 262 5750 ¹⁹
293 5706 371 5770 De
404 5728 618 5790 praess.
665 5711 763 5772 4⁵7.
799 5706 855 5752 ¹⁸
885 5712 1072 5790 Apoc.
1101 5725 1167 5785 It,
1207 5709 1303 5772 14.
