4152 6400
277 374 392 438 169

981 376 1503 440 DISSERTATIO
1532 376 1582 452 I,
1620 376 1805 438 ART.
1839 372 1952 451 III,
1981 369 2081 432 DE
2113 370 2548 434 VALENTINI
2576 371 2994 436 MAGISTBIS

2653 191 2678 221 6

3590 373 3705 439 170

277 523 382 566 nus
405 504 473 564 ad
507 505 785 566 materiae
823 504 1042 567 faecem
1068 506 2193 588 demisitoculos,etVirtutemAirat,
2241 522 2563 584 supernum
2615 504 2890 566 videlicet
2947 504 3173 578 lumen,
3229 509 3452 570 salvum
3505 508 3700 574 ﬁeret.

275 593 599 674 quamdam,
639 595 965 673 serpentis
997 596 1232 673 specie.
1271 615 1448 675 quem
1501 600 1630 678 ejus
1655 600 1871 666 Filium
1904 611 1962 664 et
2042 589 2194 652 Hinc
2219 593 2365 653 irato
2393 593 2735 656 hominibus
2758 593 3300 678 Jaldabaoth,quod
3321 616 3385 660 se
3411 617 3529 660 non
3549 599 3707 662 cole-

267 682 391 744 Nun
413 691 656 754 vocant;
716 684 957 744 dehinc
1015 693 1076 744 et
1128 683 1436 761 Spiritum,
1492 697 1549 749 et
1579 691 1868 770 animam,
1905 701 1963 753 et
2042 681 2551 763 ΐεηῐνάίιυνίοίῖυθ
2581 684 2911 744 humanum
2943 703 3130 762 genus
3155 687 3408 766 Ρυΐάθΐθ
3440 689 3704 764 νοιθηιθὶ

263 773 453 833 omnia
483 791 617 862 qua:
651 773 713 862 in
759 773 1004 832 mundo
1039 782 1204 842 sunt,
1241 778 1447 850 genuit
1481 795 1498 838 :
1533 780 1793 862 indeque
1825 791 1964 843 nata

254 862 442 920 omnis
485 861 746 933 oblivio,
821 861 1093 932 malitia,
1157 865 1350 944 zelus,
1413 865 1630 929 invidia
1682 861 1738 931 et
1778 887 1959 933 mors.

247 949 396 1011 Hinc
429 951 678 1010 insulsae
702 951 1113 1028 gloriationis
1140 971 1349 1013 ansam
1375 959 1883 1037 captans,Patrem
1901 981 1964 1023 se

245 1039 479 1098 vocaiit
509 1047 568 1100 et
601 1039 836 1119 Deum,
909 1050 974 1100 et
1025 1059 1382 1121 supremum
1434 1065 1635 1108 rerum
1694 1050 1962 1111 omnium

243 1127 634 1208 principium.
673 1127 760 1190 Ut
796 1148 951 1190 vero
989 1131 1288 1191 insaniam
1323 1129 1454 1211 ejus
1501 1138 1812 1216 castigaret
1840 1141 1964 1200 Ma-

244 1228 355 1291 ter,
406 1217 522 1296 ipsi
575 1236 824 1298 sexque
874 1219 1145 1299 reliquis
1179 1219 1500 1289 Vitutibus.
1538 1235 1602 1285 ut
1661 1228 1963 1290 hominem

243 1309 601 1376 conderent,
644 1313 946 1370 mentem
990 1310 1232 1388 injecit;
1269 1320 1330 1370 ut
1360 1312 1445 1372 sic
1476 1312 1669 1375 ablata
1701 1334 1733 1378 a
1765 1319 1966 1379 .lalda-

251 1397 428 1457 baoth
469 1397 521 1456 vi
567 1396 699 1468 illa,
743 1416 946 1476 quam
983 1398 1183 1459 eidem
1233 1399 1632 1479 impertierat,
1667 1404 1728 1464 in
1765 1406 1963 1466 homi-

263 1505 397 1546 nem
429 1487 930 1546 transfunderet.
965 1488 1283 1548 Formatus
1313 1489 1492 1566 igitur
1521 1491 1594 1551 ab
1627 1492 1742 1554 illis
1762 1494 1962 1568 homo,

265 1574 626 1652 longitudine
659 1582 719 1633 et
758 1575 1102 1635 latitudine
1164 1577 1514 1659 immensus,
1553 1588 1612 1640 et
1645 1581 1806 1642 humi
1866 1601 1965 1642 re-

271 1663 498 1742 pens,id
527 1673 613 1724 est
640 1664 976 1725 informis.
1013 1662 1169 1724 Huic
1210 1664 1557 1728 Jaldabaoth
1589 1668 1750 1730 amat
1779 1670 1962 1751 spiri-

273 1763 389 1814 tum
421 1754 640 1824 vitm,et
680 1773 836 1814 cum
873 1773 950 1816 eo
988 1755 1426 1834 lumen,svu,ut
1472 1758 1782 1834 vocabant,
1843 1759 1963 1821 hu-

2046 771 2288 831 luminis
2318 773 2473 850 quod
2505 772 2804 834 infuderat
2852 773 3125 854 sollicita,
3180 777 3305 838 Noe
3351 779 3603 839 servavit
3643 779 3706 840 in

2047 879 2206 934 arca,
2241 880 2270 916 a
2305 881 2421 937 quo
2456 869 2591 923 nata
2622 881 2771 924 nova
2815 863 3120 924 hominum
3169 866 3484 945 progenies
3525 885 3706 929 mun-

2049 948 2188 1010 dum
2245 950 2558 1030 supplevit.
2608 951 2692 1013 Ex
2735 951 2808 1013 iis
2852 953 3262 1014 Abrahamum
3327 953 3440 1016 sibi
3486 955 3708 1037 delegit

2047 1037 2421 1126 .laldabaoth,
2482 1059 2616 1101 cum
2677 1059 2794 1121 quo
2849 1042 3035 1103 faedus
3083 1041 3256 1120 iniit;
3320 1063 3427 1124 per
3467 1046 3708 1126 Moysen

2051 1124 2346 1188 Israelitas
2369 1128 2574 1189 eduxit
2603 1148 2670 1190 ex
2706 1131 2978 1211 IEgypto,
3012 1130 3326 1212 legemque
3369 1124 3603 1210 sanxit;
3636 1152 3707 1194 ac

2053 1228 2177 1275 tum
2213 1217 2361 1292 iose,
2399 1227 2519 1278 tum
2554 1219 2656 1281 ﬁlii
2687 1221 2814 1300 ejus
2866 1239 2898 1281 e
2945 1220 3284 1284 Judreorum
3330 1235 3508 1300 gente
3567 1242 3708 1285 suos

2049 1303 2165 1364 sibi
2193 1305 2447 1386 quisque
2478 1308 2801 1388 prophetas
2821 1308 3181 1384 asciverunt,
3222 1329 3328 1389 per
3375 1330 3524 1392 quos
3551 1311 3704 1374 vati-

2050 1393 2207 1454 cinia
2240 1413 2344 1455 sua
2368 1395 2708 1459 funderent.
2842 1474 2844 1476 ν

2133 1484 2269 1546 154.
2334 1486 2397 1547 In
2453 1485 2546 1546 his
2596 1485 2874 1548 omnibus
2943 1487 3219 1566 dogmata
3271 1485 3576 1551 Platonica
3632 1489 3705 1552 ad

2050 1571 2402 1632 Christianae
2432 1574 2738 1651 religionis
2768 1574 3103 1653 genium,et
3133 1595 3515 1639 communem
3542 1577 3703 1642 Gno-

2051 1660 2336 1722 sticorum
2375 1662 2779 1742 hypothesim,
2818 1683 2934 1725 non
2959 1664 3089 1726 sine
3118 1665 3332 1744 insigni
3365 1666 3704 1748 Scriptura-

2050 1769 2179 1810 rum
2211 1753 2620 1831 corruptione,
2658 1761 2959 1834 utcunque
2991 1758 3440 1817 accommodata
3485 1757 3706 1836 depre-

269 1842 1161 1916 mectutionemluminis,Nnn
1184 1827 2319 1930 videlicetetEnthymesin,Blleﬂdel‘e
2379 1827 2611 1930 éSl-Ibi
2672 1827 2928 1922 ευρθτῆει
2981 1844 3315 1905 animarum
3375 1827 3712 1925 οΐῖὲοίοθῑι

262 1949 433 2011 quam
485 1951 521 1991 a
578 1931 781 1992 Matre
835 1941 1207 2011 acceperat;
1261 1933 1363 1993 sed
1411 1934 1549 1994 dum
1610 1935 1722 1996 sibi
1754 1936 1961 2012 demit,

261 2023 415 2102 quod
453 2023 608 2082 aleri
643 2021 900 2092 tribuit,
953 2031 1183 2082 tantum
1220 2023 1491 2102 proprias
1528 2025 1684 2087 vires
1736 2025 1966 2088 labefa-

265 2120 406 2181 ctat;
446 2110 609 2191 quod
682 2110 935 2171 callidae
1004 2111 1210 2171 \fatris
1260 2111 1548 2174 intentum
1592 2125 1737 2178 erat.
1779 2119 1966 2178 Homo

269 2213 474 2262 autem
511 2201 607 2263 Nu
677 2209 739 2260 et
775 2199 1168 2279 Enthymesi.
1203 2201 1317 2261 hoc
1341 2211 1429 2262 est
1459 2213 1682 2278 mente,
1708 2212 1768 2267 et
1792 2207 1968 2267 coale-

267 2294 441 2352 stium
464 2290 795 2350 desiderio
823 2290 1254 2370 locupletatus,
1289 2311 1418 2372 quae
1447 2294 1601 2368 sola,
1637 2296 1966 2357 secundum

273 2383 611 2443 Gnosticos.
654 2379 932 2439 salutem
970 2379 1326 2460 percipiunt,
1365 2382 1558 2441 statim
1615 2383 1807 2462 primo
1855 2386 1968 2446 ho—

277 2471 446 2540 mini,
502 2489 615 2530 seu
673 2470 884 2548 primo
950 2468 1131 2549 Patri,
1185 2469 1412 2530 relictis
1471 2471 1966 2550 fabricatoribus,

276 2559 492 2638 gratias
525 2557 676 2638 egit.
737 2560 817 2619 At
867 2557 1221 2619 Jaldabaoth
1269 2577 1425 2636 aegre
1472 2560 1671 2622 ferens
1717 2580 1787 2624 ea
1839 2581 1979 2642 quae

281 2669 460 2729 supra
491 2668 558 2709 se
592 2655 804 2718 erant,
840 2647 916 2708 ad
972 2647 1229 2726 alicujus
1279 2649 1546 2710 notitiam
1601 2653 1969 2732 pervenisse,

290 2740 566 2800 feminam
599 2739 909 2809 condidit,
946 2745 1212 2797 vocatam
1273 2737 1470 2812 Evam,
1508 2740 1680 2818 cujus
1719 2740 1969 2802 formam

296 2830 476 2889 mirati
510 2828 729 2889 caeteri
760 2835 1103 2904 genuerunt
1140 2845 1210 2888 ex
1246 2845 1316 2888 ea
1350 2829 1632 2906 Angelos.
1669 2829 1784 2892 Sed
1808 2829 1880 2892 ab
1904 2850 1973 2892 ea

288 2921 541 2980 ccelestis
583 2919 786 2980 Mater
845 2921 1124 2978 virtutem
1160 2936 1192 2978 a
1229 2919 1583 2980 Jaldabaoth
1622 2920 1970 3001 inSpiratam

286 3011 436 3069 clam
465 3007 726 3069 abstulit
763 3025 778 3068 :
818 3025 932 3067 nec
983 3007 1078 3066 his
1125 3015 1426 3080 contenta,
1464 3016 1692 3069 tantum
1745 3010 1976 3072 artibus

293 3098 586 3170 ellecit,ut
617 3116 890 3176 serpens
924 3095 978 3154 ei
1011 3096 1296 3174 primum,
1337 3103 1458 3156 tum
1505 3116 1611 3177 per
1641 3117 1770 3159 eam
1807 3099 1971 3160 Ada-

303 3207 390 3248 mo
415 3187 780 3249 rebellionis
813 3194 1026 3246 auctor
1051 3185 1491 3264 ﬁeret,vetitum
1519 3187 1776 3249 fructum
1810 3208 1973 3250 man-

302 3278 508 3338 ducare
529 3278 830 3356 suadens;
871 3293 979 3356 per
1008 3293 1186 3356 quem
1220 3283 1469 3356 uterque
1505 3295 1800 3358 supremae
1834 3279 1972 3340 Vir-

309 3368 455 3439 tutis,
489 3368 776 3428 divinoru
793 3383 978 3444 mque
1017 3364 1437 3444 mysteriorum
1480 3367 1793 3428 scientiam
1827 3367 1974 3428 ade-

301 3466 448 3535 ptus,
484 3475 515 3517 a
549 3456 768 3516 mundi
820 3452 1146 3534 opiﬁcibus
1195 3454 1502 3515 abscessit.
1553 3456 1739 3518 Iratus
1773 3457 1976 3518 Jalda-

299 3545 504 3618 baoth,
536 3545 805 3607 rebelles
839 3543 1043 3604 divina
1073 3543 1406 3604 substantia
1443 3553 1754 3626 vacuos,et
1785 3545 1972 3608 male-

298 3635 512 3708 dictos,
543 3658 574 3694 e
610 3636 768 3696 coelo
803 3641 862 3694 et
896 3633 1170 3711 paradiso
1201 3632 1262 3692 in
1294 3632 1451 3693 hunc
1484 3635 1770 3695 mundum
1801 3635 1974 3714 deje-

295 3724 374 3786 cit
408 3747 422 3784 :
462 3726 559 3785 ubi
595 3742 860 3800 corpora
883 3723 1122 3782 illorum
1161 3722 1335 3796 levia,
1374 3723 1674 3803 pellucida
1704 3733 1761 3785 et
1794 3725 1975 3805 spiri-

295 3815 479 3875 tualia
557 3815 620 3875 in
671 3813 926 3892 tardius,
981 3810 1293 3875 obscurius
1334 3822 1393 3873 et
1446 3813 1704 3876 crassius
1757 3823 1977 3876 mutata

295 3914 454 3979 sunt,
489 3904 805 3965 debilitata
857 3903 1038 3964 etiam
1087 3910 1144 3962 et
1200 3901 1482 3981 languore
1528 3903 1716 3964 fracta
1751 3904 1971 3966 anima.

291 3992 462 4056 Simil
539 3992 782 4054 ratione
828 4009 1081 4072 serpens
1130 3989 1277 4072 Nus,
1327 3991 1700 4054 sodnctionis
1748 3995 1972 4055 instru-

293 4093 605 4158 mentum,
649 4083 715 4142 in
776 4083 941 4144 hunc
1000 4084 1294 4142 mundum
1353 4081 1658 4156 detrusus,
1733 4083 1978 4160 angelos

295 4174 455 4234 illius
485 4173 604 4234 sibi
636 4172 923 4251 subjecit,
955 4188 1179 4250 sexque
1212 4170 1387 4245 ﬁlios,
1441 4171 1744 4233 daemones
1797 4191 1975 4233 mun-

300 4261 506 4334 danos,
540 4260 774 4341 genuit,
806 4279 882 4320 an
916 4259 1315 4320 imitationem
1346 4278 1620 4340 supernae
1648 4259 1978 4322 hebdoma-

304 4350 394 4413 dis
427 4370 440 4412 :
479 4349 834 4412 hominibus
867 4367 1109 4428 semper
1139 4349 1406 4427 infestos,
1435 4350 1713 4430 quoniam
1734 4359 1978 4429 paterno

296 4441 487 4521 lapsui
520 4450 578 4502 et
609 4440 946 4501 infortunio
977 4439 1355 4502 occasionem
1390 4438 1794 4520 praebuerant.
1862 4439 1976 4504 Ubi

2050 1928 2447 1992 scintillarum
2478 1929 2550 1992 ab
2586 1933 2720 2010 igne
2759 1932 2955 1993 divino
2987 1932 3395 2014 emicantium,
3430 1933 3551 1996 sive
3578 1953 3713 2015 por-

2050 2018 2281 2078 tionum
2313 2020 2701 2099 quarumdam
2752 2040 2786 2082 a
2835 2021 3032 2082 divina
3061 2022 3389 2085 substantia
3418 2023 3709 2086 decidua-

2050 2123 2208 2185 rum,
2238 2127 2370 2168 cum
2405 2110 2648 2171 Platone
2680 2110 2941 2190 ﬁngitur.
2980 2113 3079 2173 Ere
3110 2121 3354 2193 propter
3393 2112 3569 2174 inditi
3612 2113 3710 2174 Iu-

2053 2197 2234 2256 minis
2264 2197 2542 2273 abusum,
2584 2218 2900 2280 corporum
2950 2202 3175 2262 carceri
3228 2201 3499 2284 squalido
3531 2209 3588 2263 et
3619 2193 3711 2262 te-

2054 2285 2370 2347 nebricoso
2401 2288 2814 2370 includuntur,
2841 2289 3166 2351 liberandae
3198 2310 3306 2351 suo
3338 2298 3629 2372 tempore,
3655 2298 3714 2353 et

2055 2374 2308 2454 pristina
2340 2375 2470 2437 luce
2497 2379 2839 2440 recreandae
2871 2400 2884 2441 :
2935 2379 3094 2459 quod
3125 2379 3498 2442 Platonicum
3539 2400 3710 2442 com-

2057 2471 2321 2525 mentum
2351 2473 2440 2526 est
2469 2466 2547 2526 de
2577 2467 2914 2539 animabus,
2949 2467 3023 2528 ob
3055 2468 3554 2550 amissas,quibus
3583 2488 3714 2531 sur-

2055 2570 2183 2612 sum
2221 2553 2584 2636 ferebantur,
2623 2556 3143 2637 contemplationis
3197 2576 3444 2638 pennas,
3479 2557 3541 2619 in
3573 2577 3710 2620 cor-

2057 2660 2202 2721 pora
2234 2644 2611 2724 praecipites;
2647 2645 2747 2706 ubi
2777 2646 3057 2708 refricata
3089 2647 3368 2728 paulatim
3413 2666 3709 2728 superno-

2054 2749 2186 2792 rum
2222 2733 2510 2794 memoria
2562 2735 2872 2816 pristinam
2913 2734 3255 2798 felicitatem
3285 2736 3573 2815 gradatim
3605 2754 3710 2799 re-

2055 2829 2359 2900 cuperant.
2394 2821 2482 2882 Ibi
2509 2823 2687 2886 etiam
2723 2823 2928 2885 mundi
2961 2824 3268 2887 fabricatio
3306 2825 3554 2906 angelis,
3592 2844 3713 2887 non

2057 2909 2170 2989 ipsi
2201 2911 2323 2972 Deo
2354 2931 2586 2972 summo
2618 2913 2957 2995 ascribitur;
2993 2915 3149 2995 quod
3201 2915 3407 2976 itidem
3441 2914 3712 2978 Platoni-

2055 3015 2187 3057 cum
2226 3007 2336 3058 est.
2373 2997 2495 3058 Illis
2527 3000 2766 3079 quidem
2819 3000 3033 3062 fabulis
3080 3002 3472 3082 multiplicem
3531 3019 3714 3063 orna-

2059 3093 2180 3146 tum
2213 3086 2550 3167 suppeditat
2578 3089 2786 3168 religio
2809 3089 3162 3171 Christiana;
3196 3091 3302 3152 sed
3353 3089 3711 3152 fundamen-

2059 3183 2180 3235 tum
2238 3176 2462 3254 przebet
2515 3176 2811 3239 Platonica
2870 3178 3261 3260 philosophia,
3297 3185 3365 3241 ut
3409 3178 3713 3258 sigillatim

2060 3266 2381 3326 ostendere
2407 3267 2667 3348 proclive
2697 3267 2996 3340 foret,nisi
3027 3267 3713 3348 attendentibus,etquae

2054 3353 2184 3432 jam
2217 3355 2520 3417 multoties
2553 3356 2813 3418 diximus
2836 3356 3243 3419 recalentibus
3272 3375 3371 3418 res
3399 3356 3568 3418 facile
3599 3375 3708 3436 pa-

2060 3450 2231 3503 teret.
2281 3451 2509 3508 Caetera
2562 3465 2693 3526 quae
2742 3447 2816 3507 de
2877 3445 3209 3509 rebellione
3236 3446 3609 3521 Jaldabaoth,
3637 3446 3715 3508 de

2061 3531 2286 3612 duplici
2335 3535 2554 3608 anima,
2607 3536 2794 3597 altera
2833 3554 2963 3616 quae
3016 3535 3262 3615 spiritus
3294 3547 3424 3599 vitae
3473 3536 3574 3618 sit,
3607 3553 3716 3598 seu

2062 3623 2360 3700 animalis,
2414 3625 2714 3687 insufﬂata
2772 3645 2877 3705 per
2931 3624 3327 3699 Jaldabaotb;
3368 3628 3554 3689 altera
3583 3643 3717 3708 quae

2062 3713 2346 3792 spiritalis
2377 3713 2474 3791 sit,
2527 3733 2631 3777 seu
2689 3715 3052 3779 humectati'o
3102 3715 3366 3793 luminis,
3403 3733 3533 3797 qua)
3562 3716 3714 3776 clam

2063 3820 2155 3873 eo,
2191 3802 2321 3882 ejus
2350 3808 2550 3888 tamen
2583 3803 2960 3884 interpositu,
3013 3823 3121 3884 per
3167 3804 3411 3866 Matrem
3458 3805 3712 3883 afflatur,

2061 3911 2235 3973 quam
2272 3893 2457 3954 solam
2494 3913 2625 3956 cum
2664 3895 2930 3956 emiserit
2960 3899 3170 3972 Mater,
3208 3896 3394 3958 solam
3427 3905 3621 3956 servat
3650 3896 3714 3958 in

2061 3982 2621 4058 hominibus,sola’m
2645 3984 2834 4046 salute
2863 3985 3227 4066 domandam,
3281 4003 3532 4064 corpore
3571 4003 3717 4064 pro-

2060 4071 2204 4132 inde
2233 4081 2519 4133 zeternum
2557 4073 2843 4153 perituro;
2904 4073 2980 4134 de
3010 4073 3140 4152 lege
3185 4073 3442 4135 Mosaica
3489 4073 3719 4135 sancita

2062 4180 2170 4241 per
2198 4161 2572 4239 Jaldabaoth,
2627 4170 2768 4235 etc.,
2816 4162 3084 4240 garriunt
3130 4160 3398 4224 haeretici
3428 4162 3716 4227 Gnostica

2062 4258 2197 4310 sunt
2222 4259 2280 4311 et
2313 4249 2746 4312 Valentiniana.
2835 4264 2840 4268 '

2143 4341 2280 4401 155.
2319 4340 2599 4419 Ejusdem
2631 4340 2866 4420 generis
2891 4345 3028 4401 sunt
3054 4355 3187 4420 qum
3216 4336 3291 4398 de
3319 4335 3464 4399 Jesu
3494 4336 3716 4399 Christi

2061 4437 2436 4504 ortu,morte,
2472 4448 2540 4490 ac
2572 4427 2881 4491 beneﬁciis
2914 4447 3019 4510 per
3066 4447 3199 4489 eum
3236 4427 3510 4510 praestitis
3541 4445 3713 4489 com.

295 4517 438 4594 vero
492 4530 798 4593 Prunicus
869 4529 1182 4590 hominum
1267 4517 1540 4590 cala'mite
1605 4528 1973 4592 .Ialdabaothi
2000 4519 2532 4581 Dmiﬂiscebﬂnllﬂ‘
2574 4517 2653 4603 δίς
2702 4520 2816 4582 niSi
2847 4517 3006 4600 quod
3025 4518 3228 4581 Jesum
3261 4536 3294 4580 θ
3323 4517 3568 4596 Virgine
3601 4535 3715 4578 ηδ’

302 4621 703 4698 arrogantiam
731 4620 862 4698 jam
894 4617 1039 4679 satis
1069 4636 1175 4697 pro
1203 4618 1351 4679 votis
1383 4618 1505 4680 ulta
1535 4627 1645 4692 est,
1681 4618 1755 4680 ad
1793 4620 1974 4682 mise-

301 4711 598 4772 rationem
652 4723 844 4783 Versa,
881 4708 1082 4770 amissi
1109 4707 1354 4769 luminis
1384 4727 1625 4770 sensum
1658 4709 1972 4790 quemdam

308 4801 390 4863 eis
422 4799 736 4862 conceSSit
795 4817 906 4879 per
931 4815 1107 4877 quem
1153 4797 1386 4876 pristini
1417 4806 1601 4859 status
1651 4818 1970 4872 memores,

307 4890 748 4971 praesentisque
778 4887 1032 4961 conscii,
1075 4888 1339 4949 animum
1374 4897 1756 4969 receperunt,
1789 4888 1974 4950 intel-

305 4982 707 5060 lexerunt-we
734 4978 1001 5039 mortalis
1032 4977 1300 5058 corporis
1333 4979 1489 5040 mole
1506 4997 1570 5040 se
1605 4979 1840 5039 tandem
1860 4979 1974 5039 ali-

300 5070 544 5151 quando
577 5067 966 5130 liberandos:
1003 5066 1159 5127 unde
1189 5066 1342 5129 cibis
1367 5068 1489 5146 jam
1527 5067 1759 5141 refecti,
1787 5086 1975 5144 gene—

296 5160 522 5223 rationi
554 5175 806 5238 operam
856 5155 1170 5222 dederunt,
1210 5175 1276 5217 ex
1332 5176 1447 5236 qua
1498 5166 1668 5218 natus
1716 5159 1977 5235 primum

299 5251 474 5324 Cain,
509 5257 637 5311 tum
673 5245 897 5307 deinde
927 5245 1100 5322 Abel,
1151 5265 1300 5326 quos
1353 5265 1603 5328 serpens
1659 5266 1798 5308 cum
1846 5245 1981 5308 filiis

303 5340 429 5401 suis
452 5340 656 5400 statim
693 5335 933 5409 evertit,
969 5343 1028 5396 et
1059 5334 1120 5396 in
1144 5354 1383 5397 omnem
1414 5335 1740 5417 nequitiam
1769 5334 1982 5416 praeci-

309 5429 457 5509 pites
484 5428 631 5508 egit.
672 5426 798 5488 Nec
830 5423 1085 5486 mirum:
1111 5423 1186 5486 iis
1218 5425 1367 5486 clam
1402 5424 1825 5488 adversabatur
1858 5427 1984 5484 Ma—

311 5529 422 5593 ter,
457 5519 532 5580 ad
567 5517 626 5580 id
660 5533 851 5577 unum
883 5520 1129 5594 attenta,
1183 5520 1246 5574 ut
1288 5517 1450 5593 quod
1503 5514 1620 5578 sibi
1677 5514 1983 5595 preprium

387 5700 444 5750 31
481 5700 673 5774 lren.,
712 5715 774 5760 n.
818 5695 918 5776 ll,
948 5692 1050 5775 12,
1089 5691 1188 5757 13.

636 5846 912 5907 Ρλτιιοι..
959 5840 1077 5904 Gn.
1127 5839 1265 5901 VII.

2059 4618 2178 4671 tum
2216 4628 2350 4672 esse
2380 4608 2727 4685 faterentur,
2761 4618 2820 4671 et
2862 4608 3160 4670 Christum
3202 4626 3322 4668 non
3354 4607 3574 4681 solum,
3609 4606 3717 4668 sed

2059 4699 2235 4760 simul
2262 4718 2395 4761 cum
2423 4701 2647 4779 Sophia
2677 4718 2882 4762 sorore
2920 4717 3028 4760 sua
3067 4699 3129 4758 in
3161 4716 3296 4759 eum
3331 4697 3718 4763 descendisse

2059 4789 2283 4850 vellent
2339 4787 2482 4851 Jesu
2505 4789 2745 4871 quidem
2780 4808 2996 4870 corpus
3025 4806 3059 4847 a
3089 4787 3342 4850 mortuis
3388 4787 3717 4850 excitatum

2060 4877 2327 4962 [LXXVI]
2361 4879 2682 4962 dicebant;
2731 4899 2850 4941 non
2880 4878 3028 4941 illud
3053 4887 3354 4941 terrenum
3389 4876 3544 4958 quod
3578 4895 3717 4940 caro

2061 4980 2120 5031 et
2176 4970 2422 5048 sanguis
2481 4977 2571 5031 est
2624 4970 2774 5050 (haec
2829 4971 3012 5050 enim,
3061 4967 3432 5049 inquiebant,
3467 4986 3718 5047 regnum

2063 5060 2168 5122 Dei
2204 5059 2510 5139 possidere
2541 5079 2660 5120 non
2699 5069 2945 5140 possunt
2977 5080 2990 5123 :
3022 5058 3182 5120 unde
3209 5057 3498 5138 quidquid
3537 5076 3718 5118 mun-

2062 5148 2281 5210 danum
2305 5159 2638 5229 acceperat,
2670 5150 2888 5210 mundo
2922 5147 3301 5223 dimisit);sed
3327 5146 3472 5208 illud
3504 5167 3721 5228 corpus

2065 5241 2223 5319 quod
2258 5239 2516 5300 animale
2548 5247 2605 5300 et
2637 5239 2906 5317 spiritale
2938 5241 3246 5318 vocabant,
3283 5245 3509 5318 partem
3543 5238 3717 5303 vide-

2068 5330 2207 5390 licet
2238 5328 2506 5408 corporis
2553 5327 2923 5388 subtiliorem
2969 5336 3027 5388 et
3070 5344 3334 5408 aeream;
3368 5345 3472 5387 seu
3525 5332 3720 5407 potius

2069 5420 2257 5500 ipsam
2302 5419 2558 5480 animam
2611 5427 2731 5478 tum
2788 5417 3127 5489 animalem,
3163 5423 3284 5476 tum
3325 5415 3716 5498 spiritualem,

2072 5529 2250 5591 quam
2276 5519 2592 5587 utramque
2621 5524 2971 5586 corpoream
3031 5523 3162 5565 esse
3211 5504 3511 5580 finxerint,
3567 5525 3718 5588 qua-
