4152 6378
517 341 631 406 175

1289 338 1946 404 DISSERTATIONES
1987 336 2320 401 PR/EVLE
2361 335 2446 402 IN
2490 338 2778 402 IRENEI
2821 336 3112 402 LIBROS.

3819 340 3922 405 176

511 472 723 536 lrenaai
752 470 1190 554 presbyteratu,
1249 470 1548 556 :liconatu,
1599 472 1853 552 aliisque
1895 467 2177 530 Ecclesiae
2195 475 2234 524 Α
2257 467 2832 547 agens,scribit,non
2848 476 2990 531 ante
3005 469 3262 532 multum
3285 475 3588 549 temporis
3611 471 3806 531 uisam
3827 489 3915 533 es-

512 561 751 626 oftiiciis
777 581 812 624 a
839 561 1166 642 Polycarpo
1196 561 1486 643 acceptis,
1518 561 1760 624 tradidit
1815 558 2164 623 Halloixius.

510 655 876 732 Puerumne,
935 650 1131 732 inquit
1175 651 1299 722 ille,
1361 651 1740 732 Polycarpus,
1787 659 1845 712 et
1873 649 1935 710 in
1977 648 2170 727 prima

512 748 683 805 astate
720 739 1128 814 constitutum,
1155 739 1227 801 ad
1254 739 1730 820 presbyteratum
1762 757 1950 819 usque
1981 737 2171 798 fuerat

521 833 867 894 evecturus?
901 828 1033 892 Non
1071 828 1384 891 certe.Sed
1415 830 1463 890 si
1492 847 1648 909 puer
1669 828 1772 889 ille
1801 845 2022 890 annum
2051 839 2172 887 xxv

515 921 703 985 aetatis
723 919 1042 999 attigisset,
1076 918 1150 981 ad
1173 917 1551 981 diaconatum
1590 917 1799 980 saltem
1833 915 2007 979 evehi
2058 932 2169 996 po-

515 1010 750 1074 tuisset.

593 1105 656 1167 2.
707 1100 951 1164 Constat
1003 1101 1201 1182 itaque
1257 1101 1548 1164 Irenaeum
1579 1109 1860 1163 tumcum
1894 1097 2172 1177 Polycar-

517 1211 657 1274 pum
689 1188 1257 1263 audiret,duodenni
1279 1190 1573 1268 majorem
1597 1207 1730 1250 esse
1751 1207 1867 1250 non
1885 1185 2169 1269 potuisse.

517 1281 660 1344 Cum
720 1299 862 1343 vero
911 1278 1272 1361 Polycarpus
1320 1282 1442 1358 jam
1502 1286 1644 1340 tunc
1694 1280 1830 1335 πάνυ
1877 1275 2169 1356 γηραλέος,

516 1371 693 1433 valde
724 1388 908 1432 senex
938 1377 1118 1446 esset,
1151 1387 1220 1430 ac
1261 1366 1511 1446 proinde
1559 1367 1840 1447 martyrio
1904 1363 2167 1446 propior,

520 1460 738 1522 diutius
779 1459 890 1521 sub
925 1457 1072 1520 tanti
1118 1456 1384 1536 magistri
1435 1457 1752 1537 disciplina
1798 1454 2023 1518 versari
2053 1471 2171 1514 non

517 1548 751 1631 potuit:
785 1547 835 1609 is
885 1546 1106 1628 quippe
1163 1545 1422 1626 gloriosa
1480 1555 1671 1607 morte
1717 1545 1895 1606 vitam
1947 1543 2171 1604 [iniisse

518 1639 786 1701 creditur
837 1656 993 1698 anno
1041 1636 1260 1698 Christi
1319 1636 1460 1698 166.
1521 1636 1652 1698 Νοη
1689 1635 1893 1715 procul
1926 1633 2108 1711 igitur
2137 1650 2172 1693 a

511 1747 652 1792 vero
692 1725 1188 1804 aberraverimus,
1243 1724 1294 1786 si
1325 1731 1528 1784 natum
1579 1725 1868 1786 lrenreum
1902 1722 2172 1782 dicamus

2249 574 2314 619 se
2355 558 2458 619 sed
2483 576 2631 638 pene
2649 559 2760 620 sub
2783 577 2890 620 suo
2917 559 3395 640 εωσιιίο,σχεδνὸν
3423 560 3514 616 ἐπὶ
3537 566 3640 625 τῆς
3670 561 3917 639 ἡμετέραις

2251 658 2462 730 γενεᾶς,
2496 652 2575 713 ad
2602 652 2782 730 ﬁnem
2814 653 3154 714 Domitia-nt
3187 651 3707 731 imperii.Quihus
3730 653 3920 714 verbis

2252 758 2371 800 non
2401 740 2576 818 longe
2606 743 2845 822 quidem
2869 761 2901 802 a
2928 743 3170 804 Joannis
3198 743 3588 823 temporibus
3615 743 3836 804 vixisse
3863 761 3920 803 se

2253 830 2544 911 agnoscit,
2579 831 2634 892 ei
2661 851 2800 894 vero
2833 851 3092 893 coaevum
3128 832 3429 893 exstitisse
3463 851 3533 893 se
3566 841 3767 910 negat.

2257 921 2315 981 3-.
2347 921 2463 981 Sed
2493 923 2600 982 etsi
2625 922 2919 983 Joannem
2953 922 3146 1002 ipsum
3201 942 3318 983 non
3349 922 3624 984 audieri:
3660 923 3748 982 vir
3788 941 3919 983 sau-

2255 1015 2407 1079 ctus,
2437 1010 2680 1070 Joannis
2706 1020 2900 1070 tamen
2935 1011 3219 1072 lectiones
3276 1011 3597 1090 excepisse
3631 1009 3923 1072 dicendus

2258 1105 2366 1160 est.
2402 1098 2504 1178 qui
2561 1118 2596 1159 a
2644 1100 2968 1180 discipulis
3031 1100 3160 1179 ejus
3210 1101 3504 1170 instutus,
3571 1109 3804 1159 tantum
3866 1100 3923 1160 in

2260 1205 2466 1247 eorum
2503 1188 2706 1250 schola
2738 1190 3008 1266 proiecit,
3047 1198 3109 1250 ut
3139 1188 3298 1252 inter
3341 1189 3722 1270 apostolicos
3748 1189 3917 1260 viros,

2256 1276 2595 1355 apostolica;
2623 1278 2911 1340 doctrina:
2940 1289 3144 1351 testes,
3211 1278 3568 1359 primosque
3605 1281 3866 1358 canales,
3893 1297 3925 1340 a

2253 1365 2561 1428 veteribus
2591 1366 2869 1428 omnibus
2900 1368 3111 1428 merito
3143 1377 3563 1429 recenseatur.
3603 1368 3750 1429 Cum
3772 1368 3919 1428 enim

2257 1472 2363 1534 per
2392 1453 2701 1536 Polycarpi
2724 1464 2976 1517 mortem
3007 1456 3367 1518 sanctissimi
3427 1457 3602 1518 senis
3660 1456 3917 1517 scholam

2255 1543 2357 1604 diu
2401 1543 2781 1624 frequentare
2837 1563 2953 1606 non
3013 1546 3298 1626 licuisset,
3363 1545 3619 1625 Papiam
3672 1545 3918 1607 alterum

2253 1628 2500 1693 Joannis
2529 1634 2889 1711 discipulum
2947 1633 3114 1707 adiit,
3170 1635 3420 1716 ejusque
3485 1633 3826 1714 disciplinae
3861 1653 3920 1695 se

2253 1722 2516 1797 tradidit,
2576 1731 2638 1783 ut
2687 1733 2892 1784 auctor
2947 1731 3036 1784 est
3085 1722 3487 1804 Hieronymus
3516 1723 3609 1782 99.
3645 1724 3923 1786 Seniores

513 1835 671 1880 anno
703 1816 940 1880 circiter
967 1815 1107 1889 140,
1143 1813 1254 1875 sub
1282 1813 1564 1876 Antonini
1587 1813 1676 1873 Pii
1708 1810 1949 1894 imperii
1980 1809 2173 1874 initia.
2199 1809 2238 1858 Β
2260 1810 2428 1885 alios,
2453 1811 2880 1891 apostolorum,
2915 1813 3508 1894 apostolicorumque
3533 1813 3798 1874 virorum
3829 1813 3917 1872 di-

513 1911 662 1970 Toto
687 1905 969 1966 vicennio
999 1904 1176 1965 citius
1204 1912 1401 1964 natum
1430 1902 1634 1963 νοΙυ-ιῑ
1664 1902 1789 1976 alii,
1841 1920 1911 1963 ac
1953 1901 2011 1960 in
2048 1902 2177 1979 pri-

516 1995 631 2059 mis
651 1993 1035 2057 doctissimus
1063 1990 1561 2056 Tillemontius‘”:
1599 1992 1703 2052 sed
1731 2008 1944 2053 vereor
1969 1998 2031 2050 ut
2064 1993 2178 2050 Po-

513 2087 790 2168 lycarpus
821 2103 977 2145 anno
1017 2083 1260 2146 circiter
1314 2083 1453 2163 13?,
1485 2102 1601 2162 quo
1633 2083 1927 2144 lrenzeum
1960 2079 2180 2170 docere

514 2167 1025 2247 debuisset,valde
1056 2190 1242 2234 senex
1273 2171 1390 2232 dici
1421 2171 1886 2252 potuerit;quem
1913 2188 2031 2230 non
2066 2167 2177 2228 nisi

515 2272 918 2346 postquatuor
949 2271 1006 2324 et
1034 2263 1272 2340 triginta
1290 2260 1507 2322 abhinc
1537 2279 1724 2322 annos
1755 2258 1974 2320 obiisse
2021 2257 2174 2318 fate-

511 2361 610 2416 tur
658 2353 784 2434 ipse
826 2351 1357 2414 virclarissimus.
1407 2349 1576 2422 Quod
1617 2369 1650 2414 a
1698 2348 1932 2409 fortiori
1967 2355 2175 2407 contra

513 2437 954 2512 Dodwellum95
983 2441 1215 2516 militat,
1245 2439 1345 2521 qui
1373 2448 1568 2500 ortum
1601 2437 1816 2500 Irena3i
1870 2436 1981 2498 sub
2013 2436 2169 2497 Tra-

509 2531 654 2612 jauo
686 2531 1100 2594 collocandum
1118 2539 1411 2602 censet,et
1437 2528 1679 2610 quidem
1697 2527 1859 2587 illum
1881 2546 1911 2585 a
1938 2525 2179 2606 Trajani

510 2621 681 2682 initio
715 2622 966 2682 fortasse
983 2617 1580 2699 repetendum.Quod
1613 2617 1662 2679 si
1693 2635 1899 2678 verum
1933 2615 2031 2696 sit,
2066 2617 2174 2676 Po-

508 2708 814 2790 lycarpum
847 2709 1110 2771 audierit
1157 2707 1417 2770 Irenaaus
1446 2726 1604 2768 anno
1635 2708 1768 2786 plus
1800 2705 1998 2766 minus
2036 2704 2167 2779 i525,

510 2799 668 2879 quod
700 2800 854 2860 ultro
911 2799 1129 2860 fatetur
1182 2797 1273 2858 vir
1321 2798 1397 2861 cl.
1451 2796 1566 2860 Sed
1626 2795 1805 2870 futili,
1839 2797 1994 2856 inter
2021 2795 2166 2856 alias

505 2888 816 2968 plurimas,
844 2888 1049 2949 nititur
1069 2888 1453 2968 conjectura:
1478 2885 1634 2968 quod
1668 2903 1885 2964 nempe
1904 2887 2166 2947 Irenaeus

506 2977 580 3038 ad
613 2975 919 3038 Florinum
946 2976 1478 3050 seribens,vidisse
1510 2994 1574 3036 se
1594 2993 1728 3036 eum
1775 2981 2080 3035 asseveret
2103 2973 2164 3034 in

2262 1899 2610 1980 scipulos,et
2636 1901 2791 1962 inter
2822 1921 2925 1963 eos
2953 1902 3235 1963 eximium
3270 1902 3630 1983 quemdam,
3666 1901 3916 1963 audiisse

2262 2006 2328 2049 se
2359 2009 2475 2050 non
2500 1990 2685 2050 semel
2717 1991 2970 2052 affirmat
2998 1991 3058 2052 in
3107 1990 3278 2052 libris
3308 1991 3606 2052 adversus
3642 1993 3915 2054 haereses.

2261 2077 2404 2150 Quis
2425 2082 2724 2141 sitautem
2776 2081 2878 2142 ille
2935 2082 3140 2141 senior
3189 2090 3304 2140 tam
3365 2081 3726 2161 frequenter
3755 2080 3824 2142 ab
3855 2099 3918 2140 eo

2263 2168 2556 2244 laudatus,
2582 2188 2656 2230 an
2689 2170 2814 2246 ipse
2845 2171 3157 2250 Papias,an
3192 2171 3676 2250 alter,hactenus
3705 2169 3918 2232 incom-

2261 2267 2516 2335 pertum.
2549 2262 2602 2321 A
2635 2259 2852 2321 talibus
2882 2261 3177 2340 tantisque
3226 2260 3368 2320 viris
3424 2259 3751 2321 sanctioris
3778 2259 3914 2320 doc-

2259 2347 2430 2407 trinae
2461 2347 2810 2427 purissimos
2847 2349 3075 2424 latices,
3111 2348 3700 2429 profundioremque
3724 2367 3914 2409 sacra-

2253 2453 2384 2497 rum
2420 2437 2754 2500 litterarum
2788 2438 3460 2518 intelligentiam,simul
3496 2447 3556 2498 et
3591 2438 3724 2499 vita:
3749 2456 3912 2498 sauc-

2263 2524 2594 2607 timoniam,
2630 2546 2697 2588 ac
2729 2527 3039 2589 incensum
3101 2529 3339 2590 tuenda:
3369 2528 3541 2608 fidei,
3578 2547 3754 2608 quam
3809 2546 3914 2587 una

2261 2633 2394 2674 cum
2428 2616 2674 2676 nutricis
2710 2617 2859 2677 lacte
2889 2619 3119 2678 suxisse
3142 2617 3486 2678 verosimilc
3513 2627 3625 2696 est,
3663 2615 3912 2676 studium

2259 2703 2450 2766 hausit
2475 2705 2841 2784 medullitus,
2875 2712 3054 2786 atque
3081 2706 3366 2785 deinceps
3405 2705 3472 2766 in
3506 2705 3750 2785 scriptis
3801 2725 3842 2764 St
3871 2705 3913 2763 is

2256 2793 2511 2855 ubertim
2551 2793 2906 2856 etfudit.Nec
2936 2795 3094 2856 enim
3129 2795 3396 2874 segniset
3427 2794 3661 2856 otiosus
3691 2795 3912 2855 auscul-

2257 2891 2429 2961 tator,
2485 2902 2613 2963 qum
2669 2892 3044 2964 acceperate
3078 2889 3366 2946 memoria
3416 2885 3584 2946 elabi
3639 2883 3908 2945 sinebat:

2256 2972 2399 3053 quin
2432 2973 2627 3054 potius
2656 2973 2730 3033 ab
2757 2973 2887 3055 ipsa
2917 2973 3189 3054 puerilia,
3223 2993 3356 3035 cum
3389 2974 3492 3035 vix
3525 2975 3660 3036 aliis
3693 2993 3796 3054 per
3828 2983 3908 3032 te—

503 3065 784 3128 inferiore
813 3067 954 3129 Asia
987 3066 1145 3146 apud
1175 3065 1725 3147 Polycarpum.cum
1758 3063 2222 3147 inimperato-n
2257 3082 2461 3124 neram
2499 3071 2728 3124 {etatem
2763 3064 2938 3125 seriis
2965 3064 3276 3124 attendere
3308 3062 3912 3141 licet,lrenaausqu$-

501 3157 590 3218 ria
609 3157 742 3219 aula
769 3156 1083 3238 splendide
1123 3165 1345 3236 ageret,
1397 3156 1656 3235 λαμπρῶς
1687 3155 1985 3233 πράττονται
2016 3152 2070 3208 ἐν
2100 3153 2165 3222 τῆ

2252 3153 3006 3233 cunquesanctissimorum
3023 3151 3912 3234 illorum.primorumqueChri-

501 3252 571 3314 τῆ
633 3247 882 3324 βατιλικῇ
941 3247 1099 3324 asta.
1136 3245 1224 3307 Ex
1276 3265 1392 3326 quo
1435 3261 1809 3325 consequens
1859 3241 2167 3304 Dodwello
2253 3242 2458 3302 stiana:
2503 3242 2815 3321 religionis
2855 3242 3236 3321 magislorum
3291 3261 3395 3304 ore
3467 3242 3908 3324 promebantur,

501 3336 1034 3412 videtur,adfuisse
1065 3335 1280 3397 eodem
1315 3344 1604 3414 tempore,
1633 3352 1752 3413 quo
1783 3331 2169 3412 Polycarpum
2259 3351 2372 3392 ceu
2409 3331 2700 3411 pretiosas
2729 3332 3033 3410 Evangelii
3061 3332 3407 3410 margaritas
3443 3332 3720 3394 studiose
3746 3330 3910 3392 colli-

505 3425 731 3486 audivit
758 3424 1022 3486 Irenazus
1057 3442 1226 3504 puer,
1261 3424 1320 3484 in
1353 3424 1491 3484 Asia
1521 3421 1940 3503 proconsulari
1973 3421 2161 3500 impe-

502 3523 789 3584 ratorem.
827 3514 888 3575 in
918 3514 1090 3593 cujus
1139 3513 1273 3574 aula
1315 3520 1584 3574 versatus
1631 3511 1812 3572 fuerit
1851 3510 2161 3592 Florinus;

505 3621 624 3664 non
658 3603 840 3664 alium
878 3612 1040 3664 certe
1071 3621 1246 3682 quam
1281 3600 1736 3682 Adrianum,qui
1759 3600 1924 3662 circa
1942 3617 2164 3660 annum

509 3693 622 3756 ηρ
653 3692 712 3752 in
746 3692 944 3755 Asiam
1003 3691 1298 3772 profectus
1358 3700 1468 3754 est.
1506 3690 1623 3753 Sed
1679 3690 1780 3770 qui
1832 3707 1904 3750 ex
1955 3687 2166 3750 Irenzei

503 3782 701 3844 verbis
725 3782 852 3844 erui
886 3783 1091 3862 possit,
1113 3781 1533 3861 imperatorem
1566 3789 1701 3840 tunc
1733 3779 1792 3839 in
1825 3778 1968 3840 Asia
1999 3797 2164 3839 com-

503 3880 799 3933 moratum
848 3871 1054 3946 fuisse,
1111 3871 1274 3932 solus
1317 3869 1532 3932 viderit
1590 3867 1932 3929 Donellus
1965 3889 1980 3940 ;
2013 3867 2168 3928 alter

503 3960 696 4042 quivis
741 3963 881 4023 hinc
929 3969 1154 4022 tantum
1215 3959 1506 4034 intulerit,
1542 3957 1847 4021 Florinum
1901 3957 2164 4020 aulicum

500 4053 848 4132 quempiam
881 4051 1084 4126 fuisse,
1121 4050 1224 4132 qui
1265 4069 1499 4112 summa
1543 4049 1699 4130 apud
1736 4048 2162 4129 imperatorem

501 4142 688 4215 gratia
715 4141 989 4223 valuerit,
1043 4160 1154 4204 nec
1201 4141 1528 4222 quidquam
1559 4139 1838 4219 amplius.
1875 4136 2027 4200 Sunt
2059 4137 2160 4218 qui

499 4227 791 4293 Irenaeum
824 4231 1074 4294 Joannis
1105 4231 1353 4311 apostoli
1406 4228 1764 4307 discipulum
1824 4227 2061 4305 faciant,
2096 4233 2162 4285 ut

500 4317 829 4381 Paradinus
848 4318 993 4393 9°,et
1021 4319 1322 4382 Severtius
1336 4316 1412 4392 9",
1433 4335 1552 4376 una
1581 4315 1923 4396 diplomatis
1953 4315 2158 4394 cujus-

2255 3438 2422 3500 gens,
2457 3419 2714 3500 sibique,
2743 3422 2958 3501 spretis
2988 3422 3270 3484 ownibur
3297 3418 3903 3502 aliis,comparans,in

2257 3508 2467 3570 intimo
2499 3510 2696 3571 cordis
2717 3511 2848 3571 sinu
2882 3510 3384 3586 recondebat,suo
3413 3520 3694 3593 tempore
3725 3508 3903 3591 profe-

2246 3598 2456 3659 renda.
2481 3597 2567 3660 Ita
2595 3618 2661 3661 se
2689 3601 2964 3662 affectum
3019 3601 3227 3676 fuisse,
3262 3620 3399 3665 cum
3455 3602 3568 3664 sub
3605 3597 3898 3680 Polycarpi

2247 3687 2558 3768 disciplina
2588 3689 2852 3769 degeret,
2887 3709 2991 3770 pro
3016 3691 3154 3770 jure
3187 3689 3898 3770 suogloriatu:-,Florino-

2248 3795 2386 3858 que,
2419 3796 2526 3838 suo
2580 3797 2834 3859 quonam
2859 3778 2969 3840 sub
2999 3788 3158 3841 tanto
3192 3790 3562 3862 praeceptore
3607 3777 3898 3839 condisci-

2249 3867 2414 3946 pulo,
2453 3866 2557 3928 sed
2593 3868 2812 3929 deinde
2845 3868 3064 3930 misere
3094 3868 3154 3930 in
3189 3871 3466 3932 hazresim
3501 3869 3798 3950 prolapso,
3825 3865 3897 3930 ob

2249 3959 2457 4018 oculos
2491 3959 2746 4035 ponitzut
2777 3958 3014 4021 colendi
3050 3957 3288 4040 utrique
3319 3957 3592 4039 magistri
3620 3955 3899 4020 memoria

2247 4046 2484 4108 (levium
2517 4047 2603 4130 ad.
2632 4047 2939 4128 pristinam
2971 4047 3149 4109 fidem
3183 4059 3518 4114 revocaret.
3552 4051 3746 4112 Verba
3779 4056 3895 4108 tum

2247 4136 2473 4209 Graece,
2511 4144 2634 4196 tum
2668 4136 2871 4196 Latine
2929 4135 3003 4196 ad
3061 4137 3285 4200 calcem
3337 4140 3544 4220 operis
3597 4138 3898 4202 retulimus

2243 4227 2396 4286 inter
2429 4228 2784 4305 fragmenta.
2820 4227 2894 4288 Et
2923 4235 2984 4286 ut
3040 4224 3347 4308 Polycarpi
3399 4229 3738 4308 praesertim
3771 4243 3896 4287 me-

2245 4317 2433 4377 moria
2457 4315 2625 4377 cordi
2654 4314 2827 4375 altius
2857 4315 3036 4376 infixa
3069 4316 3340 4398 haereret,
3362 4317 3477 4380 sibi
3511 4320 3641 4400 ipse
3675 4313 3896 4380 exscri-

501 4407 636 4468 dam
691 4408 1038 4469 auctoritate
1087 4407 1244 4477 freti,
1278 4409 1371 4467 cui
1411 4404 1841 4487 subscripsisse
1889 4404 2438 4485 dicuntuersisse
2464 4405 2728 4467 creditur
2758 4403 3079 4466 Eccclesiaa
3128 4404 3515 4487 Smyrnensis
3566 4405 3891 4489 epistolam,

502 4497 826 4574 Gregorius
879 4515 1026 4578 papa
1080 4497 1154 4571 V,
1186 4494 1478 4557 Henricus
1528 4513 1632 4556 rex
1679 4493 2056 4571 Burgundite,
2095 4501 2154 4554 et

499 4584 668 4668 Hugo
701 4587 1112 4667 Lugdunensis
1140 4585 1650 4665 archiepiscopus.
1711 4583 1827 4646 Sed
1863 4583 2151 4664 quidquid

500 4675 578 4736 sit
620 4677 694 4740 de
727 4677 1077 4757 diplomate,
1110 4683 1447 4756 repugnant
1493 4685 1722 4736 veteres
1783 4692 2014 4754 omnes,
2049 4672 2150 4754 qui

498 4760 786 4826 Irenaeum
824 4762 1507 4846 Polycarpi,[LXXVI[l]
1541 4783 1657 4824 non
1685 4762 1932 4826 Joannis
1962 4763 2148 4824 disci—

499 4853 704 4932 pulum
748 4853 932 4916 fuisse
989 4863 1286 4928 asserunt;
1321 4864 1612 4934 repugnat
1641 4853 1898 4916 lrenmus
1920 4852 2046 4933 ipse
2074 4851 2148 4927 93,

497 4943 597 5022 qui
631 4943 872 5024 quidem
907 4963 1026 5006 non
1059 4943 1245 5006 semel
1275 4963 1308 5004 a
1338 4943 1699 5015 senioribus,
1735 4943 1833 5024 qui
1855 4942 2154 5024 apostolos

498 5050 824 5113 eorumque
852 5033 1178 5114 discipulos
1209 5033 1486 5095 viderunt
1525 5040 1584 5094 et
1612 5034 1948 5102 audierunt.
1987 5032 2156 5112 plura

496 5117 782 5184 didicisse
832 5139 898 5183 se
927 5123 1235 5203 gloriatur,
1290 5131 1350 5184 at
1406 5140 1698 5202 nusquam
1742 5122 1815 5184 ab
1870 5122 2153 5202 apostoljs

494 5207 666 5290 ipsis;
700 5209 858 5291 quod
886 5230 1212 5294 nunquam,
1238 5210 1288 5272 si
1316 5210 1540 5272 factum
1568 5213 1794 5288 fuisset,
1825 5210 2149 5286 omisisset,

496 5314 615 5359 non
647 5299 780 5360 leve
810 5301 1176 5378 argumentis
1206 5311 1410 5362 contra
1444 5301 1754 5363 haereticos
1773 5301 1964 5362 allatis
1996 5320 2149 5379 pou-

2243 4498 2299 4556 in
2331 4514 2445 4576 qua
2476 4494 2739 4575 martyrii
2795 4496 2925 4574 ejus
2981 4495 3224 4557 historia
3257 4497 3542 4574 refertur;
3578 4506 3642 4558 ut
3672 4495 3891 4557 inferre

2237 4583 2374 4646 licet
2404 4602 2472 4646 ex
2503 4582 2884 4646 adnotatione
2913 4603 3090 4665 quam
3125 4585 3196 4646 ad
3232 4586 3456 4648 calcem
3483 4588 3644 4650 illius
3670 4585 3887 4666 episto-

2236 4673 2306 4734 las
2325 4675 2548 4754 reperit
2576 4674 2636 4735 in
2663 4693 2808 4734 niss.
2841 4674 3146 4736 codicibus
3180 4671 3476 4742 Usserius.

2315 4767 2374 4824 4.
2408 4763 2538 4825 Non
2567 4765 2717 4825 adeo
2751 4773 2948 4826 tamen
2997 4764 3070 4825 ad
3105 4783 3302 4827 sacras
3349 4766 3579 4829 litteras
3626 4765 3888 4828 animum

2237 4853 2516 4935 intendit,
2549 4864 2611 4914 ut
2643 4853 3026 4914 humauiores
3057 4854 3444 4934 negligendas
3476 4857 3591 4920 sibi
3629 4859 3882 4938 putaret.

2234 4942 2426 5005 Probe
2453 4943 2792 5005 noveratvir
2810 4940 3884 5027 perspicacissimus,ejusmodistudia

2236 5052 2355 5093 non
2387 5040 2609 5094 tantum
2637 5033 2709 5094 ad
2741 5031 3042 5109 ingenium
3069 5033 3881 5110 excolendum,firmandum-

2236 5121 2662 5203 quejudicium
2699 5122 2853 5183 haud
2907 5139 3115 5202 parum
3173 5124 3536 5198 conducere;
3587 5123 3693 5186 sed
3724 5134 3784 5184 et
3814 5117 3880 5179 iis

2235 5212 2509 5290 apprime
2523 5210 2862 5274 necessaria
2884 5211 3150 5291 esse,qui
3165 5213 3879 5291 ethnicos,h:ereticosque

2234 5301 2548 5376 confutari,
2584 5319 2746 5362 vanae
2778 5299 3116 5378 tbeologize,
3151 5301 3531 5386 profanaaquc
3590 5299 3874 5383 supersti—

496 5385 607 5448 dus
661 5388 803 5450 hinc
858 5391 1194 5454 additurus.
1245 5388 1315 5452 Et
1368 5391 1442 5453 de
1503 5390 1750 5454 Joannis
1798 5389 2151 5472 Apocalypsi
2231 5390 2408 5452 tionis
2439 5390 2890 5470 intelligentiam
2937 5407 3009 5450 ex
3060 5390 3206 5470 ipsis
3260 5385 3544 5472 fontibus,
3577 5399 3872 5474 poetarum

573 5554 630 5600 9‘
653 5558 720 5622 T.
755 5557 808 5621 II
837 5556 990 5622 Hist.
1025 5561 1268 5635 eccles.,
1305 5562 1490 5642 p.79.
1575 5561 1630 5604 95
1661 5561 1816 5623 Diss.
1850 5577 1912 5622 Ill
1944 5559 2004 5620 in
2039 5562 2220 5637 lren.,
2255 5560 2284 5639 §
2315 5562 2375 5636 3,
2413 5561 2490 5622 10
2520 5579 2692 5644 seqq,
2775 5557 2830 5602 96
2859 5559 2992 5622 Lib.
3047 5578 3084 5621 ιι
3117 5559 3270 5624 Hist.
3310 5563 3516 5644 Lugd,
3544 5582 3596 5624 c.
3634 5559 3733 5624 30.
3814 5553 3874 5605 97

491 5645 576 5707 De
604 5646 788 5726 Lugd.
823 5649 1118 5730 archiep.,
1152 5669 1168 5712 ι
1201 5659 1374 5732 part.,
1409 5671 1462 5715 c.
1497 5654 1556 5711 ‘2.
1643 5650 1698 5694 98
1725 5651 1854 5713 Lib.
1890 5667 1951 5730 v,
1985 5668 2039 5710 c.
2071 5653 2174 5726 30,
2209 5670 2268 5713 n.
2305 5655 2365 5712 4.
2450 5649 2506 5693 99
2538 5650 2606 5713 In
2633 5650 2812 5714 Calai.
2850 5658 2908 5712 et
2937 5668 3035 5729 ep.
3086 5649 3188 5731 53,
3213 5653 3292 5713 al.
3325 5652 3426 5727 29,
3462 5653 3534 5718 ad
3569 5645 3794 5714 Theod.
