4152 6394
259 458 352 523 181

873 456 1387 522 DISSERTATIO
1419 461 1498 540 II,
1534 459 1712 522 ΛΒΤ.
1749 459 1802 538 I,
1835 458 1934 520 DE
1967 455 2027 519 S.
2059 451 2354 518 IRENEI
2384 455 2574 518 VITA
2605 452 2705 518 ET
2736 451 3025 518 GESTIS.

3454 464 3458 468 ”
3561 455 3674 521 182

248 590 355 654 sibi
387 590 571 652 lucem
605 588 760 650 inde
778 588 1051 651 afferunt
1082 589 1490 653 Tertulliauus
1512 599 1568 652 et
1602 594 1919 657 Eusebius.
1943 600 1985 649 Α
2006 600 2352 670 serpentem
2383 590 2490 652 sub
2522 591 2700 670 hujus
2731 589 2931 651 saeculi
2963 591 3142 652 tinem
3167 591 3427 670 agnitam
3458 593 3668 668 fuisse,

245 679 376 742 Haec
420 679 778 756 conjectura
811 680 1093 740 omnium
1129 689 1296 741 certe
1354 680 1742 761 probabilior.
1778 684 1927 746 Eam

244 771 456 832 dudum
484 778 900 852 proposuerat
922 769 1231 832 Henricus
1246 770 1520 833 Valesius
1544 775 1621 840 15,
1644 771 1702 832 in
1728 771 1928 834 illam-

235 877 348 938 que
373 858 512 919 satis
543 858 994 938 propendebat
1049 859 1226 922 bona:
1257 862 1564 923 memoriae
1593 860 1929 923 Tillemon-

231 949 346 1008 tius
371 949 425 996 ιϐ
456 972 469 1023 ;
507 966 585 1009 ne
619 955 835 1009 tamen
877 956 1165 1010 tueretur
1197 951 1287 1012 vir
1313 951 1693 1013 doctissimus
1745 970 1930 1012 unum

225 1035 826 1107 obstitit.Nimirum,
856 1037 1510 1119 inquit,Tertullianus
1533 1059 1708 1121 quam
1732 1047 1934 1102 narrat

213 1127 524 1188 historiam
580 1135 842 1189 mutatae
906 1147 945 1189 a
1005 1147 1249 1190 summo
1308 1129 1611 1210 pontifice,
1647 1140 1930 1194 monente

211 1216 453 1292 Praxea,
483 1217 854 1293 sententia,
887 1225 1016 1280 tam
1040 1227 1208 1280 arcte
1230 1238 1365 1280 cum
1398 1219 1664 1299 ejusdem
1688 1219 1927 1284 Praxeaa

208 1307 421 1368 haeresi
452 1307 732 1386 colligat,
773 1314 843 1368 ut
879 1315 1224 1388 utrumque
1247 1309 1461 1370 eodem
1493 1317 1760 1389 tempore
1781 1328 1926 1371 con-

210 1396 412 1476 tigisse
441 1396 752 1458 videatur.
790 1397 881 1458 At
917 1405 1158 1458 certum
1186 1406 1277 1459 est
1301 1399 1561 1460 Praxean
1587 1417 1708 1460 non
1734 1416 1927 1461 emer-

213 1486 385 1557 sisse,
417 1487 528 1548 nisi
549 1494 691 1566 post
713 1494 1080 1567 utrumque
1103 1487 1508 1568 Theodotum,
1534 1507 1786 1568 quorum
1811 1507 1922 1550 an-

223 1578 441 1655 tiquior
465 1576 573 1638 sub
601 1574 886 1639 Victore
923 1577 1196 1657 primum
1219 1577 1379 1640 visus
1400 1587 1511 1641 est.
1532 1579 1726 1640 Alium
1745 1577 1925 1659 igitur

223 1686 398 1748 quam
430 1665 730 1728 Victorem
761 1666 1149 1747 episcopum
1181 1669 1514 1731 Romanum
1542 1686 1788 1730 monere
1808 1685 1925 1728 non

2011 699 2080 742 ac
2098 681 2333 741 tandem
2360 682 2654 752 evulsam,
2674 687 2913 741 auctore
2936 690 3442 763 recantante,cum
3473 683 3672 746 Victor

2011 768 2338 832 Ecclesiam
2369 780 2628 849 regeret,
2664 778 2721 830 et
2751 777 3000 849 uterque
3029 771 3372 833 Theodotus
3395 774 3672 834 emersis-

2013 867 2137 942 set;
2166 860 2342 933 nihil,
2373 869 2534 939 puto,
2569 859 3064 922 affirmaverimus
3082 862 3238 941 quod
3264 872 3557 942 repugnet
3578 863 3668 925 vel

2013 947 2406 1024 Tertulliano,
2441 950 2532 1011 vel
2560 949 2739 1011 certis
2768 949 3032 1011 historize
3062 951 3480 1013 ecclesiasticas
3533 973 3667 1014 mo-

2010 1039 2336 1114 numentis,
2370 1039 2458 1100 vel
2493 1047 2824 1120 temporum
2857 1039 3208 1102 rationibus.
3242 1040 3518 1102 Viderint
3573 1049 3668 1104 ta-

2011 1146 2149 1189 men
2170 1129 2414 1205 eruditi,
2449 1148 2700 1208 quorum
2731 1129 2955 1209 judicio
3004 1133 3378 1208 conjecturas
3434 1139 3668 1194 nostras

2006 1216 2266 1280 libenter
2315 1219 2733 1299 permittimus.
2795 1219 2913 1282 Sed
2967 1219 3041 1281 ad
3093 1220 3578 1301 Lugdunensium
3610 1233 3673 1286 et

2004 1307 2435 1370 Viennensium
2470 1308 2750 1388 epistolas
2780 1309 3122 1372 redeamus.

2085 1403 2184 1459 to.
2218 1399 2276 1449 ’8
2301 1399 2446 1462 Cum
2480 1399 2678 1460 clerus
2710 1407 2767 1460 et
2797 1407 3085 1478 martyres
3116 1399 3312 1462 varias
3361 1400 3575 1480 partim
3606 1401 3670 1463 in

2005 1487 2207 1551 Asiam
2239 1495 2296 1548 et
2325 1489 2636 1568 Phrygiam
2668 1488 2740 1550 ad
2793 1488 3031 1558 fratres,
3068 1490 3278 1568 partim
3312 1488 3560 1550 Romam
3593 1490 3668 1553 ad

2005 1576 2392 1639 Eleutherum
2429 1597 2638 1656 papam
2669 1578 2895 1638 litteras
2925 1577 3307 1656 scripsissent
3333 1599 3348 1652 ;
3374 1581 3666 1641 Irenaaum

2006 1675 2382 1745 rogaverunt,
2417 1675 2480 1726 ut
2511 1685 2611 1727 eas
2644 1685 2776 1747 quae
2803 1666 2873 1727 ad
2906 1665 3292 1727 Eleutherum
3327 1667 3659 1746 dirigeban-

225 1757 408 1836 potuit
436 1760 728 1820 Praxeas.
771 1759 874 1819 Ita
901 1756 999 1818 vir
1015 1757 1410 1821 clarissimus.
1431 1757 1652 1820 Verum
1679 1757 1924 1836 quidem
1947 1764 1986 1814 Β
2011 1764 2126 1836 tur,
2163 1757 2431 1836 perferre
2462 1775 2580 1817 non
2638 1757 3094 1837 dedignaretur,
3129 1768 3188 1818 et
3245 1776 3455 1836 pacem
3514 1757 3670 1820 inter

221 1855 310 1908 est
362 1845 457 1908 illa
507 1854 1000 1927 consequenter
1031 1865 1068 1909 a
1120 1845 1486 1908 Tertulliano
1513 1847 1766 1912 referri:
1803 1866 1922 1909 non

214 1945 406 1998 tamen
463 1936 614 1998 hinc
677 1937 921 1998 inferri
957 1954 1138 2017 posse
1197 1945 1399 2016 putem
1432 1937 1641 1999 eodem
1676 1957 1923 2017 prorsus

211 2035 483 2106 tempore
513 2027 923 2104 contigisse;
959 2028 1084 2089 imo
1116 2026 1478 2089 contrarium
1533 2028 1750 2090 suadet
1803 2035 1924 2090 tota

210 2119 577 2180 narrationis
613 2117 1106 2181 Tertullianicae
1135 2117 1325 2179 series
1354 2118 1430 2180 Π.
1465 2115 1706 2179 Constat
1737 2116 1924 2196 siqui-

209 2208 347 2268 dem
374 2207 682 2288 Praxean,
713 2227 868 2268 cum
898 2226 973 2268 ex
1001 2208 1141 2269 Asia
1159 2208 1408 2270 Romam
1431 2207 1924 2287 advenit,Roma-

214 2314 411 2378 noque
442 2296 754 2378 episcopo
789 2305 1016 2358 auctor
1045 2296 1151 2357 fuit
1180 2305 1244 2358 ut
1288 2296 1514 2357 litteras
1545 2297 1708 2377 pacis
1760 2297 1926 2360 datas

215 2386 603 2450 Montanistis
660 2393 1026 2460 revocaret,
1079 2386 1426 2448 catholicam
1460 2386 1667 2464 fidem,
1721 2387 1772 2449 si
1804 2406 1922 2448 non

215 2477 419 2539 animo
447 2477 768 2552 tenuisse,
809 2476 1036 2537 saltem
1069 2475 1265 2537 adhuc
1293 2474 1628 2556 simulasse,
1663 2496 1776 2538 nec
1808 2477 1923 2539 nisi

222 2576 357 2648 post
378 2568 613 2648 aliquot
632 2585 847 2628 annos
872 2565 1328 2643 deprehensum
1354 2565 1533 2627 fuisse
1549 2565 1919 2630 haereticum.

227 2663 436 2735 Neque
453 2658 624 2720 enim
652 2658 852 2719 fidem
882 2665 1004 2719 tam
1030 2655 1205 2717 facile
1229 2657 1382 2735 apud
1409 2655 1748 2737 pontificem
1773 2656 1924 2719 obti—

235 2749 455 2810 nuisset
484 2747 773 2830 perfidus
802 2745 1240 2826 haeresiarcha,
1278 2761 1454 2826 quem
1499 2745 1688 2807 turbis
1717 2745 1778 2807 in
1802 2748 1922 2809 Ec-

239 2838 406 2900 clesia
433 2839 680 2901 ciendis
721 2837 990 2899 studere
1031 2843 1400 2915 compertum
1431 2833 1659 2896 fuisset.
1699 2834 1814 2898 Sed
1848 2855 1924 2898 ne

241 2929 537 3010 quidpiam
565 2929 673 2990 hic
706 2924 1092 3006 conjecturis
1114 2923 1424 3002 indulgere
1447 2923 1669 3000 videar,
1697 2924 1926 2987 Tertul-

240 3021 455 3081 lianum
488 3019 695 3100 ipsum
745 3016 1116 3078 audiamus:
1173 3013 1670 3094 Fruticaverant,
1731 3013 1925 3096 inquit

251 3127 451 3171 avena:
476 3106 977 3180 Praxeanae,hic
1001 3122 1236 3185 quoque
1254 3106 1926 3186 superseminatm,dor-

258 3199 564 3260 vitiantibus
585 3196 814 3260 multis
829 3194 1297 3274 insimplicitate
1307 3194 1925 3256 docti'inwztraductm

262 3288 575 3370 dehincper
585 3305 776 3368 quem
802 3286 966 3348 Deus
980 3284 1382 3365 voluit,etiam
1403 3283 1621 3346 avulsae
1633 3283 1925 3346 videban-

260 3386 373 3441 tur.
385 3378 654 3458 Denique
665 3384 929 3440 caverat
947 3376 1280 3453 pristinum
1301 3375 1515 3436 doctor
1541 3373 1616 3436 de
1645 3375 1924 3436 emenda-

252 3470 408 3530 tione
423 3487 560 3548 sua;
576 3477 631 3529 et
652 3474 870 3528 manet
893 3465 1366 3544 chirographum
1387 3463 1549 3542 apud
1574 3464 1920 3542 Psychicos,

249 3559 416 3638 apud
436 3576 590 3639 quos
612 3565 793 3635 gesta
816 3573 918 3618 res
939 3563 1070 3631 est;
1098 3553 1321 3615 exinde
1349 3553 1685 3615 silentium.
1715 3553 1794 3614 Et
1818 3571 1926 3616 nos

247 3651 498 3730 quidem
521 3657 746 3729 postea
790 3646 1032 3724 agnitio
1062 3642 1389 3724 Paracleti,
1428 3650 1608 3723 atque
1629 3642 1922 3724 defensio,

245 3740 549 3814 disiunait
571 3755 611 3799 α
637 3735 986 3817 Psychicis.
1014 3733 1223 3814 Itaque
1243 3733 1502 3813 primum
1524 3732 1762 3795 steriles
1781 3750 1926 3794 ave-

254 3848 377 3909 nas,
411 3836 476 3889 ut
524 3847 666 3890 cum
732 3825 988 3903 Virgilio
1043 3822 1309 3903 loquitur
1357 3822 1777 3898 Tertullianus,
1819 3840 1926 3884 seu

253 3919 454 3980 falsam
482 3917 829 3979 doctrinam
861 3913 1180 3978 seminavit
1225 3911 1502 3983 Praxeas,
1563 3931 1682 3974 non
1728 3912 1926 3992 palam

251 4010 523 4091 quidem,
540 4009 654 4072 sed
673 4007 860 4087 clam,
883 4002 1333 4067 dormientibus
1361 4001 1574 4065 multis
1597 4005 1664 4065 in
1691 4002 1928 4091 simpli-

250 4090 431 4164 citate
467 4100 792 4176 doctrinm,
826 4112 940 4159 nec
967 4092 1172 4156 infelix
1203 4092 1407 4154 lolium
1450 4090 1920 4155 advertentibus.

253 4190 402 4254 Tam
435 4208 645 4271 parum
678 4186 801 4250 sibi
823 4185 898 4248 ab
920 4202 992 4247 eo
1019 4181 1303 4246 cavebant
1321 4181 1554 4263 fideles,
1577 4189 1643 4244 ut
1659 4181 1780 4262 jam
1801 4181 1928 4244 fru-

258 4281 511 4342 ticarent
565 4295 798 4354 avenze,
854 4276 914 4338 id
945 4282 1059 4354 est,
1089 4289 1270 4354 prava
1299 4271 1573 4351 dogmata
1604 4271 1928 4334 multorum

259 4371 491 4432 animos
515 4374 888 4450 occuparent
929 4365 1400 4442 inficerentque;
1458 4363 1651 4422 donec
1690 4362 1924 4424 tandem

2007 1845 2306 1909 Ecclesias
2334 1864 2438 1926 pro
2496 1846 2653 1906 virili
2705 1846 3072 1910 sollicitaret.
3109 1847 3479 1909 Provinciam
3532 1867 3665 1910 cum

2007 1935 2201 1998 libens
2229 1935 2590 2016 suscepisset
2646 1935 3057 1997 sanctissimus
3091 1936 3420 2017 presbyter,
3473 1938 3667 2017 profe-

2008 2035 2236 2088 cturum
2273 2035 2559 2106 martyres
2589 2025 3081 2088 commendarunt
3104 2027 3664 2108 pontiﬁci,utsupe-

2005 2114 2132 2176 rius
2162 2114 2440 2176 vidimus.
2475 2115 2618 2187 Quae
2647 2134 2784 2176 vero
2817 2134 2993 2176 causa
3023 2115 3202 2177 fuerit
3251 2123 3315 2176 ut
3370 2115 3659 2178 Irenaeum

2009 2223 2130 2285 prae
2160 2204 2392 2266 caeteris
2422 2204 2756 2284 delegerint
2790 2224 2924 2266 cum
2955 2206 3176 2278 clerus,
3207 2212 3328 2265 tum
3352 2215 3657 2286 martyres,

2007 2294 2108 2374 qui
2141 2293 2368 2355 litteras
2399 2312 2607 2355 eorum
2633 2295 2882 2358 Romam
2913 2294 3224 2374 perferret,
3247 2295 3569 2355 obscurum
3602 2295 3664 2356 in
3765 2292 3767 2295 ’

2007 2382 2233 2464 primis.
2247 2383 2443 2444 Prima
2463 2383 2761 2463 siquidem
2780 2384 2970 2444 fronte
2986 2383 3404 2462 intempestiva
3419 2402 3665 2464 prorsus

2005 2490 2076 2534 ea
2103 2471 2316 2551 legatio
2346 2472 2774 2548 videtur.Esto,
2797 2475 3104 2554 permagni
3134 2473 3342 2534 fuisset
3375 2474 3667 2536 momenti

2005 2563 2081 2624 de
2133 2580 2276 2641 pace
2324 2561 2720 2625 Ecclesiarum
2770 2563 2926 2643 apud
2986 2581 3284 2624 summum
3319 2563 3661 2643 pontificem

2004 2669 2178 2730 agere
2205 2675 2219 2728 ;
2249 2660 2306 2712 at
2334 2652 2504 2714 alteri
2537 2652 2882 2714 demandari
2909 2655 3210 2731 negotium
3256 2660 3486 2734 poterat
3511 2675 3526 2728 ;
3552 2653 3664 2712 sal-

2005 2749 2125 2802 tem
2193 2759 2316 2802 non
2362 2742 2512 2803 adeo
2568 2761 2785 2821 urgere
2827 2743 3163 2816 videbatur,
3222 2746 3364 2824 quin
3409 2745 3467 2802 in
3502 2741 3663 2803 aliud

2008 2839 2248 2912 tempus
2279 2832 2650 2894 commodius
2682 2833 2908 2895 differri
2937 2833 3470 2913 potuisset.Neque
3501 2831 3662 2892 enim

2009 2920 2068 2982 in
2104 2930 2221 2982 tam
2254 2922 2502 2984 adversa
2525 2931 2859 3004 temporum
2888 2924 3252 2997 conditione,
3290 2923 3570 2984 saeviente
3601 2921 3665 2983 in

2007 3012 2223 3075 Christi
2249 3031 2488 3092 gregem
2519 3013 2957 3093 persecutione,
2994 3013 3231 3074 clericis
3255 3013 3533 3074 omnibus
3564 3011 3657 3073 vel

2005 3099 2069 3162 in
2098 3102 2330 3162 vincula
2358 3102 2671 3181 conjectis,
2706 3103 2796 3164 vel
2828 3102 3084 3164 latebras
3114 3119 3385 3182 quaerere
3415 3101 3664 3182 coactis,

2008 3199 2413 3270 opportunum
2446 3199 2574 3253 erat
2592 3200 2654 3252 ut
2682 3191 2942 3254 Irenzeus
2965 3192 3252 3255 Ecclesiae
3273 3192 3456 3252 decus
3478 3210 3547 3252 ac
3570 3209 3665 3252 co-

2008 3279 2236 3356 lumen,
2271 3281 2439 3360 cujus
2471 3282 2789 3362 prtesentia
2819 3282 2944 3343 suis
2973 3289 3288 3360 tantOpere
3323 3279 3666 3343 necessaria

2007 3377 2154 3446 erat,
2191 3379 2307 3431 tam
2345 3372 2549 3451 procul
2587 3371 3054 3434 mitteretur.His
3070 3371 3400 3434 rationibus
3431 3388 3669 3452 permo-

2007 3467 2102 3521 tus
2122 3459 2200 3522 cl.
2226 3460 2520 3524 Henricus
2550 3460 2823 3524 Valesius
2855 3463 3076 3524 fatetur
3100 3462 3157 3511 ‘9
3189 3461 3432 3542 quidem
3477 3469 3600 3522 tum
3633 3478 3668 3522 a

2006 3549 2262 3613 Pothino
2295 3551 2674 3631 Lugdunensi
2708 3553 3013 3633 episcopo,
3046 3560 3169 3613 tum
3201 3572 3234 3613 a
3257 3553 3440 3626 clero,
3479 3560 3603 3614 tum
3633 3568 3670 3612 a

2009 3641 2368 3721 martyribus
2397 3642 2774 3719 designatum
2821 3643 3004 3704 fuisse
3037 3641 3327 3704 Irenaeum
3380 3641 3481 3724 qui
3514 3642 3670 3720 lega-

2009 3729 2170 3792 tione
2195 3731 2351 3810 apud
2384 3751 2682 3792 summum
2715 3731 3069 3795 Pontificem
3104 3732 3582 3813 perfungeretur,
3609 3736 3670 3792 et

2009 3837 2043 3881 a
2073 3820 2428 3901 martyribus
2457 3823 2939 3884 commendatum
2965 3823 3172 3898 fuisse;
3205 3823 3498 3902 expletam
3531 3837 3666 3882 vero

2009 3909 2367 3988 legationem
2393 3920 2588 3990 negat,
2617 3911 2720 3973 sed
2741 3914 3195 3992 superveniente
3221 3910 3457 3972 Pothini
3481 3916 3670 3970 morte

2009 4001 2180 4062 alteri
2208 3999 2390 4063 fuisse
2421 4001 2861 4076 demandatam,
2899 4020 2975 4064 ne
3003 4003 3063 4062 in
3125 4008 3283 4061 tanta
3314 4017 3513 4061 rerum
3547 3997 3669 4058 dif—

2009 4089 2266 4152 ﬁcultate
2297 4109 2404 4151 suo
2465 4091 2762 4172 praecipuo
2821 4091 3049 4152 lumine
3080 4089 3410 4170 privaretur
3433 4088 3672 4148 viduata

2011 4198 2148 4241 mox
2179 4198 2286 4242 suo
2329 4187 2566 4260 pastore
2600 4179 2892 4241 Ecclesia.
2940 4179 3296 4242 Franciscus
3327 4176 3672 4240 Feuarden-

2011 4269 2201 4331 tius90
2222 4278 2280 4332 et
2303 4270 2632 4333 Halloixius
2658 4270 2708 4313 21
2759 4279 2964 4351 putant
2994 4268 3312 4344 Irenaeum,
3346 4267 3567 4329 nedum
3592 4264 3671 4326 ad

2011 4359 2426 4436 Eleutherum,
2460 4362 2564 4422 sed
2600 4367 2660 4422 et
2688 4359 2760 4422 ad
2793 4360 3095 4422 Ecclesias
3124 4358 3281 4421 Asite
3321 4365 3378 4419 et
3409 4354 3673 4436 Phrygiae

258 4438 1921 4542 patefactumsitmalumsemen,perquemDeusvoluit,
1947 4438 1986 4489 C
2014 4448 2371 4542 legationem
2401 4449 2662 4542 obiisse:
2704 4469 2872 4542 ﬁcum
2899 4451 3243 4542 hoctamen
3296 4445 3670 4542 discrimine,

257 4541 503 4630 nempe,
533 4556 604 4611 ut
657 4547 918 4621 videtur,
980 4561 1088 4625 per
1116 4541 1551 4604 Tertullianum
1577 4541 1797 4623 ipsum.
1832 4545 1932 4625 qui

263 4641 529 4703 nondum
579 4657 618 4701 a
665 4634 992 4700 Catholicis
1047 4632 1376 4711 defecerat,
1429 4640 1494 4692 ut
1531 4630 1664 4710 ipse
1691 4632 1816 4710 ait;
1877 4630 1965 4696 et'

269 4735 524 4796 Prueas
547 4726 914 4812 palinodiam
946 4722 1507 4812 recantaverit.Hzec
1537 4721 1737 4783 omnia
1757 4723 1936 4786 simul

263 4831 322 4884 et
342 4810 564 4884 eodem
587 4829 860 4899 tempore
879 4814 1200 4894 contigisse
1219 4830 1398 4875 nemo
1416 4810 1527 4873 sibi
1548 4814 1930 4892 persuaserit;

261 4912 466 4993 plures
493 4927 696 4973 annos
730 4906 889 4968 inter
910 4921 1232 4967 avenarum
1255 4899 1930 4993 seminationem,fruti-

255 4991 586 5074 cationem,
650 4995 1131 5080 patefactionem,
1193 5000 1252 5055 et
1292 4994 1534 5055 Praxeae
1565 4991 1931 5073 palinodiam

255 5091 682 5156 intercessisse
733 5103 983 5149 necesse
1041 5091 1152 5146 est.
1190 5084 1321 5147 Jam
1374 5099 1515 5161 ergo
1566 5081 1618 5142 si
1664 5081 1932 5145 dicamus

255 5187 534 5249 Praean
583 5178 911 5242 Eleuthem
981 5175 1166 5237 malas
1216 5180 1380 5235 artes
1441 5171 1932 5235 Montanistarum

261 5271 577 5356 aperuisse
625 5287 786 5330 anno
821 5267 960 5342 477,
993 5284 1114 5356 quo
1147 5262 1305 5356 passi
1327 5269 1466 5356 sunt
1495 5262 1936 5356 martyresLu-

263 5351 646 5445 gdunenses;
681 5368 806 5422 tum
842 5374 947 5438 per
974 5354 1187 5435 viginti
1207 5353 1450 5445 circiter
1469 5370 1659 5445 annos
1683 5351 1940 5445 catholi-

267 5441 396 5518 cam
430 5453 613 5514 fidem
642 5448 1050 5516 simulantem,
1086 5443 1345 5506 haeresin
1381 5441 1718 5505 clanculum
1749 5441 1938 5504 disse-

269 5544 554 5618 minasse,
603 5556 859 5620 eamque
894 5538 1023 5618 jam
1081 5535 1583 5598 maturescentem
1640 5531 1940 5613 latiusque

2015 4539 2173 4621 quod
2200 4539 2362 4620 prior
2385 4540 2524 4602 velit
2541 4558 2675 4601 eum
2702 4539 2957 4603 Pothino
2979 4538 3173 4601 adhuc
3197 4538 3259 4599 in
3273 4538 3419 4598 vivis
3434 4543 3671 4616 agente,

2016 4631 2164 4690 alter
2194 4635 2326 4709 post
2350 4630 2480 4710 ejus
2497 4647 2566 4692 ac
2587 4637 2936 4691 caeterorum
2961 4636 3282 4709 martyrum
3302 4645 3515 4690 necem
3539 4643 3675 4704 pro-

2018 4718 2241 4781 fectum
2273 4719 2475 4781 fuisse.
2509 4718 2800 4782 Baronius
2829 4718 3090 4799 denique
3121 4724 3325 4780 censet
3380 4716 3674 4778 Irenaeum

2021 4808 2269 4870 missum
2301 4827 2432 4871 esse
2449 4809 2523 4871 ad
2549 4809 2936 4871 Eleutherum
2966 4827 3202 4889 papam,
3236 4814 3292 4869 et
3319 4824 3448 4868 eam
3473 4805 3678 4884 reipsa

2019 4897 2376 4977 legationem
2433 4898 2679 4978 obiisse;
2707 4899 2781 4961 de
2824 4898 3046 4959 Asiana
3075 4905 3273 4960 autem
3301 4893 3678 4978 profectione

2020 4988 2155 5050 silet
2184 5006 2448 5075 prorsus.
2481 4988 2656 5050 Istius
2687 4987 3040 5050 sententiam
3071 4986 3454 5068 amplectitur
3493 4983 3544 5044 is
3576 4980 3679 5063 qui

2018 5097 2229 5140 novam
2261 5078 2588 5140 editionem
2646 5096 2895 5159 operum
2926 5076 2988 5140 S.
3023 5075 3237 5138 Leonis
3268 5092 3437 5156 papae
3465 5089 3678 5153 procu-

2015 5168 2164 5230 ravit
2191 5169 2280 5230 vir
2305 5167 2691 5230 doctissimus
2717 5166 3232 5248 23,1renaaumque
3262 5172 3398 5225 ante
3435 5159 3678 5223 Pothini

2019 5265 2460 5340 martyrumque
2492 5266 2746 5319 mortem
2777 5256 3108 5338 profectum
3143 5273 3276 5316 esse
3314 5250 3681 5335 probabilius

2019 5347 2341 5412 existimat.
2372 5346 2528 5421 Quid
2557 5346 2675 5429 ipsi
2701 5366 2772 5410 ea
2799 5347 2874 5409 de
2904 5363 2972 5408 re
3003 5346 3352 5425 sentiamus,
3411 5340 3682 5424 proferre

2019 5439 2223 5505 liceat.

2105 5534 2169 5592 Η
2189 5578 2204 5594 .
2236 5526 2309 5593 Et
2337 5528 2578 5611 quidem
2609 5527 2901 5592 Irenaeum
2933 5529 2996 5592 in
3023 5525 3228 5590 Asiam
3272 5530 3332 5586 et
3361 5519 3683 5602 Phrygiam

345 5706 399 5748 ¹⁵
427 5702 498 5766 In
527 5701 751 5766 Adnot.
790 5699 854 5761 in
883 5696 992 5760 lib.
1023 5713 1065 5758 v
1087 5693 1337 5772 Euseb,
1375 5712 1426 5756 c.
1460 5692 1521 5769 3,
1607 5691 1661 5736 ¹⁶
1688 5695 1756 5757 Τ.
1788 5691 1842 5756 ΙΙ
1873 5690 2029 5757 Hist.
2064 5689 2243 5769 eccl.,
2294 5695 2420 5751 not.
2449 5691 2508 5768 4,
2538 5688 2596 5751 in
2628 5691 2892 5754 Montan.
2981 5687 3039 5732 ‘7
3066 5688 3216 5752 Adv.
3248 5659 3421 5747 Prax.
3456 5699 3585 5772 cap:
3621 5679 3680 5741 1.

267 5795 318 5839 ¹⁸
345 5793 597 5869 Euseb,
625 5791 676 5856 Ι.
709 5806 774 5867 v,
800 5807 858 5854 c.
884 5787 945 5852 3.
1033 5784 1088 5829 ‘9
1117 5787 1184 5850 In
1212 5767 1350 5848 Not.
1383 5783 1456 5846 ad
1486 5767 1594 5850 lib.
1626 5799 1667 5845 v
1719 5781 1875 5846 Hist.
1907 5782 2079 5860 Eus.,
2113 5799 2168 5845 c.
2193 5767 2254 5844 4.
2340 5777 2396 5824 9°
2425 5767 2497 5844 In
2536 5777 2660 5843 Vit.
2694 5778 2758 5844 S.
2791 5779 2952 5843 Iren.
2989 5776 3222 5861 operib.
3261 5775 3393 5856 ejus
3422 5767 3682 5854 praeﬁxa.

272 5885 318 5932 ’³
347 5885 420 5952 In
450 5884 596 5962 Vit.,
628 5901 687 5948 c.
723 5881 783 5946 7.
868 5877 926 5924 ³³
952 5876 1027 5944 '1'.
1052 5876 1107 5943 II
1135 5895 1273 5942 nov.
1308 5873 1453 5939 edit.
1490 5870 1553 5937 S.
1589 5871 1775 5938 Leon.
1811 5874 1926 5936 Par

2055 5889 2153 5936 an.
2186 5869 2346 5935 1675
2375 5887 2393 5950 ;
2440 5869 2588 5935 diss.
2617 5886 2679 5950 ν,
2714 5888 2769 5936 c.
2793 5872 2896 5936 43.
