4152 6382
501 371 616 437 183

1277 371 1926 438 DISSERTATIONES
1971 373 2298 437 ΡΒιΕνΙιΕ
2343 373 2421 436 IN
2469 369 2755 435 IRENEI
2799 372 3093 435 LIBROS.

3793 373 3895 436 184

498 522 535 566 a
562 503 1060 582 Lugdunensibus
1090 511 1149 566 et
1195 504 1643 566 Viennensibus
1671 509 1924 568 missum
1957 507 2161 581 fuisse,
2188 525 2223 562 Α
2250 522 2424 583 quam
2485 503 2559 565 de
2619 505 2880 566 Montani
2911 503 3205 566 vaticiniis
3244 503 3678 583 Lugdunenses
3733 513 3898 584 atque

501 592 877 673 [LXXXIJvel
893 593 952 653 in
979 611 1079 654 eas
1099 595 1375 673 regiones
1391 613 1637 675 usquam
1663 595 2156 674 migrasse,gratis

498 683 769 758 omnino,
846 683 1129 763 nullaque
1187 693 1692 746 nonumentorum
1735 686 2153 748 historicorum

498 771 618 833 fide
645 771 1235 834 asseritur.Affirmat
1264 773 1501 854 quidem
1521 773 1810 836 Eusebius
1829 775 1892 825 25
1911 775 2096 837 varias
2126 796 2156 837 a

497 861 882 942 martyribus,
943 881 1078 924 cum
1137 863 1333 926 adhuc
1391 871 1740 926 tenerentur
1787 867 1846 926 in
1880 865 2154 938 vinculis,

497 947 573 1010 de
597 969 741 1030 pace
771 949 1170 1013 Ecclesiarum
1203 952 1456 1032 scriptas
1483 951 1667 1014 fuisse
1698 953 2002 1033 epistolas,
2032 961 2150 1014 tum

492 1036 570 1098 ad
627 1038 839 1102 fratres
869 1039 970 1120 qui
1001 1050 1166 1102 erant
1197 1041 1258 1102 in
1318 1041 1455 1102 Asia
1509 1049 1572 1102 et
1600 1040 1871 1122 Phrygia,
1925 1051 2048 1102 tum
2079 1043 2150 1103 ad

494 1124 882 1190 Eleutherum
919 1149 1128 1210 papam
1168 1151 1184 1202 ;
1218 1131 1469 1192 mortuis
1496 1149 1634 1192 vero
1667 1131 2152 1211 martyribus,qui

496 1219 849 1296 superstites
876 1229 1046 1280 erant
1074 1219 1308 1293 fideles,
1341 1238 1441 1281 eas
1459 1220 1710 1299 longiori
1735 1221 1817 1281 illi
1841 1240 1908 1282 ac
1931 1220 2151 1297 insigni

495 1304 786 1384 epistolae,
821 1327 997 1388 quam
1029 1309 1102 1370 ab
1154 1310 1279 1389 ipso
1340 1308 1567 1371 Irenaeo
1619 1308 1822 1372 Graeco
1871 1310 2152 1372 ii‘liomate

495 1395 778 1474 scriptam
811 1397 992 1459 fuisse
1017 1397 1379 1458 arbitrantur
1401 1399 1572 1460 multi
1607 1400 1786 1481 (haud
1819 1409 1980 1461 certe
2003 1400 2154 1461 indi-

491 1501 640 1560 gnus
664 1492 752 1545 est
769 1485 918 1546 fetus
931 1487 1028 1565 qui
1051 1495 1207 1546 tanto
1235 1487 1356 1549 viro
1380 1488 1790 1571 tribuatur),in
1804 1510 1919 1570 qua
1938 1499 2152 1570 marty-

2241 593 2616 654 Viennenses
2643 594 2897 656 tulerant
2932 594 3228 654 sententia
3262 596 3511 655 Romam
3550 594 3900 673 perferenda

2240 683 2484 760 quastio
2503 683 3100 763 duntaxatfuisset,ut
3129 683 3407 761 supponit
3433 683 3896 753 Valesius,non-

2244 771 2391 831 nihil
2428 770 2707 851 ponderis
2765 771 3017 832 forsitan
3081 770 3329 832 halerel
3388 774 3521 851 ejus
3562 773 3738 833 ratio.
3776 772 3894 832 Non

2242 861 2398 921 enim
2425 862 2570 923 tanti
2597 862 2880 922 momenti
2898 861 3080 922 fuisse
3098 860 3452 935 viiletur,aut
3474 863 3629 923 adeo
3658 863 3899 938 urgebat

2238 951 2562 1027 negotium,
2595 950 2737 1031 quin
2764 951 2824 1010 in
2855 950 3013 1010 aliud
3041 959 3274 1028 tempus
3296 951 3680 1010 commodius
3702 950 3894 1010 differ-

2235 1039 2312 1118 ri,
2346 1052 2446 1100 aut
2479 1040 2683 1100 saltem
2717 1040 2889 1100 alteri
2921 1057 3095 1119 quam
3129 1036 3350 1098 Irenaeo
3392 1039 3570 1100 facile
3605 1038 3897 1100 committi

2238 1127 2549 1206 potuisset.
2587 1127 2751 1190 Unde
2782 1129 2936 1208 quod
2975 1130 3034 1186 in
3066 1134 3179 1186 tam
3214 1126 3562 1187 difﬁcilibus
3597 1127 3894 1187 Ecclesia-

2235 1234 2366 1276 rum
2402 1216 2815 1294 Lugdunensis
2847 1225 2905 1276 et
2940 1214 3296 1275 Viennensis
3320 1215 3696 1294 temporibus
3728 1233 3862 1293 roga

2235 1312 2329 1364 tus
2361 1306 2538 1365 fuerit
2570 1305 2700 1366 talis
2730 1313 2788 1366 et
2818 1312 3010 1365 tantus
3034 1304 3142 1377 vir,
3173 1313 3235 1364 ut
3264 1303 3660 1365 Eleutherum
3690 1323 3892 1384 papam

2234 1394 2447 1468 adiret,
2485 1396 2628 1455 illud
2658 1396 2862 1475 procul
2887 1393 3068 1454 dubio
3101 1393 3499 1472 demonstrat,
3529 1395 3707 1470 longe
3727 1396 3892 1454 aliam

2233 1491 2411 1559 atque
2446 1485 2689 1564 majoris
2721 1482 3009 1544 momenti
3040 1482 3226 1543 fuisse
3284 1500 3525 1542 causam
3588 1482 3847 1544 adeundi
3877 1503 3891 1556 ;

489 1587 623 1633 rum
657 1575 982 1636 certamina
1005 1575 1527 1651 describebantur,
1557 1588 1615 1640 et
1641 1581 1713 1640 ad
1734 1581 1902 1660 cujus
1925 1581 2146 1640 calcem
2236 1592 2618 1656 prazsensque
2641 1576 2880 1656 aliquod
2902 1574 2972 1635 ab
2990 1576 3112 1634 istis
3129 1573 3411 1634 Ecclesiis
3431 1575 3892 1654 propulsandum

483 1659 776 1740 judicium
811 1663 886 1724 de
919 1665 1090 1726 novis
1122 1667 1432 1746 prophetis
1462 1668 1756 1742 ferebant,
1810 1659 2144 1748 adjecisse;
2230 1664 2557 1726 discrimen
2585 1674 2910 1726 maturasse
2937 1663 3394 1744 profectionem.
3433 1663 3736 1736 Quidnam
3766 1681 3894 1723 vero

489 1750 595 1812 sed
629 1751 761 1812 illas
793 1750 1017 1815 Irenaeo
1047 1756 1292 1816 traditas
1323 1755 1536 1837 fuisse,
1582 1759 1678 1820 vel
1712 1768 1976 1838 rogatum
2011 1778 2145 1820 eum
2230 1753 2318 1814 rei
2358 1753 2555 1834 fuerit,
2592 1754 2744 1815 haud
2773 1755 3048 1832 obscure,
3086 1753 3143 1812 ni
3167 1752 3359 1825 fallor,
3399 1761 3520 1812 tum
3547 1772 3618 1813 ex
3655 1753 3894 1814 historia

489 1857 742 1930 usquam
769 1840 976 1916 fuisse,
1009 1850 1074 1903 ut
1103 1843 1164 1904 in
1197 1842 1503 1907 Orientem
1539 1849 1846 1930 perferret,
1883 1868 1993 1911 nec
2025 1851 2140 1911 Eu-
2173 1877 2209 1926 Β
2235 1851 2575 1922 martyrum,
2613 1854 2733 1904 tum
2773 1862 2840 1904 ex
2893 1842 3150 1904 Eusebio
3200 1841 3258 1890 93
3288 1841 3415 1920 ipso
3450 1851 3511 1903 et
3543 1841 3889 1921 Hieronymo

488 1927 714 2009 sebius,
751 1949 863 1991 nec
891 1931 1044 1992 alius
1075 1933 1390 2014 quisquam
1424 1955 1458 1997 e
1503 1927 1800 1999 veteribus
1833 1927 2142 2000 memorat.

489 2017 690 2095 Longe
721 2018 877 2080 aliud
913 2020 1290 2084 sentiendum
1323 2023 1397 2086 de
1433 2024 1526 2106 iis,
1589 2045 1720 2106 qua:
1747 2027 1820 2087 ad
1874 2027 2148 2090 Eleuthe~

487 2123 623 2167 rum
654 2124 864 2186 papam
898 2109 1338 2186 scribebantur,
1373 2114 1663 2194 epistolis.
1725 2116 1870 2196 Has,
1919 2124 1981 2178 ut
2034 2117 2122 2179 Ro

489 2212 648 2256 mam
678 2196 882 2270 ferret,
914 2196 1206 2262 [renatum
1241 2221 1482 2282 rogasse
1533 2223 1598 2266 se
1655 2205 1895 2268 disertis
1951 2207 2148 2268 verbis

489 2290 784 2346 testantur
813 2296 1096 2368 martyres
1118 2289 1176 2350 in
1209 2291 1442 2372 scriptis
1464 2293 1537 2354 ad
1559 2296 1837 2357 eumdem
1865 2296 2146 2358 Eleuthe—

485 2389 621 2434 rum
653 2374 712 2434 in
740 2375 948 2437 Irenaei
969 2379 1218 2454 gratiam
1245 2383 1995 2448 commendatitiislitteris.
2028 2388 2146 2446 Mo-

488 2478 616 2522 rem
646 2480 784 2554 vero
815 2465 1073 2543 gessisse
1123 2466 1437 2549 Irenaeum,
1493 2471 1836 2554 litterasque
1897 2476 2145 2537 Romam
2179 2496 2184 2502 ·

487 2551 804 2643 pertulisse
835 2572 1118 2634 expresse
1149 2559 1366 2620 asserit
1395 2551 1792 2643 Hieronymus
1820 2563 1875 2606 9‘
1907 2585 1919 2626 :
1957 2564 2051 2625 cui
2076 2583 2144 2623 eo

489 2639 679 2738 major
708 2639 818 2704 hac
848 2643 909 2704 in
942 2652 1109 2724 parte
1132 2639 1758 2733 fidestribuenda,quo
1784 2655 1989 2716 Romae
2014 2653 2143 2714 diu-

493 2735 721 2818 tissime
778 2740 1204 2806 commoratus,
1256 2747 1316 2798 ut
1351 2739 1533 2818 probe
1567 2749 1733 2805 notat
1763 2741 2146 2805 doctissimus

489 2817 706 2913 Leonis
737 2820 952 2913 editor,
986 2817 1464 2905 scriniornmque
1485 2831 1948 2909 apostolicorum
1974 2832 2148 2913 parti-

487 2924 631 3001 ceps
661 2907 872 2990 factus,
907 2912 1018 2972 hoc
1055 2915 1265 2992 partim
1298 2935 1366 2978 ex
1400 2907 1718 2982 traditione
1751 2923 1942 3001 urbis,
1974 2907 2144 3000 par-

2233 1933 2554 2010 colligitur.
2591 1933 2739 2013 Ipsis
2767 1931 3196 2012 persecutionis
3214 1931 3400 1990 initiis
3419 1932 3888 2010 COIIlpl‘elli-IISUS

2233 2024 2523 2084 Pothinus
2554 2023 2872 2103 episcoiius
2892 2021 3326 2100 Lugdunensis,
3348 2030 3528 2100 atque
3552 2040 3585 2081 a
3609 2019 3888 2080 militibus

2232 2110 2576 2173 immaniter
2607 2121 2889 2192 raptatus,
2924 2109 3373 2190 innumerisque
3399 2109 3592 2188 plagis
3624 2111 3884 2178 atl'ectus,

2234 2219 2388 2276 pene
2418 2201 2702 2262 exanimis
2734 2203 3044 2280 conjectus
3078 2204 3134 2260 in
3181 2217 3513 2278 carcerem,
3554 2198 3730 2259 biduo
3763 2211 3885 2278 post

2234 2307 2305 2351 ex
2324 2290 2666 2352 vulneribus
2687 2291 2947 2371 acceptis
2973 2289 3373 2367 nonagenario
3411 2289 3604 2366 major
3636 2288 3882 2347 animam

2235 2381 2611 2442 exhalaverat
2667 2380 2728 2444 Si
2759 2381 2982 2442 diutius
3004 2379 3263 2440 antistite
3288 2378 3436 2438 orba
3465 2379 3524 2437 in
3561 2377 3636 2437 iis
3661 2386 3883 2456 tempo-

2232 2487 2364 2528 rum
2401 2469 2690 2545 angustiis
2727 2469 2935 2530 relicta
2986 2469 3190 2528 fuisset
3218 2465 3508 2540 Ecclesia,
3563 2465 3882 2545 periculum

2231 2557 2443 2618 fuisset
2479 2577 2552 2618 ne
2584 2557 2932 2619 Christianae
2964 2576 3060 2618 res
3096 2576 3151 2616 ιιι
3185 2555 3408 2629 Galliis,
3453 2557 3580 2633 jam
3617 2571 3883 2634 persecu-

2231 2653 2425 2706 torum
2456 2648 2659 2708 furore
2681 2666 2794 2707 non
2817 2665 3022 2727 parum
3057 2645 3728 2720 labefamataz,t'nnditus
3753 2660 3881 2702 rue-

2230 2743 2389 2796 rent.
2423 2736 2618 2807 Quare
2649 2736 2984 2797 communis
3022 2745 3142 2795 tum
3173 2735 3341 2807 cleri,
3378 2742 3502 2794 tum
3571 2740 3877 2809 martyrum

2231 2825 2376 2884 votis
2407 2825 2672 2885 delectus
2708 2825 2966 2886 lrenaeus
3001 2823 3249 2886 Pothino
3274 2823 3594 2884 sufficitur.
3623 2821 3884 2892 Quinve-

2229 2932 2295 2974 ro
2352 2927 2452 2974 aut
2511 2915 2822 2988 rarissimi,
2885 2923 2985 2975 aut
3017 2914 3305 2974 nnllidum
3338 2923 3515 2973 erant
3573 2911 3634 2970 in
3693 2909 3884 2972 Galliis

489 2995 594 3057 tim
627 3014 697 3057 ex
723 3002 1124 3091 monumentis
1145 3003 1340 3068 adhuc
1364 3009 1782 3089 superstitibus
1806 2995 2148 3091 potuit—edi-
2237 3003 2498 3083 episcopi
2547 3005 2796 3082 (nullum
2832 3006 3039 3064 saltem
3073 3005 3174 3091 iis,
3208 3002 3578 3082 temporibus
3613 3007 3888 3091 memorat

487 3103 683 3148 scere-
729 3089 852 3150 Nec
881 3090 1156 3156 dissentit
1189 3093 1522 3158 Eusebius:
1587 3099 1708 3161 imo
1737 3089 2151 3162 demandatum
2240 3091 2531 3154 Eusebius
2553 3093 3136 3173 '36,ncquide:napud
3168 3090 3568 3170 Viennenses)
3590 3089 3689 3169 qui
3710 3089 3884 3148 electo

504 3173 861 3269 legationem
884 3180 1178 3261 eXpletam
1210 3184 1394 3247 fuisse
1414 3187 1556 3249 satis
1572 3189 1812 3250 silentio
1833 3209 1940 3251 suo
1961 3189 2155 3269 signi-
2176 3180 2216 3230 C
2243 3201 2449 3242 manus
2509 3199 2749 3262 possent
2806 3185 3137 3261 imponere,
3200 3198 3446 3241 necesse
3499 3179 3608 3238 fuit
3655 3175 3888 3269 Romani

505 3263 681 3360 ficat,‘
713 3267 761 3328 si
786 3269 1064 3360 effectum
1095 3272 1304 3360 sortita
1332 3293 1451 3337 non
1475 3276 1702 3348 fuisset,
1731 3279 1791 3340 id
1819 3263 2158 3360 procul'dn-
2243 3272 2540 3350 pontificis
2569 3292 2744 3350 opem
2783 3272 3128 3352 implorare,
3179 3280 3299 3330 tum
3337 3279 3584 3350 propter
3619 3267 3886 3360 vicinita-

504 3351 603 3415 bio
635 3375 752 3418 non
783 3358 1273 3423 omissurus.Non
1303 3366 1794 3429 committendum
1819 3351 2021 3429 autem
2055 3388 2160 3448 pu-

501 3453 648 3538 tem,
680 3453 744 3538 ut
773 3465 808 3508 a
835 3455 1010 3510 tanta
1057 3455 1419 3515 auctoritatis
1468 3457 1828 3538 scriptorum
1863 3459 2159 3518 sententia

495 3532 904 3615 discedamus,
939 3538 1053 3599 nisi
1074 3543 1444 3619 gravissimis
1466 3532 1786 3608 momentis
1810 3566 1878 3609 ac
1902 3548 2158 3609 rationi-

496 3622 629 3716 bus,
681 3642 812 3704 quaa
841 3626 938 3716 hic
970 3639 1132 3691 certe
1158 3630 1396 3709 desunt,
1422 3633 1794 3716 abducti.At,
1820 3636 2010 3716 inquit
2039 3637 2157 3698 Va-

495 3712 701 3787 lesius,
727 3713 1016 3778 credibile
1034 3737 1152 3780 non
1167 3728 1256 3782 est
1269 3724 1560 3786 Irenaeum
1577 3712 2156 3804 Ecclesium-Lugdu-

496 3819 746 3864 nensem
783 3808 1218 3884 persecutionis
1248 3811 1572 3876 acerbitate
1591 3815 1987 3886 fatiscentem,
2014 3836 2152 3878 suo-

495 3909 610 3972 que
640 3891 938 3956 viduatam
974 3905 1236 3977 pastore,
1271 3902 1556 3964 deserere
1588 3915 1686 3966 aut
1718 3906 2000 3981 voluisse,
2057 3916 2158 3968 aut

490 3981 930 4076 potuisse.__Sed
963 3985 1016 4048 si
1045 3987 1334 4051 credibile
1363 3993 1437 4053 sit
1466 3992 1526 4054 in
1556 3993 1629 4054 iis
1661 4003 1999 4076 temporum
2031 3998 2154 4059 cir-

490 4071 1015 4170 cpmstantiistum
1049 4094 1083 4137 a
1113 4078 1302 4170 clero,
1338 4088 1461 4143 tum
1493 4103 1527 4145 a
1559 4071 1916 4166 martyribus
1937 4088 2062 4168 jam
2097 4088 2153 4148 in

488 4159 719 4222 vincula
746 4165 1056 4243 conjectis,
1090 4167 1309 4247 quibus
1341 4159 2154 4252 propediem-denun'tianda

492 4257 652 4311 esset
670 4252 948 4341 capitalis
978 4255 1263 4319 adversus
1297 4278 1402 4322 eos
1429 4261 1546 4324 lata
1594 4265 1910 4341 sententia,
1951 4265 2150 4325 Pothi~

491 4357 569 4434 no
594 4340 686 4401 vel
718 4343 1151 4434 comprehenso
1182 4347 1272 4408 vel
1305 4358 1561 4426 mortuo,
1592 4340 1940 4434 ceterisque
1971 4353 2152 4414 cleri-

2246 3368 2386 3434 tem,
2427 3374 2550 3422 tum
2581 3372 2823 3442 propter
2855 3362 3170 3441 potiorem,
3210 3371 3266 3419 ut
3319 3360 3585 3440 loquitur
3615 3356 3882 3429 Irenaaus,

2244 3451 2740 3530 principalitatem
2781 3473 2794 3523 ;
2831 3468 2892 3510 ut
2946 3453 3195 3512 viduatae
3218 3469 3324 3510 suo
3361 3461 3599 3529 pastore
3629 3445 3889 3507 Ecclesiae

2248 3558 2352 3619 per
2381 3541 2648 3619 ejusdem
2679 3539 2884 3601 Irentei
2907 3543 3418 3600 consecrationem
3441 3538 3746 3618 suppetias
3776 3534 3886 3593 fer—

2245 3638 2354 3691 ret.
2385 3631 2488 3691 Hic
2520 3650 2658 3710 ergo
2695 3632 2921 3694 Roman
2956 3629 3279 3690 mittendus
3316 3627 3448 3701 fuit,
3515 3638 3592 3701 et,
3640 3634 3700 3686 ut
3744 3626 3888 3684 fere-

2245 3719 2382 3781 bant
2413 3721 2693 3782 Ecclcsia:
2722 3721 2902 3799 leges,
2959 3719 3084 3798 ejus
3117 3720 3290 3791 tiues,
3323 3717 3762 3797 pietas,merita
3790 3713 3888 3772 tic-

2244 3811 2423 3890 nique
2453 3811 2772 3872 Eleutliero
2808 3809 3134 3890 probanda.
3185 3807 3431 3887 linoque
3467 3815 3737 3888 spectant
3768 3801 3888 3882 epi-

2241 3902 2408 3962 stola;
2435 3901 2933 3962 commendatitia:
2959 3918 3108 3979 quas
3130 3900 3201 3959 ad
3231 3897 3575 3977 pontificem
3601 3892 3886 3972 scripsere

2244 4006 2547 4071 martyres,
2580 3989 2797 4071 quibus
2825 3989 3029 4051 [renati
3062 3993 3382 4066 singulare
3404 4004 3524 4066 pro
3561 3987 3789 4046 Christi
3821 3989 3890 4041 tc-

2238 4091 2535 4142 stumenlo
2575 4081 2850 4143 studium
2889 4077 3679 4158 praedicant,hortautnrque
3714 4073 3885 4148 utip—

2239 4187 2372 4231 sum
2396 4173 2633 4232 caeteris
2658 4178 3011 4249 anteponat,
3038 4169 3183 4248 ἔχειν
3207 4189 3264 4222 σε
3298 4168 3456 4224 αὐτὸν
3491 4167 3544 4222 ὲν
3577 4163 3884 4249 πχρκθέπεςῑ

2238 4279 2314 4322 ne
2346 4262 2542 4321 minus
2569 4271 2771 4321 notum
2803 4246 3228 4339 presbyterum
3262 4260 3336 4317 ad
3399 4255 3746 4334 dignitatem
3779 4246 3890 4327 epi-

2237 4352 2536 4430 scopalem
2581 4351 2833 4412 evehere
2881 4349 3198 4410 dubitaret.
3219 4346 3320 4408 Si;
3348 4345 3672 4408 Eusebium
3696 4339 3745 4382 2⁷
3764 4355 3885 4399 cum

491 4429 576 4490 cis
599 4435 706 4524 aut
727 4429 935 4524 captis,
962 4433 1317 4524 autfugatis,
1343 4440 1659 4516 Irenaeum,
1685 4429 2156 4523 metu-perculsae
2176 4440 2314 4506 Dcl.
2350 4429 2566 4501 Leonis
2596 4440 2825 4502 editore
2858 4440 3215 4518 interpretor
3241 4457 3257 4514 ;
3289 4456 3322 4497 a
3354 4457 3469 4516 quo
3518 4445 3711 4496 tamen
3742 4430 3883 4524 ineo

495 4516 1132 4610 et-afﬂictaaEcclesim
1193 4533 1309 4586 tam
1370 4531 1798 4606 necessarium,
1855 4516 2152 4594 delectum
2240 4531 2554 4610 dissentio,
2615 4530 2773 4610 quod
2836 4516 3201 4609 probabilius
3251 4539 3418 4607 putet
3473 4534 3611 4587 ante
3665 4516 3884 4584 Pothini

493 4605 708 4700 fuisse,
739 4608 838 4689 qui
862 4607 1121 4700 Romam
1156 4613 1384 4676 litteras
1434 4619 1724 4697 perferret
1758 4605 1788 4694 ;ν
1809 4639 1916 4683 cur
1945 4639 2157 4684 revera
2242 4605 2678 4700 martyrumque
2710 4605 2962 4680 mortem
3013 4618 3089 4677 ad
3121 4605 3505 4677 Eleutherum
3565 4616 3880 4694 profectum

497 4696 814 4790 pertulisse
847 4698 1026 4790 fidem
1085 4702 1392 4782 superabit
1419 4696 1450 4766 ἱ)
1508 4707 1674 4779 Quod
1728 4710 2155 4790 impedimento
2239 4730 2372 4773 esse
2392 4696 2710 4772 Irenaeum.
2744 4711 2952 4790 Neque
2987 4707 3146 4768 enim
3170 4705 3445 4768 obtinere
3478 4727 3512 4768 a
3533 4723 3629 4764 me
3658 4714 3882 4782 possum

493 4784 678 4880 fnisse
737 4789 1095 4880 supponitur
1146 4793 1466 4872 quominus
1515 4796 1730 4876 legatio
1773 4784 2154 4880 eitpleretur;
2240 4810 2304 4864 ut
2355 4800 2617 4872 credam,
2675 4784 2961 4880 martyres
3013 4818 3122 4859 suo
3152 4798 3345 4858 adhuc
3399 4798 3458 4857 in
3494 4796 3636 4855 vivis
3687 4796 3884 4868 agente

491 4872 654 4972 idem
689 4883 745 4972 et
780 4894 918 4972 esse
947 4877 1157 4972 debuit
1183 4883 1502 4962 quominus
1531 4872 1984 4953 decerneretur.
2011 4872 2152 4953 Cum
2249 4889 2531 4972 episcopo
2563 4887 2809 4951 Romam
2829 4872 3101 4966 inisisse,
3137 4886 3239 4965 qui
3271 4887 3527 4946 net-dum
3556 4894 3886 4972 vacuattt§6'

494 4962 677 5060 igitur
705 4964 859 5026 hanc
891 4966 951 5028 in
979 4966 1108 5048 ipso
1142 4972 1580 5051 persecutionis
1605 4985 1753 5039 testu
1784 4978 2165 5060 decreyerint
2246 4962 2382 5042 dem
2414 4962 2776 5059 capesseret.
2812 4977 2954 5038 Nam
2983 4962 3370 5058 praeterquam
3407 4975 3562 5056 quod
3597 4973 3655 5032 id
3685 4967 3878 5032 Eccle-

497 5051 696 5115 clerus
726 5061 786 5116 et
815 5064 1139 5137 martyres;
1176 5061 1321 5141 quin
1355 5079 1426 5124 ea
1462 5065 1802 5144 perfunctus
1835 5051 2015 5134 fuerit
2045 5071 2163 5133 Ire-

499 5160 686 5230 naeus,
721 5161 828 5224 pro
854 5163 1088 5209 summo
1119 5168 1236 5230 quo
1267 5149 1515 5214 invictos
1540 5155 2028 5223 Christiaihletas
2053 5181 2159 5223 co-

499 5228 661 5331 lebat
689 5231 1004 5315 obsequio,
1040 5228 1317 5302 saeviente
1344 5239 1485 5305 licet
1516 5247 1952 5327 persecutione,
1974 5250 2157 5316 ,dubi—
2244 5251 2453 5320 missa,
2510 5259 2799 5310 testantur
2838 5228 3153 5309 Pothinum
3202 5248 3444 5306 ineunte
3517 5244 3639 5304 fere
3685 5254 3880 5331 perse-

499 5326 1015 5423 tar‘iAno’n.pot.est.
1102 5413 1116 5423 _
1287 5417 1300 5423 _
1333 5420 1342 5423 Δ
2243 5342 2479 5404 cutione
2510 5339 3033 5418 comprehensum,
3070 5337 3346 5416 martyrio
3391 5337 3562 5397 vitam
3620 5327 3833 5423 [iniisse
3863 5340 3877 5399 ἰ

581 5407 780 5513 ίῗοηδί
810 5411 1054 5513 quidcf“
1083 5413 1158 5513 fle
1215 5417 1586 5513 sollicitanda
1641 5427 1796 5508 apud
1855 5447 2153 5492 summum
2239 5433 2402 5513 itque
2435 5438 2555 5493 tota
2602 5407 2955 5491 Eiisebianae
3005 5407 3364 5488 narrationis
3407 5425 3592 5487 series
3625 5417 3762 5480 satis
3789 5412 3877 5508 in-

501 5497 844 5577 pontiﬁcem
870 5500 1271 5570 Ecclesiarum
1299 5497 1698 5577 Orientalium
1755 5536 1924 5600 pace,
1968 5538 2157 5602 eaque
2239 5497 2436 5584 sinuat
2462 5541 2478 5598 ;
2509 5519 2658 5582 adeo
2690 5527 2752 5581 ut
2781 5517 3154 5581 demittendo
3174 5515 3421 5579 Romam
3447 5519 3666 5580 Irenaeo
3689 5499 3878 5568 consi-

2245 5071 2349 5133 siae
2380 5069 2608 5149 legibus
2637 5068 3026 5149 repugnabat,
3061 5067 3190 5144 ipsa
3219 5074 3538 5146 martyrum
3573 5067 3735 5152 Acta,
3766 5072 3884 5152 quae

2243 5162 2426 5223 refert
2452 5159 2745 5222 Eusebius
2775 5157 2850 5232 93,
2886 5157 2957 5218 ad
3011 5156 3311 5218 Ecclesias
3355 5155 3509 5217 Asiae
3548 5164 3604 5214 et
3637 5149 3882 5226 Phrygiae

576 5690 634 5738 ³³
662 5692 797 5758 Lib.
826 5715 885 5777 ν,
916 5717 972 5766 c.
995 5703 1060 5766 3.
1142 5702 1290 5768 “In
1333 5707 1515 5774 Catal.
1601 5710 1812 5779 5“‘Lib.
1845 5733 1906 5793 v,
1943 5735 1999 5779 c.
2035 5721 2092 5783 1.
2181 5719 2246 5772 SB
2273 5718 2400 5784 Sib.
2438 5736 2498 5796 v,
2524 5737 2586 5780 c.
2613 5719 2672 5781 6.
2758 5716 2817 5766 '7
2848 5715 2999 5779 Ibid.
3031 5735 3085 5778 c.
3121 5719 3183 5780 4.
3268 5713 3469 5791 981b.,
3501 5711 3724 5791 cap.1.
