4148 6394
535 304 648 368 195

1325 301 1976 370 DISSERTATIONES
2014 301 2344 366 ΡΒιΕνΙΕ
2385 304 2470 370 ΙΝ
2517 304 2807 370 IRENIEI
2852 305 3147 369 LIBROS.

3823 301 3938 368 196

532 441 663 520 ejus
679 439 944 512 coercuit
963 441 1244 519 lrenaus,
1276 440 1371 501 cui
1393 439 1549 502 haud
1577 442 1774 502 minor
1801 448 1924 502 erat
1960 436 2172 502 tuenda

2279 440 2540 506 νωνησίκδ
2598 440 2651 496 ἐν
2710 446 2778 517 τῇ
2831 439 2982 512 Ἀσίᾳ
3062 438 3739 520 Τεσσαρεσκαιεικατήταις
3797 437 3937 494 ἀπέ-

530 529 694 612 pacis
715 548 888 609 quam
912 528 1278 609 antiquitatis
1309 546 1378 590 ac
1423 528 1760 590 traditionis
1780 529 2188 592 Lcclesiarum

533 639 697 690 cura,
733 619 949 700 scripta
978 619 1259 681 adversus
1293 636 1429 680 eum
1463 618 1734 698 epistola,
1768 638 1944 699 quam
1979 619 2183 680 inscri-

529 711 644 792 psit
669 706 1209 771 Deschismate.llli
1233 727 1374 770 vero
1406 707 1741 788 pontiﬁces,
1779 711 2066 770 Anicetus
2095 709 2186 770 vi-

529 800 769 866 delicet,
806 797 967 874 Pius,
1014 796 1300 878 Hyginus,
1331 797 1732 878 Telesphorus
1753 806 1928 878 atque
1960 798 2181 874 Sixtus,

527 889 738 953 eodem
758 887 983 949 Irenao
1007 894 1156 948 teste
1174 885 1537 967 5%,quamvis
1569 888 1794 949 Pascha
1816 887 2024 950 eadem
2049 907 2183 949 cum

527 977 769 1043 Asianis
791 977 889 1039 die
911 993 1105 1057 neque
1152 976 1549 1050 celebrarent,
1606 995 1800 1058 neque
1831 977 2122 1040 celebrari
2153 997 2186 1039 a

532 1068 657 1130 suis
688 1065 1124 1148 permitterent,
1177 1085 1312 1128 cum
1366 1066 1438 1127 iis
1469 1074 1668 1127 tamen
1693 1085 1898 1146 pacem
1933 1073 1992 1127 et
2016 1086 2184 1129 com-

530 1157 872 1218 munionem
897 1153 1163 1216 studiose
1193 1154 1490 1228 colebant,
1524 1162 1581 1215 et
1607 1172 1832 1216 sacram
1863 1153 2182 1217 Eucharis-

525 1246 664 1307 tiam
687 1264 792 1324 pro
811 1261 976 1304 more
993 1241 1229 1303 illorum
1247 1243 1817 1323 temporumiisdem
1843 1243 2178 1307 mittebant.

522 1333 646 1395 lmo
679 1351 813 1395 cum
859 1331 1214 1410 Polycarpus
1245 1331 1497 1393 Romam
1529 1331 1765 1394 Aniceti
1813 1331 2184 1412 temporibus

526 1423 803 1486 venisset.
841 1420 984 1482 levis
1014 1420 1149 1481 aliis
1170 1419 1244 1480 de
1276 1418 1480 1492 rebus,
1539 1420 1734 1482 levior
1783 1421 1858 1482 de
1891 1421 2182 1484 Paschate

522 1515 679 1574 inter
710 1520 1027 1590 utrumque
1076 1508 1400 1590 disputatio
1451 1509 1580 1570 fuit.
1614 1511 1902 1573 Anicetus
1937 1510 2180 1591 quidem

522 1602 849 1682 Polycarpo
873 1599 1236 1680 persuadere
1253 1606 1498 1661 conatus
1512 1609 1600 1661 est
1612 1609 1674 1660 ut
1696 1599 1993 1662 Romanos
2008 1601 2182 1682 ritus,

2273 528 2468 588 στειλε.
2502 529 2812 606 Consentit
2838 528 3133 591 Eusebius
3158 528 3244 605 56,
3298 528 3584 609 additque
3636 527 3940 589 Victorem

2271 636 2388 678 non
2411 617 2588 679 totius
2609 613 2766 681 A‘sia
2787 619 2989 700 modo,
3023 619 3128 680 sed
3162 626 3221 680 et
3245 617 3390 679 alias
3417 616 3701 678 ﬁnitimas
3723 613 3942 679 Eccle-

2269 707 2409 782 sias,
2446 707 2670 770 Cilicia
2698 707 2997 783 videlicet,
3049 706 3256 788 Syria,
3287 706 3620 768 Seleut-idis
3650 713 3708 766 et
3737 705 3939 767 Meso-

2271 796 2542 876 potamia
2574 797 2812 878 proprie
2843 797 3038 872 dicta,
3076 796 3232 858 velut
3260 815 3294 857 a
3315 795 3605 858 catholica
3635 793 3940 856 sententia

2269 885 2901 961 dissentientes,simul
2932 905 3143 948 omnes
3172 906 3206 948 a
3236 885 3544 949 communi
3565 887 3792 947 unitate
3823 882 3935 944 Ec-

2267 977 2467 1039 clesia
2487 986 2796 1057 amputare
2817 985 3092 1040 conatum
3131 977 3334 1050 fuisse,
3362 976 3554 1057 iisque
3576 993 3680 1056 per
3701 974 3937 1036 litteras

2268 1066 2506 1142 notatis,
2535 1067 2750 1129 fratres
2769 1067 3112 1147 omnes,qui
3135 1064 3528 1146 easregiones
3558 1063 3929 1143 incolebant,

2268 1157 2816 1219 excommunicatos
2833 1155 3115 1229 edixisse,
3147 1157 3348 1236 ἀθρόως
3379 1157 3474 1224 τῆς
3507 1155 3688 1219 Ἀσίας
3719 1155 3930 1227 πάσης,

2267 1252 2394 1322 Φμα
2423 1260 2547 1311 ταῖς
2577 1249 2794 1326 ὁμόροις
2825 1245 3190 1321 Ἐκκλησίαις,
3227 1247 3324 1309 τὰς
3368 1247 3647 1324 παροικίας
3681 1243 3935 1319 ἀποτέμ-

2266 1357 2394 1416 νειν⁷
2430 1339 2503 1400 ὡς
2535 1335 2955 1416 ἐτεροδοξούσας,
2999 1342 3097 1403 τῆς
3143 1341 3325 1404 κοινῆς
3372 1336 3611 1400 ἑνώσεως
3655 1339 3929 1412 πειρᾶται,

2265 1428 2352 1484 καὶ
2396 1426 2692 1494 στηλιτεύει
2737 1449 2798 1505 γε
2849 1424 2932 1482 διὰ
2978 1426 3332 1505 γραμμάτων,
3380 1425 3770 1494 ἀκοινωνήτους
3829 1421 3931 1501 ἅρ-

2267 1512 2362 1582 am
2394 1517 2595 1579 πάντας
2627 1517 2746 1579 τοὺς
2792 1516 2969 1573 ἐκεῖσε
3030 1516 3407 1593 ἀνακηρύττων
3455 1511 3734 1593 ἀδελφούς.
3770 1511 3936 1574 Hinc

2267 1604 2637 1685 Epiphanius
2669 1605 2730 1656 57
2761 1605 3195 1667 dissensionem
3228 1603 3632 1666 Ecclesiarum
3664 1616 3930 1679 exagge-

520 1691 878 1773 Polycarpus
897 1689 1148 1751 Aniceto
1166 1694 1232 1749 ut
1273 1687 1523 1750 Asianos
1539 1689 2040 1770 amplecteretur;
2069 1691 2176 1752 sed
2200 1692 2237 1741 Β
2259 1710 2422 1768 rans,
2459 1701 2677 1756 tantam
2709 1694 2893 1756 fuisse
2920 1693 3149 1770 scribit,
3185 1701 3248 1755 ut
3275 1691 3614 1756 Orientales
3643 1689 3718 1753 ab
3743 1688 3928 1753 Occi-

518 1794 734 1846 neutro
785 1779 957 1843 alteri
1000 1777 1280 1860 cedente,
1339 1798 1454 1859 pax
1487 1780 1603 1842 cito
1655 1780 1897 1854 coaluit,
1932 1780 2084 1843 adeo
2113 1780 2171 1842 ul

519 1872 781 1954 pontifex
814 1868 1114 1932 Romanus
1136 1867 1524 1931 Eucharistia
1553 1870 1928 1932 celebranda
1959 1890 2175 1936 munus

519 1959 892 2042 Smyrnensi,
916 1958 1270 2022 reverentia
1301 1977 1500 2040 causa,
1537 1959 1928 2024 concesserit.

597 2051 665 2114 21
686 2101 700 2114 .
737 2054 814 2111 Eo
841 2049 970 2112 loco
999 2065 1096 2110 res
1125 2055 1314 2123 erant,
1352 2067 1486 2110 cum
1536 2049 1738 2110 Victor
1769 2049 2050 2112 Ecclesia
2069 2069 2172 2114 re-

514 2141 712 2219 gimen
735 2135 1017 2217 suscepit.
1055 2135 1162 2198 Hic
1192 2135 1612 2198 decessoribus
1672 2137 1795 2199 suis
1843 2139 2018 2219 paulo
2050 2140 2173 2201 fer—

513 2227 865 2302 vidior,eam
882 2227 1101 2287 rituum
1124 2225 1524 2288 diversitatem
1549 2228 1928 2308 impatienter
1945 2229 2171 2310 ferens,

512 2327 576 2382 ut
598 2336 836 2380 omnem
858 2314 1182 2378 Ecclesiam
1205 2314 1278 2376 ad
1302 2335 1485 2377 unum
1541 2327 1598 2379 et
1626 2315 1903 2378 eumdem
1927 2336 2172 2381 revoca-

514 2406 962 2480 ret,ardentiori
998 2405 1194 2466 studio
1216 2403 1558 2468 elaboravit.
1595 2405 1656 2467 Id
1682 2405 1791 2468 sub
1811 2405 2031 2470 Severo
2061 2409 2172 2469 im-

514 2505 790 2580 peratore
822 2494 1144 2573 contigisse
1195 2494 1405 2556 scribit
1461 2494 1854 2577 Hieronymus
1885 2496 1946 2559 in
1996 2498 2169 2562 Cata-

513 2589 644 2668 logo
665 2589 764 2669 5'5;
797 2586 855 2650 in
893 2585 1190 2649 Chronico
1233 2601 1373 2646 vero
1432 2586 1688 2664 assignat
1716 2605 1938 2648 annum
1970 2588 2010 2650 4
2039 2589 2170 2667 ejus

2257 1781 2597 1846 dentalibus
2627 1783 2801 1847 divisi
2832 1783 3025 1846 nullas
3050 1802 3086 1845 a
3113 1801 3178 1845 se
3199 1782 3452 1845 invicem
3505 1780 3782 1863 paciﬁcas
3811 1798 3923 1842 ac-

2258 1871 2527 1953 ciperent
2557 1873 2806 1936 litteras.

2338 1966 2436 2024 22.
2476 1962 2735 2026 Laudata
2763 1962 3006 2044 quidem
3038 1959 3284 2024 Eusebii
3306 1960 3486 2023 verba
3511 1959 3600 2023 sic
3625 1960 3928 2040 interpre-

2260 2058 2414 2114 tatur
2447 2051 2739 2128 Valesius,
2775 2061 2837 2115 ut
2861 2053 3113 2133 jactatas
3143 2049 3784 2114 excommunicationis
3814 2049 3930 2109 mi-

2259 2161 2365 2203 nas
2421 2161 2539 2204 non
2603 2152 2799 2206 autem
2868 2141 3156 2204 vibratam
3239 2138 3929 2204 excommunicationem

2257 2231 2446 2313 ipsam
2481 2251 2550 2294 ex
2583 2233 2656 2294 iis
2687 2233 2816 2296 erui
2847 2251 3022 2314 posse
3054 2239 3241 2311 putet.
3277 2229 3397 2294 Sed
3427 2236 3708 2292 verentur
3729 2229 3829 2290 alii
3864 2238 3934 2290 ut

2259 2321 2402 2383 satis
2431 2323 2758 2386 adverterit
2789 2324 2872 2384 vir
2888 2320 3480 2396 clarissimus,minas
3505 2319 3748 2400 quidem
3781 2325 3928 2380 ante

2255 2411 2573 2474 concilium
2606 2412 2981 2494 Ephesinum
3036 2411 3363 2474 intentasse
3406 2410 3769 2490 pontiﬁcem,
3807 2407 3921 2469 sed

2253 2500 2434 2561 telum
2485 2501 2899 2564 continuisse:
2955 2510 3200 2578 accepto
3255 2506 3449 2561 autem
3510 2495 3752 2559 concilii
3804 2496 3916 2557 de-

2251 2597 2416 2651 creto
2447 2597 2884 2672 exasperatum,
2919 2589 3062 2650 illud
3089 2587 3386 2652 emisisse.
3410 2585 3531 2650 Nec
3562 2584 3778 2657 obstat,
3815 2586 3920 2646 in-

515 2675 1015 2760 imperii,Christi
1043 2674 1156 2735 l96
1184 2671 1258 2733 5‘.
1293 2673 1545 2754 Scripsit
1591 2674 1794 2756 itaque
1838 2675 2044 2738 Victor
2092 2678 2168 2740 ad
2255 2679 2489 2758 quiunt,
2522 2671 2680 2761 quod
2699 2679 2952 2742 aitidem
2978 2676 3609 2750 Eusebius,Victorem
3627 2685 3916 2738 conatum

515 2767 846 2849 pracipuos
879 2764 1056 2826 totius
1077 2762 1358 2826 Ecclesia
1383 2765 1715 2846 episcopos,
1750 2773 1810 2826 ut
1855 2767 2172 2846 provincia
2254 2766 2432 2828 faisse
2463 2768 2617 2829 Asia
2644 2765 3556 2831 Ecclesiasacommuniunitate
3576 2773 3920 2845 amputare.

513 2876 637 2919 sua
658 2856 912 2938 synodos
930 2862 1232 2933 cogerent,
1263 2861 1319 2913 et
1354 2854 1412 2913 in
1454 2853 1526 2913 iis
1549 2855 1942 2934 quastionem
1970 2855 2172 2919 disce-
2257 2856 2438 2918 Aliud
2473 2857 2632 2918 enim
2667 2865 2794 2919 erat
2823 2875 2926 2920 eas
2959 2857 3258 2920 Ecclesias
3288 2876 3321 2918 a
3354 2858 3594 2937 propria
3623 2853 3928 2934 pontificis

523 2956 784 3027 ptaient,
821 2964 888 3006 ac
918 2967 932 3021 ι
957 2961 1022 3005 ro
1052 2941 1332 3004 Ecclesia
1351 2941 2176 3024 Romanavotisatquedisci-
2257 2947 2706 3024 communione,
2727 2947 2887 3009 aliud
2917 2946 3268 3010 acotnmuni
3293 2944 3769 3006 totiusEcclesia
3786 2943 3932 3006 uni-

519 3037 679 3118 plina
707 3035 1050 3099 deﬁnirent:
1085 3032 1382 3111 Asiaticis,
1435 3031 1546 3094 nisi
1581 3033 2010 3111 consentirent,
2065 3055 2164 3099 ex-
2187 3045 2226 3096 C
2256 3041 2370 3097 tate
2402 3036 2692 3100 rescindi.
2755 3038 2934 3100 Prius
2987 3036 3231 3120 quidem
3291 3036 3432 3098 fecit
3480 3036 3702 3115 Victor,
3736 3034 3932 3116 idque

507 3123 1108 3187 communicationem
1162 3121 1544 3184 denuntians.
1590 3121 1818 3185 Habita
1843 3125 2069 3200 Roma,
2102 3127 2165 3187 in

516 3215 847 3296 Palastina,
875 3214 934 3275 in
967 3215 1180 3293 Ponto,
1216 3211 1274 3272 in
1307 3211 1642 3288 Osrhoena,
1677 3215 1735 3274 in
1758 3214 2004 3292 Achaia,
2040 3215 2168 3296 plu-

515 3306 802 3387 ribusque
824 3303 956 3365 aliis
988 3306 1046 3364 in
1079 3302 1226 3364 locis
1249 3301 1650 3376 concilia,uno
1670 3320 1966 3366 consensu
1991 3314 2168 3386 atque

502 3397 736 3478 judicio
771 3392 1255 3459 Ecclesiasticam
1289 3393 1555 3470 regulam
1576 3395 1870 3456 universis
1891 3395 2167 3459 fidelibus

507 3506 616 3568 per
649 3485 929 3567 epistolas
975 3483 1286 3564 synodicas
1337 3483 1735 3561 tradiderunt;
1778 3504 1854 3547 ne
1885 3485 2168 3548 videlicet

503 3576 619 3638 alia
641 3575 736 3637 die
762 3591 936 3656 quam
969 3571 1276 3635 Dominica
1325 3573 1666 3650 mysterium
1709 3575 2165 3639 resurrectionis

507 3665 750 3729 Domini
782 3685 816 3726 a
869 3663 1116 3725 mortuis
1161 3681 1421 3742 unquam
1477 3663 1906 3725 celebraretur.
1939 3663 2162 3728 Eadem

501 3756 612 3818 fuit
644 3757 818 3818 etiam
853 3753 1150 3817 sententia
1181 3751 1588 3815 Ecclesiarum
1623 3752 2005 3835 Gallia,quas
2033 3754 2163 3818 Ire-

502 3865 666 3908 naus
695 3843 934 3924 regebat
976 3845 1314 3925 episcopus.
1351 3841 1425 3904 At
1463 3841 1800 3924 Polycrates
1821 3845 2161 3924 Ephesinus

503 3937 843 4017 episcopus,
877 3942 1082 3996 coacto
1115 3933 1466 3995 Asianorum
1501 3933 1916 4014 episcoporum
1947 3936 2156 3998 conci-

500 4027 602 4107 lio,
643 4024 976 4088 minacibus
1009 4022 1265 4084 Victoris
1295 4022 1506 4084 litteris
1527 4023 1774 4085 minime
1799 4035 2152 4105 commotus,

497 4116 572 4180 ab
605 4117 848 4198 antiqua
876 4115 1159 4178 Ecclesia
1191 4133 1311 4175 sua
1369 4114 1804 4177 consuetudine
1835 4115 2154 4179 disceden-

2250 3127 2627 3207 apertissime
2659 3127 2733 3189 ab
2765 3127 3023 3190 Eusebio
3081 3127 3479 3206 signiﬁcatum
3509 3127 3926 3206 contendunt;

2251 3216 2552 3297 posterius
2581 3225 2780 3280 autem
2810 3227 2876 3279 ut
2905 3215 3475 3298 obtineret,scriptis
3505 3214 3720 3276 litteris
3751 3222 3927 3276 nota-

2251 3307 2332 3368 vit
2357 3305 2636 3381 Asianos,
2699 3308 3008 3388 sacrisque
3061 3306 3409 3370 interdictos
3467 3304 3674 3382 edixit,
3731 3313 3793 3365 ut
3836 3305 3918 3367 ab

2249 3411 2459 3457 eorum
2485 3397 2906 3458 communione
2934 3397 3306 3459 abstinerent
3335 3395 3554 3459 cateri.
3582 3395 3696 3458 Sed
3743 3394 3802 3455 in
3839 3413 3917 3457 ea

2247 3485 2566 3563 sententia,
2597 3485 2809 3548 scribit
2836 3486 3234 3568 Hieronymus
3247 3488 3332 3562 58,
3361 3485 3425 3546 hi
3447 3486 3553 3567 qui
3581 3485 3910 3565 discrepa-

2247 3576 2393 3638 bant
2415 3575 2492 3637 ab
2514 3575 2658 3651 illis,
2675 3575 2894 3640 Victori
2916 3594 3038 3638 non
3054 3578 3359 3639 dederunt
3380 3591 3623 3650 manus;
3649 3575 3911 3656 ejusque

2248 3667 2556 3737 severitas,
2614 3665 2870 3728 Eusebio
2901 3675 3054 3728 teste
3087 3667 3174 3743 59,
3203 3669 3264 3725 οὒ
3314 3667 3444 3724 πᾶσι
3495 3687 3555 3745 γε
3598 3678 3715 3730 τοῖς
3772 3665 3907 3722 ἑπι-

2248 3757 2467 3820 σκόποις
2499 3756 2778 3835 ἠρέσκετο,
2811 3775 2935 3818 non
2987 3756 3263 3820 omnibus
3309 3755 3533 3834 placuit
3583 3755 3907 3837 episcopis,

2243 3845 2365 3908 imo
2401 3845 2670 3928 pluribus
2685 3845 3302 3928 displicuit.Quamvis
3326 3845 3483 3908 enim
3504 3844 3906 3908 Asiaticorum

2241 3936 2596 3998 sententiam
2623 3946 2682 3998 et
2709 3937 3085 4017 disciplinam
3135 3936 3382 3998 minime
3413 3933 3906 4016 comprobarent,

2242 4025 2550 4088 molestius
2583 4033 2780 4088 tamen
2829 4025 3100 4088 ferebant
3147 4033 3229 4087 tot
3259 4024 3584 4099 Ecclesias,
3619 4021 3694 4084 ob
3725 4042 3901 4104 qua-

2241 4115 2501 4178 stionem
2528 4135 2660 4198 qua
2688 4115 2838 4177 nihil
2867 4115 2938 4178 ad
2967 4115 3146 4178 ﬁdem
3177 4114 3478 4196 attineret,
3513 4113 3585 4175 ab
3607 4113 3903 4178 Ecclesia

497 4207 637 4270 dum
667 4207 782 4270 sibi
834 4225 952 4268 non
1014 4205 1256 4286 putavit.
1318 4204 1652 4284 Rescripsit
1702 4204 1884 4281 igitur
1914 4206 2154 4269 concilii
2237 4225 2489 4288 corpore
2517 4207 2799 4284 discindi;
2830 4226 2896 4269 ex
2915 4207 3240 4270 ardentiori
3289 4225 3455 4288 papa
3489 4205 3614 4268 zelo
3641 4214 3899 4286 eruptu-

495 4297 586 4360 sui
611 4295 934 4360 nominead
961 4295 1329 4376 pontiﬁcem;
1350 4293 1727 4356 traditionem
1747 4293 2148 4387 Ecclesiarum
2172 4337 2216 4387 Β
2235 4313 2364 4357 rum
2383 4296 2510 4376 ipsa
2530 4298 3030 4359 consuetudinum
3049 4296 3391 4359 diversitate
3409 4297 3575 4377 pejus
3597 4296 3897 4358 schisma-

493 4387 650 4450 Asia
707 4386 1017 4468 exposuit;
1067 4384 1327 4446 ostendit
1383 4402 1415 4442 a
1473 4384 1719 4444 Joannis
1775 4381 2152 4462 evangelista
2172 4381 2208 4387 ⁷
2235 4384 2310 4445 tis
2327 4385 2545 4446 malum
2564 4387 2979 4466 pravidentes.
3011 4386 3204 4460 Quare
3227 4385 3428 4468 plures
3450 4385 3716 4466 epistolis
3747 4403 3889 4447 eum

493 4474 866 4556 temporibus
895 4473 968 4536 ad
994 4491 1159 4534 suam
1186 4492 1374 4553 usque
1393 4479 1623 4534 atatem
1645 4471 1875 4534 Pascha
1893 4489 2010 4532 non
2034 4471 2152 4534 alia
2231 4474 2507 4537 acerbius
2534 4477 3058 4556 perstrinxerunt,
3107 4475 3386 4556 serioque
3437 4482 3797 4536 monuerunt
3824 4485 3894 4537 ut

493 4565 591 4628 die
621 4583 796 4648 quam
834 4565 906 4627 14
940 4563 1080 4625 luna
1126 4562 1490 4624 celebratum
1524 4561 1704 4623 fuisse
1742 4559 1815 4622 ab
1847 4559 2146 4636 omnibus,
2231 4562 2500 4626 fovenda
2532 4565 3031 4647 pacis,charitatis
3082 4573 3142 4628 et
3183 4563 3522 4627 concordia
3557 4563 3887 4642 studiosus,

489 4663 779 4738 quotquot
816 4653 877 4717 in
899 4653 1040 4716 Asia
1075 4653 1383 4715 sanctitate
1415 4661 1476 4714 et
1505 4650 1776 4713 doctrina
1795 4651 2140 4729 ﬂoruerant;
2230 4659 2588 4735 temperaret
2615 4654 2690 4718 ab
2712 4655 3028 4718 immodica
3061 4653 3478 4726 severitate,ex
3506 4672 3622 4735 qua
3649 4653 3893 4716 emolu-

489 4765 525 4808 a
551 4763 802 4828 quorum
835 4742 1091 4825 proinde
1144 4741 1411 4804 moribus
1459 4740 1747 4828 recedere
1789 4739 1997 4802 nefas:
2048 4741 2143 4803 his
2224 4743 2413 4805 menti
2443 4763 2672 4826 parum,
2707 4745 3056 4809 detrimenti
3085 4743 3404 4827 plurimum
3454 4742 3515 4804 in
3554 4751 3732 4804 totam
3764 4741 3892 4806 Ec-

488 4854 621 4917 qua
651 4833 765 4896 sibi
795 4835 867 4896 ad
903 4841 1194 4897 terrorem
1234 4831 1690 4912 objiciebantur,
1717 4830 1964 4892 minime
1989 4849 2140 4893 con-
2223 4832 2466 4895 clesiam
2499 4833 2884 4897 redundaret.
2918 4835 3034 4899 Sed
3067 4853 3188 4916 pra
3219 4833 3452 4897 cateris
3473 4831 3732 4895 [renaus
3763 4851 3887 4896 no-

485 4924 737 4998 tnrbari,
769 4942 903 4985 cum
951 4940 986 4983 a
1026 4919 1351 5001 majoribus
1405 4919 1740 4994 didicisset,
1796 4918 1920 4982 Deo
1953 4921 2139 5001 magis
2223 4923 2504 4987 minissui
2525 4923 2908 5006 appellationi
2932 4924 3178 5005 pulchre
3198 4923 3884 5004 respondens(eipnvaz¢¢

485 5032 658 5095 quam
693 5012 1038 5076 hominibus
1087 5010 1625 5092 obtemperandum
1669 5028 1824 5073 esse.
1877 5011 2137 5093 Accepta
2220 5015 2378 5077 enim
2414 5015 2641 5090 Grace,
2697 5013 2904 5077 Latine
2948 5013 3292 5077 studiosum
3327 5019 3497 5096 pacis
3527 5011 3874 5093 Signiﬁcat),

481 5105 592 5167 hac
624 5103 881 5185 epistola
930 5101 1135 5164 Victor
1182 5101 1383 5182 ἄμετρα
1419 5103 1749 5183 τερμανθείς,
1807 5101 1888 5163 ait
1917 5099 2133 5171 Socra-

2262 5103 2367 5166 ihil
2401 5104 2596 5186 potius
2626 5103 2855 5179 habuit,
2882 5122 3058 5185 quam
3081 5115 3148 5165 ut
3176 5122 3282 5166 sua
3300 5103 3512 5184 agendi
3541 5102 3773 5164 ratione
3803 5121 3877 5166 se

480 5205 571 5259 tes
586 5197 672 5270 55,
702 5212 888 5275 supra
914 5193 1158 5256 modum
1179 5192 1501 5255 iracundia
1525 5193 1969 5267 inﬂammatus,
1995 5211 2129 5254 om—
2217 5194 2382 5276 pacis
2405 5201 2711 5256 auctorem
2745 5193 3045 5275 probaret.
3077 5195 3312 5276 Scripto
3338 5195 3534 5275 itaque
3562 5192 3872 5254 Victorem

481 5303 590 5348 nes
608 5284 765 5348 Asia
793 5282 1252 5364 Ecclesias,qua
1281 5283 1513 5346 Pascha
1538 5283 1770 5346 decima
1795 5290 2006 5364 quarta
2029 5283 2131 5347 die
2214 5275 2515 5358 convenit,
2547 5303 2615 5346 ac
2647 5283 2890 5345 nomine
2920 5283 3196 5359 fratrum,
3218 5275 3446 5365 quibus
3497 5290 3750 5364 praerat
3804 5281 3874 5344 in

479 5373 707 5437 mensis
737 5370 1186 5454 celebrabant,a
1211 5373 1636 5436 communione
1665 5373 1934 5450 rescidit,
1969 5374 2125 5434 ἆκοι-
2213 5373 2403 5439 Gallia
2433 5373 2810 5436 fervidiorem
2837 5375 2972 5455 ejus
3002 5384 3209 5438 astum
3241 5375 3474 5438 fortiter
3506 5380 3564 5435 et
3611 5373 3873 5454 graviter

553 5541 613 5595 5³
640 5541 824 5626 Epist.
858 5543 931 5606 ad
975 5542 1112 5605 Vict
1168 5561 1305 5624 pap.
1338 5542 1413 5605 ad
1445 5543 1672 5607 calcem
1725 5543 1904 5624 hujus
1931 5542 2043 5627 0p.
2129 5543 2172 5591 ⁵³

2264 5593 2278 5607 .
2333 5544 2434 5623 43,
2464 5544 2562 5609 45.
2651 5541 2970 5624 “Euseb,
3023 5546 3064 5610 l.
3098 5563 3158 5629 ν,
3191 5565 3246 5609 c.
3308 5544 3387 5607 23
3413 5544 3516 5609 24.
3602 5541 3758 5606 55L.
3801 5559 3859 5606 v.

472 5631 652 5710 Hist.,
686 5653 740 5697 c.
773 5635 874 5698 22.
958 5634 1024 5686 56
1051 5633 1094 5696 L
1144 5655 1202 5715 v,
1226 5653 1282 5696 c.
1315 5634 1418 5697 24.
1500 5635 1563 5686 57
1592 5633 1746 5698 Har.
1783 5651 1914 5712 LXX,
1950 5635 2066 5715 $9.
2151 5639 2172 5691 ε

2259 5638 2311 5700 lu
2343 5634 2530 5700 Catal.
2616 5635 2680 5688 5°
2704 5635 2770 5701 C.
2804 5635 2906 5702 24.
