4148 6442
385 403 492 467 ⁸241

1009 398 1517 473 οιδδΕΒΤΑΤΙΟ
1565 411 1642 489 u,
1691 390 1867 473 ART.
1916 408 2029 489 III,

2115 411 2177 471 lE
2223 408 2425 473 ALIIS
2471 412 2762 475 ΙΒΕΝίΕΙ
2805 415 3171 479 SCRIPTIS.

3676 415 3794 481 242
3812 434 3815 437 '

366 534 669 632 significat
688 536 1114 632 Theudor-etus
1141 539 1379 632 citatus,
1406 546 1611 622 postea
1632 560 1768 605 vero
1786 542 2052 606 Blastum
2070 548 2117 600 Α
2128 541 2411 632 gentibus
2426 544 2874 619 veteribus,dici
2894 566 3016 610 non
3041 557 3258 630 potest:
3284 549 3792 632 soli'sagacissimo

370 626 539 715 inter
553 625 879 689 Marcionis
907 627 1245 710 discipulos
1276 641 1658 707 annumerat;
1691 632 1794 695 sed
1831 642 2049 715 praeter

370 713 610 778 Eusebii
635 725 694 781 et
730 716 942 779 lrenrei
975 727 1238 781 mentem
1277 737 1291 782 :
1356 740 1476 783 una
1506 713 1843 784 schismatis
1872 723 2046 804 culpa

371 805 685 867 tenebatur
706 806 972 883 Blastus;
1000 808 1165 870 unde
1194 816 1251 870 et
1280 808 1571 891 inscripta
1595 811 1665 872 ad
1677 830 1879 873 versus
1908 829 2046 873 eum

368 894 645 975 epistola,
674 893 763 959 De
790 897 1296 970 schismateﬂuze
1325 918 1468 961 vero
1499 900 1839 962 schismatis
1871 901 2049 981 hujus

370 1004 549 1049 causa
576 986 780 1064 fuerit,
843 989 1022 1052 docet
1084 990 1363 1072 antiquus
1404 1000 1613 1053 auctor
1646 992 2047 1055 Additamenti

370 1076 527 1157 quod
561 1076 636 1137 ad
690 1078 914 1139 calcem
970 1077 1110 1140 libri
1143 1078 1226 1141 De
1252 1080 1827 1161 pra’scriptiouibus
1857 1089 2049 1145 exstat

364 1166 524 1246 apud
557 1165 996 1228 Tertullianum
1024 1167 1083 1218 ³4
1118 1187 1133 1231 :
1168 1171 1324 1250 quod
1360 1169 1644 1231 nimirum
1677 1169 1923 1233 Blastus
1954 1175 2048 1235 la-

356 1260 560 1317 tenter
571 1255 854 1317 Judaism
864 1274 967 1318 um
990 1256 1169 1318 vellet
1195 1257 1597 1322 introducere:
1627 1259 1860 1322 Pascha
1875 1263 2040 1324 enim

358 1343 601 1407 dicebat
616 1362 735 1406 non
752 1343 935 1405 aliter
951 1346 1412 1409 custodiendum
1425 1350 2040 1422 esse,nisisecundum

365 1432 551 1514 legem
578 1433 912 1515 .lloysi,x1v
937 1437 1187 1498 mensis.
1224 1435 1365 1508 Quae
1397 1435 1571 1498 etiam
1604 1438 1833 1502 Florini
1865 1439 2041 1521 culpa

368 1523 481 1584 fuit
516 1543 530 1583 :
566 1523 741 1604 idque
769 1523 1068 1602 significat
1102 1524 1423 1604 Eusebius,
1459 1525 1599 1587 dum
1632 1528 1713 1588 ait
1738 1529 2035 1591 sinceram

378 1611 655 1674 Ecclesia:
684 1615 827 1691 (non
861 1612 1249 1692 dicit,ﬁdem.
1273 1615 1402 1694 sed)
1434 1615 1619 1694 legem
1644 1617 2051 1681 adulteratam-

378 1700 452 1761 ab
480 1710 721 1782 utroque
751 1702 958 1763 fuisse.
995 1704 1142 1765 Cum
1178 1702 1336 1764 enim
1388 1704 1540 1766 alter
1570 1706 1876 1788 Polycarpi
1909 1707 2038 1768 dis-

2127 629 2439 721 Dodwello
2471 633 2673 696 dicere
2704 635 2869 707 licet,
2905 637 3006 717 qui
3038 629 3207 718 plura
3239 639 3314 702 de
3344 639 3416 701 iis
3470 629 3576 721 pro
3627 659 3793 703 more

2128 718 2539 811 disputatmec
2570 723 2768 786 verbis
2802 732 2861 786 et
2890 726 3253 807 conjecturis
3285 718 3608 811 parcit—;sed
3634 730 3789 794 Dod.

2128 807 2423 900 wellianaa
2454 812 2817 893 conjectum
2847 823 3009 891 sunt,
3038 834 3180 896 quas
3202 807 3306 898 qui
3334 807 3571 900 legerit,
3605 818 3790 881 mira-

2130 903 2229 958 tur
2257 906 2316 960 et
2338 899 2784 964 dissertatorem
2808 903 2992 966 multa
3013 904 3233 968 dixisse
3264 914 3329 968 ut
3360 907 3511 970 nihil
3533 899 3790 983 diceret,

2129 984 2417 1050 lectorem
2440 1007 2582 1052 vero
2601 991 2788 1055 multa
2808 991 3022 1072 legisse
3045 1003 3107 1056 ut
3128 994 3277 1056 nihil
3302 994 3579 1058 disceret.
3599 995 3785 1060 Polli-

2128 1075 2277 1137 citus
2317 1086 2407 1139 est
2436 1078 2696 1142 Irenaeus
2722 1082 2925 1157 27,nec
2953 1083 3538 1160 semel,Marciohem
3556 1085 3786 1166 specia-

2127 1165 2231 1226 tim
2262 1183 2326 1227 se
2352 1167 2820 1247 confutaturum,
2856 1171 3156 1254 hujusque
3207 1173 3488 1254 promissi
3518 1173 3793 1235 meminit

2125 1254 2423 1317 Eusebius
2450 1257 2533 1321 28.
2567 1262 2641 1320 At
2670 1258 2978 1322 liberatam
3029 1261 3106 1323 ab
3135 1261 3360 1325 [remeo
3413 1263 3593 1325 ﬁdem
3647 1263 3791 1326 satis

2122 1340 2418 1422 significat
2435 1345 2593 1408 idem
2615 1346 2909 1410 Eusebius
2927 1350 3153 1426 39,cum
3179 1362 3315 1412 eum
3334 1363 3612 1419 recenset
3633 1350 3793 1414 inter

2122 1429 2258 1521 illos
2281 1432 2385 1513 qui
2402 1433 2760 1498 Marcionem
2783 1437 3040 1519 egregiis
3074 1439 3357 1521 operibus
3377 1441 3786 1505 coufutarunt.

2122 1519 2277 1612 Citat
2298 1523 2584 1612 Maximus
2614 1524 2799 1612 abbas
2823 1535 2882 1588 et
2901 1519 3217 1590 confessor
3247 1526 3301 1572 3°
3330 1530 3618 1612 quosdam
3653 1531 3785 1593 Ire-

2121 1609 2233 1671 naai
2259 1610 2529 1694 episcopi
2556 1608 2970 1693 Lugdunensis
3022 1608 3366 1682 Sermones
3404 1619 3480 1681 de
3508 1618 3677 1695 Fide,
3711 1620 3785 1680 ad

2118 1695 2490 1788 Demetrium
2527 1698 2929 1766 Viennensem
2962 1705 3575 1788 diaconum,quorum
3609 1709 3785 1769 etiam

375 1789 604 1869 cipulus
632 1791 861 1866 fuisset,
894 1790 1069 1865 alter,
1101 1791 1357 1855 par-iano
1390 1800 1540 1855 teste
1570 1794 1651 1868 25,
1681 1785 1923 1859 Cm'cus
1946 1814 2036 1857 es-
2060 1828 2097 1878 Β
2120 1785 2360 1878 initium
2398 1795 2455 1850 et
2487 1792 2815 1854 sententias
2843 1793 3075 1876 aliquas
3117 1785 3321 1858 Graece
3341 1785 3579 1859 refert.
3610 1796 3783 1858 Aliud

368 1888 478 1957 set,
505 1880 787 1941 Asianum
819 1879 1129 1942 Paschalis
1151 1880 1497 1944 celebrandi
1516 1902 1741 1946 morem
1775 1886 2032 1949 Romam

370 1968 659 2031 inducere
689 1969 1035 2050 satagebant
1070 1988 1085 2033 :
1137 1972 1343 2052 sicque
1372 1970 1596 2035 Pascha
1624 1982 1838 2054 praeter
1859 1974 2036 2055 hujus

369 2059 653 2121 Ecclesiae
678 2059 1179 2122 consuetudinem
1206 2060 1600 2137 celebrantes,
1628 2081 1756 2124 eam
1790 2062 2032 2126 scinde-

365 2146 509 2207 bant
536 2147 997 2230 turbabantque.
1051 2149 1264 2211 Merito
1296 2150 1549 2229 proinde
1572 2150 1859 2214 Pacianus
1889 2153 2030 2215 Bla-

363 2244 522 2296 stum
549 2237 924 2301 Montanislis
942 2239 1271 2300 adhaesisse
1291 2238 1522 2310 scribit;
1551 2260 1666 2301 non
1686 2241 1841 2322 quod
1867 2241 2033 2303 novis

367 2326 676 2406 prophetis
710 2327 887 2390 tidem
920 2328 1258 2401 adhiberet,
1295 2329 1397 2390 sed
1433 2329 1593 2410 quod
1624 2338 1684 2392 et
1714 2330 1824 2412 ipsi
1860 2332 2031 2394 Mon-

364 2416 596 2478 lanista:
620 2418 845 2478 Pascha
878 2418 1018 2479 luna
1073 2435 1169 2480 xxv
1228 2417 1402 2499 primi
1440 2418 1661 2480 mensis
1712 2419 2029 2481 celebran-

362 2506 508 2567 dum
541 2524 677 2567 esse
705 2506 948 2569 vellent.
986 2510 1173 2571 Porro
1224 2514 1473 2588 utraque
1503 2507 1715 2571 Irenaai
1744 2516 1865 2571 tum
1918 2509 2029 2571 ad-

361 2613 569 2657 versus
601 2596 935 2679 Florinum,
968 2608 1086 2657 tam
1120 2596 1407 2658 adversus
1464 2599 1727 2661 Blastum
1780 2599 2031 2680 epistola

362 2685 573 2746 eodem
624 2693 896 2767 tempore
940 2684 1165 2767 scripta
1195 2686 1454 2750 videtur.
1516 2687 1642 2760 Quo
1675 2707 1814 2750 vero
1845 2708 2024 2766 anno,

364 2773 838 2839 incertum.Cum
864 2782 1069 2840 tamen
1100 2775 1388 2838 Eusebius
1421 2787 1732 2859 utramque
1753 2778 1827 2841 ad
1849 2779 2030 2842 Com-

363 2864 516 2923 modi
551 2864 875 2945 imperium
911 2873 970 2926 et
1002 2865 1311 2929 Eleutheri
1343 2865 1748 2946 pontiﬁcatum
1780 2867 2024 2942 referat,

354 2952 463 3014 sed
501 2954 812 3037 utriusque
865 2954 1049 3016 finem
1103 2955 1386 3036 scriptam
1446 2954 1627 3018 fuisse
1658 2956 2028 3038 probabilius

353 3042 614 3105 videtur.

2121 1875 2511 1956 fragmentum
2538 1898 2609 1940 ex
2626 1897 2908 1943 sermone
2922 1875 3001 1944 ad
3031 1882 3407 1946 Demetrium
3428 1883 3611 1946 edidit
3626 1883 3781 1946 Feu-

2117 1964 2450 2054 ardentius,
2484 1967 2592 2030 sed
2609 1968 2818 2032 Latine
2843 1970 3151 2035 duntaxat:
3186 1972 3342 2054 quod
3370 1971 3615 2054 quidem
3646 1991 3681 2034 a
3706 1970 3779 2036 N.

2116 2052 2306 2141 Fabro
2339 2057 2645 2137 accepisse
2701 2076 2768 2121 se
2800 2058 2967 2137 dicit;
3000 2060 3106 2122 sed
3137 2052 3299 2123 unde
3327 2052 3426 2123 hic
3454 2063 3777 2141 acceperit,

2118 2140 2323 2205 dicere
2357 2143 2644 2208 omisitSi
2677 2145 2881 2210 Graeca
2914 2140 3777 2224 adessent,emendatiusforte

2118 2231 2358 2311 prodire
2381 2240 2680 2316 posset.At
2711 2255 2848 2298 cum
2871 2237 3165 2317 ejusmodi
3190 2257 3501 2301 sermones
3517 2239 3779 2303 Eusebio

2115 2328 2173 2408 et
2194 2319 2554 2404 Hieronymo
2572 2324 2756 2405 ignoti
2774 2326 3019 2408 fuerint,
3045 2327 3292 2390 dubium
3316 2337 3407 2390 est
3426 2346 3501 2390 an
3538 2328 3781 2408 genuini

2114 2407 2235 2499 sint
2262 2409 2475 2474 Irenaei
2500 2412 2680 2478 fetus.
2703 2413 2884 2476 Paulo
2918 2407 3093 2477 aliter
3121 2416 3505 2478 sentiendum
3542 2407 3679 2499 puto
3703 2419 3780 2480 de

2112 2497 2188 2586 iis
2217 2517 2351 2580 quae
2380 2499 2605 2563 Irenaeo
2641 2502 2849 2565 tribuit
2880 2502 3060 2586 [CVI]
3087 2503 3289 2567 verbis
3310 2497 3779 2568 (Ecumeniusin

2115 2585 2537 2654 Comment.ad
2559 2590 2597 2652 1
2622 2591 2794 2655 Petri
2823 2585 3186 2676 Ερίεῑξοαρ.
3218 2594 3476 2657 Iu.Hacd
3509 2592 3774 2657 dubitem

2112 2677 2258 2758 quin
2288 2677 2640 2762 deprompta
2669 2682 2786 2743 sint
2815 2700 2885 2743 ex
2935 2681 3157 2745 celebri
3188 2683 3684 2765 Lugdunensium
3718 2694 3778 2746 et

2112 2766 2543 2829 Viennensium
2568 2768 2645 2831 de
2669 2770 3023 2852 martyribus
3045 2770 3170 2834 suis
3192 2771 3468 2854 epistola,
3492 2791 3668 2854 quam
3699 2772 3774 2834 ab

2112 2854 2336 2918 Irenaeo
2369 2856 2499 2937 ipso
2524 2859 2802 2940 scriptam
2834 2860 3024 2923 fuisse
3052 2861 3223 2923 valde
3275 2860 3587 2942 probabile
3642 2880 3774 2924 esse

2113 2943 2396 3021 diximus,
2458 2946 2892 3030 confirmatque
2936 2948 2989 3011 is
3047 2949 3385 3012 (Ecumenii
3440 2951 3631 3015 locus.
3664 2948 3775 3012 Hic

2114 3034 2273 3095 enim
2307 3053 2377 3096 ea
2406 3035 2813 3117 desumpsisse
2845 3055 2911 3099 se
2968 3037 3114 3100 dicit
3143 3057 3216 3101 ex
3243 3038 3321 3101 iis
3349 3057 3482 3121 quae
3535 3039 3775 3120 scripsit

438 3133 540 3196 60.
575 3136 659 3197 De
688 3134 844 3216 aliis,
874 3153 1019 3216 quas
1043 3140 1168 3195 tum
1198 3134 1269 3195 ad
1305 3134 1603 3195 Victorem
1637 3153 1869 3216 papam,
1906 3143 2029 3197 tum

2115 3122 2375 3216 [renatus
2397 3127 2522 3205 Περὶ
2565 3127 2811 3216 Σάγκτορ
2829 3214 2841 3216 _
2861 3129 2949 3185 καὶ
2992 3126 3307 3216 Βλαγδίνης,
3354 3118 3436 3191 De
3464 3118 3686 3192 Sancto
3715 3143 3773 3198 et

359 3222 433 3281 ad
466 3222 609 3284 alios
640 3224 884 3305 scripsit
905 3222 1188 3305 lrenaaus,
1211 3223 1481 3303 epistolis
1512 3223 1586 3286 de
1601 3223 1747 3285 festo
1767 3225 2027 3287 Pascha-

362 3311 459 3388 tis,
495 3312 889 3376 disseruimus
941 3315 1001 3375 in
1062 3313 1193 3394 ejus
1225 3313 1378 3377 Vita.
1410 3313 1501 3376 Ex
1558 3313 1750 3394 aliqua
1780 3311 2025 3375 istarum

359 3402 741 3481 epistolarum
768 3403 1190 3485 depromptum
1225 3402 1479 3484 videtur,
1508 3402 1666 3481 quod
1708 3420 1779 3463 ex
1799 3404 2025 3466 [remeo

350 3492 487 3553 citat
508 3503 721 3555 auctor
743 3491 1170 3569 Quaestionum
1192 3498 1247 3554 et
1265 3492 1451 3570 Resp.
1480 3492 1559 3554 ad
1579 3489 1836 3554 Orthod.
1873 3492 2029 3554 inter

347 3600 530 3660 opera
584 3581 828 3663 Justini,
889 3590 1097 3662 quaest.
1162 3581 1296 3662 115,
1346 3598 1468 3643 non
1500 3578 1858 3641 flectendum
1894 3597 2028 3643 esse

346 3689 531 3747 genu,
562 3690 757 3753 neque
789 3670 1103 3735 Dominico
1135 3670 1254 3744 die,
1295 3687 1493 3750 neque
1523 3670 1601 3730 50
1627 3668 1746 3730 illis
1777 3688 1906 3746 quae
1933 3688 2026 3733 se.

344 3770 614 3835 quuntur
676 3762 928 3823 Pascha.
983 3759 1221 3822 Editum
1253 3760 1327 3821 ab
1386 3759 1599 3822 eodem
1635 3757 1857 3822 lrenmo
1890 3762 2023 3840 πρὸς

368 3839 653 3917 "Utinm:
706 3850 870 3927 λόγον
929 3852 1337 3925 συντομώτκτον
1366 3852 1455 3906 καὶ
1486 3851 1551 3904 τὰ
1595 3848 1824 3924 μάλιστα
1861 3849 2022 3926 ἀναγ-

362 3940 674 4020 zztdzztcv,
706 3942 825 4017 περὶ
856 3940 1163 4016 ἐπιστήμης
1194 3936 1675 4018 ἐπιγεγραμμένον,
1739 3936 2017 4000 brevissi-

354 4048 512 4088 mum
548 4029 697 4091 etin
731 4027 941 4109 primis
968 4027 1367 4089 necessarium
1417 4026 1656 4096 librum,
1691 4045 1795 4087 seu
1829 4026 2023 4107 potius

350 4118 737 4190 Sermonem,
771 4117 861 4178 vel
912 4114 1255 4179 Orationem
1288 4115 1573 4177 adversus
1602 4116 1865 4195 Graecos,
1901 4114 2015 4189 vel,

352 4215 415 4265 ul
444 4212 677 4267 vertunt
705 4206 830 4281 alii,
890 4206 1189 4268 adversus
1237 4214 1465 4286 gentes,
1509 4204 1610 4284 qui
1644 4206 1734 4268 De
1763 4207 2020 4269 scientia

356 4294 828 4365 inscribebatur,
859 4302 1159 4357 memorat
1186 4292 1485 4357 Eusebius
1511 4291 1567 4337 96
1599 4315 1614 4355 :
1649 4294 1823 4375 cujus
1850 4313 2022 4357 men-

350 4392 472 4445 tem
490 4402 803 4465 perperam
823 4383 1338 4465 accepit,aliisque
1356 4400 1666 4464 perperam
1686 4383 2020 4464 accipiendi

2113 3211 2423 3277 Blandina
2444 3235 2472 3288 ;
2527 3233 2646 3276 non
2703 3214 2946 3296 quidem
3009 3215 3187 3281 verbo
3239 3218 3312 3278 ad
3343 3216 3631 3296 Verbum,
3667 3218 3772 3279 sed

2110 3302 2532 3382 compendium
2565 3302 2879 3366 verborum
2903 3304 3130 3367 faciens
3158 3325 3174 3366 :
3200 3308 3274 3370 ὡς
3305 3306 3362 3363 δὲ
3406 3305 3490 3366 διὰ
3524 3304 3772 3387 ϐραχέων

2106 3391 2426 3470 παραθέσθαι
2471 3392 2580 3450 ἔστι
2614 3404 2799 3454 ταῦτα.
2832 3393 2908 3455 Et
2935 3412 3145 3457 revera
3174 3413 3305 3477 quae
3334 3393 3418 3456 ibi
3450 3395 3527 3456 de
3556 3399 3775 3457 Sancto

2109 3487 2168 3539 et
2195 3476 2488 3542 Blandina
2513 3480 2729 3544 recitat
2759 3481 3170 3561 (Ecumenius,
3198 3476 3301 3546 ’ad
3327 3503 3399 3547 ea
3426 3504 3561 3566 qua;
3591 3484 3653 3545 in
3680 3482 3771 3546 ci-

2108 3574 2224 3655 tata
2248 3566 2734 3648 Lugdunensium
2768 3571 3019 3652 epistola
3046 3574 3410 3650 referuntur,
3447 3574 3589 3636 satis
3618 3591 3771 3655 qua-

2108 3654 2283 3717 drant
2316 3677 2329 3719 :
2362 3658 2513 3719 adeo
2561 3666 2624 3720 ut
2678 3658 2917 3722 aliunde
2969 3662 3164 3744 accipi
3216 3662 3482 3744 potuisse
3511 3654 3769 3723 nonivi-

2108 3744 2383 3808 deantur.

2187 3836 2289 3895 61.
2316 3834 2679 3916 Explicatam
2721 3835 2795 3899 ab
2830 3836 3059 3903 Irenaeo
3093 3841 3340 3904 Joannis
3367 3839 3769 3922 Apocalypsin

2107 3922 2702 4007 traditHieronymus
2760 3927 2821 3988 in
2857 3930 3152 4012 Catalogo
3184 3928 3274 3992 3‘z
3312 3948 3519 4010 quam,
3550 3929 3765 4009 inquit,

2104 4012 2593 4094 interpretantur
2603 4017 2888 4079 Justinus
2900 4016 3768 4098 MartyretIrenwusﬂincta-

2106 4120 2243 4163 men
2266 4103 2464 4182 colligi
2490 4121 2665 4184 posse
2686 4124 2803 4166 non
2831 4113 2971 4186 puto
2989 4107 3249 4187 integros
3273 4107 3349 4168 ab
3382 4108 3607 4169 Irenaeo
3637 4106 3736 4167 edi

2104 4198 2194 4254 tos
2222 4190 2408 4253 fuisse
2441 4194 2925 4256 Commentarios
2956 4196 3024 4257 in
3078 4194 3520 4278 Apocalypsin;
3552 4213 3664 4256 nec
3695 4214 3765 4257 ea

2103 4279 2449 4361 Hieronymi
2482 4299 2653 4343 mens
2695 4282 2881 4344 fuisse
2910 4283 3164 4349 videtur.
3197 4282 3577 4366 Respiciebat
3615 4282 3764 4345 Hie-

2102 4387 2385 4450 ronymus
2415 4370 2487 4431 ad
2518 4371 2677 4433 varia
2715 4372 3152 4455 Apocalypseos
3202 4373 3354 4448 loca,
3390 4391 3521 4454 quae
3548 4372 3607 4434 in
3641 4371 3765 4433 suis

346 4450 554 4533 ansa'm
588 4450 756 4535 dedit
810 4450 1258 4554 Hieronymus;
1290 4450 1440 4533 dum
1464 4450 1573 4534 .ait
1616 4475 1674 4534 in
1707 4450 2019 4554 Catalogo,

2115 4458 2370 4554 quinque
2415 4459 2600 4554 libris
2644 4450 2902 4554 explicat
2928 4450 3214 4554 incusans,
3250 4471 3321 4554 et,
3343 4450 3671 4554 praesertim
3702 4460 3764 4524 in

349 4563 646 4642 scriptum
663 4561 736 4623 ab
754 4562 983 4625 Irenaeo
999 4569 1214 4626 contra
1227 4561 1719 4644 gentcsvolumm
1731 4562 1929 4638 breve,
1966 4561 2024 4625 el

350 4652 426 4715 de
445 4652 776 4733 disciplina
798 4652 989 4716 aliud:
1018 4652 1186 4735 quasi
1206 4651 1561 4734 opusculum
1586 4660 1794 4715 contra
1813 4660 2024 4727 gentes

354 4741 430 4801 ab
464 4742 567 4803 il'u
598 4743 675 4804 de
702 4742 1021 4823 disciplina
1054 4762 1159 4804 seu
1192 4742 1437 4805 scientia
1467 4742 1767 4803 diversum
1790 4742 2018 4804 fuisset.

354 4830 623 4894 Meminit
639 4841 888 4912 uterque
910 4832 1157 4894 alterius
1173 4833 1380 4894 lrenaei
1399 4831 1705 4896 Sermonis
1724 4830 2025 4894 Marciano

353 4920 521 4982 fratri
556 4921 906 5003 nuncupati,
941 4921 1047 5002 qui
1078 4921 1647 4983 demonstrationem
1674 4918 2025 4983 continebat

346 5010 693 5093 apostolicae
780 5010 1244 5092 praedicationis,
1335 5018 1392 5071 et
1478 5010 1665 5072 libelli
1729 5009 2024 5076 Διαλέξεων

341 5101 635 5182 δεπᾳόρων,
678 5102 1009 5163 Variarum
1043 5101 1564 5180 disputationum,
1613 5098 1728 5180 vel,
1754 5109 1819 5160 ut
1850 5097 2028 5163 vertit

348 5190 775 5271 Hieronymus,
795 5189 1120 5252 l’ariorum
1137 5197 1507 5252 tractatuum
1521 5187 1599 5256 ,in
1614 5208 1730 5270 quo
1747 5186 2031 5269 Epistolae

345 5279 418 5342 ad
479 5279 768 5342 Hebraeis
827 5288 885 5340 et
938 5279 1263 5361 Sapientia:
1290 5277 1629 5342 Salomonis
1659 5278 2025 5341 mentionem

348 5367 700 5449 faciebat,et
730 5367 1017 5448 quasdam
1045 5368 1375 5429 sententias
1394 5386 1462 5429 ex
1482 5366 1611 5428 istis
1645 5366 1818 5427 libris
1847 5366 2022 5429 addu-

348 5455 545 5521 cebat.
595 5458 744 5532 Quis
801 5474 947 5519 vero
1005 5474 1165 5518 esset
1223 5457 1486 5519 auctoris
1530 5456 1589 5517 in
1624 5455 1721 5543 his
1749 5455 2029 5518 omnibus

348 5548 666 5631 opusculis
696 5566 802 5609 seu
834 5546 1009 5608 libris
1037 5564 1278 5627 scopus,
1301 5546 1529 5627 quodve
1561 5544 1903 5625 consilium,
1934 5553 2028 5607 ta-

2107 4548 2336 4629 quinto,
2372 4548 2482 4610 sub
2507 4551 2680 4630 cujus
2709 4552 2886 4613 tinem
2922 4551 2998 4614 de
3028 4552 3366 4614 millenario
3417 4552 3642 4615 Christi
3664 4569 3766 4613 re-

2106 4656 2247 4715 gno,
2282 4645 2343 4699 et
2364 4637 2440 4698 de
2470 4639 2840 4703 Antichristo
2875 4641 3209 4714 disserens,
3263 4642 3435 4722 plura
3463 4641 3618 4704 sacri
3649 4642 3766 4703 hu-

2100 4727 2274 4807 jusce
2304 4724 2443 4788 libri
2479 4729 2818 4791 testimonia
2839 4730 3284 4811 interpretatur,
3316 4739 3374 4791 et
3411 4729 3484 4791 ad
3517 4729 3765 4791 institu-

2112 4823 2235 4877 tum
2289 4819 2718 4881 accommodat.
2781 4819 3054 4896 Quidam,
3106 4818 3318 4881 Photio
3347 4826 3499 4881 teste
3525 4816 3603 4893 ³³,
3633 4817 3765 4880 Ire-

2111 4923 2239 4967 meo
2265 4906 2650 4969 ascribebant
2697 4907 2911 4970 librum
2941 4909 3038 4971 cui
3072 4908 3301 4983 titulus,
3342 4909 3428 4971 De
3478 4907 3766 4971 Universo

2110 5011 2218 5055 seu
2252 4993 2340 5056 De
2397 4993 2740 5059 substantia
2793 4999 3035 5060 mundi.
3095 4997 3212 5061 Sed
3263 4995 3387 5059 Caii
3434 4993 3769 5076 presbyteri

2109 5083 2386 5164 Romani,
2420 5093 2480 5146 et
2504 5082 2722 5149 Irenaei
2760 5086 3063 5167 discipuli,
3126 5104 3276 5167 opus
3308 5103 3439 5146 esse
3468 5083 3766 5146 verisimi-

2113 5173 2226 5233 lius
2251 5181 2362 5235 est.
2397 5171 2478 5235 De
2507 5173 2640 5235 aliis
2672 5193 2804 5257 qua;
2834 5177 2907 5237 ad
2956 5175 3179 5237 calcem
3223 5172 3522 5236 edidimus
3549 5171 3767 5236 Irentei

2111 5262 2481 5342 fragmentis,
2518 5266 2759 5347 proprio
2794 5266 2924 5327 loco
2975 5263 3251 5327 diximus.
3301 5262 3439 5325 Haec
3471 5269 3607 5324 sunt
3634 5280 3766 5342 quae

2112 5353 2188 5416 de
2208 5352 2355 5413 tanti
2377 5352 2488 5415 viri
2530 5353 2775 5436 scriptis
2805 5355 3060 5418 dicenda
3088 5353 3262 5416 nobis
3293 5360 3483 5415 erant.
3524 5350 3657 5415 Jam
3688 5351 3765 5413 de

2113 5441 2290 5505 variis
2318 5442 2604 5505 doctrinae
2635 5444 2766 5525 ejus
2810 5443 3104 5526 capitibus
3132 5460 3332 5505 sermo
3362 5440 3764 5503 instituendus

2113 5542 2223 5600 est.

417 5677 487 5787 ei
511 5735 600 5798 De
632 5750 909 5816 praesen,
1206 5731 1265 5783 εδ
1294 5730 1406 5812 Ep-
1444 5732 1550 5816 ιλ,
1583 5728 1805 5816 wh.
1838 5748 1898 5816 γρ
1933 5749 1984 5792 c-
2021 5732 2030 5791 τ

2115 5776 2147 5816 ._
2210 5721 2427 5816 ".Lt’b.
2461 5719 2797 5816 igcapéil,
2829 5740 2890 5816 ρ.
2919 5721 2991 5816 Α,
3019 5728 3078 5783 et
3107 5717 3214 5783 lib.
3244 5734 3330 5795 III,
3361 5735 3417 5779 c.
3446 5718 3543 5794 i2,
3575 5719 3761 5781 p.13.

328 5816 393 5869 is
424 5816 561 5880 Lib.
602 5801 667 5895 v',
700 5833 757 5877 c.
788 5814 852 5878 8.
899 5801 1002 5862 ’99
1031 5810 1160 5876 Lib.
1199 5830 1279 5888 tv,
1309 5801 1442 5896 cap.
1478 5812 1580 5874 Q5.
1666 5810 1729 5861 50
1759 5811 1804 5874 ι,
1840 5801 1911 5887 η,
1944 5828 2006 5891 p;

2119 5813 2178 5870 2.
2265 5803 2314 5849 ³¹
2349 5803 2416 5868 C.
2453 5803 2550 5866 19.
2611 5801 2696 5854 ’δ’
2724 5801 2868 5867 God.
2902 5801 3004 5867 48.
