4148 6394
222 442 308 509 30

1130 451 1633 516 DISSERTATIO
1678 451 1789 517 IlI,
1844 448 1940 512 DE
1990 447 2283 513 IBENEI
2330 446 2745 515 DOCTRINA.

3514 419 3669 511 3m

220 578 874 660 sistentes,coaeternos
908 589 968 643 et
997 580 1631 655 consubstantiales,et
1659 580 1719 641 in
1750 580 1888 662 qui-
1913 591 1952 640 Α
1978 579 2525 660 positze,scientiam
2552 586 2812 640 nostram
2839 579 3454 663 plerumqnefugiant.
3480 582 3631 645 Hinc

212 666 346 741 bus,
384 688 502 730 non
536 668 791 742 invitus,
847 672 1011 734 nulla
1071 673 1434 734 necessitate
1486 680 1750 745 coactus,
1784 669 1889 731 sed
1974 669 2277 729 concludit
2310 669 2554 730 insanus
2586 688 2719 730 esse
2750 670 3082 741 haereticos,
3116 673 3214 751 qui
3239 684 3520 735 aeternam
3549 673 3634 735 di-

218 758 417 819 sciens
449 766 508 820 et
538 761 770 832 volens,
805 763 1006 823 omnia
1028 762 1220 823 libere
1243 770 1300 823 et
1320 772 1532 842 sponte
1556 759 1694 822 fecit
1727 778 1740 822 :
1776 778 1895 821 non

212 845 492 929 aliunde,
522 868 641 911 non
676 858 846 912 extra
877 852 1409 931 semetipsum,sed
1445 851 1575 931 ipse
1598 870 1638 913 .a
1669 857 1897 911 semet-

216 937 382 1017 ipso,
418 938 479 1001 in
514 940 817 1002 voluntate
848 960 979 1014 sua,
1013 941 1075 1003 in
1104 941 1301 1003 Verbo
1335 949 1393 1002 et
1425 940 1733 1021 Sapientia
1768 958 1897 1022 sua,

222 1027 629 1091 substantiam
654 1032 1088 1100 creaturarum.
1128 1041 1186 1093 et
1217 1031 1557 1111 exemplum
1591 1030 1901 1106 factorum,

220 1125 286 1178 et
322 1118 574 1196 ﬁguram
607 1120 665 1180 in
699 1121 927 1181 mundo
962 1129 1456 1182 ornamentorum
1489 1118 1812 1200 accipiens,
1837 1123 1899 1181 ut

215 1207 493 1286 loquitur
525 1208 629 1270 lib.
683 1226 766 1284 tv,
813 1229 867 1271 ο.
905 1213 1008 1282 ‘20,
1046 1228 1105 1272 n.
1149 1213 1206 1273 1.
1241 1211 1327 1272 Ea
1377 1209 1580 1271 omnia
1616 1210 1758 1270 satis
1790 1228 1895 1289 pa-

215 1304 355 1357 tent
386 1317 454 1359 ex
482 1299 771 1361 hactenus
794 1299 1067 1379 allegatis
1094 1299 1303 1362 lrenaei
1330 1298 1705 1379 testimoniis,
1740 1297 1894 1360 adeo

207 1396 281 1447 ut
316 1386 529 1447 eadem
564 1387 661 1449 hic
690 1398 975 1469 repetere
1008 1388 1158 1449 nihil
1192 1406 1442 1449 necesse
1475 1388 1573 1451 sit.
1644 1458 1649 1465 ,

302 1476 409 1540 61.
446 1474 643 1539 Unum
678 1486 955 1557 superest
984 1477 1469 1558 expendendum,
1527 1495 1603 1537 an
1636 1479 1895 1539 lrenaeus

209 1565 721 1646 extremijudicii
749 1566 1185 1645 ignorationem
1219 1566 1369 1628 Filio
1428 1564 1537 1628 Dei
1588 1565 1890 1629 tribuerit.

209 1653 292 1717 Et
314 1654 375 1715 id
402 1656 564 1716 enim
589 1655 973 1717 sanctissimo
997 1656 1241 1737 martyri
1259 1655 1606 1729 ascribitur;
1625 1656 1728 1716 sed
1764 1674 1895 1736 per.

217 1761 432 1825 peram
493 1745 765 1808 omnino.
824 1743 1141 1807 Gnosticos
1191 1744 1433 1825 quidem
1493 1744 1900 1823 perstringens

227 1833 575 1895 Scribitlib.
609 1851 675 1910 ιι,
711 1855 765 1896 c.
801 1835 901 1915 28,
938 1854 997 1896 n.
1035 1834 1091 1898 6.
1136 1832 1673 1896 alrrationabiliter
1701 1842 1897 1896 autem

216 1922 434 1996 inﬂati,
504 1924 814 1985 audaciter
843 1922 949 1985 Dei
1003 1924 1281 2004 mysteria
1335 1921 1492 1983 scire
1520 1939 1626 1982 vos
1650 1922 1848 1984 dicitis
1883 1952 1896 1993 ε

218 2013 712 2092 quandoquidem
739 2021 799 2074 et
827 2012 1138 2088 Dominus,
1167 2013 1297 2092 ipse
1326 2012 1512 2074 Filius
1540 2010 1673 2086 Dei,
1702 2012 1897 2093 ipsum

212 2101 436 2182 judicii
458 2102 617 2163 diem
643 2111 701 2163 et
724 2104 931 2164 horam
953 2102 1418 2163 concessitscire
1432 2101 1622 2161 solum
1638 2101 1896 2183 Patrem,

228 2191 553 2253 manifeste
574 2191 783 2253 dicens
812 2212 824 2253 :
851 2193 936 2251 Dc
948 2191 1047 2253 die
1069 2199 1277 2253 autem
1298 2192 1434 2257 illa.
1456 2198 1513 2251 et
1544 2190 1699 2252 hara
1722 2208 1899 2252 nemo

220 2283 370 2351 scit,
404 2298 593 2359 neque
625 2281 839 2354 Filius,
893 2282 1017 2342 nisi.
1073 2280 1255 2343 Pater
1283 2280 1452 2341 solus
1481 2277 1558 2339 δι.
1616 2282 1676 2342 Si
1722 2280 1904 2359 igitur

222 2370 550 2430 scientiam
572 2369 692 2431 diei
730 2370 893 2430 illius
932 2368 1120 2431 Filius
1152 2388 1269 2430 non
1304 2367 1543 2429 erubuit
1570 2369 1799 2431 referre
1828 2369 1899 2430 ad

228 2462 502 2533 l’atrem,
530 2460 631 2520 sed
654 2459 977 2540 dixitquod
999 2478 1201 2520 verum
1249 2469 1362 2529 est;
1396 2477 1591 2539 neque
1620 2477 1728 2520 nos
1756 2477 1899 2520 eru-

227 2548 572 2619 bescamus,
595 2569 725 2630 qua}
742 2558 880 2610 sunt
899 2552 955 2609 in
978 2548 1406 2630 quaestionibus
1423 2550 1649 2628 majora
1681 2567 1901 2611 secun—

230 2640 375 2699 dum
410 2658 541 2711 nos,
576 2658 893 2701 reservare
956 2639 1097 2700 Deo.
1133 2638 1325 2700 Nemo
1358 2638 1519 2700 enim
1558 2657 1740 2719 super
1771 2658 1897 2700 ma-

231 2728 485 2804 gistrum
524 2738 615 2790 est
643 2730 726 2790 45.
791 2750 823 2787 ι
886 2727 998 2791 Ubi
1038 2728 1153 2810 ipsi
1185 2726 1293 2789 Dei
1322 2725 1473 2791 Filio
1504 2728 1898 2805 ignorantiam

224 2818 540 2879 ascribere
593 2818 787 2898 prima
844 2818 1042 2881 fronte
1099 2818 1334 2878 videtur
1367 2826 1574 2878 auctor
1609 2834 1621 2879 :
1657 2820 1806 2878 adeo
1839 2826 1901 2879 ut

222 2927 376 2988 vana
438 2909 513 2969 sit
566 2907 809 2988 Georgii
863 2906 1372 2978 Bulliwsolutio,
1436 2907 1902 2988 quarcontendit

225 2986 469 3050 Christo
502 2986 750 3050 homini
771 2998 997 3050 tantum
1032 2988 1430 3067 ignorantiam
1456 2986 1745 3049 tribuisse
1773 2986 1900 3049 Ire-

1977 758 2098 818 vini
2123 759 2304 821 Verbi
2327 759 3054 841 generationetn,aliaque
3070 764 3364 842 ejusmodi
3384 763 3630 844 profun-

1982 846 2228 909 dissima
2262 848 2537 930 mysteria
2569 849 2921 927 investigare
2952 857 3011 911 et
3062 851 3359 931 explicare
3417 852 3632 913 molie-

1988 934 2239 1000 bantur:
2275 938 2335 999 in
2365 957 2555 1019 eoque
2584 946 2701 999 tam
2734 938 2990 1015 graviter
3009 939 3317 1021 labi,quod
3341 940 3637 1021 superbia

1986 1028 2165 1107 typho
2199 1028 2361 1105 elati,
2394 1029 2545 1091 nihil
2579 1028 2702 1091 Deo
2733 1037 3134 1105 reservarent,
3171 1031 3278 1092 sed
3309 1031 3510 1092 omnia
3537 1039 3632 1093 te-

1987 1134 2150 1178 mere
2178 1119 2434 1179 scrutari
2465 1119 2702 1181 vellent.
2739 1118 2886 1179 Tum
2920 1129 2983 1180 ut
3018 1121 3432 1182 haereticorum
3465 1140 3637 1182 vesa-

1982 1206 2142 1265 niam
2180 1210 2367 1283 magis
2397 1226 2465 1270 ac
2490 1208 2674 1287 magis
2708 1209 3049 1284 confundat,
3103 1209 3176 1271 ah
3208 1212 3396 1292 ipsius
3417 1210 3639 1275 Christi

1981 1293 2114 1356 Filii
2147 1294 2257 1357 Dei
2290 1297 2563 1379 exemplo
2593 1307 3007 1377 argumentum
3035 1318 3065 1359 a
3096 1300 3303 1380 majori
3333 1301 3405 1362 ad
3441 1301 3639 1362 minus

1981 1382 2149 1462 petit.
2182 1384 2265 1463 Si,
2300 1383 2493 1466 inquit
2527 1387 2840 1462 Dominus,
2874 1387 3005 1467 ipse
3055 1387 3241 1451 Filius
3292 1390 3399 1453 Dei
3423 1389 3639 1470 judicii

1980 1470 2137 1532 diem
2164 1482 2223 1534 et
2242 1474 2447 1535 horam
2474 1476 2940 1538 concessitscire
2965 1477 3159 1538 solum
3184 1478 3639 1550 Patrem,scien-

1981 1559 2243 1641 tiamque
2273 1563 2395 1623 diei
2442 1563 2600 1625 illius
2632 1564 2818 1626 Filius
2870 1584 2989 1626 non
3022 1566 3263 1628 erubuit
3310 1568 3539 1631 referre
3562 1570 3635 1631 ad

1983 1652 2217 1712 Patrem
2257 1670 2269 1715 :
2297 1669 2406 1713 cur
2434 1669 2571 1734 nos,
2604 1652 2708 1714 Dei
2732 1654 2882 1716 Filio
2907 1654 3141 1717 inﬁnite
3172 1658 3457 1732 minores,
3493 1676 3635 1719 eru-

1983 1736 2461 1822 bescamus,quze
2482 1751 2618 1803 sunt
2649 1743 2709 1803 in
2743 1745 3166 1823 quastionibus
3184 1746 3406 1824 majora
3427 1765 3638 1809 secun-

1984 1828 2124 1889 dum
2159 1850 2289 1903 nos,
2320 1849 2629 1894 reservare
2659 1831 2827 1894 Deo?
2859 1836 3044 1895 Nemo
3102 1835 3263 1896 enim
3295 1853 3479 1918 super
3505 1854 3635 1899 ma-

1983 1918 2232 1997 gistrum
2270 1929 2380 1983 est.
2416 1919 2541 1993 Qua
2569 1922 2809 2003 quidem
2837 1926 3289 2001 argumentandi
3319 1926 3549 1988 ratione
3576 1927 3637 1989 id

1984 2026 2167 2068 unum
2210 2009 2507 2072 conﬁcere
2562 2011 2685 2072 vult
2741 2022 2983 2074 sanctus
3036 2014 3265 2095 doctor,
3311 2014 3635 2098 Christum,

1984 2098 2337 2160 oeconomiae
2353 2099 2768 2180 causa,judicii
2790 2100 2950 2163 diem
2974 2103 3250 2165 ethoram
3267 2106 3639 2169 concessisse

1985 2204 2143 2248 scnre
2164 2189 2355 2249 solum
2405 2188 2636 2250 Patrem
2668 2209 2682 2249 :
2713 2210 2830 2251 non
2863 2196 3023 2272 quod
3055 2192 3186 2273 ipse
3216 2194 3495 2271 nesciret,
3531 2195 3633 2257 sed

1984 2277 2139 2354 quod
2171 2277 2464 2355 ejusmodi
2498 2279 2815 2341 scientiam
2847 2281 2919 2341 ad
2982 2283 3242 2357 Patrem,
3279 2301 3312 2344 a
3341 2302 3457 2363 quo
3508 2287 3637 2366 ipse

1985 2381 2117 2427 eam
2149 2386 2283 2429 cum
2332 2368 2459 2448 ipsa
2500 2368 2807 2430 divinitate
2868 2379 3200 2451 acceperat,
3258 2372 3634 2435 referendam

1985 2474 2121 2520 esse
2151 2456 2351 2532 vellet,
2388 2457 2460 2518 ab
2492 2476 2682 2537 eoque
2713 2458 2996 2521 duntaxat
3025 2471 3481 2540 exspectandam
3505 2481 3638 2526 esse

1985 2546 2105 2607 diei
2136 2546 2296 2607 illius
2326 2546 2624 2608 notitiam.
2683 2545 2962 2619 Quamvis
3014 2550 3170 2611 enim
3204 2568 3333 2611 eam
3366 2552 3494 2633 ipse
3523 2553 3633 2615 ha-

1982 2633 2315 2713 beret,cum
2338 2635 2473 2697 aliis
2503 2644 2702 2698 tamen
2727 2638 3176 2701 communicare
3208 2639 3471 2719 nolebat,
3503 2640 3636 2705 idve

1986 2724 2308 2805 explicare,
2342 2725 2499 2807 quod
2530 2725 2705 2787 Pater
2727 2733 2778 2800 (a
2809 2746 2925 2808 quo
2961 2727 3336 2811 loquebatur,
3371 2739 3427 2792 et
3456 2748 3491 2792 a
3519 2750 3634 2813 quo

1985 2815 2325 2877 mandatum
2349 2825 2690 2896 acceperat,
2721 2817 2863 2897 quid
2888 2819 3139 2891 diceret,
3174 2828 3232 2881 et
3256 2820 3397 2900 quid
3425 2821 3636 2902 loque-

1982 2913 2172 2978 retur,
2208 2913 2270 2965 ut
2292 2905 2372 2966 ait
2394 2906 2564 2969 Joan.
2598 2921 2708 2972 XII.
2759 2906 2860 2985 49)
2894 2906 3078 2969 taceri
3106 2910 3405 2969 voluerat:
3444 2918 3507 2970 ut
3538 2909 3636 2971 ni-

1984 2992 2200 3053 mirum
2236 2994 2508 3072 exemplo
2532 3011 2640 3056 suo
2663 2998 2905 3056 doceret
2927 2996 3197 3076 quaedam
3223 3015 3359 3060 esse
3382 2997 3502 3059 Deo
3529 2998 3634 3061 huc

227 3097 431 3140 meum
466 3100 479 3141 :
518 3079 621 3141 hic
652 3080 817 3141 enim
852 3080 927 3141 de
959 3079 1107 3139 Filio
1140 3078 1252 3142 Dei
1277 3077 1504 3138 diserte
1534 3078 1670 3156 agit.
1694 3076 1897 3166 Quan-
1982 3081 2207 3143 militer
2238 3084 2621 3164 reservanda,
2656 3101 2767 3145 nec
2798 3102 2867 3146 ea
2917 3093 3141 3147 temere
3170 3104 3204 3147 a
3232 3085 3407 3147 nobis
3436 3087 3634 3166 expli-

225 3187 413 3248 quam
435 3179 496 3229 et
514 3169 655 3229 dum
678 3169 913 3233 Christo
963 3168 1196 3229 homini
1227 3166 1659 3246 ignorationem
1683 3165 1903 3234 ascribi
1922 3186 1962 3235 c
1988 3172 2174 3232 canda
2203 3189 2506 3253 esse,quae
2537 3171 2695 3234 Deus
2721 3172 2919 3235 abdita
2952 3192 3085 3236 esse
3105 3175 3308 3235 voluit.
3330 3175 3429 3238 Sic
3459 3165 3635 3237 men-

228 3277 416 3339 posse
437 3278 567 3320 cum
592 3258 1073 3322 Protestantibus
1110 3258 1311 3318 multis
1344 3264 1543 3319 tuetur
1572 3257 1801 3331 Bullus,
1835 3257 1900 3320 in
1982 3274 2103 3327 tem
2138 3262 2311 3341 paulo
2336 3269 2718 3343 post,nempe
2747 3263 3143 3344 n.8,explicat
3172 3272 3385 3326 auctor
3407 3274 3632 3329 noster:

233 3366 499 3426 eumque
522 3366 765 3408 sensum
796 3346 1091 3409 Irenaeum
1122 3347 1422 3427 explicare
1454 3346 1686 3424 satagit,
1722 3348 1898 3408 aliam
1988 3370 2013 3409 ι
2042 3348 2104 3412 Si
2127 3350 2286 3431 quis,
2326 3352 2435 3421 ait,
2470 3352 2741 3432 exquirat
2774 3369 3037 3428 causam,
3083 3360 3326 3433 propter
3354 3372 3532 3434 quam
3575 3354 3635 3416 in

229 3436 290 3497 ei
313 3436 509 3498 labem
543 3437 837 3518 aspergit.
867 3437 984 3497 Sed
1037 3438 1220 3497 missa
1250 3437 1433 3497 hacce
1463 3435 1894 3516 controversia,
1979 3440 2259 3502 omnibus
2289 3444 2467 3503 Pater
2489 3440 2940 3502 communicaris
2962 3441 3303 3517 Filio,solus
3332 3443 3487 3504 scire
3517 3442 3632 3504 ho-

226 3544 364 3606 quze
398 3537 567 3587 extra
597 3526 933 3587 institutum
963 3535 1074 3600 est,
1127 3525 1274 3586 illud
1306 3524 1565 3586 ﬁdenter
1594 3542 1893 3602 assevero,
1980 3546 2107 3592 ram
2141 3539 2198 3591 et
2227 3530 2386 3591 diem
2406 3549 2440 3590 a
2468 3531 2722 3594 Domino
2756 3529 3161 3592 manifeStatus
3187 3539 3515 3611 est;neque
3536 3549 3633 3611 ap-

223 3616 381 3695 quod
405 3616 684 3697 quisquis
709 3615 1162 3696 prmsens,quod
1186 3633 1341 3675 nunc
1359 3630 1695 3685 versamus,
1725 3625 1899 3691 caput
1986 3618 2225 3681 tabilem
2261 3621 2466 3699 magis,
2502 3637 2697 3701 neque
2728 3620 3158 3695 decentiorem,
3185 3638 3298 3682 nec
3325 3620 3456 3681 sine
3479 3620 3636 3700 peri-

228 3725 446 3786 ea,qua
479 3726 587 3787 par
618 3714 730 3782 est,
766 3705 950 3766 animi
981 3704 1309 3767 attentione
1348 3703 1581 3782 legerit,
1607 3703 1906 3785 totiusque
1988 3709 2122 3771 culo
2170 3709 2440 3784 alteram,
2502 3728 2677 3791 quam
2722 3711 2900 3785 hanc,
2952 3708 3215 3771 inveniat
3242 3709 3305 3771 in
3355 3710 3639 3789 praesenti

232 3795 445 3857 Irenzei
465 3794 1000 3873 argumentationis
1029 3794 1246 3855 seriem
1281 3801 1604 3870 etscopum
1635 3792 1909 3855 adverte-
1993 3801 2291 3879 (quoniam
2319 3800 2475 3861 enim
2501 3799 2663 3859 solus
2693 3815 2871 3861 verax
2894 3798 3173 3878 magister
3189 3805 3278 3859 est
3293 3796 3631 3878 Dominus):

235 3887 339 3957 rit,
376 3905 407 3946 e
439 3886 686 3965 vestigio
718 3884 1161 3965 deprehendet,
1196 3882 1417 3943 nullam
1452 3897 1698 3960 prorsus
1728 3881 1903 3961 igno-
1991 3899 2054 3949 ut
2082 3888 2381 3950 discamus
2413 3906 2519 3969 per
2548 3890 2953 3968 ipsum,super
2981 3890 3181 3948 omnia
3212 3905 3344 3948 esse
3372 3886 3631 3949 Patrem.

236 3977 489 4036 rantiam
523 3976 620 4036 hic
650 3974 847 4054 aﬂingi
881 3972 1111 4036 Chrile
1146 3971 1424 4036 Domino.
1985 3978 2215 4042 Etenim
2251 3978 2463 4059 Pater,
2496 3980 2596 4053 ait,
2629 3978 2829 4056 major
2856 3994 2951 4038 me
2978 3982 3064 4038 est
3091 3973 3167 4037 Π.
3200 3975 3272 4036 Et
3300 3975 3630 4037 secundum

240 4148 255 4158 .
315 4093 416 4155 62.
453 4090 697 4153 Scilicet
720 4089 1006 4160 lrenaeus,
1040 4097 1103 4150 ut
1150 4087 1297 4163 dixi,
1330 4086 1743 4150 Gnosticorum
1778 4084 1896 4146 im-

1984 4067 2341 4147 agnitionem
2399 4067 2599 4146 itaque
2633 4063 2985 4146 prapositus
3016 4080 3149 4126 esse
3186 4062 3362 4125 Pater
3388 4081 3629 4124 annun-

233 4154 582 4261 pudentiam
615 4154 1188 4261 castigat,quivanae
1217 4154 1738 4238 scientiaalaudem
1761 4192 1897 4254 cap-

1984 4158 2156 4227 tiatus
2189 4164 2279 4219 est
2308 4175 2342 4218 a
2366 4155 2622 4219 Domino
2654 4162 2855 4215 nostro
2884 4155 2957 4214 ad
2988 4154 3126 4227 hoc,
3158 4160 3223 4212 ut
3280 4158 3339 4212 et
3386 4169 3517 4225 nos,
3566 4154 3629 4212 in

235 4240 460 4343 iantes,
485 4270 750 4330 insanam
767 4240 893 4330 Emi
911 4240 1001 4330 ‘de
1022 4266 1202 4328 rebus
1232 4263 1684 4344 omnibus,ipsis
1712 4240 1889 4325 etiam

1985 4255 2268 4347 quantpm
2296 4247 2357 4307 in
2388 4245 2576 4348 ﬁgura
2606 4243 2784 4322 hujus
2816 4242 3019 4342 mundi
3050 4258 3277 4348 sumus,
3306 4240 3630 4348 perfectam

245 4326 750 4440 gaianas
781 4326 1133 4422 erg-scas
1189 4326 1531 4433 religionis,
1564 4326 1899 4431 'mysteriis,

1984 4326 2317 4409 scientiam,
2344 4342 2403 4396 et
2445 4334 2592 4395 tales
2638 4331 2996 4413 quaestiones
3029 4328 3427 4431 concedamus
3456 4326 3626 4429 Deo:

247 4420 431 4530 quale
461 4458 551 4510 est
581 4449 766 4511 divini
798 4446 981 4510 Verbi
1010 4420 1337 4525 generatio:
1390 4440 1753 4513 disserendi,
1786 4459 1897 4501 no-

1984 4434 2042 4488 et
2071 4444 2147 4486 ne
2176 4424 2325 4486 forte
2380 4430 2715 4521 quaarentes
2738 4420 3120 4530 altitudinem
3152 4420 3630 4518 Patrisinvesti-

241 4508 435 4620 vlaque
490 4557 691 4599 rerum
745 4546 868 4599 tum
930 4508 1288 4609 diiinarum,
1352 4540 1473 4594 tum
1507 4532 1925 4620 humanarum

1984 4533 2143 4594 gare,
2175 4513 2237 4575 in
2268 4509 2858 4620 tantumnpecjcullum
2888 4508 3244 4620 incidamus,
3393 4524 3628 4620 quam:

248 4592 575 4707 systemata
610 4647 716 4708 pro
749 4626 994 4688 arbitrio
1027 4622 1322 4687 condendi
1364 4619 1663 4708 licentiam
1688 4635 1902 4708 sume-

1984 4592 2142 4675 mus,
2174 4620 2246 4663 an
2279 4617 2460 4681 super
2491 4601 2679 4661 Deum
2712 4598 2861 4658 alter
2890 4595 2966 4656 sit
3008 4594 3190 4658 Deus.
3219 4625 3240 4655 ι
3277 4592 3539 4656 Observa
3567 4594 3631 4654 1ο

2309 4688 2331 4708 π
2354 4706 2391 4708 ,4
2425 4707 2433 4708 κ
2455 4706 2529 4708 κμα
2556 4705 2589 4708 --
2625 4684 2968 4708 ,ενΑμΙΪΑξιΑ-
2998 4700 3259 4708 ---ρ-ρ..-
3297 4682 3482 4708 --1--...
3522 4684 3597 4708 η..

594 4682 736 4778 xire-rb
750 4682 1291 4797 wprobavitcertain
1324 4682 1465 4772 esse
1486 4710 1546 4769 in
1573 4705 1903 4797 Scripturis

1985 4708 2275 4790 nusquam
2307 4684 2969 4797 Ireneumlsimpliciter
2995 4682 3486 4797 asserere,solum
3518 4684 3632 4797 Pa:

241 4772 281 4870 (ἶ
292 4772 755 4869 ἰενν-έτίιξιίἷε
1168 4819 1348 4882 quam
1371 4799 1454 4860 sic
1474 4797 1621 4877 exigi
1646 4772 1905 4885 debeant

1985 4788 2137 4843 trem
2159 4779 2317 4841 scire
2334 4778 2494 4839 diem
2518 4784 2575 4838 et
2596 4775 2827 4853 horam,
2860 4772 2965 4835 sed
2979 4773 3362 4885 solum'scirc
3378 4772 3548 4870 client
3572 4777 3632 4833 et

245 4899 797 4982 quaestiones,quas
819 4857 894 4957 dae
923 4893 1105 4956 rebus
1121 4857 1339 4952 diirinis
1359 4889 1581 4982 agitare
1603 4884 1743 4982 sinit
1773 4883 1908 4982 teli.

1988 4869 2201 4932 horam
2213 4888 2249 4928 a
2265 4868 2524 4930 Domino
2540 4864 3001 4941 manifestatum
3014 4878 3159 4936 esse;
3182 4858 3497 4982 Domipum
3513 4857 3630 4982 gu-

1997 4958 2131 4982 .‘I:-21
2169 4957 2319 4982 4:-..
2360 4965 2409 4982 ,ι
2460 4955 2664 4982 ι.--.υ....
2692 4949 3057 4982 ,ιιι-.-Ληοξμιηη
3087 4950 3243 4982 ρης-ιιι
3297 4964 3355 4982 η.
3385 4965 3479 4982 nm
3563 4963 3630 4982 ο..

235 4971 366 5071 έίο,
392 4996 455 5049 ut
483 4987 555 5049 ab
581 4971 685 5047 illa
716 5002 1010 5064 nusquam
1048 4981 1370 5071 deﬂectere
1402 4976 1613 5050 liceat;
1645 4971 1907 5034 ostendit

235 5066 416 5161 plura
446 5086 642 5139 tamen
676 5092 811 5137 esse
842 5073 902 5134 in
938 5067 1288 5150 Scripturis,
1320 5066 1727 5161 licet-essese
1761 5076 1901 5159 per—

238 5148 435 5238 iectis,
461 5184 594 5248 quae
622 5171 907 5241 angustos
940 5148 1405 5248 men'tispnostraa
1436 5151 1654 5248 limites
1685 5148 1905 5248 longis-

246 5236 743 5336 simersnperant',
765 5267 1017 5331 quaeque
1046 5244 1321 5329 proinde,
1340 5260 1474 5336 cpm
1507 5239 1648 5336 sciri
1676 5255 1709 5299 a
1732 5236 1906 5336 nobis

246 5366 367 5411 non
400 5327 657 5427 possint,
694 5327 820 5406 Deo
844 5327 1154 5427 humiliter
1178 5327 1604 5427 committenda
1628 5334 1907 5427 suntmec

246 5415 475 5500 temere
506 5415 859 5494 scrutanda.
885 5425 1009 5489 Nec
1040 5424 1257 5515 mirum
1285 5416 1594 5515 esse,si.in_
1618 5415 1906 5515 spiritali-

240 5527 353 5590 bus
383 5534 443 5587 et
468 5518 847 5591 ccelestibus,
880 5535 1015 5598 quae
1067 5512 1194 5574 sola
1224 5508 1340 5572 ﬁde
1368 5505 1905 5598 percipipossunt,

234 5616 675 5681 caecutiamns:
709 5625 850 5670 cum
884 5594 1028 5687 ipsae
1057 5620 1156 5665 res
1186 5594 1512 5669 naturales,

1989 4958 2133 5020 dicii
2164 4957 2323 5018 diem
2354 4965 2414 5017 et
2460 4955 2667 5015 horam
2690 4949 3058 5013 concessisse
3087 4950 3245 5010 scire
3290 4947 3480 5009 solum
3512 4949 3631 5010 Pa-

1984 5054 2163 5127 trem,
2196 5054 2312 5109 etc.
2346 5051 2410 5105 2°
2442 5041 2843 5105 S.-doctorem
2874 5038 3065 5120 palam
3099 5036 3392 5127 proﬁteri,
3430 5037 3495 5097 in
3510 5050 3633 5127 am-

1983 5122 2426 5200 nibusPatrem
2443 5131 2895 5194 communicare
2908 5128 3095 5191 Filio.
3132 5125 3244 5198 Qui
3262 5127 3327 5187 in
3357 5122 3634 5186 omnibus

1988 5224 2432 5288 communicare
2462 5220 2630 5294 dicit,
2665 5218 2817 5281 nihil
2850 5233 3098 5298 prorsus
3129 5213 3372 5294 excipit,
3406 5229 3482 5279 ne
3504 5209 3635 5291 qui-

1989 5315 2125 5378 dem
2159 5311 2471 5376 scientiam
2502 5307 2624 5370 diei
2639 5316 2697 5371 et
2716 5309 2879 5369 horas
2908 5304 3160 5368 extremi
3174 5299 3482 5383 judicii.3°
3511 5303 3634 5361 Au-

1992 5402 2138 5466 ctori
2156 5411 2356 5464 nostro
2372 5398 2739 5481 propositum
2755 5414 2871 5457 non
2884 5394 3067 5457 fuisse
3079 5388 3635 5481 quaestionemihanc

1994 5513 2065 5557 ex
2096 5479 2386 5573 professo
2420 5479 2807 5569 pertractare,
2865 5499 2971 5573 an,
2998 5499 3210 5573 revera
3266 5479 3431 5573 solus
3461 5480 3637 5539 Pater

1572 5566 1654 5653 ob
1705 5566 1912 5653 oculos
1994 5566 2180 5645 sciret
2209 5579 2370 5643 diem
2400 5566 2458 5641 et
2488 5577 2697 5639 horam
2725 5571 2976 5637 extremi
2997 5569 3237 5653 judicii,
3284 5566 3470 5630 Filius
3494 5582 3634 5628 vero

302 5775 362 5824 ιι
391 5774 582 5841 Marc.
620 5783 757 5843 xm,
792 5762 892 5831 32.
977 5759 1033 5806 ⁸⁵
1059 5756 1262 5823 Matth.
1294 5773 1358 5832 x,
1381 5753 1481 5818 24.
1567 5748 1621 5796 ⁸ο
1652 5747 1781 5814 Det.
1816 5746 1923 5815 ﬁd.
1954 5741 2109 5823 Nic.,
2143 5746 2291 5803 sect.
2325 5754 2389 5815 It,
2417 5755 2470 5801 c.
2500 5752 2558 5811 v,
2606 5735 2636 5816 §
2668 5735 2727 5797 8.
2812 5729 2866 5776 ‘7
2894 5734 3066 5796 Joan.
3097 5745 3223 5810 xxv,
3251 5726 3355 5792 28.
