4148 6376
363 407 479 476 315

1156 417 1806 482 DISSERTATIONES
1846 417 2174 479 PREVI/E
2219 418 2302 480 IN
2344 419 2631 481 ΙΒΕΝίΕΙ
2675 417 2964 481 LIBROS.

3640 419 3760 484 316
3815 474 3819 478 .

361 545 794 636 Spiritu,adest
823 549 1030 613 videre
1053 548 1466 631 omnibus,qui
1498 550 1589 612 vel
1613 549 1913 612 modicum
1945 548 2020 611 de
2041 557 2079 607 A
2105 567 2212 629 per
2239 550 2435 630 angeli
2496 569 2834 614 sermonem
2890 552 3135 616 seducta
3192 561 3305 636 est,
3359 563 3424 615 ut
3468 551 3760 634 effugeret

361 635 604 699 veritate
635 638 964 718 attigerint.
1006 641 1142 702 Haec
1175 649 1374 702 autem
1407 659 1525 701 non
1558 639 2021 703 testiﬁcarentur

361 723 683 806 Scriptum
714 728 790 789 de
820 728 1289 806 eo,si,simi|iter
1318 736 1382 789 ut
1411 745 1645 809 omnes,
1671 729 1851 792 homo
1883 737 2018 790 tan-

359 824 483 877 tum
516 816 746 880 fuisset.
789 817 906 881 Sed
938 819 1222 900 quoniam
1255 819 1597 900 praeclaram
1639 828 1853 900 praeter
1881 838 2016 882 om-

360 923 470 967 nes
501 907 707 969 habuit
736 909 794 970 in
827 927 893 971 se
919 927 1076 983 eam,
1107 927 1239 990 quae
1285 916 1374 970 est
1402 907 1476 969 ab
1507 908 1795 970 altissimo
1819 911 2014 983 Patre,

359 996 719 1079 genituram,
753 998 1037 1080 praeclara
1065 1005 1262 1060 autem
1297 998 1536 1060 functus
1563 1005 1652 1060 est
1677 1006 1736 1060 et
1766 1017 1860 1079 ea,
1887 1017 2018 1079 quae

358 1093 552 1148 estex
598 1087 872 1167 Virgine.
932 1090 1342 1167 generatione,
1398 1097 1650 1170 utraque
1697 1086 2018 1168 Scriptura:

357 1173 577 1237 divina;
599 1175 674 1239 de
695 1195 768 1240 eo
795 1178 1212 1254 testiﬁcantur;
1235 1186 1292 1240 et
1313 1178 1593 1260 quoniam
1626 1179 1804 1240 homo
1835 1178 2014 1240 inde-

356 1279 554 1345 corus,
587 1274 646 1327 et
676 1267 1066 1347 passibilis,et
1092 1285 1275 1348 super
1299 1267 1524 1348 pullum
1556 1267 1740 1329 asinae
1766 1267 2010 1348 sedens,

355 1361 525 1414 aceto
552 1364 614 1426 et
641 1356 778 1418 felle
807 1365 1136 1438 potatur,et
1165 1355 1647 1436 speruebatnrin
1681 1357 1922 1438 populo,
1954 1365 2014 1420 et

359 1459 550 1521 usque
579 1444 650 1506 ad
679 1453 926 1508 mortem
951 1445 1288 1509 descendit:
1323 1454 1381 1508 et
1410 1447 1689 1528 quoniam
1722 1446 2013 1509 Dominus

355 1541 686 1605 sanctus,et
703 1535 994 1598 mirabilis
1021 1536 1483 1600 consiliariuset
1508 1537 1762 1598 decorus
1781 1536 2007 1618 specie,

354 1630 414 1682 et
442 1623 601 1685 Deus
631 1625 826 1699 fortis,
867 1643 1052 1708 super
1082 1625 1272 1688 nubes
1301 1626 1550 1688 veniens
1591 1625 2010 1688 universorum

345 1711 562 1800 judex,
593 1717 794 1777 omnia
812 1714 887 1800 de
905 1734 976 1778 eo
999 1715 1328 1797 Scripturae
1351 1715 1839 1796 prophetabant..
1855 1765 1868 1779 .
1902 1714 2013 1778 Hic

350 1799 532 1879 igitur
551 1804 732 1866 Filius
754 1804 861 1868 Dei
882 1805 1170 1870 Dominus
1189 1813 1412 1880 noster,
1438 1804 1733 1867 exsistens
1749 1805 2010 1866 Verbum

2101 640 2312 709 Deum,
2350 639 2732 722 przevaricata
2763 641 3008 704 verbum
3063 643 3215 724 ejus:
3252 642 3332 704 ita
3361 644 3490 706 haec
3531 644 3755 726 (Maria)

2105 745 2212 806 per
2238 729 2570 810 angelicum
2601 749 2940 794 sermonem
2967 732 3362 812 evangelizata
3379 740 3491 806 est,
3516 742 3582 796 ut
3614 751 3759 815 por-

2104 824 2256 879 taret
2285 820 2499 895 Deum,
2534 818 2821 882 ohediens
2862 821 2991 902 ejus
3021 822 3225 884 verbo.
3258 821 3330 884 Et
3359 821 3408 884 si
3442 842 3511 884 ea
3541 822 3756 884 inobe-

2101 905 2293 969 dierat
2344 910 2492 982 Deo;
2545 907 2650 970 sed
2712 910 2838 974 haec
2887 929 3062 972 suasa
3094 919 3184 973 est
3215 910 3461 973 obedire
3491 910 3638 986 Deo,
3673 910 3758 974 uti

2099 995 2346 1076 virginis
2365 997 2498 1060 Evae
2518 1000 2681 1078 virgo
2710 999 2902 1061 Maria
2924 1001 3096 1063 ﬁeret
3112 1001 3419 1064 advocata.
3443 1000 3515 1064 Et
3543 1020 3759 1083 quem-

2098 1085 2423 1148 admodum
2457 1088 2764 1149 astrictum
2823 1092 2995 1150 morti
3049 1109 3239 1169 genus
3294 1090 3617 1152 humanum
3652 1108 3760 1171 per

2097 1175 2409 1253 virginem,
2467 1178 2724 1238 salvetur
2781 1196 2892 1259 per
2947 1179 3238 1256 virginem
3291 1201 3305 1243 :
3367 1198 3533 1261 aequa
3589 1179 3759 1241 lance

2099 1262 2415 1346 [CXXXVI]
2473 1265 2785 1347 disposita.
2833 1265 3140 1347 virginalis
3188 1268 3601 1334 inobedientia
3650 1287 3760 1350 per

2096 1352 2447 1432 virginalem
2481 1355 2912 1419 obedientiam.
2964 1358 3176 1420 Adhuc
3216 1359 3374 1420 enim
3411 1357 3758 1439 protoplasti

2096 1452 2405 1524 peccatum
2438 1463 2545 1526 per
2577 1446 3016 1527 correptionem
3049 1448 3430 1529 primogeniti
3463 1447 3754 1510 emenda-

2097 1531 2319 1594 tionem
2351 1535 2677 1616 accipiens,
2731 1545 2791 1597 et
2837 1538 3139 1617 serpentis
3169 1537 3486 1619 prudentia
3518 1537 3756 1600 devicta

2094 1621 2156 1683 in
2202 1621 2496 1685 columbae
2546 1624 2949 1705 simplicitate,
2992 1626 3245 1688 vinculis
3275 1636 3473 1689 autem
3504 1627 3623 1688 illis
3651 1645 3752 1689 re-

2095 1709 2330 1784 solutis,
2363 1731 2471 1792 per
2499 1731 2630 1794 quae
2659 1713 2880 1794 alligati
2943 1733 3178 1777 eramus
3209 1717 3387 1779 morti
3423 1740 3448 1772 ι
3481 1714 3622 1790 Quae
3652 1735 3754 1798 po-

2097 1799 2353 1862 steriora
2383 1801 2589 1884 verba,
2623 1827 2645 1857 ιι
2687 1811 2746 1863 et
2774 1804 3281 1883 quemadmodum
3315 1805 3628 1868 astrictum
3665 1814 3755 1868 est

333 1888 564 1974 Patris,
591 1901 650 1954 et
678 1893 832 1955 ﬁlius
863 1894 1124 1956 hominis
1159 1916 1172 1953 :
1207 1894 1486 1975 quoniam
1521 1913 1590 1956 ex
1639 1893 1844 1968 Maria,
1880 1913 2011 1975 quae
2034 1889 2071 1940 Β
2093 1890 2330 1971 morti,»
2368 1891 2845 1972 etc.,descripsit
2871 1893 3238 1974 Augustinus
3270 1895 3377 1960 lib.
3411 1903 3611 1959 Iconi.
3646 1894 3755 1958 Ju-

351 2002 420 2045 ex
476 1984 820 2048 hominibus
873 1987 1130 2049 habebat
1166 2005 1377 2067 genus,
1434 2006 1566 2069 qua:
1615 1995 1674 2049 et
1723 1988 1853 2068 ipsa
1883 1995 2012 2050 erat

349 2073 548 2142 homo,
587 2076 788 2138 habuit
817 2076 1152 2140 secundum
1183 2077 1491 2140 hominem
1526 2076 2002 2157 generationem,

351 2162 538 2226 factus
573 2174 662 2227 est
693 2167 850 2228 ﬁlius
880 2166 1204 2229 hominis.n
1243 2167 1413 2230 Clara
1443 2175 1581 2228 sunt
1612 2168 1758 2239 haec,
1795 2166 2008 2228 nullis-

349 2269 464 2331 que
488 2253 654 2315 vanis
672 2254 1088 2316 haereticorum
1122 2255 1392 2335 suﬁ‘ugiis
1407 2253 2006 2318 eludenda.Christus

349 2349 408 2400 et
437 2358 610 2406 verus
641 2344 744 2407 Dei
778 2343 984 2425 Filius,
1015 2351 1072 2404 et
1100 2361 1276 2406 verus
1310 2342 1569 2406 hominis
1589 2343 1744 2404 ﬁlius
1779 2363 1794 2404 :
1833 2361 2002 2404 verus

350 2427 534 2508 Deus,
571 2443 814 2514 propter
833 2443 1116 2496 :eternam
1155 2455 1178 2488 α
1215 2432 1288 2495 ab
1312 2433 1600 2495 altissimo
1629 2433 1804 2495 Patre
1826 2433 2003 2514 geni-

345 2527 537 2582 turam
570 2542 586 2594 ;
622 2547 650 2579 ιι
686 2541 860 2584 verus
914 2525 1118 2598 homo,
1171 2533 1412 2604 propter
1448 2523 1859 2604 temporalem,
1895 2523 1999 2585 sed

341 2630 370 2668 (
409 2611 751 2690 praeclaram
769 2631 837 2674 ex
860 2611 1507 2692 Virginegenituramp
1538 2611 1598 2674 in
1613 2631 1730 2693 quo
1749 2611 2000 2693 proinde

341 2697 558 2779 duplex
584 2709 789 2762 natura
816 2700 1249 2782 fuerit,duplici
1269 2703 1572 2782 genituras
1591 2701 1992 2782 respondens,

338 2787 518 2850 unica
541 2806 686 2851 vero
705 2807 962 2871 persona
981 2799 1294 2872 utramque
1337 2799 1603 2852 naturam
1627 2792 1711 2851 sic
1729 2790 1998 2852 afﬁciens

340 2885 401 2938 et
431 2880 818 2961 copulans,ut
848 2899 1004 2942 unus
1034 2888 1093 2942 et
1123 2879 1280 2942 idem
1315 2881 1395 2945 sit
1423 2880 1610 2943 Filius
1634 2880 1740 2944 Dei
1765 2880 1999 2943 etﬁlius

335 2966 810 3049 hominis,unum
847 2969 1106 3032 Verbum
1142 2971 1539 3033 incarnatum.
1564 2970 1714 3032 Hinc
1748 2979 1994 3032 natura-

334 3075 464 3118 rum
495 3057 780 3120 unionem
813 3059 966 3122 adeo
993 3069 1165 3140 urget
1194 3068 1403 3122 contra
1434 3060 1772 3139 haereticos,
1809 3069 1870 3120 ut
1898 3059 1995 3122 in—

332 3148 566 3250 terdum
599 3151 946 3250 asseratDS,
970 3176 995 3207 α
1023 3150 1311 3250 Verbum,
1332 3150 1432 3250 qui
1463 3167 1706 3230 semper
1735 3151 1994 3210 humano
2015 3201 2054 3250 ο

332 3240 535 3316 generi
595 3237 785 3316 adest,
847 3240 1078 3302 unitum
1137 3241 1325 3304 fuisse
1375 3247 1435 3300 et
1464 3256 1853 3319 consparsum
1887 3255 1995 3299 suo

336 3328 628 3408 plasmati,
666 3339 724 3390 et
753 3348 993 3392 carnem
1028 3329 1273 3400 factum;
1321 3327 1625 3389 hominem
1657 3344 1796 3387 vere
1826 3344 1995 3388 com-

337 3417 578 3478 mistum
612 3419 809 3480 Verbo
871 3419 1000 3481 Dei.
1049 3443 1072 3474 ο
1141 3417 1282 3490 Quae
1338 3429 1538 3477 tamen
1571 3414 1885 3494 catholice,
1940 3423 1999 3476 et

340 3505 504 3567 salva
535 3525 777 3587 semper
825 3516 1172 3569 naturarum
1235 3505 1644 3576 distinctione,
1676 3503 1838 3565 dicta
1862 3521 1997 3566 esse

345 3597 602 3676 propriis
631 3597 779 3658 locis
809 3596 1201 3659 ostendimus.

412 3684 510 3748 65.
531 3685 604 3747 Et
626 3685 764 3746 hinc
789 3684 967 3746 etiam
1001 3685 1201 3746 Mariae
1228 3683 1578 3763 dignitatem
1615 3683 1994 3748 commendat

338 3776 600 3838 lrenmus
621 3775 704 3847 56,
729 3777 888 3856 quod
913 3776 1076 3856 virgo
1095 3793 1474 3856 permanens,
1507 3792 1709 3836 verum
1747 3775 1993 3838 Emma-

333 3863 606 3946 nuel,qui
635 3864 967 3927 substantia
990 3864 1151 3927 Deus
1173 3863 1688 3946 est,pepererit,et
1708 3873 1769 3925 ut
1792 3882 1992 3926 verum

332 3953 664 4031 hominem,
698 3953 785 4016 sic
816 3964 872 4016 et
895 3973 1097 4016 verum
1125 3953 1309 4017 Deum
1335 3955 1612 4034 genuerit
1642 3975 1658 4036 ;
1691 3973 1991 4036 vanosque

329 4041 1420 4128 Theodotionis,Aquila=.,aliorumque
1450 4044 1771 4128 impiorum
1804 4063 1988 4108 cona-

332 4143 430 4196 tus
459 4134 726 4216 dissipat.
759 4137 858 4217 qui
891 4137 1086 4217 pravis
1133 4134 1576 4217 Scripturarum
1628 4135 1989 4215 interpreta-

335 4223 601 4287 tionibus
627 4226 825 4287 Mariie
845 4225 1240 4305 virginitatem
1295 4225 1737 4307 oppugnabant.
1771 4225 1924 4287 Hinc
1957 4243 1991 4286 a

333 4313 635 4394 praecipuo
657 4314 760 4375 illo
796 4315 990 4376 Mariae
1011 4316 1230 4377 decore
1262 4325 1320 4378 et
1351 4316 1499 4378 illud
1529 4314 1806 4393 accersit,
1831 4313 1988 4393 quod

2093 1976 2250 2041 ιὶαη.
2275 1997 2405 2060 cap.
2439 1980 2498 2042 3.

2171 2069 2271 2132 66.
2298 2068 2432 2131 Haec
2466 2070 2620 2132 male
2653 2069 2877 2133 habent
2909 2065 3332 2151 hagiomachos
3379 2092 3612 2137 omnes.
3647 2074 3750 2138 In-

2089 2158 2404 2220 commode
2425 2159 2584 2220 dicta
2617 2169 2823 2239 putant
2847 2162 3393 2245 Magdeburgenses
3422 2163 3620 2227 53.His
3650 2184 3753 2244 pe-

2090 2247 2376 2310 tulantior
2406 2247 2721 2319 Gallasius,
2760 2250 2819 2310 in
2857 2251 2978 2312 suis
3033 2253 3104 2314 ad
3145 2261 3512 2334 postremum
3543 2253 3748 2317 [renati

2088 2337 2288 2400 locum
2322 2337 2901 2413 adnotationibus,in
2937 2343 3227 2405 Irenaeum
3261 2345 3452 2424 ipsum
3477 2351 3540 2408 et
3569 2353 3746 2406 caete-

2087 2445 2186 2487 ros
2221 2431 2444 2502 Patres,
2476 2435 2778 2510 totamque
2810 2429 3135 2493 Ecclesiam
3196 2433 3548 2495 catholicam
3585 2434 3745 2495 furit.

2083 2516 2447 2580 Moderatior
2459 2516 2802 2581 cl.Grabius
2818 2517 3030 2582 Irenaai
3053 2521 3298 2601 quidem
3327 2540 3594 2603 personae
3618 2540 3748 2604 par-

2083 2606 2189 2683 cit,
2221 2607 2422 2668 verbis
2447 2607 2730 2668 duntaxat
2763 2607 2876 2669 vim
2926 2609 3151 2672 inferre
3211 2611 3441 2674 nititur.
3495 2642 3517 2672 ε
3553 2612 3743 2686 Licet,

2080 2694 2292 2778 inquit,
2351 2697 2630 2758 advocata
2681 2698 2776 2758 hic
2836 2707 3168 2779 patronam,
3237 2729 3261 2761 ε
3318 2720 3450 2784 qua
3499 2719 3607 2782 pro
3655 2701 3747 2764 al-

2080 2794 2209 2846 tera
2268 2786 2622 2860 intercedat,
2681 2786 3063 2868 significaret,
3125 2789 3281 2858 nihil
3334 2799 3532 2853 tamen
3565 2789 3639 2854 de
3674 2792 3742 2853 B.

2082 2875 2268 2939 Maria
2314 2877 2438 2957 jam
2493 2876 2774 2937 defuncta
2843 2896 2974 2939 eam
3063 2879 3336 2962 accipere
3411 2888 3674 2958 cogeret.
3711 2904 3740 2936 ι

2084 2964 2338 3038 Quidni?
2369 2964 2433 3028 Si
2464 2964 2644 3028 Maria
2691 2965 2752 3027 in
2804 2968 2982 3030 terris
3011 2968 3259 3050 degens,
3297 2988 3402 3051 pro
3435 2987 3504 3032 ea
3536 2987 3654 3050 qua
3683 2971 3741 3032 in

2083 3054 2408 3116 humanum
2443 3073 2632 3135 genus
2663 3057 2949 3118 charitate
3007 3059 3315 3139 ﬂagrabat,
3374 3059 3743 3122 mediatricis

2080 3159 2148 3205 ac
2180 3153 2444 3224 patrona:
2477 3162 2725 3205 munere
2782 3146 2982 3207 functa
3011 3158 3125 3228 est,
3158 3167 3227 3210 ac
3262 3168 3366 3230 pro
3399 3149 3741 3212 hominibus

2081 3234 2443 3306 intercessit;
2477 3251 2548 3294 an
2585 3243 2905 3306 mortuam,
2955 3238 3057 3298 sed
3092 3240 3215 3302 Deo
3249 3239 3568 3316 viventem,
3603 3257 3736 3301 cum

2077 3318 2201 3382 Deo
2232 3331 2606 3400 regnantem,
2670 3321 2792 3383 Deo
2852 3323 2968 3404 ipsi
3027 3325 3331 3388 charitatis
3385 3328 3525 3388 fonti
3555 3327 3738 3391 altius

2076 3408 2242 3472 velut
2292 3410 2660 3492 immersam,
2724 3411 3006 3488 Charitas,
3060 3434 3210 3497 quae,
3245 3417 3527 3497 .\postolo
3557 3427 3734 3496 teste,

2077 3500 2668 3580 nunquam'exeidit,
2702 3500 2789 3562 sic
2845 3503 3085 3581 defecit,
3121 3513 3186 3566 ut
3215 3525 3448 3581 eorum,
3483 3525 3735 3588 quorum

2074 3595 2248 3651 antea
2266 3589 2685 3666 miserebatur,
2721 3608 2967 3673 prorsus
2990 3593 3193 3677 oblita,
3229 3596 3422 3657 nullas
3465 3615 3570 3678 pro
3592 3597 3735 3678 ipsis

2075 3696 2285 3761 preces
2315 3680 2566 3743 fundere
2589 3679 2868 3758 dignetur
2886 3681 2916 3742 ‘?
2971 3685 3151 3748 Certe
3183 3703 3358 3748 secus
3393 3685 3567 3765 longe
3590 3704 3736 3748 seu-

2076 3768 2226 3831 sisse
2249 3778 2482 3832 veteres
2501 3789 2710 3832 omnes
2731 3773 3029 3847 Patres,et
3048 3773 3372 3851 Ecclesias,
3408 3776 3643 3857 probat,
3671 3782 3737 3837 ut

2076 3858 2190 3920 alia
2211 3859 2874 3939 taceam,Liturgiarum
2893 3865 3158 3925 omnium
3180 3865 3733 3946 antiquissimarum

2075 3950 3090 4034 Graecarum,Latinarumque,quas
3109 3953 3239 4035 ipse
3261 3955 3523 4020 Grabius
3548 3971 3696 4016 vene
3712 3987 3731 3999 -

2074 4039 2308 4101 ratione
2337 4041 2546 4118 dignas
2577 4039 2902 4117 existimat,
2940 4061 3291 4120 consensus;
3326 4045 3387 4104 in
3419 4043 3632 4126 quibus
3662 4042 3728 4108 Β.

2072 4127 2270 4191 Maria:
2285 4130 2572 4190 auxilium
2600 4134 3151 4215 exposcit,ejusque
3177 4135 3414 4196 meritis
3444 4153 3512 4196 ac
3543 4134 3733 4215 preci-

2075 4216 2185 4278 bus
2205 4218 2435 4279 veniam
2461 4227 2865 4297 peccaturum,
2903 4232 2962 4282 et
2987 4223 3278 4286 beneﬁcia
3291 4234 3506 4286 caetera
3536 4223 3732 4305 impe-

2077 4318 2236 4369 trare
2259 4308 2456 4369 studet
2475 4305 2964 4382 Ecclesia.Quare
2983 4313 3234 4394 hujusce
3265 4313 3616 4375 ratiunculae
3638 4332 3732 4374 va-

330 4405 518 4463 Mater
545 4401 652 4464 Dei
685 4403 859 4472 facta,
893 4412 1108 4466 nostrae
1138 4405 1345 4466 salutis
1379 4405 1570 4486 prima
1601 4413 1731 4486 post
1774 4403 1988 4465 Filium
2077 4397 2320 4486 nitatem
2353 4396 2624 4457 sentiens
2651 4397 2738 4459 vir
2765 4399 2992 4462 clariss.
3026 4404 3214 4464 addit:
3247 4403 3404 4466 «Etsi
3431 4403 3730 4464 conceda-

332 4490 648 4552 mediatrix
680 4493 974 4555 evaserit:
1005 4511 1074 4554 ac
1103 4512 1209 4575 per
1239 4485 1574 4574 ejusﬁdem
1604 4485 1667 4554 et
1696 4493 1988 4554 obedien-
2012 4487 2055 4536 Ι)
2077 4495 2192 4560 tur,
2217 4485 2378 4547 illam
2411 4504 2568 4548 nunc
2601 4505 2707 4566 pro
2747 4489 3024 4552 ﬁdelibus
3054 4493 3196 4554 vivis
3227 4493 3507 4554 universe
3527 4491 3728 4553 consi-

328 4579 494 4654 tiam,
528 4581 778 4644 salutem
812 4601 881 4646 ac
911 4583 1387 4666 redemptionem
1424 4584 1672 4664 adeptos
1721 4601 1829 4643 nos
1859 4599 1992 4644 esse

333 4671 593 4747 asserit;
652 4691 784 4754 quae
842 4673 1207 4736 mediatricis
1261 4673 1802 4753 conciliatricisque
1854 4689 1988 4732 cum

326 4757 448 4822 Deo
483 4771 684 4842 partes
738 4771 899 4826 sunt.
937 4788 960 4821 ι
998 4765 1060 4816 57
1118 4763 1634 4837 Quemadmodum
1690 4762 1792 4823 illa
1829 4761 1992 4840 (Eva)

324 4868 518 4912 Virum
552 4852 794 4933 quidem
841 4851 1069 4916 habens
1121 4854 1332 4928 Adam,
1369 4855 1530 4933 virgo
1563 4861 1761 4914 tamen
1792 4851 1988 4913 adhuc

325 4936 764 5006 exsistens.....'
785 4943 1139 5006 inobediens
1170 4944 1341 5018 facta,
1371 4954 1428 5006 et
1448 4942 1588 5024 sibi,
1613 4951 1675 5005 et
1705 4941 1984 5004 universo

319 5031 534 5106 generi
564 5031 823 5094 humano
854 5051 1032 5095 causa
1064 5032 1216 5096 facta
1245 5042 1334 5096 est
1357 5033 1565 5095 mortis
1601 5053 1614 5097 :
1649 5031 1734 5094 sic
1761 5037 1817 5092 et
1849 5031 1982 5092 Ma-

320 5119 409 5180 ria
441 5120 928 5202 praedestinatum
963 5121 1193 5185 habens
1221 5123 1437 5194 virum,
1473 5131 1532 5185 et
1562 5131 1760 5185 tamen
1792 5120 1981 5202 virgo,

321 5207 927 5289 obediens,etsibi,et
956 5214 1236 5276 universo
1266 5213 1472 5293 generi
1507 5212 1766 5276 humano
1803 5230 1983 5273 causa

319 5296 467 5360 facta
497 5311 589 5362 est
618 5300 882 5364 salutis.»
919 5303 992 5365 Et
1013 5312 1220 5384 postea
1249 5323 1263 5360 :
1306 5301 1507 5376 «Quod
1540 5300 1979 5382 alligavitvirgo

320 5384 436 5448 Eva
465 5407 570 5470 per
599 5387 1228 5474 incredulitatem,hoc
1254 5393 1429 5455 solvit
1456 5393 1619 5472 virgo
1656 5391 1843 5455 Maria
1875 5407 1981 5469 per

319 5475 560 5538 ﬁdem.»
596 5477 668 5541 Et
695 5479 801 5542 lib.
831 5482 1076 5556 v,c.19:
1111 5482 1655 5556 aQuemadmodum
1682 5481 1786 5544 illa
1817 5478 1980 5560 (Eva)

2075 4575 2297 4636 deratis
2328 4575 2728 4647 intercedere.
2763 4578 2823 4640 id
2855 4581 3012 4662 quod
3056 4581 3490 4644 moderatiores
3516 4579 3730 4644 Prote-

2074 4665 2353 4725 stantium
2379 4664 2659 4727 doctores
2683 4667 2894 4730 merito
2925 4669 3275 4746 admittunt,
3309 4689 3386 4733 ne
3417 4669 3559 4731 inde
3592 4669 3728 4752 qui-

2072 4753 2208 4814 dem
2242 4754 2374 4835 ejus
2408 4754 2703 4818 invocatio
2736 4776 2766 4819 a
2792 4758 3043 4838 singulis
3068 4761 3218 4822 facta
3242 4758 3481 4842 probari
3502 4767 3726 4841 posset;

2073 4844 2230 4925 quod
2263 4845 2580 4922 incertum,
2618 4864 2692 4909 ne
2723 4847 2943 4930 dicam,
2999 4849 3210 4911 falsum
3247 4851 3348 4926 sit,
3380 4850 3605 4926 audiat,
3639 4849 3726 4912 vel

2068 4935 2332 5015 possitne
2360 4934 2569 4998 audire
2594 4937 2770 5000 simul
2805 4946 2887 5000 tot
2924 4939 3085 5001 mille
3120 4940 3428 5002 hominum
3460 4939 3728 5021 compel-

2066 5024 2339 5087 lationes.
2377 5049 2403 5080 ι
2440 5025 2558 5088 Sed
2591 5026 2642 5086 si
2683 5028 3116 5092 moderatiores
3141 5029 3602 5093 l’rotestantium
3625 5030 3728 5091 do-

2065 5122 2282 5192 ctores,
2318 5121 2467 5176 teste
2521 5116 2763 5193 Grabio,
2820 5121 3031 5182 merito
3079 5120 3424 5193 admittunt,
3458 5119 3722 5196 Mariam,

2063 5214 2434 5286 caeterosque
2466 5215 2702 5271 sanctos
2729 5229 2886 5274 nunc
2916 5230 3023 5294 pro
3057 5211 3336 5273 ﬁdelibus
3379 5210 3525 5273 vivis
3585 5211 3721 5272 uni-

2065 5313 2234 5358 verse
2258 5296 2653 5388 cqnsideratis
2685 5299 3089 5374 intercedere;
3122 5301 3442 5362 admittant
3475 5299 3726 5379 proinde

2063 5405 2310 5452 necesse
2342 5397 2453 5464 est,
2487 5390 2649 5452 nulla
2681 5391 2782 5454 uni
2818 5392 2923 5457 Dei
2955 5401 3014 5455 et
3073 5393 3382 5454 hominum
3413 5391 3726 5456 mediatori

2059 5481 2212 5543 facta
2241 5476 2483 5558 injuria,
2519 5479 2666 5543 alios
2725 5489 2942 5564 praeter
2979 5480 3279 5546 Christum
3311 5478 3720 5560 secundarios,

394 5655 627 5738 “Cap.
663 5658 764 5735 16,
799 5677 864 5721 ιι.
891 5660 931 5720 6
957 5679 978 5722 :
1009 5678 1144 5743 cap.
1173 5661 1266 5744 19,
1308 5681 1371 5724 ιι.
1403 5663 1467 5726 2.
1550 5658 1615 5714 55
1643 5661 1785 5740 Cap.
1819 5660 1922 5735 2t,
1957 5678 1994 5723 ιι

2084 5701 2113 5736 ι,
2148 5669 2207 5724 et
2235 5659 2374 5723 alibi
2400 5661 2645 5744 passim.
2726 5662 2791 5716 57
2819 5662 2961 5745 Cap.
2986 5661 3087 5741 92,
3123 5681 3185 5728 ιι.
3237 5663 3299 5728 4.
3382 5663 3449 5716 38
3475 5662 3628 5727 Cent
3650 5678 3716 5738 ιι,

315 5762 444 5824 cap.
482 5746 534 5809 4.
