4148 6462
296 492 413 558 31ῗ
1286 489 1792 554 DISSERTATIO
1834 485 1938 568 III,
1971 488 2071 550 DE
2101 487 2388 552 lREN/EI
2431 490 2720 552 LIBROS.
3593 490 3725 558 318

300 629 543 712 ipsique
577 627 884 708 subjectos
915 624 1277 689 niediatores
1326 643 1461 694 esse
1493 643 1689 707 posse,
1725 640 1978 706 quorum
2003 641 2040 680 Α
2064 618 2440 712 sbyterorum
2467 627 2746 705 arguunt;
2780 641 2899 685 non
2951 626 3450 712 contemplantes,
3505 636 3730 711 quanto

303 709 559 802 proinde
590 718 664 780 de
689 716 884 778 salute
943 723 1148 778 nostra
1194 713 1589 778 sollicitorum
1637 712 1980 797 praesidium
2065 709 2255 802 pluris
2273 711 2348 773 sit
2363 712 2924 792 idiotareligiosusa
2943 712 3290 798 blaSphemo
3308 709 3725 798 etimpudente

299 800 627 889 implorare
685 806 890 881 liceat,
953 813 1018 866 ut
1047 822 1154 885 per
1181 823 1286 866 eos
1315 803 1390 866 ad
1424 803 1816 887 principalem
1847 806 1977 867 Me-
2064 800 2349 890 sophista.
2374 802 2551 864 Tales
2581 810 2724 865 sunt
2755 809 2953 865 autem
3001 823 3211 868 omnes
3240 805 3592 889 haeretici,et
3620 806 3725 890 qui

293 896 594 960 diatorem
621 903 826 975 pateat
855 911 1165 957 accessus.
2063 908 2128 951 se
2151 889 2284 971 plus
2311 890 2538 973 aliquid
2566 905 2784 973 praeter
2807 891 3119 958 veritatem
3145 894 3415 959 invenire
3433 889 3718 978 putant...

376 988 478 1052 67.
511 985 657 1059 Sed,
704 988 787 1048 ait
817 983 1098 1064 Grabius,
1124 981 1302 1045 beata
1352 980 1536 1062 Virgo
1590 982 1799 1046 audire
1858 1000 1978 1044 non
2061 984 3716 1064 semperquaerentes,etnunquamveruminvenientes.»

291 1083 500 1159 potest
529 1075 710 1137 simul
741 1083 824 1136 tot.
867 1073 1036 1136 mille
1095 1071 1410 1134 hominum
1457 1071 1974 1154 compellationes.
2060 1067 2270 1131 Tutius
2303 1069 2480 1150 igitur
2511 1089 2644 1133 cum
2677 1070 2974 1151 religiosis
2994 1071 3116 1134 illis
3145 1072 3346 1135 idiotis
3373 1073 3716 1156 imperitum

295 1165 591 1244 Sagaccm
625 1165 848 1245 virum,
873 1164 1050 1244 cujus
1077 1180 1148 1224 ea
1176 1161 1492 1222 sitmentis
1521 1161 1704 1238 acies,
1739 1169 1804 1224 ut
1830 1161 1979 1222 bea-
2062 1176 2219 1236 esse,
2253 1177 2364 1222 nec
2397 1161 2696 1223 curiosius
2729 1161 3570 1244 inquirere,quemadmodum
3593 1167 3714 1240 fiat,

297 1263 500 1317 torum
536 1254 789 1316 intimos
820 1251 1010 1315 animi
1059 1270 1271 1314 sensus
1301 1249 1592 1313 altissime
1625 1250 1976 1333 pervadens,
2063 1248 2149 1311 uti
2181 1268 2392 1331 preces
2423 1259 2657 1314 nostras
2715 1251 2961 1315 audiant
2991 1254 3204 1335 sancti;
3238 1272 3418 1334 quam
3447 1274 3583 1317 cum
3615 1275 3715 1318 va-

289 1353 494 1409 certos
517 1344 744 1406 limites
777 1362 992 1406 eorum
1026 1340 1306 1404 audiendi
1339 1360 1410 1403 ac
1449 1340 1851 1421 cognoscendi
1881 1342 1974 1404 fa-
2057 1338 2151 1399 uis
2171 1339 2455 1420 sophistis
2475 1358 2715 1422 semper
2730 1341 3157 1423 quaerentibus,
3192 1352 3253 1405 et
3281 1363 3583 1426 nunquam
3617 1363 3714 1409 ve-

299 1435 516 1498 cultati
545 1433 850 1516 praefinire
895 1431 1123 1494 valeat?
1167 1431 1355 1494 Tanta
1405 1449 1524 1493 non
1558 1430 1666 1492 fuit
1691 1429 1976 1494 Ecclesia:
2056 1445 2188 1488 rum
2225 1428 2673 1492 invenientibus
2722 1449 2957 1512 sapere.
3010 1430 3282 1494 Sufficiat
3329 1452 3457 1495 rem
3491 1444 3714 1498 certam

295 1543 412 1608 per
433 1533 624 1586 totum
657 1523 892 1600 orbem,
944 1541 1169 1604 perque
1218 1519 1421 1583 omnia
1441 1529 1712 1603 tempora
1741 1521 1975 1584 diffusae
2057 1533 2213 1608 esse,
2239 1526 2300 1580 et
2330 1519 2392 1580 in
2423 1518 2696 1582 Ecclesia
2726 1539 2968 1602 semper
2993 1521 3356 1598 constitisse;
3381 1523 3715 1606 explicandi

303 1605 625 1695 sagacitas,
649 1632 776 1695 quae
807 1623 1052 1674 sanctos
1082 1621 1139 1673 et
1169 1629 1343 1673 orare
1375 1629 1484 1692 pro
1507 1611 1767 1687 nobis,et
1797 1629 1830 1672 a
1857 1629 1970 1672 no-
2056 1605 2270 1669 modus
2302 1609 2425 1671 Deo
2450 1608 2913 1672 committendus
2939 1632 2952 1674 :
2981 1629 3316 1692 quanquam
3344 1620 3540 1675 tamen
3561 1632 3712 1676 con-

298 1703 400 1766 bis
429 1703 690 1766 invocari
751 1721 928 1785 posse
977 1702 1196 1779 duxit;
1255 1709 1386 1763 rata
1433 1699 1713 1763 videlicet
1762 1719 1973 1782 preces
2053 1695 2170 1758 suli
2217 1715 2288 1759 ea
2316 1697 2393 1761 de
2422 1717 2488 1760 re
2520 1699 2707 1779 possit
2757 1700 3122 1779 Augustinus
3154 1700 3260 1762 lib.
3309 1702 3394 1764 De
3421 1721 3568 1766 cura
3597 1722 3709 1784 pro

298 1801 540 1856 nostras
568 1791 641 1854 ab
692 1792 768 1854 iis
815 1791 1013 1854 audiri
1065 1799 1124 1853 et
1155 1791 1407 1873 percipi.
1443 1788 1697 1852 Tantum
1745 1789 1972 1871 ingenii
2052 1788 2312 1850 mortuis
2330 1789 2843 1870 gerenda,cap.t5
2871 1797 2929 1851 et
2964 1790 3237 1870 l6,cujus
3259 1791 3610 1854 modestiam
3645 1793 3708 1855 iu

291 1883 574 1945 acumine
593 1900 714 1943 non
733 1882 1048 1943 valuerunt
1070 1889 1301 1942 veteres
1321 1878 1546 1954 Patres,
1583 1881 1682 1961 qui
1714 1879 1972 1962 plurima
1995 1913 2032 1964 Β
2054 1877 2356 1964 solvendis
2386 1877 2683 1958 ejusmodi
2713 1878 3143 1960 quaestionibus
3175 1880 3435 1944 laudabit
3480 1890 3538 1944 et
3567 1881 3707 1945 imi-

289 1991 429 2054 quae
457 1971 557 2033 hic
585 1980 898 2050 geruntur,
934 1969 1123 2032 beatis
1155 1968 1460 2051 explorata
1491 1986 1622 2032 esse
1654 1969 1970 2032 confiden-
1996 1962 2020 1964 “
2053 1962 2274 2026 tabitur
2296 1966 2518 2046 probus
2538 1976 2596 2030 et
2630 1967 2891 2047 prudens
2929 1969 3205 2050 quisque.

289 2071 386 2122 ter
404 2069 821 2124 asseruerunt.
858 2059 1033 2124 Certe
1081 2078 1294 2128 recens
1326 2077 1445 2120 non
1479 2066 1568 2121 est
1590 2059 1816 2133 Grabii,
1849 2058 1969 2120 imo

288 2151 522 2215 Calvini
544 2158 603 2212 et
626 2149 790 2212 Petri
807 2149 1066 2212 Molinzei
1100 2147 1385 2229 objectio.
1407 2146 1576 2210 Hanc
1607 2149 1831 2210 dudum
1854 2147 1967 2210 sibi

290 2241 633 2322 proposuit,
698 2239 997 2321 solvitque
1056 2237 1411 2301 Severianus
1471 2235 1968 2315 Gabalitanus,in

290 2348 482 2393 serm.
516 2330 658 2392 60c
673 2329 891 2392 mundi
912 2328 1170 2408 Opiﬁcio,
1207 2336 1355 2392 tom.
1388 2325 1465 2389 VI
1491 2326 1753 2408 Operum
1775 2327 1969 2409 Chry-

290 2419 695 2500 sost.,p.639.
723 2417 956 2500 Nempe
986 2433 1122 2482 cum
1147 2415 1422 2497 dixisset,
1457 2415 1772 2479 verissime
1797 2416 1856 2478 id
1892 2415 1968 2479 de

289 2526 359 2572 se
394 2509 734 2571 afﬁrmasse
767 2506 1114 2580 S.Mariam,
1139 2505 1398 2568 Beatam
1420 2523 1515 2568 me
1537 2507 1740 2569 dicent
1762 2521 1968 2569 omnes

291 2600 745 2679 generationes,
783 2595 1041 2658 subinde
1060 2596 1173 2657 hoc
1191 2594 1442 2676 opponit
1463 2594 1576 2656 sibi
1612 2615 1626 2669 ξ
1661 2620 1684 2651 α
1719 2595 1796 2660 Et
1823 2595 1968 2677 quid

299 2689 465 2750 illam
491 2687 665 2768 juvat
691 2685 875 2761 istud,
930 2684 1192 2765 inquies,
1227 2702 1362 2746 cum
1396 2701 1514 2745 nou
1547 2683 1776 2748 audiat?
1811 2708 1840 2742 ι
1865 2682 1972 2748 Cui

299 2779 386 2839 sic
406 2776 778 2858 respondet:
819 2796 848 2834 ‹
877 2773 1007 2838 lmo
1029 2792 1169 2835 vero
1202 2773 1462 2835 maxime
1494 2773 1678 2851 audit,
1713 2792 1785 2836 eo
1813 2774 1970 2855 quod

296 2868 361 2929 in
393 2867 523 2930 loco
550 2875 639 2929 est
671 2863 998 2944 splendido
1027 2866 1216 2927 Mater
1237 2862 1468 2940 salutis,
1504 2862 1636 2925 fons
1666 2862 1972 2926 sensibilis

288 2955 472 3018 lucis.
506 2979 536 3011 ι
571 2954 831 3017 Basilius
880 2953 992 3015 lib.
1028 2952 1113 3014 De
1156 2969 1306 3015 vera
1352 2952 1626 3032 virginit.
1678 2951 1968 3030 virginem

286 3048 417 3112 Deo
452 3051 870 3108 consecratam
903 3042 1214 3114 admonet,
1250 3048 1450 3103 utnon
1475 3049 1704 3104 tantum
1725 3041 1970 3123 angelos

2133 2054 2237 2118 68.
2271 2055 2459 2129 Quam
2493 2073 2698 2136 parum
2725 2065 2849 2119 tuta
2868 2057 2987 2122 sint
3017 2076 3252 2140 ea,qua3
3283 2079 3416 2124 mox
3449 2061 3704 2142 praeclu-

2051 2143 2239 2206 simus
2256 2145 2494 2226 effugia,
2517 2145 2703 2228 probe
2721 2148 2985 2210 sentiens
3005 2148 3364 2227 cl.Grabius,
3398 2150 3554 2214 aliud
3587 2151 3707 2214 sibi

2051 2252 2262 2314 parare.
2291 2235 2542 2312 studuit,
2568 2237 2803 2299 cmteris
2828 2245 3024 2299 tamen
3057 2257 3170 2300 nec
3200 2239 3438 2321 melius,
3463 2259 3574 2303 nec
3606 2249 3702 2304 tu-

2052 2321 2189 2387 tius.
2231 2324 2545 2399 Advocata,
2582 2326 2684 2406 ait,
2719 2345 2789 2388 ex
2837 2325 3043 2390 ϐιωοο
3087 2329 3452 2406 παράκλητος,
3485 2347 3701 2394 conso-

2050 2411 2246 2493 landi,
2280 2433 2398 2476 non
2431 2415 2845 2478 intercedendi
2903 2417 3393 2495 signiﬁcationem
3427 2419 3538 2483 hoc
3570 2421 3700 2484 loco

2050 2502 2361 2565 manifeste
2387 2503 2589 2581 habet;
2615 2504 2773 2586 quod
2807 2523 2876 2567 ex
2909 2506 3286 2587 quibusdam,
3341 2528 3458 2571 non
3491 2511 3700 2573 lrenaei

2058 2591 2384 2674 ipsius,sed
2417 2591 2770 2655 Tertulliani
2803 2595 3166 2658 testimoniis
3191 2597 3445 2678 probare
3477 2599 3707 2664 nititur.

2058 2681 2230 2745 Unde
2261 2681 2588 2759 concludit,
2624 2685 3000 2767 advocatam,
3035 2685 3094 2746 id
3132 2696 3224 2750 est
3255 2687 3710 2752 consolatricem

2054 2769 2189 2833 Eva;
2219 2778 2277 2833 et
2314 2775 2494 2834 totius
2528 2772 2767 2835 humani
2801 2774 3038 2853 generis
3090 2773 3163 2837 ab
3213 2778 3441 2840 Irenaeo
3491 2779 3609 2840 dici
3638 2779 3710 2845 B.

2055 2858 2386 2940 Virginem,
2451 2861 2591 2943 quia
2650 2863 2779 2924 haec
2831 2865 2955 2926 Deo
3011 2862 3322 2947 obediens,
3380 2869 3712 2933 secundum

2054 2950 2266 3032 Adam,
2299 2951 2658 3014 Salvatorem
2692 2952 2916 3014 mundo
2948 2955 3204 3035 peperit;
3238 2956 3395 3018 sicut
3424 2958 3526 3020 illa
3575 2960 3710 3024 dia~

2055 3039 2192 3102 bolo
2216 3059 2392 3104 aures
2415 3039 2710 3122 praebens.
2741 3041 3000 3123 primum
3026 3043 3310 3107 Adamum
3331 3047 3588 3125 seduxit,
3623 3049 3716 3112 in-

288 3144 597 3218 vereatur,
641 3134 747 3196 sed
783 3132 960 3196 etiam
995 3133 1306 3194 hominum
1339 3139 1707 3207 sanctorum,
1739 3151 1809 3195 ac
1854 3130 1968 3194 Pa-
1991 3201 2028 3218 Α
2054 3129 2252 3212 deque
2284 3132 2543 3212 posteris
2593 3131 2761 3194 exitii
2791 3150 2968 3195 causa
2996 3131 3129 3197 fuit.
3164 3132 3281 3197 Sed
3315 3135 3454 3217 quid
3489 3146 3606 3199 tam
3637 3140 3712 3201 fi-

287 3234 454 3288 trum
485 3201 757 3305 spiritus.
795 3244 825 3283 ι
854 3220 926 3284 Ει
955 3219 1099 3302 quid
1131 3220 1367 3298 singula
1397 3201 1830 3292 commemoro,
1869 3220 1968 3283 in-
1989 3201 2029 3253 C
2053 3201 2579 3310 dentersupponit
2610 3219 2888 3310 Grabius,
2941 3223 3232 3286 Irenaeum
3280 3201 3483 3290 Graece
3512 3226 3712 3310 scrip-

295 3315 451 3398 quit,
534 3313 887 3393 angelorum
959 3310 1437 3373 innumerabiles
1526 3310 1965 3386 multitudines,

298 3424 557 3487 cumque
586 3405 666 3466 iis
696 3412 940 3465 sanctos
969 3403 1212 3465 Patrum
1242 3401 1486 3482 spiritus
1508 3407 1536 3464 Ἰ
1562 3400 1779 3465 Nullus
1809 3401 1967 3463 enim

293 3514 506 3559 eorum
531 3501 651 3576 est,
685 3493 790 3575 qui
821 3509 941 3556 non
973 3491 1199 3572 ubique
1250 3490 1573 3572 prospiciat
1609 3511 1623 3554 :
1670 3509 1807 3552 cum
1839 3491 1972 3573 ipse

289 3584 540 3668 quidem
574 3583 848 3665 corporis
877 3580 1071 3644 oculis
1085 3599 1204 3642 non
1223 3581 1970 3662 conspectus,incorporeo

288 3685 496 3737 tamen
556 3673 697 3735 visu
741 3672 817 3735 ad
878 3669 1153 3733 notitiam
1209 3680 1426 3732 cuncta
1452 3669 1964 3751 complectatur.»

290 3763 676 3846 Augustinus
698 3760 1118 3835 serm.3tti,al.
1148 3759 1242 3836 94ῐ
1289 3760 1375 3822 De
1395 3759 1684 3834 diversis,
1720 3758 1972 3841 loquens

297 3854 376 3916 de
404 3854 590 3918 Paulo
623 3861 686 3914 et
726 3851 1029 3932 Stephano
1065 3869 1080 3912 :
1119 3872 1148 3905 α
1176 3847 1394 3926 Ambo,
1451 3849 1556 3929 ait,
1599 3848 1679 3910 ibi
1727 3867 1829 3910 vos
1875 3849 1968 3910 vi-

294 3943 477 4025 detis,
535 3942 720 4005 ambo
772 3940 951 4002 modo
1008 3957 1352 4001 sermonem
1407 3948 1676 4000 nostrum
1727 3939 1968 4020 auditis,

295 4032 476 4096 ambo
511 4051 619 4113 pro
657 4029 832 4094 nobis
864 4036 1097 4094 orate.)
1123 4027 1544 4092 Theodoretus
1575 4027 1682 4088 lib.
1716 4044 1841 4101 vni,
1878 4027 1971 4090 De

288 4123 592 4186 curandis
611 4119 975 4184 Grecorum
997 4115 1563 4198 affectionibusmhi
1591 4117 1669 4179 de
1699 4116 1971 4199 martyri-

293 4212 414 4275 bus
435 4212 576 4291 agit,
601 4227 807 4274 eorum
828 4207 1050 4270 refellit
1069 4224 1364 4282 errorem,
1394 4206 1495 4286 qui
1519 4215 1806 4288 martyres
1831 4225 1969 4269 cre—

295 4300 548 4376 debant,
585 4323 611 4356 ι
643 4298 874 4361 nullum
905 4315 1148 4359 sensum
1201 4313 1412 4358 eorum
1443 4297 1691 4371 habere,
1724 4315 1859 4379 quae
1904 4297 1967 4360 in

297 4390 478 4453 terris
499 4397 814 4470 geruntur;
854 4411 883 4443 ι
915 4387 1077 4468 (μιοὰ
1109 4404 1182 4450 ex
1214 4405 1285 4448 eo
1334 4386 1572 4461 refutat,
1614 4409 1634 4443 ι
1675 4386 1834 4468 quod
1867 4386 1966 4449 di-

293 4480 432 4542 vina
448 4479 703 4560 quadam
723 4476 1146 4541 etbeatissima
1161 4476 1223 4538 in
1242 4486 1406 4539 sorte
1427 4475 1732 4537 constituti
1753 4476 1896 4539 sint.
1933 4501 1960 4533 ι

2055 3307 2231 3391 sisse,
2262 3309 2653 3390 παράκλητοςῖ
2684 3311 3054 3392 Πιράχλτίιος,
3083 3311 3299 3394 inquit,
3333 3307 3708 3393 consolandi,

2054 3417 2175 3460 non
2207 3399 2626 3463 intercedendi
2673 3400 3166 3480 significatienem
3201 3402 3314 3466 hoc
3353 3404 3483 3466 loco
3515 3408 3709 3469 maui-

2053 3488 2202 3550 feste
2219 3489 2416 3552 habet.
2454 3488 2721 3570 Diceres,
2759 3491 3064 3553 hominem
3117 3489 3321 3556 Graeca
3350 3492 3559 3558 Irenaei
3593 3514 3714 3578 prae

2055 3578 2247 3641 oculis
2278 3579 2582 3668 habuisse.
2610 3579 2762 3654 Quid
2793 3581 2844 3642 si
2872 3581 3254 3661 contendam,
3287 3583 3450 3647 aliud
3481 3585 3713 3668 quidvis

2052 3667 2367 3750 scripsisse
2387 3667 2676 3732 Irenaeum
2689 3670 2868 3752 ,quod
2891 3667 3712 3756 deprecatricem,mediatri-

2051 3776 2176 3822 cem
2192 3767 2643 3841 aerequestrem
2665 3761 2992 3840 signiticet?
3022 3761 3150 3835 Quo
3180 3774 3532 3844 argumento
3561 3785 3712 3829 con-

2044 3847 2344 3930 jecturam
2389 3849 2542 3912 hanc
2583 3849 3294 3930 [CXXX\'ll]confulabit
3323 3854 3608 3918 Grabius?
3638 3858 3715 3920 At

2052 3939 2361 4021 scripserit
2393 3939 2679 4017 Irenwus,
2713 3941 3082 4021 παράκλητος,
3143 3943 3300 4005 haud
3335 3945 3705 4026 repugnabo.

2050 4028 2168 4091 Sed
2188 4029 2470 4091 curvocis
2517 4031 2693 4110 hujus
2720 4029 3214 4110 significationem
3247 4052 3279 4094 a
3312 4033 3704 4110 Tertulliano,

2052 4125 2112 4181 et
2137 4137 2254 4180 non
2279 4117 2476 4197 potius
2505 4117 2579 4179 ab
2611 4118 2838 4181 Irenaeo
2891 4119 3021 4200 ipso
3045 4123 3220 4200 petit?
3244 4121 3305 4182 Si
3328 4121 3572 4204 quidem
3605 4141 3706 4184 se-

2052 4208 2172 4269 mel
2201 4209 2486 4271 duntaxat
2513 4225 2583 4270 ea
2611 4226 2758 4271 voce
2787 4227 2930 4270 usus
2958 4217 3117 4271 esset
3160 4218 3376 4291 martyr
3395 4212 3708 4274 sanctissi-

2053 4315 2206 4380 mus,
2241 4297 2380 4360 ferri
2407 4307 2709 4380 utcunque
2740 4305 2965 4380 posset.
2999 4299 3074 4361 At
3104 4318 3238 4361 cum
3271 4300 3542 4362 eamdem
3575 4301 3709 4364 aliis

2048 4386 2110 4449 in
2144 4388 2292 4450 locis
2338 4387 2738 4470 usurpaverit,
2798 4406 2906 4451 cur
2935 4407 3006 4450 ea
3058 4407 3176 4452 non
3210 4390 3554 4453 conferebat
3578 4391 3708 4472 ejus

2050 4478 2264 4552 editor,
2301 4484 2363 4539 ut
2391 4478 2716 4558 genuinum
2740 4479 2902 4541 vocis
2949 4497 3191 4541 sensum
3215 4479 3290 4541 ab
3317 4478 3544 4543 Irenaeo
3575 4480 3706 4558 ipso

289 4567 589 4650 Denique,
623 4581 691 4630 ut
722 4566 982 4630 citandis
1011 4565 1287 4629 Patribcs
1317 4567 1496 4626 tinem
1519 4565 1756 4646 faciam,
1789 4584 1960 4627 eum-
1988 4574 2304 4649 Dpeteret,
2327 4565 2741 4650 Irenaeumque
2769 4586 2841 4631 ex
2890 4567 3118 4632 Irenaeo
3174 4569 3521 4652 explicaret?
3573 4569 3704 4642 Lib,

290 4660 434 4722 dem
458 4677 726 4722 errorem
744 4656 1032 4719 refellens
1052 4654 1380 4737 Gregorius
1396 4655 1686 4732 MagnJib
1700 4672 1799 4720 .xu
1823 4657 1957 4722 Μο-

286 4747 412 4812 ral.
445 4767 577 4830 cap.
605 4751 706 4822 ιθ,
732 4747 948 4810 eodem
974 4753 1328 4825 argumento
1363 4745 1832 4826 probat,animas
1861 4746 1958 4808 di-

284 4838 444 4901 vinaa
475 4838 629 4900 lucis
661 4855 731 4900 ac
759 4835 1063 4898 felicitatis
1085 4843 1419 4915 compotes,
1445 4853 1648 4896 rerum
1677 4836 1962 4898 humana-

283 4947 454 5006 rum,
488 4946 635 5010 quas
665 4927 828 4990 scire
876 4927 1140 5007 ipsarum
1191 4925 1465 5006 interest,
1497 4925 1809 4987 scientiam
1841 4944 1961 4988 non

279 5018 524 5098 fugere;
565 5039 588 5072 ι
628 5017 771 5098 quia
787 5033 919 5097 quae
939 5015 1099 5076 intus
1129 5014 1568 5097 omnipotentis
1587 5013 1691 5076 Dei
1718 5015 1959 5077 clarita-

283 5116 415 5170 tem
446 5105 854 5180 vident,nullo
888 5104 1068 5166 modo
1100 5105 1472 5168 credendum
1507 5110 1619 5180 est,
1653 5105 1793 5185 quia
1822 5105 1965 5166 foris

281 5197 365 5260 sit
419 5195 649 5278 aliquid
679 5195 844 5276 quod
875 5194 1180 5275 ignorent.
1228 5215 1258 5255 ι
1321 5192 1418 5257 Sic
1449 5194 1789 5257 sentiebant
1821 5194 1964 5257 boni

278 5287 372 5350 illi
407 5286 627 5366 idiotas,
685 5284 1028 5347 Christiana
1077 5284 1464 5365 simplicitate
1520 5293 1580 5346 et
1627 5284 1964 5347 humilitate

278 5375 492 5452 rudes,
521 5375 610 5438 sic
633 5373 992 5455 credebant,
1015 5373 1102 5436 sic
1125 5374 1256 5436 aliis
1289 5375 1652 5456 persuadere
1683 5374 1960 5438 niteban-

281 5476 403 5530 tur.
437 5462 501 5528 Si
561 5481 706 5528 vero
770 5463 1136 5546 imperitiam
1196 5482 1408 5527 eorum
1441 5478 1651 5542 arguat
1680 5465 1960 5540 Grabius,

279 5554 639 5620 meminerit
659 5553 735 5615 ab
762 5551 991 5616 lrenmo
1019 5554 1085 5606 59
1111 5554 1339 5617 dictum
1375 5575 1391 5612 :
1433 5552 1582 5626 «Qui
1613 5554 1965 5638 relinquunt

278 5645 658 5729 praeconium
681 5642 992 5722 Ecclesiae,
1043 5644 1411 5728 imperitiam
1442 5653 1784 5708 sanctorum
1818 5663 1962 5728 pre-

356 5835 412 5883 ³ο
452 5834 645 5911 lren.,
679 5833 788 5899 lib.
823 5851 885 5914 v,
915 5853 971 5902 c.
1018 5834 1120 5911 ΞΟ,
1157 5853 1220 5901 n.
1253 5835 1317 5900 9.

2044 4657 2373 4732 tu,c.18,n.
2394 4659 2455 4734 7,
2488 4659 2699 4721 scribit
2728 4659 3049 4724 Gnosticos
3081 4659 3496 4722 existimantes
3526 4659 3704 4722 Chri-
3744 4667 3751 4674 '

2046 4754 2204 4810 stum
2239 4748 2437 4828 Specie
2469 4757 2641 4811 tenus
2673 4749 2977 4812 hominem
3011 4749 3332 4823 exstitisse,
3357 4749 3547 4812 adhuc
3572 4767 3708 4812 esse

2048 4835 2156 4898 sub
2187 4836 2373 4899 veteri
2403 4837 2809 4915 damnatione,
2842 4863 2870 4896 α
2897 4839 3348 4902 advocationem
3372 4837 3706 4921 prmhentes

2051 4936 2358 5007 peccato”
2396 4927 2456 4989 id
2489 4937 2579 4990 est
2615 4952 2636 4983 ι
2675 4929 2946 5000 tutelam,
2983 4929 3708 5010 patrocinium,defensio-

2050 5033 2213 5078 nem.
2251 5040 2275 5074 ι
2311 5015 2534 5079 Eodem
2568 5036 2748 5080 sensu
2802 5017 2885 5082 ait
2915 5018 3020 5080 lib.
3054 5036 3135 5094 tv,
3175 5037 3228 5080 c.
3263 5017 3364 5100 34,
3399 5038 3455 5080 ιι.
3493 5020 3551 5082 4:
3591 5043 3618 5074 ι
3645 5020 3706 5083 Si

2047 5105 2504 5187 aliquisJudaeis
2533 5109 2980 5170 advocationem
3012 5108 3702 5190 praestans,erectionem

2047 5201 2172 5260 tem
2184 5197 2426 5278 pli,quai
2445 5205 2827 5279 posteaquam
2847 5198 2908 5260 in
2931 5198 3294 5280 Babylonem
3328 5198 3706 5278 transmigrao

2046 5288 2261 5360 verint,
2315 5290 2466 5348 facta
2495 5295 2588 5350 est
2639 5288 2748 5349 sub
2782 5287 3136 5370 Zorohabel,
3171 5295 3231 5350 et
3270 5285 3701 5350 discessionem

2045 5375 2275 5458 populi,
2301 5395 2434 5458 quae
2455 5378 2605 5440 facta
2627 5386 2716 5440 est
2738 5385 2871 5460 post
2898 5378 3272 5460 septuaginta
3301 5395 3516 5458 annos,
3549 5377 3708 5440 dicat

2045 5466 2161 5528 hoc
2190 5483 2324 5529 esse
2354 5485 2572 5529 novum
2603 5466 3084 5548 Testamentum,
3120 5474 3462 5547 cognoscat,
3499 5491 3530 5526 ι
3581 5475 3701 5531 etc.

2043 5555 2146 5618 Sic
2173 5563 2230 5618 et
2261 5554 2365 5619 lib.
2402 5573 2490 5632 ιιι,
2522 5574 2578 5619 c.
2609 5558 2716 5632 l3,
2753 5576 2814 5619 n.
2848 5558 2885 5619 8
2913 5574 2927 5620 :
2977 5581 3005 5614 ι
3031 5557 3140 5630 Qui
3164 5556 3584 5620 contradicunt
3603 5575 3704 5619 sa-

2045 5643 2155 5706 luti
2188 5645 2735 5710 Adae...advocatos
2761 5665 2825 5710 se
2853 5646 3153 5730 serpentis
3183 5655 3243 5710 et
3263 5647 3471 5710 mortis
3493 5657 3700 5716 osten-
