4148 6400
282 372 400 443 321

1200 376 1709 447 DISSEBTATIO
1741 383 1853 463 ΙΙΙ,
1904 380 2001 443 DE
2032 378 2322 441 lREN/EI
2367 378 2781 444 DOCTRINA.

3579 378 3700 445 322

280 523 554 595 terquem
587 512 747 593 quod
778 511 856 575 de
889 510 1134 577 nomine
1166 521 1225 574 et
1256 514 1613 579 auctoritate
1648 515 1953 579 seniorum
1975 523 2014 572 Α
2040 513 2197 589 gisse
2231 510 2442 592 probat
2476 529 2549 574 ex
2595 509 2950 595 Evangeliis,
2983 531 3104 576 non
3135 512 3210 577 ab
3240 515 3369 596 ipso
3398 514 3695 598 baptismo

284 603 520 666 illorum
553 602 710 684 quod
744 601 823 664 de
855 603 1102 665 nomine
1157 613 1215 666 et
1260 605 1614 669 auctoritate
1649 605 1955 668 seniorum
2041 611 2316 664 numerat
2343 599 2627 684 Irenaus,
2673 601 2780 662 sed
2821 601 2896 664 ab
2946 621 3015 666 eo
3066 603 3350 666 duntaxat
3399 612 3695 688 tempore,

283 708 350 755 ut
380 694 460 755 ait
483 691 799 773 Eusebius,
832 693 1142 771 pertenuis
1174 693 1819 777 ingenii,[CXXXVlll]
1844 713 1955 757 nec
2039 708 2156 771 quo
2186 692 2452 771 magistri
2484 711 2736 755 munere
2765 691 2934 773 fungi
2965 694 3162 775 capit.
3195 688 3347 767 Quid
3391 713 3535 757 vero
3563 692 3695 758 Ire-

279 800 654 862 eorum,qua
682 779 759 842 ab
786 783 1077 862 apostolis
1107 785 1411 861 audierat,
1438 804 1683 848 sensum
1716 801 1958 865 semper
2038 798 2233 842 meum
2266 786 2325 843 in
2360 790 2476 843 tam
2505 782 2830 852 insolitam.
2884 791 2943 844 et
2966 801 3102 845 cum
3133 782 3465 864 Evangeliis
3494 803 3527 847 e
3556 784 3692 847 dia-

270 873 564 958 assecuti,
596 891 775 952 enjus
807 880 1012 934 tamen
1071 872 1212 937 ﬁdei
1263 876 1397 956 plus
1449 894 1619 958 aquo
1651 874 1952 938 tribuebat
2040 879 2229 932 metro
2261 881 2622 952 pugnantem
2655 871 2999 955 opinionem
3032 872 3366 948 adduxerit,
3390 871 3691 939 utChristi

264 957 564 1042 lrenaus,
614 961 675 1023 id
722 962 1005 1042 accipere
1054 965 1271 1045 potuit,
1306 965 1465 1046 quod
1525 957 1762 1046 narrat;
1800 964 1946 1028 illud

265 1059 503 1115 tantum
536 1071 572 1113 a
602 1052 952 1114 senioribus
976 1051 1515 1137 illis,quincunque
1541 1054 1780 1117 tandem
1802 1054 1941 1129 sint,

259 1141 707 1216 audierat,non
739 1141 1037 1206 Christum
1083 1162 1238 1205 anno
1270 1145 1460 1207 atatis
1490 1145 1614 1207 fere
1644 1144 1944 1226 quinqua-

261 1231 506 1313 gesimo
535 1249 779 1312 passum
811 1232 1085 1305 esse,sed
1114 1234 1507 1297 declinantem
1528 1234 1651 1315 jam
1674 1234 1731 1295 in
1754 1233 1950 1296 senio.

260 1339 401 1383 rem
435 1328 672 1383 atatem
708 1331 1014 1384 mortuum
1052 1342 1207 1404 esse;
1230 1343 1406 1405 quam
1437 1324 1689 1386 senilem
1717 1331 1947 1387 atatem

270 1429 350 1473 ex
375 1409 646 1485 arbitrio,
682 1419 743 1473 et
794 1412 1218 1493 disputationis
1262 1423 1413 1475 astu
1465 1414 1638 1495 paulo
1687 1414 1942 1493 longius,

273 1518 463 1582 quam
496 1518 602 1581 par
629 1500 861 1578 fuisset,
885 1501 962 1563 ab
986 1502 1399 1565 haereticorum
1429 1504 1724 1566 sententia
1744 1502 1941 1566 disce-

270 1589 458 1662 dens,
492 1590 869 1668 postmodum
902 1591 1331 1672 interpretatus
1364 1601 1476 1655 est.

358 1680 465 1743 72.
497 1676 562 1740 Id
583 1698 719 1758 ergo
747 1680 1312 1763 verissimum,quod
1347 1682 1621 1744 observat
1655 1682 1940 1760 Augusti-

274 1787 391 1830 nus
422 1768 525 1829 lib.
558 1784 600 1831 Π
636 1769 721 1829 De
757 1770 922 1865 doct,
968 1770 1189 1865 Christ.
1227 1790 1358 1865 cap.
1399 1771 1502 1845 28,
1532 1773 1686 1865 torte
1716 1773 1776 1834 in
1807 1771 1933 1865 ire-
1961 1816 1999 1865 Β

271 1877 468 1920 naum
503 1867 769 1920 nostrum
800 1859 1054 1940 digitum
1102 1861 1442 1936 intendens,
1484 1890 1507 1924 ι
1541 1861 1935 1951 ignorantiam

268 1948 619 2010 consulatus
642 1967 759 2029 quo
792 1960 966 2011 natus
997 1958 1087 2012 est
1120 1952 1429 2032 Dominus,
1464 1959 1522 2012 et
1567 1948 1686 2029 quo
1730 1971 1938 2032 passus

264 2047 385 2111 est,
442 2038 767 2100 nonnullos
818 2039 1089 2119 coegisse
1119 2059 1344 2119 errare,
1381 2046 1446 2103 ut
1479 2049 1753 2123 putarent
1783 2062 1931 2124 qua-

263 2127 547 2208 draginta
592 2146 694 2189 sex
741 2146 1043 2190 annorum
1078 2138 1248 2193 atate
1280 2150 1519 2212 passum
1554 2150 1691 2193 esse
1722 2132 1933 2194 Domi-

263 2237 433 2280 num.
475 2243 505 2274 ι
539 2218 749 2280 Mirari
774 2226 972 2282 tamen
1004 2218 1188 2294 subit,
1215 2223 1313 2302 qui
1344 2219 1631 2291 Ireuaus,
1659 2223 1752 2283 cui
1779 2240 1929 2284 con-

256 2308 417 2370 stitit
442 2308 749 2371 Christum
774 2328 935 2371 anno
958 2312 1151 2373 atatis
1188 2311 1268 2375 30
1310 2309 1670 2392 baptismum
1719 2329 1929 2373 susce-

254 2397 450 2481 pisse,
475 2408 618 2460 etex
634 2397 977 2478 Evangeliis
1005 2407 1375 2479 compertum
1392 2400 1497 2462 fuit
1523 2399 1636 2461 tria
1653 2398 1933 2463 duntaxat

253 2507 290 2550 a
322 2488 628 2568 baptismo
650 2489 941 2551 Paschata
970 2488 1271 2552 celebrata
1298 2488 1371 2551 ab
1406 2490 1620 2552 eodem
1652 2488 1928 2565 fuisse,id

253 2578 374 2661 sibi
400 2578 464 2639 in
495 2578 764 2639 animum
796 2578 1084 2642 inducere
1116 2582 1324 2662 potuit,
1358 2598 1493 2643 eum
1521 2588 1641 2643 tum
1689 2600 1929 2665 passum

261 2667 473 2743 fuisse,
509 2687 644 2729 cum
672 2667 797 2747 jam
834 2687 1060 2730 annum
1096 2669 1617 2751 quadragesimum
1645 2671 1933 2734 excessis-

259 2765 358 2819 set
413 2767 476 2820 et
521 2756 1080 2838 quinquagesimum
1134 2778 1320 2841 prope
1375 2759 1732 2838 attingeret.-
1780 2759 1931 2824 Illud

262 2848 430 2909 enim
461 2848 514 2908 si
543 2865 1035 2924 verum,necesse
1052 2858 1143 2911 est
1168 2848 1600 2915 existimaverit
1628 2848 1931 2916 Christum

256 2956 387 2999 non
422 2946 515 2999 ter
534 2947 787 3011 tantum,
821 2938 928 3001 sed
961 2939 1099 3021 plus
1128 2959 1303 3021 quam
1338 2939 1665 3004 duodecies
1709 2960 1742 3004 a
1789 2940 1933 3024 bap-

256 3026 441 3088 tismo
474 3027 1137 3109 Pascha,peregisse.ld
1170 3050 1354 3092 unum
1385 3031 1738 3111 responderi
1758 3050 1933 3112 posse

255 3118 522 3194 videtur,
558 3117 853 3181 lrenaum
888 3119 1548 3202 credidisse,Christum
1582 3138 1702 3183 non
1735 3122 1934 3184 statim

258 3226 296 3269 a
325 3206 628 3288 baptismo
659 3208 922 3270 docendi
958 3228 1172 3271 munus
1203 3210 1567 3292 suscepisse,
1589 3211 1695 3273 sed
1731 3211 1932 3274 tandiu

265 3294 650 3379 delitescere,
689 3297 1102 3379 privatamque
1150 3299 1327 3361 vitam
1387 3302 1608 3381 degere
1650 3320 1933 3382 perseve-

265 3404 457 3461 rasse,
491 3386 686 3450 donec
716 3389 982 3469 magistri
1008 3387 1241 3451 aetatem
1275 3389 1601 3470 perfectam
1631 3401 1938 3456 assecutus

267 3485 449 3565 esset;
484 3486 613 3539 tum
644 3497 785 3541 vero
819 3480 1010 3560 palam
1031 3480 1273 3560 prodire
1292 3497 1359 3541 ac
1384 3481 1728 3559 magistrum
1759 3484 1937 3562 agere

259 3566 549 3649 coepisse,
584 3586 722 3629 cum
765 3588 987 3631 annum
1031 3569 1217 3631 atatis
1247 3569 1772 3652 quadragesimum
1809 3581 1935 3634 ter-

265 3656 411 3718 tium
445 3665 552 3718 aut
583 3666 858 3738 quartum
892 3657 1274 3737 attigisseth
1297 3676 1430 3721 esse
1460 3659 1693 3722 videtur
1720 3661 1933 3723 verbo—

266 3764 399 3807 rum
430 3745 685 3809 istorum
718 3767 931 3810 sensus
966 3767 981 3811 :
1020 3771 1042 3805 a
1067 3747 1336 3828 Triginta
1367 3748 1607 3829 quidem
1643 3770 1934 3813 annorum

268 3836 586 3911 exsistens,
622 3856 758 3899 cum
790 3837 1027 3900 veniret
1054 3839 1124 3899 ad
1163 3838 1781 3918 baptismum,deinde
1816 3861 1931 3905 ma-

268 3926 438 4005 gistri
460 3936 696 3988 atatem
725 3928 1051 4006 perfectam
1085 3927 1316 3989 habens
1348 3931 1505 3991 venit
1534 3928 1933 4013 Hierusalem,

266 4017 352 4077 ita
387 4024 449 4077 ut
476 4016 554 4078 ab
586 4018 868 4079 omnibus
905 4018 1075 4098 juste
1132 4018 1370 4080 audiret
1419 4019 1725 4098 magister.
1768 4046 1795 4077 »
1850 4020 1940 4083 Ibi

257 4107 664 4187 quippeinter
682 4107 962 4189 baptismi
979 4117 1035 4168 et
1048 4107 1302 4171 docendi
1320 4118 1556 4189 tempus
1572 4108 1939 4189 distinguere

260 4197 531 4276 videtur,
561 4197 941 4279 alterumque
969 4196 1044 4257 ab
1075 4197 1267 4260 altero
1300 4218 1419 4260 non
1467 4216 1791 4278 paucorum
1826 4219 1938 4262 an-

266 4303 487 4346 norum
536 4286 724 4365 spatio
774 4286 1080 4348 dirimere.
1144 4285 1319 4350 Venit
1367 4287 1610 4370 quidem
1663 4290 1832 4353 Iesus
1862 4290 1935 4352 ad

266 4373 635 4455 baptismum
696 4375 940 4455 triginta
990 4396 1283 4439 aunt-rum
1345 4382 1664 4458 exsistens,
1699 4378 1757 4441 id
1822 4388 1932 4456 est,

268 4464 484 4528 Irenai
512 4484 717 4541 sensu,
749 4466 946 4529 adhuc
958 4467 1225 4547 juvenis;
1258 4486 1393 4529 nam
1434 4467 1712 4544 «triginta
1740 4488 1932 4533 anno-

2032 960 2475 1043 pradicationis
2513 970 2747 1044 tempus
2777 981 2812 1025 a
2844 962 3141 1044 baptismo
3188 970 3348 1025 tanto
3393 981 3685 1025 annorum

2030 1052 2218 1131 Spatio
2238 1050 2572 1129 dirimeret,
2608 1070 2727 1114 non
2759 1052 2954 1129 video,
2976 1070 3087 1114 nec
3116 1052 3436 1134 quidquam
3467 1071 3683 1115 occur-

2028 1139 2127 1213 rit,
2179 1141 2341 1222 quod
2387 1141 2682 1204 sententia
2730 1149 2847 1203 tam
2897 1141 3102 1223 procul
3148 1140 3438 1204 eberrans
3481 1160 3516 1204 a
3545 1158 3686 1203 vero

2033 1229 2290 1291 emolliri
2323 1229 2778 1313 possit.Nodum
2803 1231 2960 1293 bunc
2980 1230 3279 1307 scindere,
3308 1250 3428 1292 non
3459 1229 3688 1294 solvere

2035 1327 2280 1383 tentavtt
2309 1320 2692 1383 doctissimus
2720 1321 3014 1383 Antonius
3046 1322 3281 1402 l’agius,
3315 1330 3356 1384 t.
3390 1318 3415 1383 Ι
3443 1322 3686 1385 Critiae

2031 1410 2370 1473 Historicu-
2383 1410 2844 1493 Chronological:
2873 1412 2933 1473 in
2950 1410 3212 1473 Annales
3241 1410 3681 1492 Baronii,p.24,

2030 1498 2177 1562 edit.
2230 1500 2522 1582 Antuerp.
2559 1501 2736 1577 1705,
2801 1500 2906 1564 sed
2960 1500 3304 1563 infeliciter.
3363 1499 3680 1563 Existimat

2027 1587 2212 1663 enim,
2248 1607 2316 1652 ea
2346 1590 2548 1652 omnia
2608 1608 2741 1672 qua
2784 1589 2939 1672 apud
2993 1588 3284 1652 lrenaum
3331 1589 3407 1652 de
3458 1591 3680 1653 seniori

2025 1678 2245 1742 Christi
2274 1687 2443 1741 atate
2477 1683 2776 1760 leguntur,
2807 1685 3096 1761 corrupta
3127 1697 3266 1742 esse
3291 1685 3350 1743 et
3382 1679 3675 1744 insititia.

2023 1766 2142 1830 Sed
2169 1767 2233 1831 id
2262 1768 2395 1831 aliis
2423 1768 2813 1849 argumentis,
2848 1786 3026 1851 quam
3056 1767 3240 1831 meris
3284 1767 3671 1849 conjecturis,

2020 1856 2216 1939 iisque
2247 1859 2571 1920 admodum
2597 1857 2854 1924 inﬁrmis
2887 1857 3257 1940 probandum
3307 1865 3490 1920 esset.
3522 1858 3673 1923 Nam

2021 1958 2419 2031 praeterquam
2453 1948 2613 2030 quod
2645 1956 2762 2010 tota
2792 1948 2977 2011 oratio
3010 1947 3158 2011 adeo
3188 1946 3304 2010 sibi
3325 1945 3676 2024 coharet,ut

2020 2038 2185 2100 nulla
2234 2056 2371 2119 pars
2420 2038 2593 2101 avelli
2624 2037 2832 2120 possit,
2867 2039 3012 2120 quin
3043 2045 3164 2100 tota
3193 2037 3584 2118 dissolvatur;
3614 2045 3673 2098 et

2019 2128 2230 2209 stylus,
2261 2128 2363 2210 qui
2412 2138 2576 2191 certe
2630 2126 2841 2191 Irenai
2891 2137 3002 2211 est,
3036 2136 3097 2191 et
3124 2126 3306 2189 verba
3335 2144 3567 2209 qua-ex
3600 2145 3670 2189 eo

2014 2217 2198 2280 refert
2219 2216 2514 2281 Eusebius
2543 2218 2649 2280 lib.
2686 2235 2752 2282 Ill
2781 2218 2948 2282 Hist.
2983 2217 3202 2300 cap.23
3233 2227 3327 2295 (ea
3351 2215 3665 2288 nimirum.

2014 2307 2230 2389 quibus
2259 2310 2614 2371 sententiam
2639 2326 2805 2370 suam
2837 2328 2871 2371 a
2900 2308 3143 2372 Joannis
3171 2306 3477 2389 dissipulis
3492 2324 3669 2369 acce-

2014 2396 2174 2478 pisse
2206 2415 2272 2459 se
2294 2398 2606 2478 proﬁtetur
2633 2396 3159 2478 Irenaus)omnem
3192 2394 3668 2476 interpolationis

2015 2485 2424 2566 suspicionem
2453 2486 2738 2552 eximunt.
3422 2514 3425 2517 ν

2101 2575 2197 2638 73.
2233 2577 2495 2638 Laudem
2528 2595 2667 2640 vero
2701 2584 2965 2639 meretur
3004 2573 3163 2658 quod
3197 2572 3403 2638 scribit
3462 2581 3671 2638 auctor

2016 2674 2245 2741 noster,
2278 2665 2385 2730 lib.
2420 2685 2475 2748 ν,
2511 2685 2567 2732 c.
2600 2666 2701 2744 31,
2737 2685 2799 2729 n.
2836 2668 2896 2743 1,
2931 2666 3235 2730 Christum
3260 2672 3391 2746 post
3414 2672 3666 2727 mortem

2015 2773 2181 2816 suam
2223 2754 2411 2817 tribus
2451 2755 2663 2819 diebus
2688 2763 3098 2819 conversatum
3133 2772 3267 2817 esse
3306 2779 3330 2811 α
3366 2753 3467 2815 ubi
3499 2763 3668 2816 erant

2013 2845 2256 2920 mortui,
2290 2846 2821 2926 quemadmodum,
2858 2846 3071 2926 inquit,
3106 2847 3403 2926 l’ropheta
3456 2845 3539 2906 ait
3587 2844 3665 2905 de

2013 2953 2085 2996 eo
2114 2956 2129 2999 :
2154 2935 2664 2998 Comtnemoratus
2687 2944 2778 2999 est
2807 2936 3096 2999 Dominus
3125 2942 3466 2996 sanctorum
3500 2950 3662 2996 mor-

2016 3033 2255 3086 tuorum
2309 3043 2578 3097 suorum,
2614 3044 2823 3089 eorum
2872 3026 2970 3106 qul
3001 3034 3142 3087 ante
3200 3024 3584 3086 dormierunt
3611 3024 3675 3084 in

2019 3123 2176 3177 terra
2209 3115 2600 3196 sepelitionis,
2634 3123 2692 3177 et
2746 3114 3153 3177 descenditad
3196 3131 3320 3185 eos.
3357 3114 3672 3176 extrahere

2018 3221 2121 3266 eos
2144 3210 2205 3265 et
2234 3204 2471 3268 salvare
2493 3222 2621 3269 eos.
2665 3228 2687 3263 ι
2719 3203 2842 3267 Nec
2878 3203 3075 3266 minus
3107 3202 3267 3266 clare
3296 3203 3342 3267 Ι.
3376 3219 3462 3285 1v,
3484 3221 3540 3266 c.
3570 3202 3670 3284 27,

2020 3312 2077 3354 n.
2114 3292 2202 3356 2:
2244 3315 2272 3353 ‹
2302 3292 2623 3356 Dominum
2683 3294 2744 3357 in
2792 3312 2884 3368 ea,
2948 3312 3080 3375 qua
3135 3303 3275 3355 sunt
3322 3291 3438 3354 sub
3491 3301 3672 3368 terra,

2020 3382 2431 3465 descendisse,
2468 3384 2970 3465 evangelizantem
3005 3390 3065 3446 et
3107 3382 3227 3445 illis
3261 3407 3286 3441 ιι
3323 3381 3671 3460 (veteribus,

2023 3476 2124 3554 qui
2149 3472 2275 3554 jam
2308 3492 2342 3537 e
2371 3474 2517 3536 vivis
2567 3478 2968 3554 excesserant)
3025 3498 3053 3530 α
3094 3472 3412 3535 adventum
3459 3490 3672 3549 suum;

2021 3563 2384 3626 remissione
2408 3572 2786 3645 peccatorum
2819 3562 3146 3626 exsistente
3172 3562 3265 3624 his
3296 3561 3398 3643 qui
3419 3562 3676 3625 credunt

2019 3650 2083 3713 in
2114 3653 2342 3728 eum,id
2375 3654 2586 3735 estqui
2611 3654 2933 3716 adventum
2952 3652 3083 3733 ejus
3095 3650 3665 3733 pranuntiaveruut,

2021 3748 2082 3803 et
2111 3741 2604 3823 dispositionibus
2635 3743 2764 3824 ejus
2819 3743 3178 3817 servierunt,
3206 3742 3356 3822 justi
3413 3749 3471 3803 et
3526 3759 3669 3823 pro-

2021 3832 2263 3913 pheta,,
2298 3841 2357 3895 et
2388 3833 2740 3913 patriarcha
2783 3849 2797 3895 :
2832 3832 3047 3914 quibus
3101 3830 3377 3894 similiter
3405 3838 3468 3893 ut
3499 3830 3671 3892 nobis

2020 3921 2253 3982 remisit
2278 3930 2685 4003 pcccata,qua
2707 3939 2827 3984 non
2853 3930 3084 4003 oportct
3108 3938 3216 3982 nos
3235 3920 3531 4001 imputare
3553 3920 3670 3996 his,

2022 4010 2073 4073 si
2103 4012 2422 4091 quominus
2454 4012 2899 4075 contemnimus
2928 4012 3175 4089 gratiam
3197 4010 3367 4073 Dei.)
3401 4010 3671 4092 Denique

2023 4101 2293 4182 ejusdem
2322 4100 2481 4163 libri
2535 4121 2590 4164 c.
2648 4102 2750 4178 22,
2781 4120 2840 4163 n.
2878 4104 2900 4162 1
2947 4122 2960 4164 :
2998 4123 3026 4160 σ
3064 4100 3404 4182 passionem
3454 4100 3672 4163 Christi

2024 4191 2600 4272 expergefactionem
2632 4209 2768 4254 eSse
2814 4189 3238 4253 dormientium
3272 4189 3668 4272 dispulorum,

2022 4289 2274 4362 propter
2302 4300 2453 4362 quos
2485 4290 2543 4343 et
2567 4281 2879 4345 descendit
2924 4279 2988 4341 in
3036 4278 3321 4342 inferiora
3382 4290 3578 4362 terra,
3612 4280 3673 4342 id

2020 4373 2176 4453 quod
2207 4381 2333 4433 erat
2362 4373 2421 4433 in
2448 4380 2756 4453 operatum
2774 4369 3136 4435 conditionis
3153 4370 3419 4434 visurum
3452 4370 3663 4451 oculis,

2019 4463 2095 4524 de
2128 4461 2341 4543 quibus
2378 4470 2435 4524 et
2463 4461 3025 4543 dicebatdiscipulis
3052 4483 3066 4526 :
3093 4460 3258 4524 Multi
3289 4462 3593 4543 propheta
3614 4471 3672 4524 et

261 4572 403 4616 rum
434 4565 599 4629 atas,
638 4579 661 4613 ι
700 4525 765 4618 ut
790 4558 919 4637 ipse
950 4525 1052 4627 siit,
1090 4582 1118 4613 α
1152 4525 1346 4639 prima
1389 4525 1610 4619 indolis
1640 4560 1932 4640 estjuvc-
1955 4525 2000 4578 θ
2012 4525 2162 4634 justi
2191 4552 2509 4633 cupierunt
2530 4553 2735 4615 videre
2770 4562 2827 4614 et
2857 4525 3227 4633 audire,qua
3249 4525 3351 4615 vos
3380 4525 3588 4616 videtis
3609 4560 3671 4617 et

268 4643 363 4704 nis
396 4660 412 4706 :
447 4668 475 4701 ι
524 4644 691 4726 prius
741 4655 941 4708 autem
1003 4665 1122 4708 non
1177 4646 1337 4709 venit
1389 4645 1788 4725 Hierusalem,
1852 4649 1936 4713 ibi

267 4734 503 4797 Pascha
534 4734 948 4816 primum,non
981 4755 1049 4797 ex
1077 4756 1192 4817 quo
1212 4735 1568 4817 baptismum
1590 4748 1937 4820 susceperat

266 4823 379 4884 sed
413 4843 481 4884 ex
511 4844 627 4905 quo
661 4825 856 4905 palam
890 4826 1116 4889 docere
1162 4836 1443 4908 caperat,
1494 4826 1931 4908 celebraturus,

262 4933 443 4997 quam
480 4914 748 4996 magistri
796 4924 1033 4979 atatem
1099 4917 1423 4997 perfectam
1483 4916 1754 4993 haberet,
1792 4920 1936 4982 etin

256 5004 495 5066 senium
520 5004 648 5085 jam
681 5005 1035 5074 declinaret.
1068 5005 1122 5067 id
1148 5015 1261 5080 est,
1299 5014 1365 5068 ut
1397 5016 1603 5086 postea
1655 5007 1934 5088 explicat,

253 5112 486 5157 annum
550 5097 740 5157 atatis
798 5095 1331 5177 quadragesimum
1392 5098 1733 5160 excederet.
1799 5096 1939 5162 Tria

255 5183 685 5266 prainde,qua
716 5185 1020 5248 Christum
1053 5183 1409 5268 baptizatum
1439 5187 1726 5250 Paschata
1754 5205 1936 5268 pere-

2019 4643 2263 4707 auditis.
2301 4667 2329 4700 ι
2356 4641 2470 4706 Ubi
2492 4643 2715 4705 diserte
2746 4644 2918 4705 docet
2964 4642 3263 4706 Christum
3309 4644 3384 4705 ad
3433 4645 3669 4727 inferna

2018 4732 2426 4809 descendisse,
2456 4741 2519 4794 ut
2546 4740 2888 4795 sanctorum
2920 4750 2989 4794 ac
3013 4732 3308 4813 justorum
3357 4734 3675 4798 animabus

2018 4823 2336 4904 agentibus
2367 4822 2428 4884 in
2459 4823 2870 4886 subterraneis
2899 4822 3068 4900 locis,
3104 4821 3299 4886 donec
3330 4841 3436 4905 per
3465 4821 3671 4886 Salva-

2022 4914 2167 4976 toris
2200 4923 2451 4976 mortem
2488 4921 2863 4976 reseraretur
2889 4911 3130 4995 calum,
3156 4914 3536 4976 annuntiaret
3562 4913 3675 4976 ad-

2020 5014 2260 5068 ventum
2293 5022 2491 5086 suum,
2526 5012 2585 5066 et
2612 5004 2872 5067 solutum
2902 4996 2937 5067 a
2966 5023 3032 5067 se
3059 5003 3492 5086 redemptionis
3524 5020 3671 5066 nos-

2022 5106 2125 5159 tra
2153 5095 2436 5179 pretium,
2471 5113 2691 5177 easque
2719 5095 2890 5158 illinc
2938 5098 3299 5173 extraheret,
3344 5115 3417 5159 ac
3444 5096 3670 5179 sempi-

2020 5197 2192 5252 terna
2220 5185 2507 5249 felicitate
2535 5186 2808 5248 donaret.

1461 5443 2167 5543 ARTIGULUS
2246 5445 2463 5541 Vll-

1240 5588 1323 5650 De
1354 5584 1723 5650 Pwuilentia
1755 5597 1811 5649 et
1840 5588 2223 5653 Euchurtstia
2263 5592 2653 5654 sacramentis

1935 5732 2013 5743 φ..

344 5797 957 5876 “Antiquissimum
983 5817 1116 5861 esse
1149 5802 1208 5864 in
1230 5802 1499 5865 Ecclesia
1527 5796 1930 5864 confessionis

2023 5805 2175 5868 illius
2204 5823 2524 5888 usum,qua
2552 5805 2685 5888 quis
2710 5808 2903 5869 omnia
2933 5816 2991 5870 et
3018 5807 3258 5887 singula
3289 5817 3419 5892 post
3446 5809 3668 5891 baptis-
