4148 6408
295 453 413 516 337

1207 464 1706 529 DISSERTATIO
1749 459 1859 534 III,
1907 449 2010 516 DE
2051 449 2345 524 IREN/EI
2385 456 2811 530 DOCTRINA.

3585 476 3704 541 338

296 595 420 648 tum
442 588 822 688 chectt'vum
843 613 969 656 non
992 597 1253 679 sit,quod
1274 606 1436 661 certe
1453 598 1822 662 Eucharistia
1837 604 1962 659 non
1979 593 2026 646 Α
2045 596 2312 688 quamvis
2335 601 2601 680 corporis
2627 600 2848 664 Christi
2876 603 3149 667 virtutem
3177 626 3286 688 per
3301 612 3679 676 communica

293 686 405 770 est,
439 677 623 742 altera
651 699 719 744 re
750 689 1035 766 tanquam
1067 677 1234 767 parte
1255 697 1530 752 constare
1561 689 1949 770 dicitur,quaa

288 765 505 830 absens
537 779 597 830 et
630 778 797 832 extra
818 765 1011 853 ipsam
1033 765 1132 840 sit.

366 857 466 950 8_6.
501 860 877 950 Nec__minus
921 863 1151 928 absuda
1181 867 1371 929 altera
1392 867 1736 948 explicatio,
1770 888 1946 950 quam

273 946 580 1038 asciscere
608 948 728 1010 sibi
755 951 833 1011 cl.
857 950 1080 1016 Grabio
1113 946 1762 1038 placuit.Praéterquam
1788 946 1948 1038 quod

271 1035 444 1097 enim
477 1041 895 1103 commentitia
919 1041 1024 1105 illa
1047 1044 1296 1122 virtus,a
1314 1035 1752 1110 recentioribus
1774 1035 1952 1110 exco-

271 1125 465 1218 gitata
489 1127 814 1218 ministris,
849 1131 955 1194 toti
985 1140 1146 1196 retro
1174 1136 1510 1218 antiquitati
1543 1137 1742 1217 ignota
1781 1156 1948 1200 sem-

271 1233 392 1306 per
421 1215 552 1296 fuit,
589 1236 661 1280 ac
691 1238 770 1282 ne
807 1221 899 1283 vel
930 1222 1296 1286 levissimum
1318 1215 1591 1306 quidem“
1611 1227 1791 1290 habet
1811 1228 1948 1289 fun-

268 1304 632 1399 damentum
666 1309 731 1371 in
763 1309 1073 1394 Scriptura
1105 1322 1165 1378 et
1208 1304 1501 1391 Patribus;
1555 1327 1952 1399 praeterquam

283 1394 451 1475 quod
482 1396 811 1462 absurdum
829 1410 919 1464 est
946 1421 1220 1467 asserere
1251 1425 1499 1487 corpora
1522 1394 1725 1469 nostra
1737 1394 1954 1488 ali,nu-

278 1483 420 1546 triri
452 1495 513 1548 et
558 1491 759 1569 augeri
807 1491 1028 1556 virtute
1081 1483 1648 1574 quadamaChristi
1701 1483 1953 1579 corpore

281 1587 585 1658 separata;
617 1598 685 1641 ea
713 1588 875 1644 stare
904 1582 1069 1646 nulla
1089 1585 1322 1649 ratione
1348 1594 1542 1666 potest
1571 1605 1705 1648 cum
1733 1585 1946 1656 Irenaei

282 1683 473 1746 scopo
496 1675 551 1728 et
581 1680 954 1750 argumento,
989 1675 1266 1756 superius
1305 1676 1613 1758 expositis;
1648 1695 1761 1740 nec
1806 1677 1946 1738 hinc

281 1755 511 1848 inferre
544 1777 804 1839 unquam
832 1763 1025 1842 potuit
1052 1755 1118 1828 S.
1149 1763 1358 1827 doctor
1383 1755 1507 1827 tum
1532 1766 1820 1830 unionem
1843 1767 1943 1848 hy-

2035 689 2157 773 tum
2188 685 2305 748 sibi
2327 705 2562 750 sacrum
2599 708 2814 770 panem
2846 685 3256 773 accipiant,ea
3277 704 3476 762 tamen
3505 700 3580 763 ab
3609 703 3700 764 in-

2033 771 2146 835 sita
2180 774 2294 864 sibi
2325 778 2668 858 corruptela
2700 779 2881 842 eximi
2911 771 3030 843 non
3063 795 3334 864 possunt,
3359 806 3472 852 nec
3495 791 3694 853 minus

2036 862 2289 942 proinde
2321 865 2716 946 peritura.Sic
2741 869 2911 932 vanis
2938 862 3175 952 eﬁ'ugiis
3204 876 3330 938 suis
3354 880 3704 942 armamini-

2036 953 2576 1018 strantCalviniani
2608 957 2906 1020 hazreticis
2951 961 3221 1025 omnium
3281 965 3702 1047 proﬂigatissi-

2035 1041 2172 1118 mis,
2209 1049 2269 1104 et
2298 1045 2580 1108 Ecclesiae
2593 1049 2798 1109 Patres
2831 1050 3177 1112 insanorum
3201 1041 3512 1117 hominum
3536 1075 3705 1120 more

2033 1149 2167 1192 cum
2201 1131 2277 1194 iis
2306 1133 2664 1198 dimicantes
2695 1155 2906 1218 campo
2939 1139 3232 1204 inferunt.

2113 1221 2212 1315 87_.
2249 1222 2437 1315 Quam
2468 1243 2607 1287 vero
2633 1225 2838 1291 efﬁcax
2870 1227 3019 1312 illud
3052 1234 3394 1310 argumenti
3420 1253 3676 1315 genus,e

2039 1310 2254 1373 merito
2299 1313 2566 1394 quidem,
2602 1310 2971 1380 existimaret
2999 1317 3280 1398 Irenaeus,
3338 1310 3704 1395 demonstrat

2037 1399 2195 1480 quod
2228 1419 2309 1490 eo”
2329 1403 2546 1483 saepius
2574 1403 2860 1468 adversus
2919 1406 3232 1473 Gnosticos
3263 1421 3488 1490 utatur,
3522 1414 3699 1477 illos-

2037 1507 2153 1569 que
2183 1491 2255 1552 ad
2288 1489 2726 1555 Eucharistiam
2759 1513 2882 1556 non
2922 1497 3111 1559 semel
3152 1489 3699 1580 provocet,eorum

2035 1595 2277 1669 errpres
2307 1579 2422 1643 hoc
2447 1581 2564 1644 telo
2597 1583 2965 1647 conﬁxurus.
3001 1579 3229 1650 Eodem
3261 1589 3368 1652 lib.
3394 1610 3468 1664 tv,
3505 1611 3560 1656 c.
3593 1593 3693 1669 33,

2030 1685 2090 1762 n.
2125 1666 2186 1743 2,
2214 1668 2380 1762 Ajam_
2419 1669 2549 1746 cit.,
2601 1673 2991 1762 Marcionitas
3025 1676 3334 1755 refellens,
3388 1682 3491 1762 qui
3546 1666 3696 1746 duos

2029 1755 2175 1818 deos
2203 1757 2529 1842 ﬁngebant,
2565 1761 2822 1824 alterum
2855 1761 3106 1840 bonum,
3166 1755 3424 1831 Patrem-
3459 1772 3695 1834 Domini

278 1846 823 1922 postaticamVerbi
851 1851 1040 1915 divini
1071 1873 1206 1917 cum
1238 1855 1501 1917 humana
1525 1854 1746 1918 Christi
1775 1846 1942 1918 natu-
1969 1880 2006 1930 Β
2028 1846 2238 1940 Ποεῑζίο
2267 1847 2536 1940 επὶ-ιςτυωί
2561 1851 2808 1931 malum,
2872 1853 3076 1914 mundi
3131 1856 3432 1934 opiﬁcem,
3486 1861 3697 1940 PPObat

274 1951 365 2005 ra,
429 1941 553 1997 tum
617 1956 936 2020 corporum
1000 1951 1338 2007 nostrorum
1410 1944 1939 2009 resurrectionem.

276 2047 303 2076 ε(
333 2024 585 2097 Nostra,
620 2026 834 2107 inquit,
870 2031 1166 2094 sententia
1195 2052 1538 2097 consonans
1569 2041 1657 2096 est
1703 2033 1944 2097 Eucha-

271 2111 425 2184 stiae,
463 2121 523 2176 et
554 2113 929 2182 Eucharistia
957 2139 1164 2184 rursus
1215 2125 1531 2186 conﬁrmat
1581 2123 1943 2186 sententiam

271 2203 899 2272 nostram.0ﬁ‘erimus
931 2213 1088 2273 enim
1117 2213 1240 2276 Deo
1273 2232 1405 2294 qua;
1437 2222 1578 2276 sunt
1601 2213 1758 2293 ejus,
1783 2237 1810 2269 ι
1844 2230 1944 2274 res

269 2291 555 2356 videlicet
586 2295 660 2357 ab
693 2316 765 2359 eo
797 2300 1089 2374 conditas,
1153 2325 1174 2354 ι
1203 2291 1610 2382 congruenter
1636 2291 1939 2364 Vcommu-

271 2382 518 2445 nionem
552 2393 613 2447 et
644 2388 928 2451 unionem
964 2391 1677 2474 prtedicantes;~quarum
1711 2409 1937 2472 rerum,

265 2473 511 2553 quzeso?
531 2475 624 2537 An
657 2478 921 2558 spiritus,
956 2499 1061 2542 seu
1094 2481 1311 2544 animae
1340 2473 1616 2545 humanae
1643 2500 1780 2544 cum
1812 2499 1940 2544 car-

265 2563 380 2624 ne?
409 2563 532 2627 Sed
567 2565 780 2629 harum
811 2587 1014 2633 rerum
1047 2571 1329 2634 unionem
1365 2581 1423 2635 et
1447 2571 1934 2634 communionem

271 2673 392 2714 non
427 2655 726 2730 negabant
756 2659 1144 2722 Gnostici.An
1174 2661 1406 2723 virtutis
1427 2660 1644 2725 Christi
1668 2660 1939 2742 corporis

271 2762 412 2803 cum
466 2745 650 2823 pane?
700 2745 819 2810 Sed
872 2749 1011 2830 quid
1055 2750 1180 2812 haec
1211 2751 1284 2812 ad
1317 2749 1526 2813 Irenaei
1558 2769 1830 2830 scopum,
1866 2768 1938 2812 ex

275 2834 669 2897 Eucharistia;
699 2836 818 2899 ﬁde
847 2840 1280 2902 conﬁrmantis.
1317 2840 1471 2921 quod
1499 2848 1679 2902 antea
1712 2838 1934 2920 proba-

271 2933 462 3002 verat,
499 2923 801 2987 Christum
826 2945 961 2992 esse
991 2929 1180 3011 ipsius
1214 2929 1421 2992 mundi
1453 2928 1828 2992 fabricatoris
1857 2929 1934 2992 ﬁ-

260 3012 440 3085 lium,
475 3013 536 3074 id
587 3024 683 3076 est
738 3015 1005 3080 Verbum
1040 3021 1170 3100 ejus
1222 3019 1514 3100 ?Ergone
1562 3019 1700 3100 quia
1755 3019 1936 3080 virtus

257 3102 490 3165 Christi
518 3107 792 3184 corporis
820 3109 1024 3170 unitur
1054 3129 1188 3172 cum
1225 3109 1548 3189 pane.hinc
1579 3107 1790 3170 conﬁci
1825 3128 1934 3187 po-

260 3192 651 3254 testYerbum
679 3213 817 3256 cum
840 3216 1141 3278 corporea
1168 3199 1387 3262 Christi
1422 3206 1632 3261 natura
1663 3195 1937 3259 substan-

263 3283 490 3342 tialiter
519 3284 750 3346 unitum
783 3286 971 3350 fuisse
993 3295 1022 3352 ?
1053 3287 1179 3350 Imo
1210 3288 1406 3370 potius
1437 3288 1805 3350 contrarium
1839 3287 1934 3348 in-

2030 1935 2186 2015 quod
2221 1936 2340 1997 nisi
2368 1935 2659 2001 Dominus
2693 1940 2881 2020 ipsius
2912 1943 3124 2005 mundi
3159 1935 3695 2012 conditoris-Filius

2028 2025 2126 2100 sit,
2169 2047 2192 2083 α
2228 2025 2453 2107 injuste
2483 2027 2663 2109 hujus
2693 2029 3224 2114 conditionis,qua3
3243 2041 3336 2099 est
3363 2038 3694 2101 secundum

2027 2133 2156 2195 nos,
2186 2115 2491 2197 accipiens
2525 2136 2763 2198 panem,
2795 2139 2969 2182 suum
3003 2140 3224 2204 corpus
3279 2143 3413 2190 esse
3443 2128 3696 2191 conﬁte-

2027 2203 2220 2284 batur,
2250 2213 2308 2267 et
2341 2213 2881 2296 temperamentum
2913 2203 3123 2273 calicis’
3137 2230 3308 2274 suum
3339 2215 3693 2296 sanguinem

2027 2294 2400 2356 conﬁrmavit
2458 2321 2483 2352 ι)
2520 2295 2648 2370 Quo
2691 2297 2935 2378 quidem
2993 2311 3344 2380 argumento
3401 2294 3494 2368 vel
3543 2300 3690 2369 nihil

2027 2402 2273 2464 prorsus
2315 2386 2517 2476 efﬁcit,
2550 2387 2643 2450 vel
2703 2388 2852 2451 illud
2905 2391 3246 2456 certissime
3294 2394 3686 2476 demonstrat,

2023 2472 2328 2536 Christum
2358 2475 2441 2536 ita
2489 2495 2704 2557 panem
2737 2497 2911 2541 suum
2945 2499 3081 2543 esse
3112 2501 3359 2564 corpus,
3403 2493 3461 2547 et
3483 2472 3687 2549 vinum

2022 2581 2192 2624 suum
2222 2582 2354 2626 esse
2378 2565 2728 2644 sanguinem
2780 2569 3123 2632 confessum
3177 2589 3310 2636 esse
3357 2581 3419 2639 et
3463 2578 3688 2638 conﬁr-

2021 2670 2241 2726 masse,
2276 2660 2339 2714 ut
2359 2672 2432 2716 ex
2462 2654 2648 2717 altero
2678 2655 2792 2718 sibi
2814 2675 3022 2721 verum
3072 2677 3319 2740 corpus,
3371 2681 3442 2725 ex
3495 2664 3684 2728 altero

2019 2759 2228 2805 verum
2260 2743 2633 2822 sanguinem,
2669 2763 2809 2807 vera
2839 2747 3156 2829 utriusque
3203 2754 3600 2815 conversione
3631 2761 3691 2817 et

2022 2833 2512 2895 transmutatione
2568 2833 2801 2905 fecerit;
2867 2847 2926 2898 et
2995 2837 3136 2900 inde
3190 2840 3478 2919 injustum
3529 2842 3678 2918 fore,

2019 2920 2180 3002 quod
2212 2938 2310 2982 res
2331 2920 2404 2983 ab
2437 2922 2553 2984 alio
2585 2923 2876 3000 conditas,
2910 2931 2970 2988 et
3000 2925 3110 2988 sub
3162 2927 3408 2992 alterius
3457 2930 3684 2994 ditione

2019 3009 2262 3090 positas,
2286 3028 2427 3074 suas
2457 3029 2591 3074 esse
2621 3012 2778 3075 dicat
2808 3021 2867 3075 et
2898 3014 3136 3079 efﬁciat.
3170 3017 3234 3077 Si
3253 3018 3415 3080 enim
3431 3038 3502 3082 eo
3522 3020 3682 3083 dun-

2020 3106 2178 3160 taxat
2205 3117 2387 3161 sensu
2410 3100 2680 3164 Christus
2705 3119 2921 3182 panem
2951 3123 3168 3185 corpus
3213 3125 3388 3168 suum
3423 3126 3556 3171 esse
3586 3109 3684 3170 di-

2018 3188 2194 3264 xerit,
2227 3189 2385 3270 quod
2413 3189 2468 3251 ei
2498 3191 2766 3271 corporis
2792 3191 2884 3253 sui
2915 3192 3200 3256 virtutem
3226 3194 3544 3277 impertire
3575 3217 3682 3260 vo-

2021 3280 2221 3355 luerit;
2249 3299 2370 3342 non
2403 3282 2590 3361 magis
2621 3300 2838 3362 panem
2876 3283 2950 3345 ab
2974 3284 3089 3346 alio
3121 3293 3387 3349 creatum
3425 3287 3539 3351 sibi
3570 3291 3680 3352 tri—

268 3371 478 3434 tulerit
514 3372 850 3447 Gnosticus,
880 3349 941 3438 et
972 3349 1751 3460 dixeritzrquemadmodum
1773 3349 1997 3438 Chri-c
2023 3369 2173 3460 buit,
2209 3349 2700 3453 suumquevfac'it,
2728 3392 2904 3454 quam
2938 3375 3220 3456 princeps
3249 3375 3497 3442 alterius
3516 3380 3682 3460 prin-

263 3460 342 3521 sti
378 3480 597 3542 corpus
624 3464 681 3524 in
703 3463 1076 3528 Eucharistia
1096 3487 1231 3528 cum
1268 3485 1419 3548 pane
1449 3467 1652 3528 unitur
1671 3463 1940 3528 efﬁcacia

262 3559 461 3624 tenus,
503 3571 622 3612 non
655 3571 747 3634 re,
787 3555 875 3616 sic
908 3554 1174 3619 Verbum
1211 3556 1481 3619 divinum
1509 3574 1644 3618 cum
1681 3556 1937 3618 Domino

2021 3459 2172 3540 cipis
2202 3467 2337 3542 typo
2365 3461 2611 3539 signata:
2647 3463 2993 3535 monetaa,in
3025 3465 3273 3544 gratiam
3303 3459 3679 3530 subditorum

2021 3568 2092 3611 ea
2116 3550 2439 3624 utentium,
2472 3550 2729 3632 pretium
2788 3559 3080 3628 statuens,
3114 3554 3232 3615 imo
3293 3556 3490 3636 majus
3547 3576 3681 3619 esse

260 3650 475 3702 nostro
511 3642 742 3704 unitum
774 3643 956 3706 fuisse
998 3644 1322 3709 efﬁcientia
1378 3654 1550 3708 tenus
1582 3652 1640 3706 et
1693 3643 1932 3717 virtute,
2012 3638 2458 3721 jubens,quam
2487 3641 2565 3703 sit
2597 3642 2658 3702 in
2691 3659 2761 3702 ea
2781 3642 3027 3722 regione
3049 3643 3113 3705 in
3144 3662 3260 3724 qua
3295 3662 3440 3707 cusa
3467 3645 3565 3723 sit,
3600 3647 3678 3710 il-

262 3750 384 3791 uon
418 3729 774 3807 substantia;
819 3735 1090 3816 quaeipsa
1111 3743 1238 3797 erat
1270 3734 1590 3816 impiorum
1625 3732 1936 3795 hominum

264 3819 588 3895 sententia,
615 3839 794 3901 quam
825 3822 980 3885 bene
1022 3843 1156 3885 cum
1211 3823 1603 3887 Eucharistia:
1635 3822 1753 3885 ﬁde
1783 3840 1933 3882 con-

265 3910 495 3970 :PIllil‘e
529 3911 747 3972 merito
771 3913 1248 3975 contendissent.
1285 3913 1466 3993 Igitur
1497 3912 1761 3974 nisihaac
1777 3911 1930 3972 fuis-

262 4009 354 4059 set
389 3998 603 4060 lrenaei
634 4007 687 4061 et
714 4002 1145 4064 catholicorum
1172 4004 1440 4066 omnium
1477 3999 1924 4074 ﬁdes,Verbum

257 4089 538 4149 divinum
571 4089 634 4148 in
668 4090 1044 4154 Eucharistia
1074 4092 1546 4154 substantialiter
1590 4089 1748 4152 uniri
1793 4107 1930 4151 cum

260 4178 341 4238 iis
372 4197 508 4258 qum
536 4197 569 4237 a
598 4176 720 4242 Deo
749 4181 996 4242 condita
1026 4190 1190 4258 sunt,
1225 4200 1382 4263 pane
1414 4181 1646 4243 scilicet
1679 4188 1738 4242 et
1767 4178 1929 4260 vino,

267 4286 388 4326 non
424 4266 661 4347 quidem
694 4269 754 4330 in
789 4270 1031 4352 propria
1063 4271 1396 4333 substantia
1425 4271 1594 4352 panis
1617 4278 1674 4332 et
1694 4268 1816 4330 vini
1837 4286 1934 4330 re-

267 4356 788 4430 tuaneutibus,sed
804 4379 944 4422 vere
958 4361 1366 4423 transmutatis
1396 4363 1453 4422 in
1474 4359 1695 4424 Christi
1717 4376 1934 4439 corpus

2020 3729 2137 3790 lam
2169 3729 2281 3791 sibi
2311 3729 2581 3792 vindicat
2609 3740 3002 3813 usurpatque.
3056 3732 3239 3806 Quasi
3296 3753 3461 3812 vero,
3519 3737 3679 3818 quod

2017 3820 2150 3899 quis
2182 3818 2415 3898 signum
2452 3819 2752 3901 quoddam
2789 3840 2894 3900 pro
2923 3822 3169 3885 arbitrio
3226 3823 3518 3900 instituat,
3553 3845 3670 3906 quo

2015 3908 2308 3970 excitatus
2336 3909 2637 3989 quidpiam
2669 3911 2936 3972 conferat
2967 3911 3448 3988 utentibus,hinc
3467 3915 3678 3978 inferri

2015 3998 2202 4080 possit
2229 4016 2366 4059 eum
2390 4016 2518 4059 rem
2565 3998 2752 4080 illam,
2799 4018 2974 4080 quam
3007 4001 3068 4061 in
3106 4001 3342 4080 signum
3394 4003 3675 4076 instituit,

2014 4087 2129 4149 sibi
2157 4085 2508 4150 vindicare?
2543 4088 2662 4149 Sed
2715 4087 2862 4150 illud
2898 4097 3186 4169 praterea
3235 4090 3550 4154 observatu
3571 4093 3670 4155 di-

2015 4176 2366 4257 gnissimum
2391 4184 2501 4249 est,
2536 4176 2853 4258 Irenaeum,
2885 4178 3361 4260 quotiescunque
3392 4181 3677 4244 Euchari-

2017 4267 2145 4329 stia:
2171 4265 2598 4349 meminit,non
2633 4265 2991 4347 simpliciter
3013 4268 3312 4331 afﬁrmare
3343 4268 3640 4332 Christum

2019 4374 2231 4437 panem
2259 4373 2432 4416 suum
2465 4374 2703 4437 corpus,
2732 4355 2935 4418 vinum
2966 4376 3138 4418 suum
3157 4359 3511 4437 sanguinem
3538 4379 3674 4423 esse

264 4456 324 4506 ct
346 4447 992 4530 sanguinempessime
1020 4450 1428 4514 caholicorum
1455 4468 1694 4512 causam
1713 4449 1937 4530 egisset
2011 4445 2251 4515 dixisse;
2286 4445 2389 4507 sed
2423 4444 2498 4506 iis
2529 4445 2774 4508 vocibus
2803 4447 3002 4508 studio
3033 4455 3092 4509 et
3115 4464 3357 4528 semper
3386 4450 3492 4525 uti,
3534 4468 3673 4534 «pa-

264 4536 689 4619 lrenaaus.Sic,
718 4539 885 4600 addit
914 4541 1006 4602 vir
1037 4550 1301 4615 sanctus,
1327 4541 1632 4602 offerimus
1662 4541 1786 4603 Deo
1807 4554 1940 4618 quae

266 4635 404 4688 sunt
443 4629 593 4706 rjus.
620 4629 877 4691 utetiam
909 4631 1419 4693 resurrectionem
1443 4631 1639 4694 carnis
1671 4637 1730 4691 et
1754 4628 1937 4710 spiri-

268 4726 362 4776 tus
382 4719 1051 4802 conﬁteamur,hzecque
1076 4731 1282 4782 nostra
1297 4719 1597 4782 sententia
1617 4737 1684 4780 ex
1712 4719 1940 4781 Eucha-

272 4806 437 4867 ristia
460 4807 697 4888 [CXLV]
717 4811 1133 4872 conﬁrmetur.
1154 4813 1278 4873 Cur
1305 4809 1420 4872 ita?
1449 4811 1538 4872 An
1569 4807 1727 4890 quod
1756 4808 1939 4870 Chri-

269 4905 396 4956 stus
416 4899 686 4976 corporis
715 4899 806 4960 sui
837 4900 1120 4962 virtutem
1159 4899 1318 4981 pani,
1354 4899 1458 4980 qui
1517 4897 1688 4959 nobis
1719 4896 1780 4958 in
1813 4898 1939 4960 Eu-

269 4986 553 5048 charistia
587 4988 942 5069 porrigitur,
975 4989 1313 5071 impertiat?
1347 4987 1468 5051 Sed
1503 4994 1731 5049 tantum
1774 4985 1944 5050 abest

267 5086 330 5135 ut
362 5076 504 5140 hinc
533 5077 826 5158 probetur
855 5080 1054 5141 carnis
1087 5087 1307 5141 nostrae
1336 5077 1721 5150 resurrectio,
1758 5087 1819 5138 ut
1842 5096 1941 5160 pn-

267 5165 392 5226 tius
453 5184 586 5228 eam
634 5167 837 5229 acrius
887 5168 1241 5248 impugnare
1292 5167 1555 5250 potuerit
1598 5165 1939 5250 haereticus.

267 5251 799 5326 Quemadmodum
837 5255 1021 5325 enim,
1047 5249 1301 5331 dixerit,
1321 5253 1594 5318 Christus
1619 5252 1678 5312 in
1707 5249 1944 5314 Eucha-

270 5341 442 5404 ristia
475 5345 567 5405 sui
615 5345 892 5425 corporis
941 5345 1218 5407 virtutem
1265 5344 1717 5442 communicatis
1776 5341 1938 5442 pani,

273 5431 434 5494 hunc
461 5441 661 5495 tamen
687 5437 926 5516 propria
950 5435 1062 5496 sibi
1085 5434 1254 5516 panis
1272 5431 1605 5495 substantia
1624 5449 1741 5492 non
1755 5431 1936 5506 exuit;

273 5531 334 5584 et
353 5523 1047 5604 quemadmc-dum,licet
1069 5543 1240 5587 suum
1261 5541 1395 5586 esse
1419 5539 1638 5603 corpus
1665 5521 1946 5582 conﬁtea-

275 5621 393 5684 tur,
429 5613 489 5675 in
520 5613 830 5695 proprium
882 5621 1083 5676 tamen
1125 5631 1342 5693 corpus
1394 5617 1940 5710 transmutarehon

275 5712 491 5782 potest,
521 5703 680 5785 quod
709 5705 856 5767 nihil
892 5704 1007 5766 sibi
1037 5724 1106 5766 ex
1131 5703 1346 5768 vitiata
1369 5710 1428 5764 et
1446 5699 1813 5782 corruptioni
1836 5699 1940 5761 ob-

275 5793 456 5856 noxia
486 5795 739 5858 materia
761 5794 1063 5859 asciscere
1093 5794 1303 5876 possit;
1323 5792 1408 5855 sic
1424 5808 1676 5872 corpora
1707 5798 1931 5872 nostra,

1956 4677 2003 4731 D

2015 4553 2152 4598 nem
2203 4553 2376 4596 suum
2411 4553 2626 4616 corpus
2658 4554 2812 4617 esse,
2845 4537 3049 4599 vinum
3082 4556 3255 4600 suum
3313 4539 3669 4618 sanguinem

2020 4643 2154 4688 esse
2198 4623 2505 4687 confessus
2548 4631 2665 4707 est,
2698 4626 3128 4704 conﬁrmavit,»
3173 4635 3322 4700 et,ut
3351 4627 3555 4692 Graece
3585 4628 3678 4693 lo-

2022 4714 2224 4798 quitur
2246 4714 2352 4776 lib.
2386 4731 2447 4788 ν,
2483 4734 2538 4776 c.
2573 4717 2666 4794 11,
2712 4718 2774 4772 τὸ
2830 4717 2934 4774 ἀπὸ
2991 4717 3086 4786 τῆς
3143 4719 3364 4784 κτίσεως
3398 4719 3676 4798 ποτήριον,

2024 4807 2166 4881 αἷμα
2197 4803 2335 4862 ἴδιον
2363 4804 2707 4885 ὠμολὸγησε,
2758 4807 2846 4862 καὶ
2896 4808 2988 4862 τὸν
3021 4807 3126 4863 ἀπὸ
3175 4812 3275 4874 τῆς
3327 4809 3548 4872 κτίσεως
3580 4815 3679 4887 ap-

2023 4918 2137 4970 τον,
2162 4894 2299 4950 't'o‘tov
2332 4900 2487 4971 σῶμα
2519 4892 2949 4976 διεϐεϐαιώσατο,
3006 4917 3028 4952 tt
3066 4913 3201 4956 eum
3255 4895 3528 4972 calicem,
3581 4897 3683 4978 qui

2027 4992 2114 5046 est
2144 5002 2178 5045 a
2207 4990 2480 5047 creatura
2508 5004 2537 5044 ι
2572 4993 2720 5055 (non
2778 5001 2954 5046 suum
2990 5008 3017 5040 n
3054 4984 3362 5066 duntaxat,
3403 4995 3466 5048 ut
3511 4986 3686 5048 vertit

2026 5075 2350 5152 interpres,
2405 5073 2510 5134 sed
2560 5071 2725 5149 ἴδιον)
2752 5092 2766 5134 :
2798 5072 3110 5153 prOprium
3152 5075 3505 5154 sanguinem
3533 5094 3681 5137 con-

2025 5163 2218 5224 fessus
2241 5169 2353 5238 est,
2385 5170 2443 5224 et
2471 5179 2607 5224 eum
2642 5179 2879 5242 panem,
2916 5163 3014 5244 qui
3045 5171 3134 5225 est
3155 5182 3189 5225 a
3220 5172 3516 5239 creatura,
3553 5183 3684 5245 pro-

2029 5251 2221 5333 prium
2253 5269 2468 5332 corpus
2505 5251 2896 5326 conﬁrmavit,
2922 5277 2949 5306 n
2989 5255 3371 5328 asseveravit,
3395 5254 3686 5316 certiores

2029 5359 2137 5402 nos
2162 5339 2320 5402 fecit.
2355 5338 2482 5412 Qua
2505 5338 2746 5420 quidem
2781 5340 3066 5420 loquendi
3096 5341 3331 5406 ratione
3374 5344 3687 5424 perspicue

2027 5430 2250 5492 indicat
2278 5429 2539 5492 Irenaaus
2563 5448 2691 5490 rem
2715 5429 2944 5492 creditu
2975 5429 3412 5508 difﬁcillimam,
3439 5451 3687 5514 quaeque

2031 5520 2208 5584 ﬁdem
2241 5537 2363 5581 non
2391 5519 2718 5595 obtineret,
2755 5519 2872 5580 nisi
2929 5519 3224 5598 Christus,
3259 5522 3390 5604 ipsa
3441 5522 3684 5602 veritas,

2027 5629 2266 5672 omnem
2297 5609 2686 5672 dubitationis
2715 5628 2921 5672 ansam
2941 5611 3104 5674 clare
3123 5620 3182 5674 et
3205 5615 3412 5694 aperte
3429 5613 3686 5694 loquen-

2022 5701 2099 5763 do
2132 5699 2639 5782 praecideretﬁpse
2671 5717 2812 5762 vero
2836 5709 3078 5764 sanctus
3107 5702 3318 5765 doctor
3349 5702 3682 5765 dubitatio-

2022 5809 2158 5853 nem
2173 5791 2491 5870 illam,quw
2502 5807 2571 5852 ex
2590 5790 2718 5870 ipsa
2733 5790 3131 5861 rei.mentium
3148 5793 3543 5880 humanarum
3555 5810 3667 5880 cap
