4148 6438
413 459 524 523 347
1195 465 1846 528 DISSERTATIONES
1893 465 2216 528 PRxEVIzE
2263 467 2341 528 IN
2391 467 2675 530 lRENASl
2725 468 3014 530 LIBROS.
3682 462 3802 525 348

410 603 588 656 strain
621 597 1016 660 substantiam
1053 606 1111 661 et
1141 599 1657 662 conservationem
1690 601 1960 676 tendere,
1995 619 2061 662 ac
2085 610 2121 657 Α
2148 598 2346 661 videas
2380 600 2598 678 solum,
2633 618 2839 661 verum
2873 598 3049 664 etiam
3083 607 3145 660 ut
3171 606 3400 676 tangas,
3437 604 3496 660 et
3528 597 3586 658 in
3613 604 3668 657 te
3691 595 3806 658 ha-

412 703 519 765 per
549 704 618 749 ea
647 705 757 748 nos
787 687 1027 770 corpori
1056 687 1638 771 Domini,ipsiusque
1667 689 1901 772 spiritui
1929 691 2068 753 uni-
2153 687 2316 752 beas.
2358 714 2382 749 »
2419 689 2490 752 Ει
2520 697 2723 770 postea
2755 709 2770 751 :
2801 713 2829 745 α
2861 688 3062 753 Multae
3121 695 3341 750 matres
3391 692 3526 768 post
3575 693 3812 768 partum

409 775 791 849 ri,ethristi
813 797 1035 856 corpus
1057 797 1125 840 ac
1157 777 1394 842 Christo
1425 797 1868 861 concorporeos
1892 780 2065 857 efﬁci,
2151 777 2284 840 aliis
2314 778 2920 842 nutricibusinlantes
2942 777 3261 852 dederunt;
3285 775 3441 858 quod
3465 776 3595 858 ipse
3611 775 3818 838 facere

411 872 473 924 ut
491 867 703 928 asserit
731 869 996 929 Joannes
1025 867 1432 930 Damascenus
1465 867 1571 930 lib.
1606 886 1686 950 iv,
1727 870 1810 932 De
1837 869 1954 947 ﬁde
1975 889 2068 932 or-
2151 868 2361 944 noluit,
2395 869 2501 930 sed
2531 867 2775 949 proprio
2801 885 3058 948 corpore
3092 884 3202 927 nos
3243 864 3373 946 alit,
3398 873 3457 927 et
3509 862 3625 926 sibi
3657 881 3816 925 con-

411 954 575 1018 tlwd.
611 975 663 1017 c.
705 958 798 1017 14.
833 955 977 1029 Quae
1009 957 1148 1038 quid
1182 956 1256 1019 ab
1287 957 1495 1019 Irenaei
1527 958 1724 1020 verbis
1767 958 2067 1034 differant,
2143 958 2358 1038 jungit,
2389 969 2572 1037 atque
2603 956 2996 1037 conglutinat.
3037 977 3058 1008 ι
3116 953 3234 1018 Alii
3264 973 3403 1016 vero
3453 956 3681 1027 Patres,
3715 960 3817 1014 at-

412 1062 486 1104 ne
515 1044 756 1126 quidem
791 1045 1047 1108 Grahius
1077 1048 1204 1126 ipse
1234 1047 1471 1110 dixerit.
1493 1045 1564 1108 Et
1593 1056 1791 1110 tamen
1823 1049 2072 1111 sanctis-
2151 1046 2469 1108 tendentes
2498 1045 2571 1107 ad
2604 1064 2741 1107 eum
2774 1046 3075 1107 carnalem
3111 1042 3506 1106 manducandi
3541 1041 3810 1109 modum.

411 1132 580 1194 simis
623 1133 921 1204 Patribus,
982 1135 1313 1216 acerrimis,
1369 1137 1499 1217 ipso
1550 1135 1770 1200 fatente
1809 1137 1931 1199 viro
1960 1137 2066 1218 cl.,
2151 1153 2324 1216 quem
2357 1135 2474 1198 sibi
2507 1134 2915 1216 Capharnaitae
2945 1133 3269 1215 ﬁngebant,
3302 1151 3418 1216 quo
3439 1150 3579 1195 caro
3610 1131 3818 1194 denti-

412 1223 1090 1286 transsubstantiationis
1130 1224 1692 1305 propugnatoribus,
1725 1227 1849 1288 haec
1876 1246 2069 1308 neque
2152 1223 2263 1284 bus
2291 1233 2548 1301 secatur,
2587 1232 2875 1304 gustatur,
2930 1232 2989 1286 et
3041 1222 3102 1284 in
3152 1221 3528 1284 stomachum
3565 1222 3816 1301 trajecta

409 1310 688 1387 absurda,
726 1332 922 1394 neque
953 1313 1134 1395 impia
1164 1314 1540 1376 videbantur.
2151 1313 2466 1392 digeritur.
2507 1313 2802 1376 interdum
2837 1319 3128 1393 negarunt
3155 1310 3376 1375 Christi
3399 1329 3670 1392 corpusa
3698 1329 3816 1370 no—

493 1402 590 1462 95.
626 1399 685 1463 Si
718 1421 851 1482 quae
881 1401 957 1463 sit
985 1403 1278 1464 catholica
1307 1403 1381 1463 de
1405 1402 2070 1467 transsubstantiatione
2152 1401 2244 1463 bis
2267 1421 2372 1464 ore
2407 1403 2794 1484 manducari;
2829 1410 2887 1465 et
2919 1401 3130 1464 merito
3153 1401 3422 1483 quidem,
3456 1409 3520 1462 ut
3550 1398 3822 1481 abjectas

411 1489 558 1550 ﬁdes
585 1489 728 1552 satis
761 1491 1128 1572 eXploratum
1162 1491 1382 1555 Grabio
1415 1492 1648 1566 fuisset,
1681 1511 1715 1554 a
1746 1493 2073 1573 puerilibus
2156 1491 2417 1572 vilesque
2449 1489 2980 1572 Capharnaitarum
3029 1490 3195 1553 ideas
3225 1509 3259 1552 e
3291 1489 3557 1553 ﬁdelium
3599 1488 3824 1550 animis

409 1578 1220 1661 ejusmodiobjectationihus
1243 1581 1886 1664 temperasset.Corpus
1906 1585 2072 1647 Chri-
2157 1579 2506 1644 evellerent.
2541 1580 2665 1643 [mo
2687 1580 2868 1643 iidem
2897 1583 3104 1644 Patres
3131 1581 3304 1642 modo
3327 1576 3819 1660 asserunt,modo

408 1677 497 1730 ste
521 1687 622 1730 ore
653 1669 1024 1747 manducari,
1059 1671 1171 1732 hoc
1199 1689 1441 1734 carnem
1503 1684 1771 1734 nostram
1821 1673 1920 1745 ali,
1957 1693 2071 1736 nu-
2157 1679 2397 1749 negant,
2457 1671 2679 1734 Christi
2728 1689 2943 1751 corpus
2991 1669 3255 1744 comedi;
3303 1688 3414 1731 nec
3476 1678 3675 1731 tamen
3724 1667 3820 1729 vel

412 1759 564 1829 triri,
599 1759 828 1838 augeri,
864 1769 1006 1840 etc.,
1043 1768 1158 1821 tam
1203 1779 1364 1835 vere,
1400 1780 1574 1841 quam
1625 1762 1720 1842 pie
1777 1761 2075 1825 afﬁrmare
2156 1778 2382 1837 secum,
2419 1762 2512 1824 vel
2543 1779 2679 1823 cum
2709 1761 2842 1822 aliis
2873 1768 3154 1842 pugnant,
3192 1759 3310 1820 nisi
3360 1759 3518 1840 apud
3575 1757 3816 1819 Protes-

413 1857 729 1927 potuerunt
760 1850 951 1910 sancti
983 1852 1212 1921 Patres,
1253 1859 1571 1930 potuerunt
1603 1862 1658 1912 et
1692 1870 1932 1931 negare,
1968 1873 2073 1933 pro
2159 1856 2374 1922 tantes,
2406 1850 2506 1932 qui
2533 1858 2799 1912 monstra
2829 1851 2941 1912 sibi
2992 1850 3338 1928 conﬁngere
3360 1848 3645 1930 gestiunt,
3679 1848 3816 1927 qui-

411 1937 665 1998 diversis
688 1957 837 2017 quas
871 1939 1169 2018 praedictis
1211 1940 1455 2002 vocibus
1507 1941 1922 2021 sulsjicit-bant.
1959 1961 2069 2004 no-
2099 1963 2132 2013 3
2157 1937 2268 1999 bus
2303 1948 2566 2002 terreant
2594 1940 2928 2022 imperitos.

410 2026 691 2088 tionibus.
741 2028 884 2090 Cum
919 2028 1134 2092 Christi
1166 2049 1378 2110 corpus
1401 2049 1537 2092 vere
1564 2031 1802 2108 quidem
1838 2041 1898 2093 et
1922 2032 2068 2094 suh-
2234 2029 2335 2091 96.
2369 2028 2496 2091 Duo
2549 2039 2687 2090 sunt
2747 2037 2944 2092 tamen
3003 2047 3140 2110 quae
3168 2027 3246 2090 cl.
3278 2025 3501 2089 Grabio
3533 2025 3818 2106 gratulari

409 2116 764 2180 stantialiter
818 2136 1080 2199 praesens
1140 2119 1198 2179 in
1260 2121 1634 2182 Eucharistia
1668 2121 1838 2183 nobis
1899 2123 2069 2184 exhi-
2155 2118 2484 2180 debeamus
2540 2119 2817 2181 Alterum
2843 2129 2958 2190 est,
2991 2116 3147 2199 quod
3200 2117 3457 2196 ingenue
3501 2114 3818 2177 confessus

410 2205 767 2284 beatur,non
797 2217 992 2268 tamen
1024 2207 1135 2269 sub
1169 2228 1237 2269 ea
1268 2210 1537 2272 sensibili
1568 2212 1764 2272 carnis
1796 2212 2070 2275 humanas
2154 2212 2225 2269 sit
2250 2208 2309 2269 in
2343 2209 2498 2270 notis
2530 2208 2605 2269 ad
2638 2207 2746 2270 lib.
2780 2226 2835 2270 tv
2885 2207 3097 2271 Irenaai
3128 2225 3258 2288 cap.
3295 2207 3367 2267 t'l
3400 2213 3461 2266 et
3496 2206 3589 2281 l8,
3623 2205 3699 2267 al.
3737 2204 3818 2268 3Q

407 2297 620 2371 forma,
648 2315 823 2378 quam
857 2299 1101 2377 gestavit
1136 2299 1193 2360 in
1228 2299 1407 2362 terris
1434 2301 1682 2380 degens,
1719 2302 1824 2363 sed
1855 2302 2068 2364 alienis
2152 2299 2335 2376 et34,
2369 2306 2599 2360 certum
2634 2315 2791 2373 esse,
2834 2295 3153 2371 Irenaeum,
3196 2315 3265 2357 ac
3297 2312 3529 2370 omnes,
3563 2312 3818 2375 quorum

402 2385 720 2468 speciebus
747 2395 1108 2469 contectum;
1143 2388 1255 2450 hoc
1286 2409 1320 2450 a
1353 2389 1523 2451 nobis
1556 2391 1924 2471 manducari,
1955 2392 2066 2454 hoc
2151 2389 2373 2467 scripta
2421 2386 2734 2461 habemus,
2794 2389 3023 2467 Patres,
3077 2383 3362 2467 apostolis
3413 2387 3535 2445 sive
3564 2403 3820 2459 coaevos,

403 2495 540 2537 caro
575 2483 776 2537 nostra
827 2478 904 2538 ali
954 2485 1012 2538 et
1069 2478 1282 2540 nutriri
1313 2487 1476 2541 recte
1507 2479 1744 2554 dicitur,
1770 2491 2064 2561 quatenus
2148 2476 2276 2538 sive
2321 2477 2586 2557 proxime
2645 2475 3066 2549 succedentes,
3105 2493 3340 2537 sacram
3377 2473 3816 2536 Eucharistiam

399 2561 512 2626 Sub
544 2564 862 2644 speciebus
893 2567 1024 2628 istis
1055 2568 1241 2629 latens
1266 2587 1368 2630 ore
1394 2572 1660 2650 corporis
1683 2571 2060 2649 excipitur,in
2147 2584 2254 2645 pro
2277 2583 2420 2626 vero
2451 2585 2521 2627 ac
2553 2565 2794 2647 proprie
2825 2565 2985 2629 dicto
3010 2583 3176 2626 novae
3199 2562 3348 2643 legis
3379 2564 3671 2626 sacriﬁcio
3700 2565 3812 2625 ha-

404 2653 684 2737 [CXLIX]
715 2657 1086 2718 stomachum
1123 2659 1434 2740 trajicitur,
1459 2669 1634 2739 atque
1661 2659 1718 2722 in
1751 2661 1878 2742 ipsa
1907 2680 2059 2742 sym-
2146 2655 2374 2732 buisse;
2408 2673 2520 2717 nec
2573 2674 2781 2717 eorum
2832 2655 3029 2731 verba,
3065 2652 3273 2716 Irenaei
3332 2652 3682 2735 praesertim,
3739 2653 3813 2713 ad

403 2745 538 2806 hola
563 2753 617 2806 et
653 2746 909 2824 species,
947 2747 1161 2827 quibus
1193 2747 1406 2811 Christi
1431 2768 1648 2830 corpus
1671 2751 2057 2831 tegitur,cor—
2143 2745 2437 2806 sacriﬁcia
2466 2745 2759 2825 spiritaiia
2791 2745 2991 2806 cordis
3035 2744 3299 2826 contriti,
3333 2743 3642 2820 orationis,
3678 2743 3814 2806 lau-

405 2853 598 2915 poreae
627 2835 1057 2916 actiones,qu:e
1092 2838 1564 2900 manducalionis
1595 2840 1903 2902 intellectu
1921 2858 2059 2901 con-
2143 2835 2256 2903 dis.
2293 2835 2614 2914 gratiarum
2649 2834 2928 2910 actionis,
2961 2842 3021 2896 et
3041 2833 3474 2908 beneﬁcentiae,
3509 2853 3641 2915 quae
3673 2853 3812 2894 Olli-

402 2925 687 2995 tinentur.
744 2926 1022 3006 hancque
1076 2938 1545 3010 consequuntur,
1603 2930 1718 2990 vim
1752 2949 1917 2991 suam
1951 2949 2060 2992 ex-
2146 2924 2205 2984 ni
2229 2924 2384 2985 aetati
2419 2933 2476 2985 et
2509 2925 2622 3004 legi
2649 2924 2992 2986 communia
3024 2923 3638 3004 fuerunt,detorqueri
3671 2944 3806 3003 pos-

403 3023 600 3079 erunt.
633 3015 712 3077 Ex
749 3035 865 3098 quo
897 3017 1056 3079 enim
1111 3019 1166 3078 id
1203 3028 1486 3101 tanqu.:m
1538 3021 1654 3082 ﬁde
1685 3029 1938 3101 certum,
1975 3031 2041 3082 ut;

2177 3033 2234 3088 e;
2270 3014 2374 3076 sed
2405 3014 2478 3075 de
2517 3033 2664 3075 nova
2695 3014 2844 3077 Novi
2887 3012 3282 3088 Testamenti,
3338 3030 3528 3094 eaque
3561 3023 3810 3076 externa

400 3123 607 3168 revera
629 3107 1352 3190 est,supponitur,panem
1386 3111 1470 3172 sic
1503 3111 1562 3171 in
1595 3110 2058 3191 Christicorpus
2141 3103 2467 3178 oblatione,
2505 3123 2682 3181 quain
2741 3103 3034 3184 legalibus
3082 3103 3346 3165 externis
3395 3104 3642 3184 opponit
3689 3102 3816 3164 Ire-

398 3196 686 3269 converti,
720 3204 783 3257 ut
811 3205 1007 3259 tamen
1042 3209 1318 3260 maneant
1349 3219 1584 3280 semper
1644 3201 1852 3262 eadem
1890 3201 2036 3282 pani:

2183 3212 2326 3268 aeus,
2361 3193 2750 3272 intelligenda
2773 3212 2927 3266 esse,
2963 3195 3120 3274 quod
3145 3191 3550 3256 verissimum.
3583 3192 3651 3255 Et
3674 3192 3815 3254 hinc

399 3285 998 3368 species,eodemque
1022 3307 1266 3368 prorsus
1286 3293 1462 3350 modo
1484 3309 1695 3351 sensus
1722 3280 2058 3355 afﬁciantur
2077 3342 2115 3391 Ο
2143 3282 2471 3391 Lutherlilet
2505 3280 2743 3345 Calvini
2770 3301 3036 3344 errorem
3059 3283 3410 3391 insectatur,
3447 3281 3547 3391 qui
3592 3281 3815 3391 adver-

397 3394 466 3436 ac
497 3374 548 3436 si
581 3375 748 3456 panis
798 3376 994 3455 reipsa
1039 3375 1300 3455 adesset;
1337 3397 1583 3439 necesse
1613 3387 1723 3456 est,
1761 3380 2054 3458 quemad-
2077 3370 2115 3391 ν
2146 3390 2246 3432 sus
2278 3371 2600 3452 publicam,
2657 3381 2723 3433 ut
2749 3383 2916 3435 recte
2948 3372 3177 3453 probat,
3209 3370 3562 3435 universalis
3591 3371 3813 3434 Eccle—

403 3464 643 3525 modum
678 3464 868 3526 oculis
906 3464 1221 3527 exhibetur
1245 3466 1399 3526 idem
1428 3467 1721 3548 color,qui
1755 3471 1920 3548 prius
1939 3478 2063 3530 erat
2145 3461 2248 3521 site
2297 3460 2630 3522 doctrinam
2679 3470 2871 3543 atquae
2901 3463 3152 3543 praxim,
3192 3479 3370 3542 quam
3423 3461 3524 3523 illa
3553 3471 3626 3523 ab
3657 3481 3806 3544 apo-

403 3553 596 3632 panis,
631 3553 715 3614 sic
746 3561 801 3613 et
824 3573 912 3624 os,
938 3553 1172 3634 dentes,
1209 3555 1494 3634 linguam,
1539 3557 1796 3635 palatum
1828 3566 1887 3618 et
1935 3567 2056 3619 sto.
2145 3549 2606 3630 stolis,apostoli
2638 3550 2712 3613 ab
2741 3551 2870 3632 ipso
2899 3551 3133 3614 Christo
3170 3551 3364 3614 edocti
3415 3560 3804 3633 acceperunt,

401 3641 676 3704 machum
710 3641 916 3703 eadem
943 3643 1172 3704 ratione
1206 3644 1384 3721 afﬁci,
1421 3665 1488 3706 ac
1517 3646 1818 3708 aﬁ'ecisset
1863 3648 2054 3727 panis,
2143 3641 2554 3721 insurgentes,
2587 3642 3049 3724 perspicuasque
3083 3662 3149 3704 ac
3184 3642 3366 3705 nullis
3403 3643 3804 3724 sophistarum

399 3735 446 3791 si
483 3730 818 3806 mansisset;
857 3751 923 3791 ac
958 3733 1210 3811 proinde
1243 3753 1342 3795 eas
1369 3754 1578 3796 omnes
1612 3736 1900 3812 actiones,
1928 3756 2058 3817 qua:
2142 3731 2370 3793 artibus
2405 3731 2738 3794 eludendas
2770 3735 3095 3806 Patrum,et
3119 3732 3641 3814 Irenaeiimprimis
3672 3751 3809 3794 sen-

398 3819 919 3882 manducationem
953 3821 1314 3884 comitantur
1343 3833 1443 3886 aut
1490 3837 1960 3907 consequuntur,
1997 3828 2054 3887 in
2143 3820 2380 3897 tentias,
2417 3833 2516 3883 aut
2547 3821 2904 3884 insolentius
2945 3831 3423 3897 contemnentes,
3457 3831 3554 3886 aut
3585 3824 3807 3886 misere

397 3911 631 3988 species
673 3909 833 3990 ipsas
860 3913 1408 3994 exerceri,perinde
1437 3935 1506 3978 ac
1537 3916 1592 3976 in
1625 3935 1836 3995 panem
1861 3915 2054 3997 ipsum
2142 3911 2773 3983 obscurantes,verum
2815 3931 2883 3975 ac
2917 3913 3164 3974 unicum
3200 3932 3368 3975 novae
3391 3913 3537 3992 legis
3567 3914 3805 3976 sacriﬁ-

397 4007 825 4061 exercerentur
852 4001 900 4062 si
932 4012 1294 4082 superesset.
1326 4004 1448 4067 Hoc
1477 4005 1769 4087 siquidem
1804 4015 2055 4087 stupen-
2142 4002 2299 4063 cium
2332 4012 2658 4064 concutere
2709 4001 3002 4066 nituntur.
3051 4002 3319 4083 integras
3377 4004 3455 4066 cl.
3497 4003 3606 4065 viri
3638 4010 3808 4067 notas

397 4087 457 4150 di
488 4088 649 4151 illius
672 4090 885 4152 divinae
915 4094 1195 4173 potentia;
1222 4095 1400 4156 simul
1434 4106 1612 4177 atque
1638 4095 1916 4159 bonitatis
1939 4097 2054 4157 mi~
2141 4091 2213 4152 ad
2247 4093 2473 4152 calcem
2507 4091 2706 4172 operis
2730 4091 3149 4172 reperies.Sed
3179 4093 3402 4154 utinam
3429 4101 3486 4155 et
3514 4093 3626 4156 hoc
3657 4094 3808 4154 veri-

393 4179 582 4242 raculi
611 4199 746 4260 pars
777 4199 986 4262 magna
1022 4192 1134 4246 est.
1196 4184 1347 4257 Quia
1401 4205 1537 4246 vero
1588 4186 1804 4249 Christi
1837 4205 2056 4268 corpus
2142 4180 2242 4268 tati
2277 4181 2685 4242 testimonium
2717 4181 2979 4261 ingenue
3031 4181 3175 4247 dare
3228 4182 3528 4257 voluisset,
3561 4183 3805 4246 eosdem

395 4268 712 4357 speciebus
745 4270 864 4332 illis
897 4273 1280 4352 conjunctum
1316 4285 1443 4338 est:
1478 4276 1634 4357 quod
1695 4296 1812 4338 non
1847 4277 1911 4338 ﬁt
1944 4267 2057 4338 nisi
2137 4267 2365 4344 Patres,
2400 4271 2501 4350 qui
2561 4278 2676 4330 tam
2735 4270 2970 4334 diserte
3029 4273 3329 4334 afﬁrmant
3375 4272 3804 4336 Eucliaristiam

394 4356 462 4446 in
487 4359 720 4438 species
753 4368 809 4421 et
840 4379 1010 4422 sacra
1042 4363 1392 4442 symbola,in
1425 4356 1620 4446 ipSum
1654 4374 1850 4426 tamen
1882 4365 2053 4429 Chri-
2140 4376 2272 4420 esse
2304 4375 2508 4419 verum
2543 4377 2612 4420 ac
2645 4360 2886 4439 proprie
2920 4360 3146 4424 dictum
3180 4381 3346 4426 novas
3373 4362 3520 4443 legis
3570 4363 3801 4425 sacriﬁ-

395 4445 470 4507 sti
503 4466 721 4528 corpus
750 4447 860 4509 sub
897 4449 966 4510 iis
998 4451 1186 4513 latens
1219 4453 1346 4515 ﬁeri
1377 4445 1596 4516 dicitur
1628 4475 1641 4515 :
1699 4453 1964 4536 quamvis
1999 4456 2052 4514 in
2140 4448 2452 4519 cium,non
2477 4450 2672 4510 minus
2699 4467 2985 4530 expresse
3017 4469 3289 4516 asserere
3318 4453 3592 4515 eamdem
3628 4451 3802 4514 victi-

393 4538 509 4601 hoc
563 4539 677 4600 alia
736 4541 969 4602 ratione
1023 4562 1140 4605 non
1193 4555 1562 4614 exerceatur.
1615 4567 1792 4626 quam
1828 4545 1964 4626 quia
1993 4545 2051 4606 in
2140 4554 2461 4618 mam,quae
2489 4537 2551 4599 in
2580 4557 2684 4601 ara
2715 4542 2916 4602 crucis
2948 4551 3202 4606 mactata
3231 4541 3407 4624 est",
3441 4565 3462 4596 ι
3495 4561 3602 4624 pro
3629 4542 3803 4604 nobis

393 4627 663 4708 symbola
694 4639 1037 4700 exercetur.
1062 4633 1279 4714 quibus
1311 4636 1546 4714 tegitur.
1584 4637 1683 4699 Sic
1735 4636 1834 4717 qui
1865 4635 2051 4696 homi.
2138 4628 2351 4717 iterum
2408 4628 2468 4688 in
2520 4629 2632 4691 hoc
2691 4634 2974 4712 mysterio
3015 4650 3202 4695 sacrae
3229 4632 3548 4695 oblationis
3578 4633 3798 4694 immo-

392 4717 490 4780 nis
522 4721 876 4784 vestimenta
908 4723 1114 4801 tetigit;
1150 4725 1452 4787 h'uninem
1515 4716 1778 4804 tetigisse
1808 4725 2050 4805 dicitur,
2079 4716 2272 4805 “lari.
2317 4717 2459 4798 Ejus
2503 4720 2725 4801 quippe
2767 4720 2852 4782 ibi
2893 4739 3109 4804 corpus
3156 4723 3434 4804 sumitur,
3475 4723 3607 4803 ejus
3665 4741 3799 4784 caro

391 4808 658 4889 quamvis
711 4809 840 4892 ipsa
899 4792 1159 4875 hominis
1218 4833 1459 4877 carnem
1503 4792 1764 4877 vestibus
1808 4792 2049 4877 contec-I
2078 4792 2196 4876 Diu
2235 4807 2435 4888 populi
2467 4792 2721 4871 salut-em
2757 4792 3035 4890 partitur,
3071 4812 3204 4892 ejus
3232 4792 3650 4894 sanguis,'non
3672 4813 3797 4893 jam

394 4905 508 4958 tam
542 4897 889 4961 immediate
918 4921 1034 4962 non
1070 4903 1346 4982 tetigerit.
1408 4903 1490 4965 Eo
1540 4923 1720 4966 sensu
1790 4904 2052 4968 Joannes
2137 4903 2198 4962 in
2227 4920 2437 4963 manus
2471 4902 2829 4983 inﬁdelium,
2867 4905 2975 4966 sed
2997 4904 3057 4966 in
3091 4924 3194 4967 ora
3215 4905 3477 4971 ﬁdelium
3507 4904 3794 4967 funditur.

393 4984 723 5076 Chrysost.,
763 5006 939 5068 quem
974 5009 1107 5052 cum
1145 4991 1300 5054 bona
1359 4993 1559 5056 Grabii
1624 4993 1794 5056 venia
1828 4995 2050 5056 nostris
2134 4989 2260 5053 Hoc
2300 5009 2433 5054 esse
2475 4990 2626 5054 illud
2681 5010 2906 5073 corpus
2942 4994 3126 5056 clavis
3155 4996 3474 5071 conﬁxum,
3507 5004 3568 5058 et
3595 4996 3800 5076 ﬂagris

395 5075 573 5164 etiam
635 5076 1056 5159 adjungemus,
1112 5081 1321 5144 scribit
1372 5083 1576 5145 homil.
1611 5084 1779 5147 83in
1843 5086 2041 5146 Matii.
2135 5100 2375 5156 caisum,
2433 5082 2545 5143 hoc
2604 5101 2820 5164 corpus
2875 5082 2933 5145 in
2974 5102 3212 5146 crucem
3267 5094 3486 5157 actum,
3523 5085 3634 5147 hoc
3665 5075 3797 5149 esse

391 5163 698 5256 Christum
753 5167 944 5246 ipsum
1009 5170 1068 5230 in
1123 5170 1494 5234 Eucharistia
1534 5175 1714 5254 tangi,
1753 5175 1962 5250 videri,
1993 5181 2050 5234 et
2133 5171 2279 5233 illud
2312 5189 2552 5252 corpus,
2610 5163 2768 5253 quod
2827 5173 2932 5235 fuit
2972 5182 3372 5250 cruentatum,
3401 5175 3558 5256 quod
3590 5175 3798 5238 lancea

393 5253 763 5345 manducari.
817 5280 838 5313 α
878 5256 1044 5330 Quod
1079 5262 1257 5322 modo
1290 5261 1518 5337 dicunt,
1564 5253 1786 5345 inquit,
1836 5265 2048 5325 vellem
2133 5279 2508 5342 percussum,
2559 5270 2618 5323 et
2664 5263 2960 5326 salutares
3008 5263 3207 5327 emisit
3265 5253 3459 5328 fontes
3515 5266 3794 5329 universo

391 5343 642 5437 formam
694 5355 754 5437 et
785 5346 1050 5426 speciem
1085 5349 1236 5430 ejus,
1273 5351 1483 5413 vellem
1517 5343 1864 5415 vestimenta
1894 5354 2045 5434 ipsa,
2131 5349 2264 5412 orbi
2304 5359 2621 5429 terrarum,
2679 5371 2860 5413 unum
2889 5354 3130 5435 quidem
3178 5354 3510 5437 sanguinis,
3538 5356 3789 5418 alterum

389 5433 604 5527 vellem
648 5435 1066 5527 calceamenta
1124 5439 1358 5503 videre?
1399 5441 1594 5522 ipsum
1627 5443 1814 5518 vides,
1852 5433 2045 5523 ipsum
2128 5458 2266 5502 vero
2296 5457 2464 5520 aquae
2499 5458 2513 5504 :
2549 5440 2608 5502 id
2662 5443 2820 5522 quod
2879 5433 2969 5505 est
3021 5443 3086 5505 iu
3135 5433 3348 5526 calice,
3381 5433 3515 5508 esse
3541 5445 3600 5508 id
3630 5445 3789 5527 quod

392 5522 840 5614 tangis,ipsuin
866 5527 1134 5590 comedis
1193 5527 1564 5594 Vestimenta
1589 5533 1722 5613 ejus
1742 5522 2050 5594 desideras
2131 5527 2306 5590 ﬂuxit
2331 5547 2365 5590 θ
2397 5527 2720 5592 latere.nEt
2754 5540 3037 5593 sexcenta
3064 5530 3182 5594 alia
3211 5522 3536 5614 ejusmodi,
3579 5522 3791 5614 quibus

397 5611 642 5674 videre?
699 5613 830 5693 ipse
875 5633 1012 5679 vero
1059 5636 1124 5679 se
1181 5619 1367 5700 ipsum
1400 5620 1508 5682 tibi
1536 5611 1794 5698 tradidit,
1837 5631 1900 5684 ut
1929 5640 2047 5684 non
2131 5617 2245 5682 sibi
2283 5617 2458 5680 facile
2489 5618 2854 5700 persuadeat
2882 5611 3358 5704 quotusquisque
3387 5611 3620 5685 veri-tati
3660 5623 3790 5686 siu-

471 5770 526 5815 ⁷6
555 5770 730 5856 Greg.
763 5772 939 5857 Mag.,
973 5775 1018 5861 Ι,
1046 5794 1105 5841 tv
1136 5779 1314 5858 Dial.,
1353 5801 1480 5864 cap.
1515 5781 1614 5846 58.
1645 5782 1973 5867 Chrysost.,
2011 5783 2186 5848 Hom.
2218 5779 2300 5844 24
2329 5781 2390 5842 in
2426 5779 2447 5844 l
2483 5778 2619 5844 Cor.
