4148 6480
325 531 443 597 349

1232 533 1732 598 DISSERTATIO
1779 529 1880 601 IIl,
1935 532 2028 592 DE
2073 531 2360 593 IRE‘NzEI
2410 534 2820 595 DOCTRINA.

3602 517 3718 583 350

324 681 464 726 cere
491 665 746 748 studeat,
775 685 957 746 quam
992 674 1218 730 certum
1243 675 1334 728 est
1381 664 1644 747 antiquis
1700 662 2043 728 omnibusA
2069 686 2207 747 pum
2245 686 2257 730 :
2333 692 2359 722 α
2395 671 2523 732 Hoc
2576 667 2886 731 dilectioni
2945 677 3059 729 tuae
3118 666 3540 745 signiﬁcamus,
3601 661 3718 722 duo

325 752 597 816 Patribus
653 753 1096 819 Eucharistiam
1150 773 1282 819 esse
1328 773 1533 819 verum
1594 755 1978 824 sacriﬁcium.

321 851 439 904 tam
468 843 682 906 iisdem
740 845 1036 927 liquidum
1085 854 1143 908 et
1197 846 1572 927 exploratum
1612 862 1768 924 esse,
1820 844 1978 907 idem

312 930 463 993 illud
503 951 726 1015 corpus
747 936 907 1017 quod
938 936 1102 998 cruci
1130 936 1367 1000 afﬁxum
1420 944 1533 1010 est,
1567 952 1707 997 vere
1732 953 1801 996 ac
1831 934 1979 996 sub-

310 1022 674 1108 stantialiter
698 1025 810 1088 sub
841 1026 1161 1108 speciebus
1183 1027 1353 1108 panis
1384 1033 1442 1087 et
1465 1025 1586 1108 vini
1609 1042 1892 1108 praesens,
1919 1025 1977 1108 in

309 1119 385 1165 eo
420 1105 718 1167 sacriﬁcio
753 1105 957 1170 offerri
978 1127 1048 1169 ac
1070 1105 1381 1170 incruenta
1400 1105 1975 1168 rationeimmolari.

393 1192 495 1256 97.
533 1195 811 1259 Alterum
847 1198 1010 1278 quod
1044 1196 1260 1262 Grabio
1308 1196 1594 1276 gratulari
1624 1195 1971 1269 debeamus,

303 1289 403 1344 est
455 1285 616 1365 quod
678 1285 991 1350 Albertino
1037 1286 1283 1351 Claudio
1335 1287 1586 1368 aliisque
1615 1285 1978 1347 Calvinianis

305 1373 647 1447 candidior,
683 1376 859 1456 plane
889 1388 944 1439 et
975 1388 1183 1457 aperte
1213 1377 1486 1449 fateatur,
1513 1377 1867 1439 catholicam
1901 1376 1977 1436 de

311 1464 640 1542 praesentia
671 1466 822 1528 reali
854 1477 910 1528 et
943 1467 1610 1540 transsubstantiatione
1642 1465 1974 1528 doctrinam

312 1548 500 1631 longe
520 1555 914 1634 antiquiorem
931 1574 1162 1629 esse,ac
1182 1556 1423 1637 majoris
1435 1563 1495 1617 et
1515 1554 1854 1616 vetustioris
1875 1572 1978 1616 au-

312 1641 606 1704 ctoritatis
634 1644 979 1721 patrociniis
1027 1645 1288 1724 gloriari,
1319 1663 1496 1726 quam
1539 1644 1835 1722 fingerent
1863 1642 1949 1703 illi

314 1728 495 1791 Cl.vic
512 1731 530 1792 i
550 1731 724 1794 verba
740 1733 1161 1796 observatione
1173 1734 1460 1812 singulari
1483 1733 1826 1814 dignissima
1843 1751 1977 1792 cum

311 1818 700 1901 sint,iutegra
718 1825 1186 1906 referamprout
1218 1825 1376 1887 edita
1399 1825 1680 1903 leguntur
1700 1823 1759 1884 in
1783 1823 1982 1884 Adno-

307 1909 637 1973 tationibus
697 1914 756 1975 in
816 1913 1029 1977 [renati
1068 1915 1174 1979 lib.
1209 1933 1270 1995 ν,
1303 1934 1436 1996 cap.
1474 1914 1534 1994 2,
1589 1913 1730 1976 edit.
1757 1911 1977 1980 Oxum,

2071 776 2096 812 α
2131 756 2352 822 Christi
2376 775 2627 838 corpora
2647 776 2756 819 nos
2784 757 2987 820 dicere
3013 775 3129 817 non
3159 773 3334 836 posse
3355 776 3375 826 ;
3395 753 3497 817 sed
3533 766 3715 813 unum

2069 869 2098 902 α
2131 854 2220 906 est
2245 847 2429 928 ipsius
2460 866 2698 928 corpus.
2729 848 2802 911 Et
2832 848 2990 910 sicut
3012 845 3210 908 infans
3241 864 3310 907 ex
3344 843 3594 906 muliere
3617 857 3722 901 na-

2070 956 2094 993 ι
2131 943 2250 1018 tus,
2285 937 2584 1018 perfectus
2615 946 2727 1012 est;
2760 937 2949 999 edens
2979 944 3176 997 autem
3203 943 3262 996 et
3282 933 3494 996 bibens
3525 946 3714 1009 auge-

2072 1046 2094 1080 α
2135 1023 2248 1086 scit
2295 1025 2550 1087 naturali
2607 1025 2906 1100 facultate,
2960 1033 3018 1086 et
3067 1025 3211 1086 licet
3263 1027 3563 1099 augescat,
3600 1035 3716 1079 non

2071 1136 2091 1169 ι
2133 1121 2330 1175 tamen
2357 1114 2474 1176 duo
2522 1114 2861 1176 efficiuntur
2909 1131 3183 1195 corpora,
3230 1110 3335 1172 sed
3367 1127 3550 1170 unum
3584 1115 3715 1168 est:

2067 1227 2095 1259 α
2130 1203 2316 1265 multo
2347 1204 2534 1282 magis
2569 1213 2929 1286 superventu
2953 1202 3210 1285 Spiritus
3246 1200 3430 1262 sancti
3464 1195 3632 1286 panis
3661 1202 3720 1256 et

2067 1316 2092 1348 α
2127 1291 2332 1354 vinum
2383 1292 2442 1354 in
2483 1284 3237 1374 superaugmentationem,
3293 1292 3365 1354 εἰς
3403 1284 3713 1374 ἐπαύξηςιν,

2067 1405 2092 1436 α
2128 1382 2394 1462 corporis
2425 1372 2639 1446 Christi
2661 1372 2842 1444 unum
2867 1383 2929 1444 ﬁt
2952 1387 3256 1462 corpus,et
3283 1396 3402 1439 non
3425 1372 3704 1462 duo.»At-

2061 1489 2176 1552 que
2201 1461 2280 1532 ita
2303 1479 2362 1532 et
2391 1473 2448 1532 in
2481 1472 2736 1553 capitulo
2756 1475 2929 1534 dieue
2950 1461 3216 1552 epiStolze
3244 1466 3454 1530 sufﬁxo
3485 1463 3612 1553 hac
3641 1461 3717 1523 de

2061 1579 2126 1622 re
2148 1560 2431 1650 loquitur.
2462 1552 2642 1622 Istam
2675 1561 2853 1641 igitur
2904 1559 3260 1622 sententiam
3293 1552 3719 1650 Irenaeifuisse

2060 1649 2220 1711 haud
2252 1650 2551 1730 existimo,
2586 1651 2740 1732 quod
2770 1651 3040 1732 quaedam
3072 1641 3716 1739 transsubstantiatioui

2066 1739 2234 1820 panis
2281 1739 2340 1800 in
2373 1729 2558 1800 totum
2604 1729 2922 1821 ipersonale
2967 1747 3022 1800 et
3067 1737 3456 1818 gloriﬁcatum
3497 1729 3715 1821 Christi

2064 1818 2302 1908 corpus.
2329 1829 2562 1890 cmlitus
2583 1818 2644 1892 in
2674 1831 2860 1892 altare
2889 1827 3286 1908 descendens,
3321 1822 3558 1905 qualem
3587 1818 3709 1880 Ro-

2066 1905 2241 1970 mana
2271 1908 2538 1972 Ecclesia
2593 1911 2803 1984 credit,
2845 1928 3026 1990 supra
3057 1928 3116 1989 p.
3169 1905 3308 1985 327,
3361 1921 3488 1983 seq.
3524 1919 3713 1990 Oppo-

300 2017 445 2080 pag.
480 2002 601 2064 399
635 2023 652 2062 :
683 2003 1002 2076 «Quaenam
1031 2005 1213 2085 igitur
1233 1989 1465 2086 Irenaai,
1501 1989 1613 2066 nec
1643 2022 1759 2064 non
1782 2003 1975 2064 beere-
2002 2048 2039 2097 Β
2066 1999 2199 2073 sita,
2253 2007 2312 2060 et
2357 2000 2603 2062 alteram
2651 1989 3096 2062 substantialem
3119 1993 3544 2097 mutationem,
3578 1989 3714 2097 licet

301 2088 568 2151 ticorum
622 2094 754 2173 ejus
781 2098 889 2155 aevi
928 2080 1228 2158 sententia
1277 2080 1552 2171 fuerit',ex
1586 2093 1682 2174 iis,
1725 2112 1858 2174 quae
1877 2093 1976 2154 hic
2002 2080 2039 2097 ”
2061 2106 2094 2149 a
2126 2088 2305 2168 priori
2339 2090 2584 2150 multum
2629 2089 2946 2163 diversam,
3007 2080 3708 2174 excludereuvideantur,

299 2187 362 2239 et
424 2182 906 2259 praecedentibus
950 2185 1432 2248 adnotationibus
1482 2183 1798 2256 cdisserui,
1833 2182 1976 2245 satis

301 2269 471 2332 clare
525 2280 706 2350 patet,
762 2293 831 2336 ac
882 2275 1216 2338 certissime
1278 2283 1535 2350 constat,
1595 2273 1762 2334 illum
1818 2273 1973 2335 haud

304 2362 533 2443 minus,
566 2381 742 2444 quam
775 2365 1004 2426 dictum
1040 2374 1148 2442 est,
1201 2364 1276 2427 de
1327 2364 1636 2427 tremendo
1679 2362 1969 2425 Euchari-

297 2449 435 2511 stiaa
461 2455 744 2532 mysterio
764 2455 1393 2530 credidisse,-scilicet
1415 2473 1628 2536 panem
1656 2471 1970 2515 consecra-

298 2545 454 2620 tum,
492 2542 710 2605 virtute
743 2545 940 2607 carnis
970 2545 1192 2608 Christi
1238 2544 1549 2628 praeditum
1579 2561 1733 2608 esse.
1764 2543 1973 2623 sicque

294 2645 516 2711 reapse
548 2648 792 2695 carnem
840 2634 1062 2697 Christi
1096 2653 1247 2698 esse.
1292 2661 1316 2690 α
1367 2632 1631 2698 Ulterius
1652 2650 1792 2694 vero
1827 2649 1971 2712 pro-

297 2736 576 2796 gressum
601 2723 1000 2804 lrcnzeum,ac
1023 2725 1428 2807 eidem,quam
1461 2721 1735 2804 Cyrillus
1762 2723 1974 2783 Hiero-

299 2807 1088 2893 solymitanusﬁregorius
1117 2812 1717 2896 Nyssenus,Joannes
1752 2810 1980 2872 Dama-

298 2917 543 2974 scenus,
577 2901 815 2982 aliique
840 2906 1100 2981 fortasse
1124 2908 1338 2986 plures
1371 2913 1640 2974 (enuere,
1669 2900 1981 2962 sententiae

294 2987 606 3076 addictum
626 2990 962 3064 fuisse,non
981 2997 1232 3075 pulo.Ht'
1243 3001 1464 3076 quippe
1485 2991 1767 3075 persuasi
1778 2999 1974 3055 erant.

291 3072 589 3156 Spiritum
649 3090 925 3142 sanctum
981 3072 1213 3146 ccelitus
1253 3072 1770 3153 descendentem,
1830 3088 1986 3160 pam'

297 3175 426 3218 non
453 3161 633 3223 modo
648 3164 941 3225 virtutem
966 3168 1234 3246 corporis
1252 3165 1484 3229 Christi
1503 3163 1975 3246 communicare,

291 3249 509 3329 sicque
534 3251 818 3314 eumdem
854 3255 1087 3316 ratione
1126 3255 1469 3336 qualitatum
1494 3262 1745 3333 mutare;
1779 3253 1884 3314 sed
1920 3266 1978 3318 et

295 3337 504 3400 divina
527 3342 797 3420 potentia
815 3345 1008 3425 ipsam
1031 3347 1161 3424 ejus
1181 3345 1590 3408 substantiam
1621 3347 1687 3408 in
1719 3363 1971 3408 carnem

295 3437 746 3512 transmittare,
781 3451 920 3513 quae
969 3434 1197 3498 Christi
1245 3452 1390 3497 caro
1421 3435 1520 3517 sit,
1552 3443 1611 3497 et
1661 3455 1792 3497 curn
1843 3435 1963 3512 illa,

294 3537 434 3596 qua}
460 3538 531 3580 ex
560 3518 904 3602 B.Virginis
948 3520 1114 3586 utero
1146 3524 1388 3606 prodiit,
1421 3543 1490 3586 ac
1521 3525 1683 3587 cruci
1729 3525 1963 3601 sufﬁxa,

290 3607 564 3690 indeque
622 3611 681 3672 in
765 3613 979 3674 cmlum
1039 3614 1269 3676 sublata
1324 3616 1421 3686 sit,
1477 3615 1688 3677 eadem
1718 3613 1819 3677 ﬁat
1862 3635 1968 3696 per

290 3698 614 3774 ﬁnding-tv,
650 3702 932 3784 quodque
965 3704 1243 3766 eumdem
1295 3703 1570 3784 spiritum
1619 3704 1753 3766 vitae
1783 3704 1843 3766 in
1902 3724 1966 3767 se

291 3787 545 3864 habeat;
603 3791 776 3852 sicuti
812 3795 1003 3874 panis,
1038 3814 1214 3875 quem
1247 3793 1526 3857 Servatur
1555 3794 1614 3855 in
1647 3794 1820 3856 terris
1858 3814 1964 3857 co-

300 3877 518 3954 medit,
548 3879 605 3938 vi
629 3881 916 3944 naturalis
939 3883 1157 3944 caloris
1192 3884 1253 3945 in
1307 3902 1549 3945 carnem
1602 3884 1734 3962 ejus
1767 3892 1965 3945 verte-

297 3967 499 4038 batur,
537 3978 595 4029 et
622 3978 825 4032 noster
861 3971 1030 4052 panis
1053 3972 1439 4053 quotidianus
1483 3973 1543 4034 in
1576 3972 1965 4034 substantiam

294 4056 579 4139 corporis
600 4060 788 4122 nostri
809 4060 1021 4123 transit
1051 4080 1065 4126 :
1095 4061 1249 4143 quod
1285 4081 1500 4144 corpus
1525 4081 1557 4123 a
1594 4062 1766 4126 nobis
1793 4062 1970 4124 hodie

293 4155 600 4225 gestatum
628 4148 787 4210 idem
821 4151 1046 4213 dicitur
1081 4170 1217 4212 cum
1251 4150 1373 4227 illo,
1411 4151 1472 4212 in
1503 4169 1620 4232 quo
1665 4160 1802 4212 ante
1834 4152 1969 4232 plu-

297 4254 407 4297 res
439 4255 628 4299 annos
679 4240 898 4302 versati
927 4259 1156 4315 sumus,
1217 4240 1496 4322 quoniam
1531 4239 1737 4302 eadem
1772 4241 1972 4303 anima

302 4334 642 4404 vegetatur,
667 4327 810 4389 licet
839 4330 1146 4411 particulae
1176 4331 1306 4410 ejus
1337 4348 1578 4411 prorsus
1623 4330 1742 4391 sint
1770 4330 1971 4393 diver-

302 4434 412 4489 sae,
442 4423 504 4478 et
529 4417 690 4478 nulla
720 4419 871 4480 forte
901 4439 970 4480 ex
1030 4420 1329 4500 prioribus
1363 4430 1666 4500 superstes
1697 4420 1969 4484 exsistat.

301 4507 465 4586 Lege
520 4515 648 4586 post
707 4507 905 4590 Cyrilli
973 4508 1344 4572 Catechesim
1381 4528 1435 4570 IV
1492 4510 1968 4591 Mystagogicam,

296 4594 576 4675 Gregorii
595 4597 1200 4676 NysseniOrationem
1219 4600 1967 4681 Catecheticammugnam,

2061 2178 2336 2258 quodque
2363 2179 2422 2240 in
2450 2180 2666 2242 nullius
2693 2178 2915 2241 [renato
2947 2176 3146 2247 coaevi,
3182 2182 3282 2268 aut
3305 2171 3542 2234 Nicaano
3565 2185 3710 2268 con-

2059 2267 2196 2329 cilio
2227 2269 2583 2350 antiquioris
2610 2270 2800 2333 Patris
2841 2265 3244 2330 monumentis
3263 2272 3468 2344 apeate
3499 2258 3716 2350 tradita

2057 2357 2336 2434 legatur:
2372 2346 2557 2420 eisuti
2614 2378 2724 2421 nec
2791 2367 2995 2440 postea
3047 2351 3463 2418 universa'iter
3495 2349 3555 2409 in
3601 2346 3710 2408 Ec-

2058 2445 2234 2506 clesio
2269 2447 2377 2508 fuit
2406 2459 2673 2529 recepta;
2707 2450 2811 2510 sed
2845 2447 2917 2511 ab
2948 2446 3084 2508 aliis
3134 2441 3432 2510 Patribus,
3472 2453 3714 2520 praaser-

2057 2535 2159 2595 tim
2192 2535 2512 2614 Africanis,
2568 2538 2933 2599 contrarium
2994 2544 3286 2598 assertum
3321 2538 3504 2612 patet,
3541 2535 3717 2607 prout

2059 2624 2318 2702 theologi
2350 2613 2806 2690 Protestantium
2841 2626 3079 2690 abunde
3119 2621 3462 2705 probarunt.
3505 2640 3526 2674 ιο
3562 2613 3710 2677 Hac-

2063 2720 2237 2776 tenus
2289 2714 2564 2799 Grabius,
2615 2736 2686 2779 ex
2741 2718 2910 2797 cujus
2954 2715 3150 2777 verbis
3206 2707 3538 2799 certissime
3570 2724 3712 2799 con-

2064 2811 2200 2879 stat,
2235 2794 2568 2886 praesentiae
2596 2807 2775 2869 realis
2807 2794 2864 2869 et
2893 2797 3569 2895 transsubstantiationis
3595 2794 3710 2895 do-

2065 2884 2318 2956 ctrinam
2369 2897 2715 2976 posterioris
2742 2897 2850 2958 aevi
2908 2896 3089 2958 fetum
3125 2912 3240 2954 non
3273 2907 3430 2963 esse,
3457 2884 3561 2947 sed
3585 2884 3706 2964 jam

2066 2983 2272 3045 saltem
2332 2987 2570 3047 concilii
2613 2986 2838 3049 Nicaeni
2889 2984 3256 3065 temporibus
3289 2986 3483 3073 natam
3501 2983 3574 3073 ft
3603 2993 3708 3073 og-

2062 3074 2398 3152 nitam,non
2429 3075 2502 3138 ab
2536 3076 2948 3155 unodeinceps
2963 3063 3060 3136 aut
3090 3067 3410 3142 altero,sed
3437 3084 3470 3127 a
3492 3063 3707 3145 Cyrillo

2061 3163 2914 3246 Hierosolymitauo,Gregorio
2946 3163 3476 3241 Nysseno.Joanne
3493 3155 3707 3216 Dama-

2058 3255 2532 3336 scenoaaliisque
2561 3257 2813 3319 fortasse
2849 3254 3143 3336 pluribus-
3177 3248 3448 3342 Patribus
3481 3264 3713 3342 proptr,

2056 3353 2296 3422 gnatam
2318 3343 2622 3407 fuisse.An
2656 3354 2770 3407 tato
2804 3354 3006 3426 aperta
3036 3344 3108 3406 cl.
3139 3339 3341 3406 Grabii
3372 3336 3706 3399 testificatio

1990 3410 2029 3459 C
2055 3410 2291 3496 caeteris
2310 3435 2782 3496 Protestantibus
2796 3410 3494 3516 piobetur,haudscio.ld
3523 3443 3704 3516 unum

2051 3523 2198 3596 scio,
2233 3524 2340 3585 hac
2371 3527 2556 3586 semel
2589 3515 2848 3586 admissa
2880 3518 3394 3604 suppositione,ab
3425 3515 3561 3579 imis
3581 3515 3710 3575 fun-

2051 3612 2706 3677 damentissuccussam
2754 3615 3016 3676 funditus
3063 3630 3238 3674 ruere
3256 3629 3384 3672 eam
3409 3604 3703 3689 hypothe-

2048 3702 2370 3783 sim,quam
2393 3710 2476 3767 tot
2494 3704 3056 3782 machinationibus,
3088 3700 3309 3764 artibus
3331 3707 3388 3761 et
3404 3692 3708 3759 laboribus

2053 3800 2374 3853 extructam
2395 3794 2628 3873 erigere
2649 3795 2840 3857 conati
2861 3796 3095 3856 fuerant.
3120 3788 3490 3866 .‘tlbertinus,
3526 3784 3704 3848 Clau-

2054 3880 2435 3962 dius,aliique
2449 3885 2821 3946 recentiores
2844 3884 3092 3944 ministri
3120 3881 3365 3960 :dcgma
3386 3877 3460 3939 de
3479 3893 3701 3954 corpe-

2051 3970 2160 4032 rali
2185 3970 2404 4034 Christi
2424 3977 2736 4053 praesentia
2754 3975 2812 4036 in
2831 3973 3221 4037 Eucharistiaa
3239 3973 3610 4032 sacramento
3624 3974 3704 4035 ,et

2055 4061 2712 4146 lransubstantiatioue,
2764 4063 2919 4145 apud
2977 4062 3215 4125 Latinos
3267 4058 3524 4146 primum
3581 4061 3706 4146 cia

2054 4151 2380 4214 l’aschasio
2406 4144 2706 4216 Radberto
2741 4144 3129 4233 excogitatum
3166 4167 3322 4210 nono
3342 4144 3701 4219 sazculo,sub

2056 4240 2327 4320 ejusdem
2360 4243 2562 4303 saeculi
2595 4246 2771 4305 linem
2803 4243 3036 4304 animos
3074 4238 3340 4301 {idolium
3374 4233 3704 4316 pervadere

2057 4330 2325 4410 caepisse,
2361 4349 2428 4393 ac
2461 4333 2696 4395 tandem
2730 4332 2966 4394 decimo
2991 4329 3208 4392 saeculo
3243 4327 3464 4419 ubique
3495 4323 3558 4384 in
3593 4323 3701 4419 Ec:

2056 4419 2236 4483 clesia
2267 4421 2473 4482 Latina
2529 4422 2883 4497 obtinuisse;
2916 4424 3120 4486 Graeca
3149 4416 3393 4480 interim
3427 4413 3486 4475 in
3520 4413 3701 4473 veteri

2054 4518 2114 4569 et
2165 4510 2317 4571 avita
2372 4510 2746 4574 Calvinistica
2792 4513 2912 4574 ﬁaie
2963 4514 3410 4592 perseverante.
3446 4501 3505 4566 Si
3541 4501 3699 4563 enim

2053 4596 2334 4660 Grabium
2365 4600 2700 4671 audiamus,
2735 4603 2822 4667 vel
2855 4601 3000 4682 ipsis
3052 4597 3264 4662 concili
3293 4592 3517 4658 Niczeni
3548 4599 3703 4682 tem—

297 4704 437 4795 ειη).
507 4685 610 4759 37,
671 4695 745 4795 et.
785 4687 1138 4790 Damasceni
1201 4688 1330 4795 _lib.‘
1375 4707 1432 4752 ιν
1484 4691 1559 4795 de
1617 4687 2331 4795 Qrtl‘iodoxaoporibus,
2359 4691 2450 4752 vel
2485 4694 2660 4795 paulo
2717 4681 2892 4773 post,
2930 4691 3148 4795 lucem.
3176 4688 3407 4795 aspexit
3437 4681 3706 4795 doctrina

296 4777 426 4854 ﬁde
484 4794 618 4858 cap.
674 4778 772 4846 14,
822 4779 1073 4860 ejusque
1122 4779 1429 4861 epistolam
1490 4780 1564 4842 ad
1625 4772 2388 4855 Zachariamuprazsentiaa
2417 4772 3388 4848 realisettranssubstautiationis,
3425 4772 3706 4854 priusque

303 4867 641 4929 Doarorum
676 4867 1024 4947 episcopum
1087 4870 1332 4932 Joannis
1382 4869 1733 4932 Damasceni
1769 4872 1974 4945 verba,
2057 4865 2280 4929 Graecis
2313 4878 2471 4943 nota,
2505 4889 2681 4951 quam
2735 4870 2980 4951 Latinis,
3031 4867 3104 4929 ab
3162 4865 3277 4929 illis
3319 4863 3394 4926 ad
3439 4867 3548 4923 bos
3579 4879 3705 4918 tua-

303 4973 501 5035 eaque
523 4955 732 5018 Latine
763 4975 933 5017 versa
966 4958 1181 5033 solum,
1217 4959 1520 5021 brevitatis
1549 4959 1923 5034 causa,dabo
1961 4985 1974 5028 ;
2064 4975 2241 5018 nasse
2280 4959 2512 5022 videtur
2606 4960 2735 5024 Jam
2794 4961 2970 5040 igitur
3026 4953 3333 5020 cismarini
3375 4951 3706 5040 Calviuistae

299 5041 446 5126 [CL]
473 5045 1032 5118 «Quemadmodum
1059 5048 1414 5110 naturaliter
1431 5048 1601 5130 panis
1624 5067 1730 5128 per
1750 5049 1975 5128 cibum,
2065 5066 2273 5110 novam
2307 5067 2439 5110 esse
2491 5069 2645 5126 eam,
2698 5071 2776 5132 qu
2801 5039 2874 5112 «in
2911 5059 3164 5115 tuemur.
3209 5043 3562 5106 sententiam
3596 5039 3707 5132 ob—

302 5158 330 5192 ‹
375 5143 434 5196 et
470 5133 672 5196 vinum
708 5145 762 5196 et
796 5156 946 5216 aqua
977 5155 1081 5216 per
1099 5138 1375 5217 potumin
1397 5137 1766 5200 comedentis
1786 5157 1854 5200 ac
1877 5140 1968 5200 bi—
2047 5139 2293 5218 jectent,
2333 5148 2510 5200 totam
2571 5130 2904 5203 Ecclesiam
2967 5157 3071 5220 per
3108 5137 3306 5218 priora
3330 5143 3462 5195 octo
3493 5130 3709 5193 saicula

300 5247 324 5279 ι
370 5223 571 5285 benti!
628 5243 848 5306 corpus
895 5236 952 5286 et
1004 5227 1353 5301 sanguinem
1412 5226 1822 5301 immutantur,
1857 5247 1969 5290 nec

301 5339 331 5368 α
369 5332 594 5396 corpus
622 5313 876 5377 alterum
913 5316 1082 5388 ﬁunt,
1108 5327 1287 5397 atque
1318 5335 1352 5377 a
1389 5317 1587 5397 priore
1610 5316 1797 5397 ipsius
1831 5335 1964 5378 cor-

303 5430 331 5460 α
369 5421 521 5485 pore
541 5403 868 5467 diversum:
889 5405 974 5466 sic
999 5406 1424 5486 propositionis
1455 5406 1642 5486 panis,
1673 5424 1740 5468 ac
1764 5407 1964 5468 vinum

297 5520 324 5550 (ι
367 5501 430 5556 et
459 5512 615 5575 aqua
637 5511 746 5574 per
777 5495 968 5556 sancti
1001 5495 1256 5575 Spiritus
1306 5494 1743 5558 invocationem
1767 5505 1827 5556 at
1857 5496 1968 5558 ad-

299 5610 324 5640 ι
364 5582 908 5659 ventum,mirabili
939 5584 1114 5646 modo
1156 5586 1216 5646 in
1249 5584 1469 5649 Christi
1491 5603 1706 5667 corpus
1733 5593 1790 5647 et
1820 5603 1968 5648 san-

301 5699 330 5730 σ
366 5673 612 5754 guinem
663 5680 998 5750 vertuntur,
1051 5691 1166 5736 nec
1217 5683 1356 5736 sunt
1381 5674 1525 5750 duo,
1559 5674 1666 5738 sed
1697 5693 1880 5736 unum
1914 5691 1973 5744 et

305 5786 332 5820 σ
366 5763 558 5826 idem.
593 5788 622 5820 ι
649 5764 889 5828 Rursus
917 5763 976 5825 in
1013 5763 1190 5846 epist.
1225 5765 1323 5829 ad.
1359 5763 1701 5828 Zachariam
1727 5763 1968 5848 episco-

2053 5229 2113 5289 in
2146 5228 2486 5291 Calviniana
2513 5231 2630 5291 ﬁele
2670 5231 3029 5292 concordem
3057 5226 3354 5307 jactitent,
3393 5224 3706 5285 societates

2053 5336 2262 5380 omnes
2278 5317 2607 5382 Orientales
2638 5321 2798 5380 nulla
2822 5320 3146 5381 etiamnum
3173 5316 3284 5376 hac
3333 5315 3390 5375 in
3415 5320 3578 5394 parte
3607 5332 3710 5371 no-

2052 5409 2251 5470 vitatis
2275 5408 2406 5470 labe
2439 5409 2868 5471 contaminatas
2927 5406 3214 5469 audacter
3254 5405 3569 5474 allirment;
3603 5420 3707 5460 va-

2052 5496 2365 5558 nissimum
2415 5509 2817 5560 commentum
2877 5515 2982 5577 pro
3063 5493 3236 5556 nobis
3286 5502 3342 5555 et
3395 5489 3706 5552 uobiscum

2052 5587 2257 5668 Cyrilli
2285 5587 2832 5670 Hierosolymitani,
2871 5584 3145 5664 Giegorii
3191 5581 3464 5665 Nysseni,
3499 5581 3704 5644 Dama

2055 5676 2243 5755 sceni,
2291 5677 2597 5758 (qualium.
2661 5685 3145 5757 quantorumque
3195 5671 3520 5741 virorum!)
3552 5671 3707 5732 allu-

2056 5784 2314 5850 rumque
2332 5769 2590 5848 fortasse
2613 5767 2888 5853 plurium
2923 5772 3084 5828 certa
3115 5771 3174 5830 et
3202 5763 3562 5826 inconcussa
3595 5779 3706 5824 au-
