4148 6450
408 445 513 508 351

1189 451 1743 513 DlSSEItTATlON
1756 453 1838 514 ES
1882 447 2204 513 ΡΡιίΕΠίΕ
2249 451 2326 513 ΙΝ
2373 452 2661 514 ΙΗΕΝίΕΙ
2707 449 2998 513 LIBROS.

3689 442 3813 507 35?

408 582 681 642 ctoritate
737 580 1053 660 dissipabit
1110 583 1414 646 recentior
1463 583 2286 665 Calvinianidogma-aﬁeri
2335 602 2552 663 corpus
2608 582 2854 662 Christi,
2939 581 3140 652 vinum
3197 591 3395 643 autem
3456 578 3817 660 sanguinem

412 667 487 729 tis
514 669 748 734 assecla
779 671 1056 736 Grabius.

2155 673 2372 736 Christi
2405 673 2515 736 ηε
2569 672 2677 735 Dei
2735 671 2918 735 verbo
2973 671 3412 734 sanctiﬁcatum
3471 686 3690 753 panem
3747 668 3822 730 in

492 759 596 823 98.
630 759 748 824 Sed
779 781 992 825 vereor
1041 781 1115 826 ne
1147 763 1234 824 vir
1263 763 1340 825 cl.
1378 763 1595 844 pedem
1629 763 1807 845 paulo
1838 763 2074 843 longius
2156 762 2266 826 Dei
2288 761 2470 825 Verbi
2499 781 2714 843 corpus
2735 760 3123 825 transmutari
3143 763 3228 826 78:
3254 787 3280 819 υ
3305 762 3391 824 sic
3409 759 3813 833 hiafﬁrmant,

411 847 564 910 forte
616 869 793 929 quam
847 851 1130 915 voluisset
1186 853 1505 934 protulisse
1562 871 1626 915 se
1667 852 1901 934 dolens,
1939 861 2068 915 tan-

412 935 549 998 dem
581 940 901 1020 aliquando
935 942 1161 1005 referre
1199 943 1362 1004 velit.
1397 942 1536 1004 Haec
1569 943 1729 1004 enim
1765 943 1946 1004 unica
1972 960 2073 1004 sa-

414 1027 555 1089 Iutis
573 1035 810 1092 aaternaz
830 1049 992 1111 spes,
1018 1031 1131 1092 hoc
1171 1031 1360 1094 solum
1393 1031 1596 1095 Grabii
1616 1031 1754 1093 ﬁdei
1773 1032 2072 1094 columen.

425 1141 450 1171 α
485 1117 642 1196 quod
676 1119 735 1179 in
761 1121 986 1182 nullius
1020 1123 1244 1184 Irenaeo
1277 1121 1484 1194 coaevi,
1521 1129 1622 1182 aut
1654 1121 1903 1185 Nicaeae
1936 1141 2077 1183 con-

416 1205 554 1268 cilio
585 1208 938 1289 antiquioris
962 1208 1152 1272 Patris
1186 1209 1592 1271 monumentis
1623 1220 1829 1289 aperte
1862 1210 2076 1272 tradita

416 1295 645 1374 legatur
672 1296 939 1360 Romana
968 1300 1042 1360 de
1094 1300 1409 1378 prmsentia
1451 1299 1622 1374 reali,
1659 1307 1718 1361 et
1760 1299 2073 1362 transsub-

417 1386 799 1449 stantiatione
829 1388 1124 1462 doctrina,
1153 1389 1306 1450 sicut
1364 1408 1476 1451 nec
1513 1401 1718 1468 postea
1760 1389 2072 1452 universa-

420 1473 556 1535 liter
605 1476 666 1536 in
699 1475 967 1540 Ecclesia
996 1478 1103 1540 fuit
1152 1487 1418 1561 recepta,
1471 1479 1576 1540 sed
1607 1478 1680 1541 ab
1712 1479 1846 1540 aliis
1875 1478 2075 1542 Patri-

417 1563 550 1640 bus,
607 1567 941 1645 praesertim
991 1568 1306 1640 Africanis,
1361 1573 1722 1632 contrarium
1775 1577 2072 1631 assertum

420 1661 637 1732 pateat.
678 1681 700 1708 υ
737 1654 850 1718 Sed
888 1659 1028 1738 quid
1061 1659 1112 1720 si
1167 1659 1310 1722 falsa
1343 1660 1418 1720 sit
1444 1679 1513 1720 ea
1539 1657 1920 1740 suppositio?
1956 1661 2080 1720 Nec

419 1743 578 1804 enim
611 1745 762 1807 adeo
792 1747 1049 1810 fidenter
1081 1767 1418 1830 proponere
1450 1746 1981 1820 videtanrabius,
2019 1755 2085 1815 ut

415 1841 579 1895 extra
610 1855 847 1897 omnem
884 1837 1275 1899 dubitationis
1307 1839 1494 1900 aleam
1531 1839 1781 1920 positam
1808 1856 1940 1898 esse
1973 1855 2078 1918 pu-

421 1929 525 1995 tet;
561 1927 718 2004 quod
747 1926 890 1988 satis
925 1927 1196 1992 indicant
1228 1948 1319 2009 ea,
1347 1929 1564 2010 quibus
1597 1929 1803 2001 utitur,
1843 1926 2026 1988 verba
2059 1949 2074 1990 :

426 2040 450 2068 ‹‹
485 2013 735 2077 ulterius
768 2035 1151 2096 progressum
1183 2021 1472 2080 lrenazum
1527 2038 1642 2078 non
1679 2027 1816 2099 puto
1854 2035 1866 2079 :
1903 2017 2076 2079 istam

417 2105 773 2166 sententiam
829 2105 1035 2169 Irenaai
1085 2107 1271 2168 fuisse
1311 2109 1465 2170 haud
1518 2107 1831 2181 existimo;
1871 2131 1896 2161 υ
1950 2124 2080 2186 qua)

417 2193 726 2256 hominem
761 2196 1014 2276 privatas
1047 2198 1387 2276 opiniones,
1449 2197 1552 2258 sed
1605 2196 1780 2276 paulo
1814 2195 2083 2257 timidius

421 2285 822 2362 proferentem
847 2287 1118 2348 nonnihil
1143 2288 1305 2348 olere
1357 2286 1651 2348 videntur.
1687 2285 1838 2358 Quid
1874 2287 1921 2346 si
1957 2284 2083 2347 Ire-

422 2394 606 2450 naaus,
673 2376 814 2456 quid
849 2378 894 2437 si
953 2378 1225 2438 Justinus
1273 2378 1512 2457 Martyr,
1551 2376 1771 2456 aliique
1822 2375 2081 2439 concilio

420 2462 660 2526 Nicamo
685 2467 1074 2547 antiquiores.
1113 2466 1270 2528 idem
1318 2486 1452 2527 cum
1486 2466 1703 2546 Cyrillo
1733 2465 2080 2545 Hierosoly-

419 2553 668 2635 mitano,
701 2555 988 2636 Gregorio
1045 2555 1336 2637 Nysseno,
1368 2565 1425 2618 et
1455 2556 1592 2618 aliis
1640 2553 1967 2616 svnaerint?
1997 2553 2081 2623 De

421 2641 646 2706 Irenaeo
676 2663 804 2706 rem
839 2646 1233 2707 certissimam
1268 2665 1400 2707 esse
1447 2646 1689 2706 cordato
1721 2645 1904 2706 cuivis
1936 2662 2077 2724 per-

421 2733 757 2794 suadebunt
814 2752 907 2814 ea,
947 2755 1077 2816 quae
1135 2736 1411 2814 superius
1467 2735 1846 2815 adduximus,
1896 2752 2077 2812 argu-

423 2829 648 2884 menta.
684 2823 754 2884 Et
794 2825 1080 2906 quidquid
1116 2827 1424 2887 cavilletur
1455 2825 1730 2898 Grabius,
1771 2833 1927 2886 tanta
1959 2824 2076 2884 sal-

421 2919 566 2991 tem,
619 2920 680 2972 ut
713 2922 875 2992 puto,
918 2935 1032 2976 non
1084 2918 1197 2978 erit
1230 2917 1388 2977 illius
1420 2915 1659 2995 fiducia,
1697 2923 1756 2975 ut
1809 2933 2078 2975 asserere

419 3000 636 3061 audeat
669 3021 763 3076 ea,
799 3024 930 3084 quae
962 3006 1088 3085 ipsi-
1121 3007 1180 3066 in
1215 3005 1576 3067 contrarium
1631 3006 1876 3086 piofert,
1908 3003 2074 3064 illum

421 3090 797 3154 certitudinis
829 3095 1075 3172 gradum
1108 3101 1400 3176 attigisse,
1428 3097 1528 3178 qui
1562 3113 1799 3156 omnem
1836 3112 2078 3174 prorsus

426 3178 858 3245 dubitationem
910 3187 1149 3248 eximat.
1214 3186 1286 3250 Ut
1325 3187 1506 3265 igitur
1536 3184 1746 3245 demus
1799 3182 1979 3257 (absit
2008 3184 2130 3243 utC

427 3274 850 3357 concedamus)
888 3297 1052 3340 suam
1087 3277 1404 3341 Grabianis
1428 3273 1796 3354 argumentis
1813 3281 2086 3333 constare

429 3362 932 3448 probabilitatem,
983 3388 1056 3428 an
1119 3387 1235 3429 una
1281 3365 1693 3448 probabilitate
1752 3362 1858 3422 niti
1893 3370 2089 3442 potest

422 3450 602 3511 homo
655 3455 863 3516 salutis
916 3475 1039 3518 sum
1095 3475 1320 3526 amans,
1377 3464 1439 3515 ut
1497 3455 1558 3516 in
1616 3471 1682 3514 re
1741 3450 1977 3512 maximi
2013 3451 2081 3511 ad

420 3540 672 3603 salutem
721 3548 1035 3625 aaternam§
1062 3546 1368 3626 momenti,
1454 3562 1486 3606 a
1543 3541 1848 3604 communi
1905 3539 2087 3600 totius

420 3629 587 3691 orbis
619 3631 890 3696 doctrina
945 3636 1262 3711 desciscat,
1315 3653 1490 3716 quam
1538 3633 1671 3713 ipse
1729 3628 2086 3710 antiquissi-

423 3737 680 3796 morum,
745 3743 864 3786 non
912 3725 1110 3800 unius,
1163 3735 1263 3788 aut
1293 3724 1563 3803 alterius,
1627 3721 1734 3782 sed
1797 3718 2083 3800 plurium,

422 3826 751 3893 eorumque
783 3835 898 3877 non
935 3816 1123 3878 inﬁmi
1150 3815 1434 3894 nominis,
1461 3813 1695 3875 Patrum
1724 3811 2087 3871 auctoritate

422 3898 625 3962 fultam
684 3904 992 3982 agnoscit;
1043 3905 1181 3967 aliis
1240 3904 1446 3967 saltem
1497 3899 1799 3980 Patribus,
1836 3905 1937 3960 aut
1963 3917 2083 3958 non

422 4001 630 4072 aperte
663 3998 1344 4073 contradicentibus,aut
1372 4016 1441 4058 ea
1463 3992 1918 4064 affirmantibus,
1954 4010 2084 4072 qua:

421 4102 537 4144 non
573 4085 652 4147 ita
681 4087 909 4151 difﬁcili
942 4089 1177 4169 negotio
1209 4088 1280 4150 ab
1309 4089 1404 4161 iis,
1440 4087 1538 4169 qui
1567 4083 1667 4147 uni
1699 4083 1945 4146 student
1976 4101 2080 4142 ve-

417 4174 600 4256 ritati,
637 4177 921 4258 explicari
955 4179 1231 4259 queant?
1278 4179 1520 4243 Certum
1559 4184 1650 4237 est
1699 4173 1861 4235 enim
1918 4171 2082 4232 nulla

419 4266 660 4329 Patrum
693 4269 1034 4332 testimonia
1057 4268 1206 4330 adeo
1238 4278 1467 4350 aperta,
1494 4267 1652 4328 clara
1680 4272 1738 4326 et
1769 4263 2084 4344 perSpicua

415 4354 616 4416 aﬁ‘erri
646 4375 822 4436 posse
844 4376 878 4418 a
905 4359 1585 4438 Protestantibus,atque
1613 4372 1720 4416 nos
1751 4353 2080 4415 aﬁ‘erimus.

415 4446 783 4508 Auctoritate
840 4447 1082 4528 quidem
1142 4448 1556 4510 Africanorum
1590 4445 1864 4520 Patrum,
1901 4439 1958 4500 id
1991 4447 2084 4500 est

2164 874 2187 908 (ι
2225 870 2379 928 eam,
2415 853 2474 914 in
2515 871 2630 934 qua
2654 871 2760 933 per
2790 851 3123 913 orationem
3147 851 3312 915 verbi
3339 869 3374 912 a
3403 851 3635 914 Christo
3668 866 3821 928 pro-

2160 941 2292 1002 fecti
2316 943 2518 1021 gratiae
2547 950 2685 1003 sunt
2714 949 2880 1012 actas,
2917 941 3285 1019 alimoniam,
3341 938 3632 1003 incarnati
3655 937 3824 1000 illius

2159 1032 2298 1094 Jesu
2349 1040 2408 1094 et
2447 1050 2688 1094 carnem
2724 1041 2784 1094 et
2835 1031 3186 1112 sanguinem
3246 1050 3379 1094 esse
3404 1031 3514 1093 79:
3573 1029 3820 1090 mistum

2158 1121 2434 1194 calicem,
2469 1130 2529 1183 et
2579 1122 2797 1184 factum
2857 1140 3069 1202 panem
3123 1121 3514 1202 percipientia
3567 1118 3816 1181 verbum

2159 1211 2287 1284 Dei,
2363 1211 2493 1272 ﬁeri
2552 1210 3007 1287 Eucharistiam,
3070 1211 3423 1291 sanguinem
3481 1216 3540 1272 et
3595 1226 3823 1289 corpus

2159 1299 2374 1362 Christi
2401 1301 2484 1363 80.
2502 1326 2522 1357 ι
2547 1300 3062 1373 Quemadmodum
3082 1301 3165 1363 illi
3185 1300 3823 1382 pronuntiant,panem

2161 1394 2222 1453 et
2250 1390 2453 1452 vinum
2488 1391 2946 1452 consecratione
2977 1398 3240 1471 peracta,
3277 1420 3300 1452 ‹
3342 1387 3668 1470 spectanda
3696 1405 3824 1448 non

2159 1497 2292 1540 esse
2327 1488 2606 1562 tanquam
2648 1498 2860 1562 panem
2921 1479 3175 1554 nudum,
3212 1487 3272 1541 et
3316 1479 3518 1540 vinum
3549 1476 3772 1539 nudum
3805 1497 3823 1553 ;

2160 1587 2377 1649 corpus
2399 1571 2559 1632 enim
2586 1589 2723 1632 esse
2747 1579 2803 1632 et
2831 1571 3185 1649 sanguinem
3219 1568 3464 1644 Christi,
3485 1567 3827 1631 secundum

2161 1659 2350 1737 ipsius
2373 1659 2612 1723 Domini
2644 1659 2826 1722 verba
2853 1661 2907 1711 8¹
2939 1680 2954 1737 ;
3004 1678 3219 1741 panem
3253 1658 3685 1722 sanctiﬁcatum
3713 1675 3830 1738 per

2163 1749 2409 1811 verbum
2445 1750 2551 1813 Dei
2582 1758 2640 1812 et
2672 1750 3028 1825 orationem,
3060 1749 3254 1812 statim
3288 1747 3472 1812 Verbi
3517 1748 3579 1810 in
3603 1766 3828 1828 corpus

2165 1842 2566 1921 transmutari,
2626 1839 2782 1904 sicut
2837 1840 3058 1901 dictum
3109 1848 3198 1902 est
3231 1859 3263 1900 a
3292 1839 3492 1901 Verbo
3527 1861 3540 1897 :
3581 1839 3702 1900 Hoc
3731 1853 3826 1906 est

2161 1944 2379 2007 corpus
2397 1947 2597 1990 meum
2619 1929 2678 1978 82
2706 1949 2750 1990 τι
2786 1929 2869 1990 sic
2891 1929 3024 1990 ethi
3045 1928 3235 2009 palam
3257 1927 3589 2002 enuntiant,
3622 1944 3820 2007 ileum,

2161 2017 2222 2078 in
2255 2037 2372 2098 quo
2399 2020 2599 2096 gratiae
2616 2028 2762 2081 actae
2784 2028 2943 2095 sunt,
2968 2038 3208 2100 panem,
3241 2017 3466 2092 vinum,
3491 2027 3550 2080 et
3578 2034 3821 2097 aquam,

2164 2126 2282 2168 non
2305 2117 2370 2170 ιιι
2397 2127 2777 2171 communem
2805 2128 3046 2191 panem,
3083 2128 3278 2188 neque
3299 2125 3679 2170 communem
3711 2125 3824 2186 ρο·-

2165 2205 2286 2258 tum
2320 2199 2496 2273 sumi,
2533 2200 2640 2262 sed
2694 2209 2756 2260 ut
2808 2201 3096 2262 incarnati
3128 2200 3265 2262 Jesu
3296 2216 3542 2260 carnem
3587 2205 3647 2258 et
3677 2214 3822 2258 san-

2165 2291 2405 2365 guinem
2434 2290 2528 2364 85;
2569 2314 2592 2346 ι
2627 2308 2788 2366 eum,
2829 2317 2853 2346 «ι
2888 2289 2991 2370 qui
3048 2307 3082 2350 a
3136 2297 3294 2351 terra
3328 2296 3417 2349 est
3449 2285 3640 2368 panis,
3677 2304 3823 2366 per-

2167 2378 2484 2458 cipientem
2541 2379 2977 2440 invocationem
3011 2377 3142 2454 Dei,
3195 2378 3319 2458 jam
3371 2395 3489 2438 non
3546 2394 3824 2438 commu-

2167 2485 2302 2528 nem
2340 2486 2552 2547 panem
2584 2486 2740 2547 esse,
2775 2467 2878 2530 sed
2927 2466 3392 2542 Eucharistiam,
3453 2485 3523 2528 ex
3594 2463 3827 2527 duabus

2168 2556 2328 2636 [CLI]
2363 2557 2544 2618 rebus
2575 2567 2972 2631 constantem,
3028 2567 3266 2619 terrena
3316 2563 3376 2616 et
3405 2554 3638 2618 caelesti
3665 2554 3751 2630 84,
3791 2579 3819 2611 ι

2164 2665 2414 2728 corpore
2451 2647 2720 2708 videlicet
2774 2646 2995 2710 Christi
3038 2665 3069 2708 e
3101 2656 3341 2709 terrena
3369 2645 3617 2707 materia
3673 2664 3822 2706 con-

2163 2746 2350 2813 creto,
2376 2745 2436 2798 et
2477 2737 2675 2800 Verbo
2702 2737 2808 2800 Dei
2839 2737 2979 2799 huic
3032 2736 3397 2820 hypostatice
3429 2736 3618 2800 unite.
3655 2736 3826 2800 Sicut

2162 2827 2245 2888 illi
2276 2828 2510 2901 docent,
2554 2829 2822 2890 «Christo
2855 2827 2986 2909 ipso
3017 2828 3104 2889 sic
3127 2827 3490 2905 afﬁrmante,
3524 2836 3701 2909 atque
3732 2827 3824 2889 di-

2163 2925 2334 2978 cente
2365 2917 2437 2977 de
2473 2936 2622 2997 pane
2657 2937 2670 2980 :
2710 2919 2832 2979 [loc
2869 2925 2950 2980 est
2995 2933 3216 2998 corpus
3246 2934 3472 2988 meum,
3508 2916 3821 2978 neminem

2162 3005 2448 3085 deinceps
2480 3008 2653 3069 audet
2674 3027 2705 3068 e
2735 3005 3008 3068 dubitare
3039 3025 3052 3069 :
3087 3005 3298 3067 eodem
3328 3024 3568 3087 quoque
3593 3008 3828 3067 contir-

2165 3108 2362 3156 mante
2389 3105 2447 3158 et
2478 3096 2754 3160 dicente:
2790 3097 2904 3160 Hic
2944 3103 3032 3158 est
3084 3096 3334 3175 sanguis
3370 3113 3555 3176 meus,
3589 3095 3825 3156 nullum

2168 3184 2296 3246 fore
2329 3186 2427 3266 qui
2451 3186 2771 3261 dubitet,et
2793 3186 2951 3248 dicat
2973 3205 3090 3247 non
3109 3202 3242 3249 esse
3262 3185 3426 3247 illius
3446 3185 3823 3266 sanguinem:

2171 3275 2269 3355 qui
2301 3295 2512 3355 aquam
2548 3275 2870 3356 aliquando
2924 3275 3166 3338 mutavit
3195 3275 3255 3336 in
3285 3276 3511 3349 vinum,
3549 3277 3607 3336 in
3665 3274 3830 3340 Cana

2169 3364 2703 3445 Galilaeze,dignum
2729 3385 2860 3428 esse
2892 3367 2988 3427 cui
3017 3365 3520 3445 credamus,quod
3541 3364 3739 3426 vinum
3764 3366 3830 3426 in

2171 3455 2520 3532 sanguinem
2547 3455 2983 3533 transmutavit;
3017 3455 3119 3536 qui
3148 3454 3219 3515 ad
3255 3454 3488 3535 nuptias
3506 3472 3835 3536 corporeas
3912 3513 3916 3518 .

2171 3542 2448 3605 invitatus
2469 3543 2830 3624 stupendum
2845 3545 3196 3607 miraculum
3220 3552 3498 3624 operatus
3521 3543 3834 3626 est,multo

2173 3631 2357 3709 magis
2388 3649 2605 3710 corpus
2627 3640 2692 3693 et
2729 3633 3083 3709 sanguinem
3119 3651 3292 3694 suum
3327 3632 3464 3694 ﬁliis
3495 3631 3698 3714 sponsi
3730 3633 3837 3694 de-

2170 3720 2329 3782 disse
2359 3721 2765 3782 conﬁtendum
2791 3741 2922 3783 esse
2954 3741 2966 3785 :
3005 3741 3187 3803 quare
3219 3741 3354 3784 cum
3387 3721 3551 3782 omni
3581 3729 3831 3784 certitu-

2171 3809 2310 3871 dine
2334 3829 2550 3892 corpus
2582 3819 2639 3871 et
2669 3812 3020 3891 sanguinem
3049 3811 3269 3875 Christi
3291 3811 3650 3874 sumendum
3670 3829 3833 3886 esse;

2171 3919 2304 3961 nam
2339 3900 2448 3962 sub
2483 3900 2705 3980 specie,
2741 3903 2795 3958 ἐν
2840 3907 3009 3977 τύπῳ,
3073 3905 3248 3984 panis
3293 3902 3468 3963 datur
3495 3920 3738 3982 corpus,
3774 3911 3838 3963 et

2169 3991 2278 4052 sub
2297 3990 2502 4072 specie
2525 3992 2642 4052 vini
2673 3991 2849 4054 datur
2866 3991 3408 4074 sanguiszqnamvis
3441 4011 3652 4054 sensus
3688 4010 3831 4053 con-

2168 4080 2414 4142 trarium
2448 4082 2934 4160 suggerat,ﬁdem
2971 4096 3168 4146 tamen
3201 4083 3559 4145 confirmare
3581 4081 3828 4158 debere,

2170 4188 2242 4231 ex
2271 4179 2440 4250 gestu
2471 4189 2597 4232 rem
2624 4171 3012 4252 judicandam
3049 4193 3169 4236 non
3224 4192 3379 4254 esse,
3440 4171 3583 4252 quin
3634 4170 3832 4254 potius

2165 4261 2504 4321 certissima
2534 4261 2673 4338 fide,
2710 4270 2769 4322 et
2799 4265 2946 4326 citra
2984 4262 3418 4325 dubitationem
3453 4259 3827 4324 credendum

2165 4367 2323 4421 esse,
2358 4349 2573 4412 Christi
2605 4369 2820 4432 corpus
2851 4361 2910 4414 et
2938 4354 3289 4433 sanguinem
3324 4350 3497 4413 nobis
3528 4350 3765 4426 dari85;
3795 4375 3823 4408 ι

2162 4439 2664 4518 quemadmodum
2703 4460 2957 4523 «corpus
2985 4442 3350 4512 Cliristi,Dei
3382 4440 3564 4503 Verbi
3595 4439 3831 4502 inhabi-

413 4533 786 4615 Tertulliani,
819 4527 1154 4615 A’ugustini,
1205 4547 1262 4599 et
1312 4534 1575 4599 Facundi
1628 4528 2078 4594 Hermianensis
2103 4553 2144 4603 ι)
2167 4527 2384 4589 latione
2417 4527 2490 4588 ad
2513 4528 2769 4591 divinam
2806 4540 3259 4595 transmutatum
3286 4540 3376 4594 est
3421 4529 3771 4612 dignitatem
3810 4553 3826 4608 ς

413 4623 702 4701 gloriatur
727 4626 1011 4708 Grabius;
1076 4627 1181 4689 sed
1243 4628 1289 4688 si
1333 4628 1534 4706 legere
1583 4640 1701 4684 non
1755 4620 2076 4708 pigeathto-
2159 4627 2320 4708 recte
2351 4635 2505 4680 nunc
2536 4638 2771 4701 quoque
2805 4623 2909 4686 Dei
2939 4622 3118 4686 verbo
3149 4621 3578 4684 sanctificatum
3609 4638 3829 4701 panem

415 4731 574 4775 mum
608 4706 1144 4797 IIlPerpetuitatis
1173 4714 1573 4797 ﬁdei,Callice
1601 4710 1893 4790 scriptum
1928 4706 2082 4797 (Gal-
2159 4707 2406 4797 credere
2436 4727 2542 4770 nos
2574 4708 2630 4770 in
2659 4711 2763 4772 Dei
2796 4711 2976 4775 Verbi
3011 4732 3228 4791 corpus
3247 4718 3740 4786 transmutare,et
3763 4709 3827 4770 in

420 4803 530 4866 lice
559 4805 786 4886 quippe
816 4796 929 4868 scit
971 4808 1060 4868 vir
1089 4796 1354 4887 doctus),
1388 4805 1440 4865 si
1471 4802 1604 4883 quis
1646 4798 1828 4861 animi
1862 4796 2085 4858 candor
2161 4796 2306 4859 illud
2337 4799 3108 4887 transelementarieorum,
3137 4820 3268 4883 quae
3295 4806 3611 4882 apparent,
3647 4807 3826 4860 natu-

415 4895 516 4966 sit,
552 4885 762 4956 vanam
813 4915 948 4958 esse
979 4885 1400 4976 gloriationem
1455 4893 1572 4952 cito
1627 4887 2081 4951 animadvertct.
2163 4904 2287 4976 ram
2318 4885 2442 4943 86.»
2479 4885 2576 4976 Sic
2607 4897 2664 4950 et
2694 4891 2755 4952 hi
2787 4887 3693 4971 praedicanmquemadmodum
3719 4905 3832 4968 per

499 4983 600 5046 99.
636 4982 880 5046 Interim
914 4975 1052 5048 vero
1084 4985 1366 5065 Cyrillum
1395 4976 2002 5057 Hierosolymitanum
2027 4981 2085 5037 et
2167 4975 2416 5037 verbum
2477 4975 2584 5040 Dei
2641 4998 2777 5041 caro
2806 4979 2994 5042 factus
3027 4981 3198 5044 Jesus
3233 4977 3506 5042 Christus
3557 4980 3832 5039 Servator

414 5073 771 5149 Gregorium
797 5077 1132 5155 Nyssenum
1167 5093 1303 5135 cum
1332 5071 1565 5137 Justino
1599 5079 1659 5131 et
1685 5066 1911 5129 Irenaeo
1944 5085 2084 5127 con-
2171 5076 2396 5140 noster,
2455 5075 2515 5128 et
2573 5087 2816 5131 carnem
2875 5078 2934 5131 et
2983 5069 3336 5149 sanguinem
3372 5065 3580 5128 salutis
3609 5073 3829 5155 nostra;

416 5161 587 5241 ferat,
623 5170 680 5222 et
737 5153 979 5243 quo‘alii
1030 5163 1102 5225 ab
1159 5163 1272 5224 illis
1322 5162 1598 5224 differant
1652 5157 1812 5218 dicat
1847 5157 2000 5235 ipse,
2034 5162 2085 5224 si
2170 5173 2349 5216 causa
2377 5155 2602 5240 habuit;
2633 5158 2710 5220 ita
2740 5175 2979 5240 quoque
3026 5178 3181 5239 eam,
3208 5157 3269 5218 in
3314 5175 3430 5238 qua
3461 5173 3568 5238 per
3598 5153 3824 5216 oratio-

416 5249 1149 5329 possit.Quemadmodum
1177 5253 1338 5313 enim
1365 5257 1640 5313 asserunt
1671 5245 1780 5325 illi,
1815 5275 1835 5303 ι
1874 5263 2082 5325 panem
2170 5263 2307 5306 nem
2325 5246 2488 5308 verbi
2517 5248 2590 5308 ab
2616 5247 2745 5329 ipso
2767 5249 3012 5330 profecti
3029 5250 3231 5328 gratiaa
3259 5255 3398 5310 sunt
3435 5253 3580 5307 actae
3607 5245 3825 5306 alimo-

414 5348 474 5400 et
525 5338 726 5402 vinum
781 5343 1194 5409 Eucharistiae.
1261 5351 1398 5404 ante
1457 5357 1687 5402 sacram
1748 5333 2079 5396 invocatio-
2169 5335 2642 5415 niam,incarnati
2670 5337 2829 5400 illius
2856 5336 2998 5401 Jesu
3031 5347 3089 5400 et
3110 5354 3350 5400 carnem
3381 5344 3442 5398 et
3471 5333 3823 5412 sanguinem

412 5448 550 5492 nem
605 5432 926 5495 adorandae
964 5431 1298 5507 Trinitatis,
1353 5448 1564 5512 panem
1619 5444 1754 5489 esse
1785 5433 1843 5485 et
1874 5425 2071 5486 vinum
2157 5443 2288 5488 esse
2320 5427 2564 5489 edoctus
2596 5446 2704 5489 nos
2733 5447 2868 5490 esse
2899 5429 2987 5506 87;
3025 5454 3050 5485 ι)
3109 5427 3436 5499 Christum,
3481 5449 3509 5480 α
3545 5423 3820 5504 calicem,

413 5537 672 5602 merum;
710 5533 950 5603 peracta
981 5542 1122 5585 vero
1152 5522 1547 5593 invocatione,
1582 5535 1797 5599 panem
1831 5514 2072 5596 quidem
2160 5518 2261 5598 qui
2295 5526 2383 5578 est
2407 5535 2477 5579 ex
2508 5537 2578 5580 ea
2635 5526 2932 5598 creatura,
3003 5537 3134 5601 quae
3188 5524 3278 5607 est
3322 5513 3656 5578 secundum
3687 5531 3821 5589 nos,

489 5689 541 5731 ⁷⁷
574 5690 777 5770 Cyrill.
810 5691 1134 5770 Hierosol.,
1202 5691 1445 5756 Catech.
1488 5697 1510 5751 1
1571 5690 1810 5768 Mystag.
1867 5684 1920 5726 ⁷⁸
1950 5683 2125 5764 Greg.
2183 5689 2290 5762 31.,
2351 5688 2513 5764 Orat.
2549 5692 2732 5766 cath.,
2795 5708 2929 5772 cap.
2962 5691 3065 5754 37.
3095 5687 3150 5733 79
3181 5687 3394 5754 Justin.
3429 5683 3536 5764 M.,
3568 5684 3745 5768 Apol.
3777 5701 3820 5746 ι.

411 5773 466 5817 3°
497 5776 678 5857 lren.,
742 5781 785 5843 Ι.
821 5799 882 5857 v,
938 5803 991 5846 c.
1027 5789 1085 5854 2,
1122 5803 1180 5844 n.
1217 5787 1275 5842 3.
1332 5781 1380 5824 ⁸⁸
1415 5779 1620 5860 Cyrill.
1687 5775 2011 5854 HierosoL,
2069 5775 2356 5841 Cathech.
2394 5795 2450 5839 tv
2492 5779 2666 5859 Myst.
2719 5779 2773 5825 33
2803 5780 2983 5862 Greg.
3017 5780 3116 5862 N.,
3166 5779 3268 5842 cit.
3326 5773 3380 5820 ⁸³
3407 5775 3654 5849 Justin.,
3718 5773 3822 5844 cit.

403 5864 459 5910 ⁸⁸
490 5871 622 5933 Iren
655 5920 671 5950 ,
709 5872 752 5935 Ι.
791 5889 867 5949 tv,
906 5893 958 5938 c.
997 5875 1093 5951 l8,
1131 5893 1189 5935 ιι.
1224 5874 1260 5934 5
1334 5873 1387 5915 8⁵
1417 5869 1616 5950 Cyrill.
1652 5868 1774 5930 Cat.
1813 5885 1885 5928 ιν.
1949 5864 2001 5907 δ’)
2033 5868 2076 5930 G

2164 5889 2205 5946 ς.
2243 5867 2311 5930 Ν.
2349 5871 2428 5933 cit
2513 5871 2565 5913 37
2595 5873 2810 5935 Justin.
2851 5872 2952 5936 cit.
