  <div class='ocr_page' id='page_1' title='image "/cluster/home/n/w/nwhite01/storage/ocr_20150623/7/coo.31924054872860/197.png"; bbox 0 0 4148 6448; ppageno 0'>
   <div class='ocr_carea' id='block_1_1' title="bbox 425 435 3840 507">
    <p class='ocr_par' dir='ltr' id='par_1_1' title="bbox 425 435 3840 507">
     <span class='ocr_line' id='line_1_1' title="bbox 425 435 3840 507; baseline 0.001 -4"><span class='ocrx_word' id='word_1_1' title='bbox 425 443 548 507; x_wconf 84' lang='grc'><strong>379</strong></span> <span class='ocrx_word' id='word_1_2' title='bbox 1221 442 1870 504; x_wconf 77' lang='lat' dir='ltr'><strong>DISSERTATIONES</strong></span> <span class='ocrx_word' id='word_1_3' title='bbox 1918 435 2238 502; x_wconf 64' lang='lat' dir='ltr'><strong>PIleVIzE</strong></span> <span class='ocrx_word' id='word_1_4' title='bbox 2285 437 2360 500; x_wconf 76' lang='lat' dir='ltr'><strong>IN</strong></span> <span class='ocrx_word' id='word_1_5' title='bbox 2411 441 2697 502; x_wconf 60' lang='lat' dir='ltr'><strong>[BEN/EI</strong></span> <span class='ocrx_word' id='word_1_6' title='bbox 2745 441 3035 504; x_wconf 81' lang='lat' dir='ltr'><strong>LIBROS.</strong></span> <span class='ocrx_word' id='word_1_7' title='bbox 3714 439 3840 506; x_wconf 83' lang='lat'><strong>380</strong></span> 
     </span>
    </p>
   </div>
   <div class='ocr_carea' id='block_1_2' title="bbox 437 568 3842 655">
    <p class='ocr_par' dir='ltr' id='par_1_2' title="bbox 437 568 3842 655">
     <span class='ocr_line' id='line_1_2' title="bbox 437 568 3842 655; baseline 0.001 -17"><span class='ocrx_word' id='word_1_8' title='bbox 437 573 554 638; x_wconf 90' lang='lat' dir='ltr'><strong>lius</strong></span> <span class='ocrx_word' id='word_1_9' title='bbox 580 574 1041 655; x_wconf 90' lang='lat' dir='ltr'><strong>condonandus,</strong></span> <span class='ocrx_word' id='word_1_10' title='bbox 1073 593 1191 655; x_wconf 92' lang='lat' dir='ltr'><strong>quo</strong></span> <span class='ocrx_word' id='word_1_11' title='bbox 1223 573 1550 655; x_wconf 62' lang='lat' dir='ltr'><strong>quaestione</strong></span> <span class='ocrx_word' id='word_1_12' title='bbox 1582 591 1700 635; x_wconf 88' lang='lat' dir='ltr'><strong>non</strong></span> <span class='ocrx_word' id='word_1_13' title='bbox 1731 572 1882 635; x_wconf 91' lang='lat' dir='ltr'><strong>adeo</strong></span> <span class='ocrx_word' id='word_1_14' title='bbox 1913 590 2100 636; x_wconf 89' lang='lat' dir='ltr'><strong>accu-</strong></span> <span class='ocrx_word' id='word_1_15' title='bbox 2121 578 2161 628; x_wconf 82' lang='grc' dir='ltr'><strong>Α</strong></span> <span class='ocrx_word' id='word_1_16' title='bbox 2185 568 2450 634; x_wconf 90' lang='lat' dir='ltr'><strong>Primum</strong></span> <span class='ocrx_word' id='word_1_17' title='bbox 2483 581 2591 650; x_wconf 92' lang='lat' dir='ltr'><strong>est,</strong></span> <span class='ocrx_word' id='word_1_18' title='bbox 2628 573 2917 637; x_wconf 70' lang='lat' dir='ltr'><strong>Irenaeum</strong></span> <span class='ocrx_word' id='word_1_19' title='bbox 2950 575 3036 638; x_wconf 91' lang='lat' dir='ltr'><strong>sic</strong></span> <span class='ocrx_word' id='word_1_20' title='bbox 3065 575 3138 638; x_wconf 91' lang='lat' dir='ltr'><strong>ad</strong></span> <span class='ocrx_word' id='word_1_21' title='bbox 3188 575 3655 640; x_wconf 70' lang='lat' dir='ltr'><strong>Millenariorum</strong></span> <span class='ocrx_word' id='word_1_22' title='bbox 3689 597 3842 641; x_wconf 88' lang='lat' dir='ltr'><strong>sen-</strong></span> 
     </span>
    </p>
   </div>
   <div class='ocr_carea' id='block_1_3' title="bbox 422 661 3844 750">
    <p class='ocr_par' dir='ltr' id='par_1_3' title="bbox 422 661 3844 750">
     <span class='ocr_line' id='line_1_3' title="bbox 422 661 3844 750; baseline 0.002 -26"><span class='ocrx_word' id='word_1_23' title='bbox 422 672 548 726; x_wconf 89' lang='lat' dir='ltr'><strong>rate</strong></span> <span class='ocrx_word' id='word_1_24' title='bbox 577 665 969 747; x_wconf 88' lang='lat' dir='ltr'><strong>priori,atque</strong></span> <span class='ocrx_word' id='word_1_25' title='bbox 994 663 1311 746; x_wconf 85' lang='lat' dir='ltr'><strong>posteriori</strong></span> <span class='ocrx_word' id='word_1_26' title='bbox 1333 683 1454 725; x_wconf 68' lang='lat' dir='ltr'><strong>aevo</strong></span> <span class='ocrx_word' id='word_1_27' title='bbox 1487 663 1778 737; x_wconf 88' lang='lat' dir='ltr'><strong>discussa,</strong></span> <span class='ocrx_word' id='word_1_28' title='bbox 1796 662 2087 741; x_wconf 87' lang='lat' dir='ltr'><strong>judicium</strong></span> <span class='ocrx_word' id='word_1_29' title='bbox 2177 661 2420 724; x_wconf 90' lang='lat' dir='ltr'><strong>tentiam</strong></span> <span class='ocrx_word' id='word_1_30' title='bbox 2473 665 2819 740; x_wconf 87' lang='lat' dir='ltr'><strong>accessisse,</strong></span> <span class='ocrx_word' id='word_1_31' title='bbox 2857 673 2920 727; x_wconf 94' lang='lat' dir='ltr'><strong>ut</strong></span> <span class='ocrx_word' id='word_1_32' title='bbox 2969 683 3002 727; x_wconf 90' lang='lat' dir='ltr'><strong>a</strong></span> <span class='ocrx_word' id='word_1_33' title='bbox 3058 667 3323 728; x_wconf 90' lang='lat' dir='ltr'><strong>Cerinthi</strong></span> <span class='ocrx_word' id='word_1_34' title='bbox 3357 667 3659 748; x_wconf 91' lang='lat' dir='ltr'><strong>impietate</strong></span> <span class='ocrx_word' id='word_1_35' title='bbox 3692 688 3844 750; x_wconf 90' lang='lat' dir='ltr'><strong>pro-</strong></span> 
     </span>
    </p>
   </div>
   <div class='ocr_carea' id='block_1_4' title="bbox 323 750 3845 840">
    <p class='ocr_par' dir='ltr' id='par_1_4' title="bbox 323 750 3845 840">
     <span class='ocr_line' id='line_1_4' title="bbox 323 750 3845 840; baseline 0.002 -27"><span class='ocrx_word' id='word_1_36' title='bbox 323 793 332 798; x_wconf 90' lang='lat'><strong><em>--</em></strong></span> <span class='ocrx_word' id='word_1_37' title='bbox 421 770 596 840; x_wconf 54' lang='lat' dir='ltr'><strong>sputu</strong></span> <span class='ocrx_word' id='word_1_38' title='bbox 633 756 900 816; x_wconf 86' lang='lat' dir='ltr'><strong>nondum</strong></span> <span class='ocrx_word' id='word_1_39' title='bbox 957 754 1405 835; x_wconf 86' lang='lat' dir='ltr'><strong>interposuerat</strong></span> <span class='ocrx_word' id='word_1_40' title='bbox 1452 752 1933 815; x_wconf 90' lang='lat' dir='ltr'><strong>Ecclesia.Idem</strong></span> <span class='ocrx_word' id='word_1_41' title='bbox 1966 757 2094 816; x_wconf 84' lang='lat' dir='ltr'><strong>tero</strong></span> <span class='ocrx_word' id='word_1_42' title='bbox 2175 750 2269 811; x_wconf 92' lang='lat' dir='ltr'><strong>cul</strong></span> <span class='ocrx_word' id='word_1_43' title='bbox 2330 753 2672 816; x_wconf 86' lang='lat' dir='ltr'><strong>recesserit.</strong></span> <span class='ocrx_word' id='word_1_44' title='bbox 2733 754 2842 816; x_wconf 83' lang='lat' dir='ltr'><strong>Hic</strong></span> <span class='ocrx_word' id='word_1_45' title='bbox 2887 757 3108 836; x_wconf 87' lang='lat' dir='ltr'><strong>quippe</strong></span> <span class='ocrx_word' id='word_1_46' title='bbox 3157 755 3627 819; x_wconf 90' lang='lat' dir='ltr'><strong>Millenariorum</strong></span> <span class='ocrx_word' id='word_1_47' title='bbox 3659 778 3845 840; x_wconf 79' lang='lat' dir='ltr'><strong>cory-</strong></span> 
     </span>
    </p>
   </div>
   <div class='ocr_carea' id='block_1_5' title="bbox 422 833 3845 927">
    <p class='ocr_par' dir='ltr' id='par_1_5' title="bbox 422 833 3845 927">
     <span class='ocr_line' id='line_1_5' title="bbox 422 833 3845 927; baseline 0.001 -22"><span class='ocrx_word' id='word_1_48' title='bbox 422 833 748 906; x_wconf 60' lang='lat' dir='ltr'><strong>di&#39;c73ntium</strong></span> <span class='ocrx_word' id='word_1_49' title='bbox 784 845 857 906; x_wconf 88' lang='lat' dir='ltr'><strong>de</strong></span> <span class='ocrx_word' id='word_1_50' title='bbox 880 833 1219 925; x_wconf 88' lang='lat' dir='ltr'><strong>altero,quo</strong></span> <span class='ocrx_word' id='word_1_51' title='bbox 1253 863 1387 905; x_wconf 92' lang='lat' dir='ltr'><strong>cum</strong></span> <span class='ocrx_word' id='word_1_52' title='bbox 1413 842 1711 905; x_wconf 84' lang='lat' dir='ltr'><strong>veteribus</strong></span> <span class='ocrx_word' id='word_1_53' title='bbox 1739 861 1853 903; x_wconf 91' lang='lat' dir='ltr'><strong>non</strong></span> <span class='ocrx_word' id='word_1_54' title='bbox 1887 841 2092 923; x_wconf 86' lang='lat' dir='ltr'><strong>paucis</strong></span> <span class='ocrx_word' id='word_1_55' title='bbox 2179 841 2381 920; x_wconf 70' lang='lat' dir='ltr'><strong>phaeus</strong></span> <span class='ocrx_word' id='word_1_56' title='bbox 2413 833 3008 924; x_wconf 79' lang='lat' dir='ltr'><strong>eil‘utiebat,Eusebio</strong></span> <span class='ocrx_word' id='word_1_57' title='bbox 3035 833 3210 920; x_wconf 81' lang='lat' dir='ltr'><strong>teste,</strong></span> <span class='ocrx_word' id='word_1_58' title='bbox 3248 845 3421 909; x_wconf 87' lang='lat' dir='ltr'><strong>lib.m</strong></span> <span class='ocrx_word' id='word_1_59' title='bbox 3452 849 3614 912; x_wconf 79' lang='lat' dir='ltr'><strong>Hist.</strong></span> <span class='ocrx_word' id='word_1_60' title='bbox 3649 868 3706 910; x_wconf 90' lang='lat' dir='ltr'><strong>c.</strong></span> <span class='ocrx_word' id='word_1_61' title='bbox 3732 833 3845 927; x_wconf 58' lang='lat'><strong>933,</strong></span> 
     </span>
    </p>
   </div>
   <div class='ocr_carea' id='block_1_6' title="bbox 423 932 2084 1014">
    <p class='ocr_par' dir='ltr' id='par_1_6' title="bbox 423 932 2084 1014">
     <span class='ocr_line' id='line_1_6' title="bbox 423 932 2084 1014; baseline -0.001 -20"><span class='ocrx_word' id='word_1_62' title='bbox 423 932 714 1014; x_wconf 90' lang='lat' dir='ltr'><strong>deceptus</strong></span> <span class='ocrx_word' id='word_1_63' title='bbox 745 943 1072 1001; x_wconf 75' lang='lat' dir='ltr'><strong>est.errore</strong></span> <span class='ocrx_word' id='word_1_64' title='bbox 1101 934 1175 996; x_wconf 92' lang='lat' dir='ltr'><strong>de</strong></span> <span class='ocrx_word' id='word_1_65' title='bbox 1196 941 1350 995; x_wconf 91' lang='lat' dir='ltr'><strong>statu</strong></span> <span class='ocrx_word' id='word_1_66' title='bbox 1374 933 1704 994; x_wconf 86' lang='lat' dir='ltr'><strong>animarum</strong></span> <span class='ocrx_word' id='word_1_67' title='bbox 1721 940 2084 1000; x_wconf 84' lang='lat' dir='ltr'><strong>sanctarum.</strong></span> 
     </span>
    </p>
   </div>
   <div class='ocr_carea' id='block_1_7' title="bbox 421 1020 2084 1104">
    <p class='ocr_par' dir='ltr' id='par_1_7' title="bbox 421 1020 2084 1104">
     <span class='ocr_line' id='line_1_7' title="bbox 421 1020 2084 1104; baseline -0.001 -20"><span class='ocrx_word' id='word_1_68' title='bbox 421 1023 695 1103; x_wconf 84' lang='lat' dir='ltr'><strong>corporis</strong></span> <span class='ocrx_word' id='word_1_69' title='bbox 747 1024 1006 1086; x_wconf 88' lang='lat' dir='ltr'><strong>vinculis</strong></span> <span class='ocrx_word' id='word_1_70' title='bbox 1056 1025 1407 1097; x_wconf 90' lang='lat' dir='ltr'><strong>solutarum,</strong></span> <span class='ocrx_word' id='word_1_71' title='bbox 1461 1041 1611 1104; x_wconf 90' lang='lat' dir='ltr'><strong>quos</strong></span> <span class='ocrx_word' id='word_1_72' title='bbox 1660 1022 1854 1082; x_wconf 88' lang='lat' dir='ltr'><strong>statim</strong></span> <span class='ocrx_word' id='word_1_73' title='bbox 1887 1020 2084 1082; x_wconf 92' lang='lat' dir='ltr'><strong>divino</strong></span> 
     </span>
    </p>
   </div>
   <div class='ocr_carea' id='block_1_8' title="bbox 421 1112 2084 1195">
    <p class='ocr_par' dir='ltr' id='par_1_8' title="bbox 421 1112 2084 1195">
     <span class='ocr_line' id='line_1_8' title="bbox 421 1112 2084 1195; baseline -0.001 -21"><span class='ocrx_word' id='word_1_74' title='bbox 421 1123 745 1195; x_wconf 91' lang='lat' dir='ltr'><strong>conspectu</strong></span> <span class='ocrx_word' id='word_1_75' title='bbox 776 1114 1056 1177; x_wconf 91' lang='lat' dir='ltr'><strong>fruituras</strong></span> <span class='ocrx_word' id='word_1_76' title='bbox 1088 1115 1144 1174; x_wconf 91' lang='lat' dir='ltr'><strong>in</strong></span> <span class='ocrx_word' id='word_1_77' title='bbox 1170 1113 1387 1176; x_wconf 76' lang='lat' dir='ltr'><strong>coelum</strong></span> <span class='ocrx_word' id='word_1_78' title='bbox 1420 1112 1614 1192; x_wconf 85' lang='lat' dir='ltr'><strong>recipi</strong></span> <span class='ocrx_word' id='word_1_79' title='bbox 1647 1112 1902 1192; x_wconf 80' lang='lat' dir='ltr'><strong>negavit.</strong></span> <span class='ocrx_word' id='word_1_80' title='bbox 1933 1113 2084 1174; x_wconf 85' lang='lat' dir='ltr'><strong>Eum</strong></span> 
     </span>
    </p>
   </div>
   <div class='ocr_carea' id='block_1_9' title="bbox 425 1201 2086 1284">
    <p class='ocr_par' dir='ltr' id='par_1_9' title="bbox 425 1201 2086 1284">
     <span class='ocr_line' id='line_1_9' title="bbox 425 1201 2086 1284; baseline 0.001 -21"><span class='ocrx_word' id='word_1_81' title='bbox 425 1203 667 1284; x_wconf 85' lang='lat' dir='ltr'><strong>quidem</strong></span> <span class='ocrx_word' id='word_1_82' title='bbox 701 1203 774 1265; x_wconf 88' lang='lat' dir='ltr'><strong>ab</strong></span> <span class='ocrx_word' id='word_1_83' title='bbox 807 1205 921 1266; x_wconf 93' lang='lat' dir='ltr'><strong>hoc</strong></span> <span class='ocrx_word' id='word_1_84' title='bbox 955 1223 1163 1266; x_wconf 91' lang='lat' dir='ltr'><strong>errore</strong></span> <span class='ocrx_word' id='word_1_85' title='bbox 1195 1221 1449 1284; x_wconf 87' lang='lat' dir='ltr'><strong>purgare</strong></span> <span class='ocrx_word' id='word_1_86' title='bbox 1476 1201 1650 1264; x_wconf 83' lang='lat' dir='ltr'><strong>nixus</strong></span> <span class='ocrx_word' id='word_1_87' title='bbox 1671 1211 1761 1263; x_wconf 91' lang='lat' dir='ltr'><strong>est</strong></span> <span class='ocrx_word' id='word_1_88' title='bbox 1781 1201 2086 1264; x_wconf 86' lang='lat' dir='ltr'><strong>Bellarmi-</strong></span> 
     </span>
    </p>
   </div>
   <div class='ocr_carea' id='block_1_10' title="bbox 424 1292 2086 1373">
    <p class='ocr_par' dir='ltr' id='par_1_10' title="bbox 424 1292 2086 1373">
     <span class='ocr_line' id='line_1_10' title="bbox 424 1292 2086 1373; baseline 0.001 -21"><span class='ocrx_word' id='word_1_89' title='bbox 424 1311 556 1366; x_wconf 90' lang='lat' dir='ltr'><strong>nus,</strong></span> <span class='ocrx_word' id='word_1_90' title='bbox 584 1293 688 1354; x_wconf 91' lang='lat' dir='ltr'><strong>lib.</strong></span> <span class='ocrx_word' id='word_1_91' title='bbox 724 1311 743 1356; x_wconf 85' lang='grc' dir='ltr'><strong><em>ι</em></strong></span> <span class='ocrx_word' id='word_1_92' title='bbox 774 1294 860 1356; x_wconf 83' lang='lat' dir='ltr'><strong>De</strong></span> <span class='ocrx_word' id='word_1_93' title='bbox 887 1301 1082 1357; x_wconf 79' lang='lat' dir='ltr'><strong>smtrt.</strong></span> <span class='ocrx_word' id='word_1_94' title='bbox 1117 1293 1406 1356; x_wconf 79' lang='lat' dir='ltr'><strong>beatitud.</strong></span> <span class='ocrx_word' id='word_1_95' title='bbox 1443 1312 1500 1354; x_wconf 91' lang='lat' dir='ltr'><strong>c.</strong></span> <span class='ocrx_word' id='word_1_96' title='bbox 1532 1292 1706 1365; x_wconf 71' lang='lat' dir='ltr'><strong>4,sed</strong></span> <span class='ocrx_word' id='word_1_97' title='bbox 1731 1310 1980 1373; x_wconf 90' lang='lat' dir='ltr'><strong>prorsus</strong></span> <span class='ocrx_word' id='word_1_98' title='bbox 1999 1292 2086 1353; x_wconf 87' lang='lat' dir='ltr'><strong>in-</strong></span> 
     </span>
    </p>
   </div>
   <div class='ocr_carea' id='block_1_11' title="bbox 420 1381 2079 1464">
    <p class='ocr_par' dir='ltr' id='par_1_11' title="bbox 420 1381 2079 1464">
     <span class='ocr_line' id='line_1_11' title="bbox 420 1381 2079 1464; baseline -0.001 -20"><span class='ocrx_word' id='word_1_99' title='bbox 420 1381 676 1445; x_wconf 80' lang='lat' dir='ltr'><strong>feliciter</strong></span> <span class='ocrx_word' id='word_1_100' title='bbox 706 1401 720 1446; x_wconf 90' lang='lat'><em>:</em></span> <span class='ocrx_word' id='word_1_101' title='bbox 759 1393 874 1444; x_wconf 90' lang='lat' dir='ltr'><strong>tam</strong></span> <span class='ocrx_word' id='word_1_102' title='bbox 904 1393 1110 1464; x_wconf 82' lang='lat' dir='ltr'><strong>aperta</strong></span> <span class='ocrx_word' id='word_1_103' title='bbox 1160 1382 1460 1463; x_wconf 84' lang='lat' dir='ltr'><strong>siquidem</strong></span> <span class='ocrx_word' id='word_1_104' title='bbox 1496 1381 1706 1444; x_wconf 63' lang='lat' dir='ltr'><strong>Irenazi</strong></span> <span class='ocrx_word' id='word_1_105' title='bbox 1735 1381 1938 1462; x_wconf 90' lang='lat' dir='ltr'><strong>opinio</strong></span> <span class='ocrx_word' id='word_1_106' title='bbox 1971 1392 2079 1456; x_wconf 92' lang='lat' dir='ltr'><strong>est,</strong></span> 
     </span>
    </p>
   </div>
   <div class='ocr_carea' id='block_1_12' title="bbox 420 1471 2081 1554">
    <p class='ocr_par' dir='ltr' id='par_1_12' title="bbox 420 1471 2081 1554">
     <span class='ocr_line' id='line_1_12' title="bbox 420 1471 2081 1554; baseline 0 -22"><span class='ocrx_word' id='word_1_107' title='bbox 420 1472 857 1552; x_wconf 85' lang='lat' dir='ltr'><strong>posterioribus</strong></span> <span class='ocrx_word' id='word_1_108' title='bbox 879 1492 979 1534; x_wconf 94' lang='lat' dir='ltr'><strong>sex</strong></span> <span class='ocrx_word' id='word_1_109' title='bbox 1001 1472 1135 1534; x_wconf 87' lang='lat' dir='ltr'><strong>libri</strong></span> <span class='ocrx_word' id='word_1_110' title='bbox 1164 1471 1358 1554; x_wconf 92' lang='lat' dir='ltr'><strong>quinti</strong></span> <span class='ocrx_word' id='word_1_111' title='bbox 1405 1471 1724 1552; x_wconf 86' lang='lat' dir='ltr'><strong>capitibus,</strong></span> <span class='ocrx_word' id='word_1_112' title='bbox 1752 1480 1815 1533; x_wconf 90' lang='lat' dir='ltr'><strong>ut</strong></span> <span class='ocrx_word' id='word_1_113' title='bbox 1848 1489 1976 1533; x_wconf 91' lang='lat' dir='ltr'><strong>eam</strong></span> <span class='ocrx_word' id='word_1_114' title='bbox 2009 1471 2081 1534; x_wconf 91' lang='lat' dir='ltr'><strong>ad</strong></span> 
     </span>
    </p>
   </div>
   <div class='ocr_carea' id='block_1_13' title="bbox 417 1561 2078 1642">
    <p class='ocr_par' dir='ltr' id='par_1_13' title="bbox 417 1561 2078 1642">
     <span class='ocr_line' id='line_1_13' title="bbox 417 1561 2078 1642; baseline 0 -19"><span class='ocrx_word' id='word_1_115' title='bbox 417 1573 721 1642; x_wconf 81' lang='lat' dir='ltr'><strong>receptam</strong></span> <span class='ocrx_word' id='word_1_116' title='bbox 757 1562 937 1624; x_wconf 87' lang='lat' dir='ltr'><strong>hodie</strong></span> <span class='ocrx_word' id='word_1_117' title='bbox 967 1562 1027 1624; x_wconf 91' lang='lat' dir='ltr'><strong>in</strong></span> <span class='ocrx_word' id='word_1_118' title='bbox 1063 1570 1181 1624; x_wconf 90' lang='lat' dir='ltr'><strong>tota</strong></span> <span class='ocrx_word' id='word_1_119' title='bbox 1212 1561 1478 1625; x_wconf 86' lang='lat' dir='ltr'><strong>Ecclesia</strong></span> <span class='ocrx_word' id='word_1_120' title='bbox 1509 1562 1797 1623; x_wconf 90' lang='lat' dir='ltr'><strong>catholica</strong></span> <span class='ocrx_word' id='word_1_121' title='bbox 1830 1571 2078 1623; x_wconf 75' lang='lat' dir='ltr'><strong>senten-</strong></span> 
     </span>
    </p>
   </div>
   <div class='ocr_carea' id='block_1_14' title="bbox 419 1651 2078 1725">
    <p class='ocr_par' dir='ltr' id='par_1_14' title="bbox 419 1651 2078 1725">
     <span class='ocr_line' id='line_1_14' title="bbox 419 1651 2078 1725; baseline 0.002 -14"><span class='ocrx_word' id='word_1_122' title='bbox 419 1651 562 1714; x_wconf 91' lang='lat' dir='ltr'><strong>tiam</strong></span> <span class='ocrx_word' id='word_1_123' title='bbox 599 1671 882 1714; x_wconf 83' lang='lat' dir='ltr'><strong>revocare</strong></span> <span class='ocrx_word' id='word_1_124' title='bbox 935 1654 1114 1725; x_wconf 91' lang='lat' dir='ltr'><strong>velle,</strong></span> <span class='ocrx_word' id='word_1_125' title='bbox 1164 1654 1411 1715; x_wconf 86' lang='lat' dir='ltr'><strong>laterem</strong></span> <span class='ocrx_word' id='word_1_126' title='bbox 1463 1653 1717 1714; x_wconf 89' lang='lat' dir='ltr'><strong>crudum</strong></span> <span class='ocrx_word' id='word_1_127' title='bbox 1751 1652 1950 1714; x_wconf 85' lang='lat' dir='ltr'><strong>lavare</strong></span> <span class='ocrx_word' id='word_1_128' title='bbox 1979 1654 2078 1715; x_wconf 89' lang='lat' dir='ltr'><strong>sit.</strong></span> 
     </span>
    </p>
   </div>
   <div class='ocr_carea' id='block_1_15' title="bbox 2178 932 3849 1009">
    <p class='ocr_par' dir='ltr' id='par_1_15' title="bbox 2178 932 3849 1009">
     <span class='ocr_line' id='line_1_15' title="bbox 2178 932 3849 1009; baseline 0.005 -18"><span class='ocrx_word' id='word_1_129' title='bbox 2178 939 2309 1009; x_wconf 91' lang='lat' dir='ltr'><strong>post</strong></span> <span class='ocrx_word' id='word_1_130' title='bbox 2333 932 2605 994; x_wconf 64' lang='lat' dir='ltr'><strong>humanae</strong></span> <span class='ocrx_word' id='word_1_131' title='bbox 2623 935 2819 995; x_wconf 85' lang='lat' dir='ltr'><strong>carnis</strong></span> <span class='ocrx_word' id='word_1_132' title='bbox 2833 933 3342 996; x_wconf 86' lang='lat' dir='ltr'><strong>resurrectionem</strong></span> <span class='ocrx_word' id='word_1_133' title='bbox 3365 936 3626 998; x_wconf 90' lang='lat' dir='ltr'><strong>futurum</strong></span> <span class='ocrx_word' id='word_1_134' title='bbox 3654 945 3849 1000; x_wconf 86' lang='lat' dir='ltr'><strong>terre-</strong></span> 
     </span>
    </p>
   </div>
   <div class='ocr_carea' id='block_1_16' title="bbox 2172 1021 3841 1101">
    <p class='ocr_par' dir='ltr' id='par_1_16' title="bbox 2172 1021 3841 1101">
     <span class='ocr_line' id='line_1_16' title="bbox 2172 1021 3841 1101; baseline 0.005 -21"><span class='ocrx_word' id='word_1_135' title='bbox 2172 1038 2312 1081; x_wconf 90' lang='lat' dir='ltr'><strong>num</strong></span> <span class='ocrx_word' id='word_1_136' title='bbox 2347 1021 2564 1084; x_wconf 90' lang='lat' dir='ltr'><strong>Christi</strong></span> <span class='ocrx_word' id='word_1_137' title='bbox 2589 1032 2932 1100; x_wconf 78' lang='lat' dir='ltr'><strong>regnum,et</strong></span> <span class='ocrx_word' id='word_1_138' title='bbox 2952 1022 3383 1101; x_wconf 78' lang='lat' dir='ltr'><strong>Hierosolymis</strong></span> <span class='ocrx_word' id='word_1_139' title='bbox 3407 1027 3684 1088; x_wconf 87' lang='lat' dir='ltr'><strong>homines</strong></span> <span class='ocrx_word' id='word_1_140' title='bbox 3708 1044 3841 1087; x_wconf 76' lang='lat' dir='ltr'><strong>car-</strong></span> 
     </span>
    </p>
   </div>
   <div class='ocr_carea' id='block_1_17' title="bbox 2171 1108 3846 1194">
    <p class='ocr_par' dir='ltr' id='par_1_17' title="bbox 2171 1108 3846 1194">
     <span class='ocr_line' id='line_1_17' title="bbox 2171 1108 3846 1194; baseline 0.004 -23"><span class='ocrx_word' id='word_1_141' title='bbox 2171 1108 2264 1171; x_wconf 88' lang='lat' dir='ltr'><strong>nis</strong></span> <span class='ocrx_word' id='word_1_142' title='bbox 2294 1111 2818 1192; x_wconf 86' lang='lat' dir='ltr'><strong>cupiditatibus,ac</strong></span> <span class='ocrx_word' id='word_1_143' title='bbox 2840 1113 3200 1194; x_wconf 84' lang='lat' dir='ltr'><strong>voluptatum</strong></span> <span class='ocrx_word' id='word_1_144' title='bbox 3236 1113 3538 1177; x_wconf 88' lang='lat' dir='ltr'><strong>illecebris</strong></span> <span class='ocrx_word' id='word_1_145' title='bbox 3569 1116 3846 1177; x_wconf 82' lang='lat' dir='ltr'><strong>servien-</strong></span> 
     </span>
    </p>
   </div>
   <div class='ocr_carea' id='block_1_18' title="bbox 2169 1201 3840 1284">
    <p class='ocr_par' dir='ltr' id='par_1_18' title="bbox 2169 1201 3840 1284">
     <span class='ocr_line' id='line_1_18' title="bbox 2169 1201 3840 1284; baseline 0.004 -25"><span class='ocrx_word' id='word_1_146' title='bbox 2169 1208 2283 1281; x_wconf 90' lang='lat' dir='ltr'><strong>tes,</strong></span> <span class='ocrx_word' id='word_1_147' title='bbox 2319 1201 2481 1263; x_wconf 88' lang='lat' dir='ltr'><strong>mille</strong></span> <span class='ocrx_word' id='word_1_148' title='bbox 2503 1220 2693 1265; x_wconf 89' lang='lat' dir='ltr'><strong>annos</strong></span> <span class='ocrx_word' id='word_1_149' title='bbox 2723 1203 2782 1265; x_wconf 93' lang='lat' dir='ltr'><strong>in</strong></span> <span class='ocrx_word' id='word_1_150' title='bbox 2816 1203 3154 1284; x_wconf 88' lang='lat' dir='ltr'><strong>nuptiarum</strong></span> <span class='ocrx_word' id='word_1_151' title='bbox 3189 1202 3354 1266; x_wconf 83' lang='lat' dir='ltr'><strong>festis</strong></span> <span class='ocrx_word' id='word_1_152' title='bbox 3396 1212 3454 1265; x_wconf 92' lang='lat' dir='ltr'><strong>et</strong></span> <span class='ocrx_word' id='word_1_153' title='bbox 3481 1203 3840 1267; x_wconf 86' lang='lat' dir='ltr'><strong>celebritate</strong></span> 
     </span>
    </p>
   </div>
   <div class='ocr_carea' id='block_1_19' title="bbox 2169 1291 3836 1372">
    <p class='ocr_par' dir='ltr' id='par_1_19' title="bbox 2169 1291 3836 1372">
     <span class='ocr_line' id='line_1_19' title="bbox 2169 1291 3836 1372; baseline 0.003 -21"><span class='ocrx_word' id='word_1_154' title='bbox 2169 1291 2846 1370; x_wconf 79' lang='lat' dir='ltr'><strong>consumpturos.Qnam</strong></span> <span class='ocrx_word' id='word_1_155' title='bbox 2881 1291 3247 1372; x_wconf 91' lang='lat' dir='ltr'><strong>impietatem</strong></span> <span class='ocrx_word' id='word_1_156' title='bbox 3278 1293 3641 1356; x_wconf 90' lang='lat' dir='ltr'><strong>exhorruere</strong></span> <span class='ocrx_word' id='word_1_157' title='bbox 3662 1313 3836 1356; x_wconf 89' lang='lat' dir='ltr'><strong>sem-</strong></span> 
     </span>
    </p>
   </div>
   <div class='ocr_carea' id='block_1_20' title="bbox 2169 1379 3839 1462">
    <p class='ocr_par' dir='ltr' id='par_1_20' title="bbox 2169 1379 3839 1462">
     <span class='ocr_line' id='line_1_20' title="bbox 2169 1379 3839 1462; baseline 0.004 -22"><span class='ocrx_word' id='word_1_158' title='bbox 2169 1398 2274 1460; x_wconf 88' lang='lat' dir='ltr'><strong>per</strong></span> <span class='ocrx_word' id='word_1_159' title='bbox 2302 1379 2587 1444; x_wconf 83' lang='lat' dir='ltr'><strong>Ecclesiae</strong></span> <span class='ocrx_word' id='word_1_160' title='bbox 2618 1383 2850 1458; x_wconf 88' lang='lat' dir='ltr'><strong>Patres;</strong></span> <span class='ocrx_word' id='word_1_161' title='bbox 2890 1401 3007 1442; x_wconf 94' lang='lat' dir='ltr'><strong>non</strong></span> <span class='ocrx_word' id='word_1_162' title='bbox 3037 1381 3115 1442; x_wconf 92' lang='lat' dir='ltr'><strong>ita</strong></span> <span class='ocrx_word' id='word_1_163' title='bbox 3166 1399 3306 1443; x_wconf 90' lang='lat' dir='ltr'><strong>vero</strong></span> <span class='ocrx_word' id='word_1_164' title='bbox 3333 1383 3547 1462; x_wconf 81' lang='lat' dir='ltr'><strong>dogma</strong></span> <span class='ocrx_word' id='word_1_165' title='bbox 3578 1385 3839 1447; x_wconf 88' lang='lat' dir='ltr'><strong>alterius</strong></span> 
     </span>
    </p>
   </div>
   <div class='ocr_carea' id='block_1_21' title="bbox 2167 1469 3841 1551">
    <p class='ocr_par' dir='ltr' id='par_1_21' title="bbox 2167 1469 3841 1551">
     <span class='ocr_line' id='line_1_21' title="bbox 2167 1469 3841 1551; baseline 0.004 -24"><span class='ocrx_word' id='word_1_166' title='bbox 2167 1469 2631 1532; x_wconf 79' lang='lat' dir='ltr'><strong>Millenariorum</strong></span> <span class='ocrx_word' id='word_1_167' title='bbox 2694 1470 3065 1549; x_wconf 81' lang='lat' dir='ltr'><strong>antesignani</strong></span> <span class='ocrx_word' id='word_1_168' title='bbox 3140 1470 3360 1546; x_wconf 71' lang='lat' dir='ltr'><strong>Pa.ia3,</strong></span> <span class='ocrx_word' id='word_1_169' title='bbox 3443 1475 3714 1551; x_wconf 80' lang='lat' dir='ltr'><strong>Joannis,</strong></span> <span class='ocrx_word' id='word_1_170' title='bbox 3771 1482 3841 1536; x_wconf 90' lang='lat' dir='ltr'><strong>ut</strong></span> 
     </span>
    </p>
   </div>
   <div class='ocr_carea' id='block_1_22' title="bbox 2163 1557 3839 1642">
    <p class='ocr_par' dir='ltr' id='par_1_22' title="bbox 2163 1557 3839 1642">
     <span class='ocr_line' id='line_1_22' title="bbox 2163 1557 3839 1642; baseline 0.002 -22"><span class='ocrx_word' id='word_1_171' title='bbox 2163 1557 2376 1620; x_wconf 87' lang='lat' dir='ltr'><strong>scribit</strong></span> <span class='ocrx_word' id='word_1_172' title='bbox 2407 1563 2688 1633; x_wconf 74' lang='lat' dir='ltr'><strong>lrenaeus,</strong></span> <span class='ocrx_word' id='word_1_173' title='bbox 2731 1560 3079 1634; x_wconf 66' lang='lat' dir='ltr'><strong>«auditoris,</strong></span> <span class='ocrx_word' id='word_1_174' title='bbox 3115 1561 3426 1642; x_wconf 83' lang='lat' dir='ltr'><strong>Polycarpi</strong></span> <span class='ocrx_word' id='word_1_175' title='bbox 3452 1571 3652 1624; x_wconf 87' lang='lat' dir='ltr'><strong>autem</strong></span> <span class='ocrx_word' id='word_1_176' title='bbox 3680 1583 3839 1626; x_wconf 89' lang='lat' dir='ltr'><strong>con-</strong></span> 
     </span>
    </p>
   </div>
   <div class='ocr_carea' id='block_1_23' title="bbox 2169 1647 3840 1731">
    <p class='ocr_par' dir='ltr' id='par_1_23' title="bbox 2169 1647 3840 1731">
     <span class='ocr_line' id='line_1_23' title="bbox 2169 1647 3840 1731; baseline 0.004 -21"><span class='ocrx_word' id='word_1_177' title='bbox 2169 1647 2559 1724; x_wconf 76' lang='lat' dir='ltr'><strong>tubernalis,»</strong></span> <span class='ocrx_word' id='word_1_178' title='bbox 2594 1651 2697 1731; x_wconf 92' lang='lat' dir='ltr'><strong>qui</strong></span> <span class='ocrx_word' id='word_1_179' title='bbox 2728 1650 2988 1713; x_wconf 91' lang='lat' dir='ltr'><strong>Cerintbi</strong></span> <span class='ocrx_word' id='word_1_180' title='bbox 3014 1650 3225 1713; x_wconf 91' lang='lat' dir='ltr'><strong>deliria</strong></span> <span class='ocrx_word' id='word_1_181' title='bbox 3251 1653 3338 1712; x_wconf 88' lang='lat' dir='ltr'><strong>sic</strong></span> <span class='ocrx_word' id='word_1_182' title='bbox 3369 1653 3620 1731; x_wconf 86' lang='lat' dir='ltr'><strong>recoxit,</strong></span> <span class='ocrx_word' id='word_1_183' title='bbox 3649 1673 3840 1716; x_wconf 89' lang='lat' dir='ltr'><strong>recu-</strong></span> 
     </span>
    </p>
   </div>
   <div class='ocr_carea' id='block_1_24' title="bbox 419 1738 3835 1824">
    <p class='ocr_par' dir='ltr' id='par_1_24' title="bbox 419 1738 3835 1824">
     <span class='ocr_line' id='line_1_24' title="bbox 419 1738 3835 1824; baseline 0.001 -21"><span class='ocrx_word' id='word_1_184' title='bbox 419 1741 748 1823; x_wconf 85' lang='lat' dir='ltr'><strong>Eapropter</strong></span> <span class='ocrx_word' id='word_1_185' title='bbox 777 1743 1205 1824; x_wconf 85' lang='lat' dir='ltr'><strong>Hieronymus,</strong></span> <span class='ocrx_word' id='word_1_186' title='bbox 1234 1742 1336 1824; x_wconf 92' lang='lat' dir='ltr'><strong>qui</strong></span> <span class='ocrx_word' id='word_1_187' title='bbox 1386 1742 1594 1805; x_wconf 68' lang='lat' dir='ltr'><strong>lrenaai</strong></span> <span class='ocrx_word' id='word_1_188' title='bbox 1627 1742 1847 1822; x_wconf 92' lang='lat' dir='ltr'><strong>scripta</strong></span> <span class='ocrx_word' id='word_1_189' title='bbox 1870 1743 2083 1804; x_wconf 83' lang='lat' dir='ltr'><strong>sedula</strong></span> <span class='ocrx_word' id='word_1_190' title='bbox 2166 1738 2393 1820; x_wconf 91' lang='lat' dir='ltr'><strong>ditque,</strong></span> <span class='ocrx_word' id='word_1_191' title='bbox 2429 1748 2491 1801; x_wconf 93' lang='lat' dir='ltr'><strong>ut</strong></span> <span class='ocrx_word' id='word_1_192' title='bbox 2517 1750 2746 1822; x_wconf 88' lang='lat' dir='ltr'><strong>tempus</strong></span> <span class='ocrx_word' id='word_1_193' title='bbox 2780 1740 2923 1800; x_wconf 89' lang='lat' dir='ltr'><strong>illud</strong></span> <span class='ocrx_word' id='word_1_194' title='bbox 2961 1739 3126 1801; x_wconf 93' lang='lat' dir='ltr'><strong>mille</strong></span> <span class='ocrx_word' id='word_1_195' title='bbox 3155 1759 3448 1802; x_wconf 92' lang='lat' dir='ltr'><strong>annorum</strong></span> <span class='ocrx_word' id='word_1_196' title='bbox 3485 1744 3835 1822; x_wconf 87' lang='lat' dir='ltr'><strong>transigen-</strong></span> 
     </span>
    </p>
   </div>
   <div class='ocr_carea' id='block_1_25' title="bbox 419 1829 3837 1914">
    <p class='ocr_par' dir='ltr' id='par_1_25' title="bbox 419 1829 3837 1914">
     <span class='ocr_line' id='line_1_25' title="bbox 419 1829 3837 1914; baseline 0.001 -20"><span class='ocrx_word' id='word_1_197' title='bbox 419 1852 598 1894; x_wconf 91' lang='lat' dir='ltr'><strong>manu</strong></span> <span class='ocrx_word' id='word_1_198' title='bbox 621 1844 977 1903; x_wconf 83' lang='lat' dir='ltr'><strong>versaverat,</strong></span> <span class='ocrx_word' id='word_1_199' title='bbox 1015 1833 1231 1914; x_wconf 90' lang='lat' dir='ltr'><strong>cuique</strong></span> <span class='ocrx_word' id='word_1_200' title='bbox 1262 1841 1574 1914; x_wconf 88' lang='lat' dir='ltr'><strong>perspecta</strong></span> <span class='ocrx_word' id='word_1_201' title='bbox 1623 1841 1750 1894; x_wconf 92' lang='lat' dir='ltr'><strong>erat</strong></span> <span class='ocrx_word' id='word_1_202' title='bbox 1779 1831 1842 1894; x_wconf 92' lang='lat' dir='ltr'><strong>S.</strong></span> <span class='ocrx_word' id='word_1_203' title='bbox 1869 1833 2078 1894; x_wconf 91' lang='lat' dir='ltr'><strong>docto-</strong></span> <span class='ocrx_word' id='word_1_204' title='bbox 2103 1904 2138 1914; x_wconf 84' lang='lat'><strong>__</strong></span> <span class='ocrx_word' id='word_1_205' title='bbox 2165 1829 2305 1890; x_wconf 92' lang='lat' dir='ltr'><strong>dum</strong></span> <span class='ocrx_word' id='word_1_206' title='bbox 2341 1840 2498 1891; x_wconf 92' lang='lat' dir='ltr'><strong>esset</strong></span> <span class='ocrx_word' id='word_1_207' title='bbox 2554 1831 2614 1892; x_wconf 91' lang='lat' dir='ltr'><strong>in</strong></span> <span class='ocrx_word' id='word_1_208' title='bbox 2665 1830 2898 1892; x_wconf 87' lang='lat' dir='ltr'><strong>deliciis</strong></span> <span class='ocrx_word' id='word_1_209' title='bbox 2941 1831 3626 1913; x_wconf 83' lang='lat' dir='ltr'><strong>spiritalibus,qualibus</strong></span> <span class='ocrx_word' id='word_1_210' title='bbox 3677 1835 3837 1900; x_wconf 78' lang='lat' dir='ltr'><strong>afﬁci</strong></span> 
     </span>
    </p>
   </div>
   <div class='ocr_carea' id='block_1_26' title="bbox 418 1904 3838 2006">
    <p class='ocr_par' dir='ltr' id='par_1_26' title="bbox 418 1904 3838 2006">
     <span class='ocr_line' id='line_1_26' title="bbox 418 1904 3838 2006; baseline 0.001 -24"><span class='ocrx_word' id='word_1_211' title='bbox 418 1923 501 1983; x_wconf 89' lang='lat' dir='ltr'><strong>ris</strong></span> <span class='ocrx_word' id='word_1_212' title='bbox 531 1941 725 2006; x_wconf 88' lang='lat' dir='ltr'><strong>mens,</strong></span> <span class='ocrx_word' id='word_1_213' title='bbox 759 1943 894 1986; x_wconf 90' lang='lat' dir='ltr'><strong>eum</strong></span> <span class='ocrx_word' id='word_1_214' title='bbox 950 1925 1109 1985; x_wconf 90' lang='lat' dir='ltr'><strong>inter</strong></span> <span class='ocrx_word' id='word_1_215' title='bbox 1132 1904 1452 1986; x_wconf 73' lang='lat' dir='ltr'><strong>Chiliastas</strong></span> <span class='ocrx_word' id='word_1_216' title='bbox 1485 1933 1609 1984; x_wconf 91' lang='lat' dir='ltr'><strong>tum</strong></span> <span class='ocrx_word' id='word_1_217' title='bbox 1643 1923 1701 1983; x_wconf 93' lang='lat' dir='ltr'><strong>in</strong></span> <span class='ocrx_word' id='word_1_218' title='bbox 1739 1923 1990 2002; x_wconf 81' lang='lat' dir='ltr'><strong>l&#39;rologo</strong></span> <span class='ocrx_word' id='word_1_219' title='bbox 2019 1923 2076 1984; x_wconf 92' lang='lat' dir='ltr'><strong>in</strong></span> <span class='ocrx_word' id='word_1_220' title='bbox 2103 1904 2353 1999; x_wconf 77' lang='lat' dir='ltr'><strong>Bjustos</strong></span> <span class='ocrx_word' id='word_1_221' title='bbox 2375 1939 2442 1982; x_wconf 91' lang='lat' dir='ltr'><strong>ac</strong></span> <span class='ocrx_word' id='word_1_222' title='bbox 2467 1940 2646 2001; x_wconf 92' lang='lat' dir='ltr'><strong>puros</strong></span> <span class='ocrx_word' id='word_1_223' title='bbox 2673 1921 2945 1982; x_wconf 91' lang='lat' dir='ltr'><strong>homines</strong></span> <span class='ocrx_word' id='word_1_224' title='bbox 2971 1921 3166 1982; x_wconf 89' lang='lat' dir='ltr'><strong>decet.</strong></span> <span class='ocrx_word' id='word_1_225' title='bbox 3193 1904 3469 1994; x_wconf 78' lang='lat' dir='ltr'><strong>Quamvis</strong></span> <span class='ocrx_word' id='word_1_226' title='bbox 3497 1925 3590 1984; x_wconf 88' lang='lat' dir='ltr'><strong>hic</strong></span> <span class='ocrx_word' id='word_1_227' title='bbox 3617 1925 3838 2005; x_wconf 86' lang='lat' dir='ltr'><strong>Papias</strong></span> 
     </span>
    </p>
   </div>
   <div class='ocr_carea' id='block_1_27' title="bbox 419 2009 3834 2094">
    <p class='ocr_par' dir='ltr' id='par_1_27' title="bbox 419 2009 3834 2094">
     <span class='ocr_line' id='line_1_27' title="bbox 419 2009 3834 2094; baseline 0.001 -23"><span class='ocrx_word' id='word_1_228' title='bbox 419 2010 524 2072; x_wconf 86' lang='lat' dir='ltr'><strong>lib.</strong></span> <span class='ocrx_word' id='word_1_229' title='bbox 561 2030 695 2076; x_wconf 87' lang='lat' dir='ltr'><strong>xvtn</strong></span> <span class='ocrx_word' id='word_1_230' title='bbox 731 2013 788 2074; x_wconf 92' lang='lat' dir='ltr'><strong>in</strong></span> <span class='ocrx_word' id='word_1_231' title='bbox 822 2013 1056 2088; x_wconf 86' lang='lat' dir='ltr'><strong>Isaiam,</strong></span> <span class='ocrx_word' id='word_1_232' title='bbox 1087 2021 1210 2074; x_wconf 92' lang='lat' dir='ltr'><strong>tum</strong></span> <span class='ocrx_word' id='word_1_233' title='bbox 1242 2011 1384 2073; x_wconf 91' lang='lat' dir='ltr'><strong>alibi</strong></span> <span class='ocrx_word' id='word_1_234' title='bbox 1416 2031 1734 2074; x_wconf 82' lang='lat' dir='ltr'><strong>recensere</strong></span> <span class='ocrx_word' id='word_1_235' title='bbox 1770 2033 1882 2072; x_wconf 92' lang='lat' dir='ltr'><strong>non</strong></span> <span class='ocrx_word' id='word_1_236' title='bbox 1909 2011 2080 2073; x_wconf 90' lang='lat' dir='ltr'><strong>dubi-</strong></span> <span class='ocrx_word' id='word_1_237' title='bbox 2164 2009 2252 2070; x_wconf 88' lang='lat' dir='ltr'><strong>vir</strong></span> <span class='ocrx_word' id='word_1_238' title='bbox 2270 2012 2616 2089; x_wconf 89' lang='lat' dir='ltr'><strong>esset,utait</strong></span> <span class='ocrx_word' id='word_1_239' title='bbox 2639 2009 3056 2074; x_wconf 86' lang='lat' dir='ltr'><strong>Eusebiuslib.</strong></span> <span class='ocrx_word' id='word_1_240' title='bbox 3093 2011 3430 2083; x_wconf 78' lang='lat' dir='ltr'><strong>utHist.,c.</strong></span> <span class='ocrx_word' id='word_1_241' title='bbox 3457 2013 3555 2087; x_wconf 87' lang='lat'><strong>39,</strong></span> <span class='ocrx_word' id='word_1_242' title='bbox 3598 2015 3834 2094; x_wconf 67' lang='grc' dir='ltr'><strong>«σφόδρα</strong></span> 
     </span>
    </p>
   </div>
   <div class='ocr_carea' id='block_1_28' title="bbox 420 2100 2074 2181">
    <p class='ocr_par' dir='ltr' id='par_1_28' title="bbox 420 2100 2074 2181">
     <span class='ocr_line' id='line_1_28' title="bbox 420 2100 2074 2181; baseline 0.001 -20"><span class='ocrx_word' id='word_1_243' title='bbox 420 2109 521 2162; x_wconf 90' lang='lat' dir='ltr'><strong>tat.</strong></span> <span class='ocrx_word' id='word_1_244' title='bbox 559 2102 627 2163; x_wconf 89' lang='lat' dir='ltr'><strong>Et</strong></span> <span class='ocrx_word' id='word_1_245' title='bbox 660 2121 868 2164; x_wconf 83' lang='lat' dir='ltr'><strong>revera</strong></span> <span class='ocrx_word' id='word_1_246' title='bbox 899 2103 1158 2181; x_wconf 85' lang='lat' dir='ltr'><strong>ingenue</strong></span> <span class='ocrx_word' id='word_1_247' title='bbox 1191 2102 1358 2163; x_wconf 83' lang='lat' dir='ltr'><strong>fateri</strong></span> <span class='ocrx_word' id='word_1_248' title='bbox 1411 2100 1724 2175; x_wconf 86' lang='lat' dir='ltr'><strong>debemus,</strong></span> <span class='ocrx_word' id='word_1_249' title='bbox 1761 2100 2074 2176; x_wconf 73' lang='lat' dir='ltr'><strong>Irenaeum,</strong></span> 
     </span>
    </p>
   </div>
   <div class='ocr_carea' id='block_1_29' title="bbox 417 2191 2055 2270">
    <p class='ocr_par' dir='ltr' id='par_1_29' title="bbox 417 2191 2055 2270">
     <span class='ocr_line' id='line_1_29' title="bbox 417 2191 2055 2270; baseline 0.001 -20"><span class='ocrx_word' id='word_1_250' title='bbox 417 2191 561 2252; x_wconf 90' lang='lat' dir='ltr'><strong>dum</strong></span> <span class='ocrx_word' id='word_1_251' title='bbox 595 2193 793 2253; x_wconf 84' lang='lat' dir='ltr'><strong>acrius</strong></span> <span class='ocrx_word' id='word_1_252' title='bbox 821 2191 1148 2253; x_wconf 89' lang='lat' dir='ltr'><strong>insectatur</strong></span> <span class='ocrx_word' id='word_1_253' title='bbox 1175 2191 1514 2264; x_wconf 84' lang='lat' dir='ltr'><strong>Gnosticos,</strong></span> <span class='ocrx_word' id='word_1_254' title='bbox 1538 2192 1828 2270; x_wconf 80' lang='lat' dir='ltr'><strong>fingentes</strong></span> <span class='ocrx_word' id='word_1_255' title='bbox 1843 2192 2055 2270; x_wconf 89' lang='lat' dir='ltr'><strong>spirita</strong></span> 
     </span>
    </p>
   </div>
   <div class='ocr_carea' id='block_1_30' title="bbox 413 2279 2075 2362">
    <p class='ocr_par' dir='ltr' id='par_1_30' title="bbox 413 2279 2075 2362">
     <span class='ocr_line' id='line_1_30' title="bbox 413 2279 2075 2362; baseline 0.001 -20"><span class='ocrx_word' id='word_1_256' title='bbox 413 2279 557 2342; x_wconf 91' lang='lat' dir='ltr'><strong>lium</strong></span> <span class='ocrx_word' id='word_1_257' title='bbox 591 2300 834 2342; x_wconf 88' lang='lat' dir='ltr'><strong>suorutn</strong></span> <span class='ocrx_word' id='word_1_258' title='bbox 871 2281 1122 2354; x_wconf 89' lang='lat' dir='ltr'><strong>animas,</strong></span> <span class='ocrx_word' id='word_1_259' title='bbox 1159 2282 1354 2342; x_wconf 85' lang='lat' dir='ltr'><strong>statim</strong></span> <span class='ocrx_word' id='word_1_260' title='bbox 1386 2289 1504 2341; x_wconf 90' lang='lat' dir='ltr'><strong>uta</strong></span> <span class='ocrx_word' id='word_1_261' title='bbox 1529 2299 1786 2362; x_wconf 89' lang='lat' dir='ltr'><strong>corpore</strong></span> <span class='ocrx_word' id='word_1_262' title='bbox 1816 2280 2075 2343; x_wconf 85' lang='lat' dir='ltr'><strong>dicesse-</strong></span> 
     </span>
    </p>
   </div>
   <div class='ocr_carea' id='block_1_31' title="bbox 413 2368 2074 2450">
    <p class='ocr_par' dir='ltr' id='par_1_31' title="bbox 413 2368 2074 2450">
     <span class='ocr_line' id='line_1_31' title="bbox 413 2368 2074 2450; baseline 0.002 -20"><span class='ocrx_word' id='word_1_263' title='bbox 413 2370 637 2431; x_wconf 91' lang='lat' dir='ltr'><strong>rintire</strong></span> <span class='ocrx_word' id='word_1_264' title='bbox 659 2371 728 2431; x_wconf 83' lang='lat' dir='ltr'><strong>ad</strong></span> <span class='ocrx_word' id='word_1_265' title='bbox 753 2373 1122 2445; x_wconf 89' lang='lat' dir='ltr'><strong>matrem,vel</strong></span> <span class='ocrx_word' id='word_1_266' title='bbox 1153 2371 1224 2432; x_wconf 88' lang='lat' dir='ltr'><strong>ad</strong></span> <span class='ocrx_word' id='word_1_267' title='bbox 1262 2389 1611 2450; x_wconf 88' lang='lat' dir='ltr'><strong>eum,quem</strong></span> <span class='ocrx_word' id='word_1_268' title='bbox 1644 2368 2074 2433; x_wconf 86' lang='lat' dir='ltr'><strong>comminisce—</strong></span> 
     </span>
    </p>
   </div>
   <div class='ocr_carea' id='block_1_32' title="bbox 417 2459 2070 2540">
    <p class='ocr_par' dir='ltr' id='par_1_32' title="bbox 417 2459 2070 2540">
     <span class='ocr_line' id='line_1_32' title="bbox 417 2459 2070 2540; baseline 0.001 -20"><span class='ocrx_word' id='word_1_269' title='bbox 417 2459 634 2521; x_wconf 87' lang='lat' dir='ltr'><strong>bantur</strong></span> <span class='ocrx_word' id='word_1_270' title='bbox 649 2463 1096 2540; x_wconf 83' lang='lat' dir='ltr'><strong>l’atrem,carne</strong></span> <span class='ocrx_word' id='word_1_271' title='bbox 1112 2461 1349 2522; x_wconf 80' lang='lat' dir='ltr'><strong>interim</strong></span> <span class='ocrx_word' id='word_1_272' title='bbox 1370 2469 1654 2521; x_wconf 62' lang='lat' dir='ltr'><strong>veternum</strong></span> <span class='ocrx_word' id='word_1_273' title='bbox 1670 2459 2070 2536; x_wconf 88' lang='lat' dir='ltr'><strong>dissolvenda,</strong></span> 
     </span>
    </p>
   </div>
   <div class='ocr_carea' id='block_1_33' title="bbox 412 2549 2072 2631">
    <p class='ocr_par' dir='ltr' id='par_1_33' title="bbox 412 2549 2072 2631">
     <span class='ocr_line' id='line_1_33' title="bbox 412 2549 2072 2631; baseline 0.002 -21"><span class='ocrx_word' id='word_1_274' title='bbox 412 2549 471 2610; x_wconf 89' lang='lat' dir='ltr'><strong>in</strong></span> <span class='ocrx_word' id='word_1_275' title='bbox 505 2551 750 2612; x_wconf 80' lang='lat' dir='ltr'><strong>alteram</strong></span> <span class='ocrx_word' id='word_1_276' title='bbox 785 2551 973 2631; x_wconf 90' lang='lat' dir='ltr'><strong>ipsum</strong></span> <span class='ocrx_word' id='word_1_277' title='bbox 1007 2559 1333 2612; x_wconf 82' lang='lat' dir='ltr'><strong>extremam</strong></span> <span class='ocrx_word' id='word_1_278' title='bbox 1369 2549 1724 2611; x_wconf 87' lang='lat' dir='ltr'><strong>sententiam</strong></span> <span class='ocrx_word' id='word_1_279' title='bbox 1759 2549 2072 2613; x_wconf 85' lang='lat' dir='ltr'><strong>abire.Ne-</strong></span> 
     </span>
    </p>
   </div>
   <div class='ocr_carea' id='block_1_34' title="bbox 408 2640 2068 2720">
    <p class='ocr_par' dir='ltr' id='par_1_34' title="bbox 408 2640 2068 2720">
     <span class='ocr_line' id='line_1_34' title="bbox 408 2640 2068 2720; baseline 0.001 -20"><span class='ocrx_word' id='word_1_280' title='bbox 408 2649 506 2719; x_wconf 91' lang='lat' dir='ltr'><strong>gat</strong></span> <span class='ocrx_word' id='word_1_281' title='bbox 553 2640 777 2720; x_wconf 85' lang='lat' dir='ltr'><strong>quippe</strong></span> <span class='ocrx_word' id='word_1_282' title='bbox 833 2642 1134 2719; x_wconf 91' lang='lat' dir='ltr'><strong>justorum</strong></span> <span class='ocrx_word' id='word_1_283' title='bbox 1195 2641 1425 2702; x_wconf 86' lang='lat' dir='ltr'><strong>animas</strong></span> <span class='ocrx_word' id='word_1_284' title='bbox 1478 2641 1672 2702; x_wconf 87' lang='lat' dir='ltr'><strong>statim</strong></span> <span class='ocrx_word' id='word_1_285' title='bbox 1727 2649 1856 2720; x_wconf 88' lang='lat' dir='ltr'><strong>post</strong></span> <span class='ocrx_word' id='word_1_286' title='bbox 1899 2661 2068 2702; x_wconf 91' lang='lat' dir='ltr'><strong>suum</strong></span> 
     </span>
    </p>
   </div>
   <div class='ocr_carea' id='block_1_35' title="bbox 410 2729 2067 2811">
    <p class='ocr_par' dir='ltr' id='par_1_35' title="bbox 410 2729 2067 2811">
     <span class='ocr_line' id='line_1_35' title="bbox 410 2729 2067 2811; baseline 0.001 -21"><span class='ocrx_word' id='word_1_287' title='bbox 410 2747 665 2810; x_wconf 87' lang='lat' dir='ltr'><strong>corpore</strong></span> <span class='ocrx_word' id='word_1_288' title='bbox 716 2730 1047 2792; x_wconf 86' lang='lat' dir='ltr'><strong>discessum</strong></span> <span class='ocrx_word' id='word_1_289' title='bbox 1109 2731 1312 2792; x_wconf 87' lang='lat' dir='ltr'><strong>divino</strong></span> <span class='ocrx_word' id='word_1_290' title='bbox 1369 2739 1693 2811; x_wconf 89' lang='lat' dir='ltr'><strong>conspectu</strong></span> <span class='ocrx_word' id='word_1_291' title='bbox 1750 2729 1902 2804; x_wconf 84' lang='lat' dir='ltr'><strong>frui;</strong></span> <span class='ocrx_word' id='word_1_292' title='bbox 1964 2732 2067 2792; x_wconf 91' lang='lat' dir='ltr'><strong>sed</strong></span> 
     </span>
    </p>
   </div>
   <div class='ocr_carea' id='block_1_36' title="bbox 415 2820 2072 2883">
    <p class='ocr_par' dir='ltr' id='par_1_36' title="bbox 415 2820 2072 2883">
     <span class='ocr_line' id='line_1_36' title="bbox 415 2820 2072 2883; baseline 0.002 -3"><span class='ocrx_word' id='word_1_293' title='bbox 415 2844 441 2874; x_wconf 78' lang='grc' dir='ltr'><strong><em>α</em></strong></span> <span class='ocrx_word' id='word_1_294' title='bbox 479 2820 650 2881; x_wconf 77' lang='lat' dir='ltr'><strong>abire</strong></span> <span class='ocrx_word' id='word_1_295' title='bbox 679 2844 700 2876; x_wconf 76' lang='grc' dir='ltr'><strong>ι)</strong></span> <span class='ocrx_word' id='word_1_296' title='bbox 739 2821 863 2881; x_wconf 88' lang='lat' dir='ltr'><strong>vult</strong></span> <span class='ocrx_word' id='word_1_297' title='bbox 895 2821 984 2881; x_wconf 73' lang='lat' dir='ltr'><strong>uin</strong></span> <span class='ocrx_word' id='word_1_298' title='bbox 1019 2820 1374 2883; x_wconf 89' lang='lat' dir='ltr'><strong>invisibilem</strong></span> <span class='ocrx_word' id='word_1_299' title='bbox 1411 2820 1606 2881; x_wconf 91' lang='lat' dir='ltr'><strong>locum</strong></span> <span class='ocrx_word' id='word_1_300' title='bbox 1640 2821 1950 2882; x_wconf 84' lang='lat' dir='ltr'><strong>definitum</strong></span> <span class='ocrx_word' id='word_1_301' title='bbox 1985 2823 2072 2883; x_wconf 93' lang='lat' dir='ltr'><strong>eis</strong></span> 
     </span>
    </p>
   </div>
   <div class='ocr_carea' id='block_1_37' title="bbox 409 2908 2064 2992">
    <p class='ocr_par' dir='ltr' id='par_1_37' title="bbox 409 2908 2064 2992">
     <span class='ocr_line' id='line_1_37' title="bbox 409 2908 2064 2992; baseline 0.002 -23"><span class='ocrx_word' id='word_1_302' title='bbox 409 2927 442 2969; x_wconf 87' lang='lat' dir='ltr'><strong>a</strong></span> <span class='ocrx_word' id='word_1_303' title='bbox 468 2908 612 2983; x_wconf 92' lang='lat' dir='ltr'><strong>Deo,</strong></span> <span class='ocrx_word' id='word_1_304' title='bbox 639 2918 694 2970; x_wconf 92' lang='lat' dir='ltr'><strong>et</strong></span> <span class='ocrx_word' id='word_1_305' title='bbox 718 2909 800 2970; x_wconf 87' lang='lat' dir='ltr'><strong>ibi</strong></span> <span class='ocrx_word' id='word_1_306' title='bbox 837 2929 1025 2990; x_wconf 88' lang='lat' dir='ltr'><strong>usque</strong></span> <span class='ocrx_word' id='word_1_307' title='bbox 1057 2910 1126 2972; x_wconf 91' lang='lat' dir='ltr'><strong>ad</strong></span> <span class='ocrx_word' id='word_1_308' title='bbox 1161 2911 1660 2980; x_wconf 87' lang='lat' dir='ltr'><strong>resurrectionem</strong></span> <span class='ocrx_word' id='word_1_309' title='bbox 1685 2912 2064 2992; x_wconf 77' lang='lat' dir='ltr'><strong>commorari,</strong></span> 
     </span>
    </p>
   </div>
   <div class='ocr_carea' id='block_1_38' title="bbox 410 2998 2065 3081">
    <p class='ocr_par' dir='ltr' id='par_1_38' title="bbox 410 2998 2065 3081">
     <span class='ocr_line' id='line_1_38' title="bbox 410 2998 2065 3081; baseline 0.001 -21"><span class='ocrx_word' id='word_1_310' title='bbox 410 2998 775 3060; x_wconf 87' lang='lat' dir='ltr'><strong>sustinentes</strong></span> <span class='ocrx_word' id='word_1_311' title='bbox 809 3001 1344 3071; x_wconf 85' lang='lat' dir='ltr'><strong>resurrectionem;</strong></span> <span class='ocrx_word' id='word_1_312' title='bbox 1380 3014 1508 3080; x_wconf 88' lang='lat' dir='ltr'><strong>post</strong></span> <span class='ocrx_word' id='word_1_313' title='bbox 1539 3000 1905 3081; x_wconf 86' lang='lat' dir='ltr'><strong>recipientes</strong></span> <span class='ocrx_word' id='word_1_314' title='bbox 1927 3021 2065 3063; x_wconf 88' lang='lat' dir='ltr'><strong>cor-</strong></span> 
     </span>
    </p>
   </div>
   <div class='ocr_carea' id='block_1_39' title="bbox 412 3090 2062 3171">
    <p class='ocr_par' dir='ltr' id='par_1_39' title="bbox 412 3090 2062 3171">
     <span class='ocr_line' id='line_1_39' title="bbox 412 3090 2062 3171; baseline 0.002 -22"><span class='ocrx_word' id='word_1_315' title='bbox 412 3103 642 3169; x_wconf 90' lang='lat' dir='ltr'><strong>pora,et</strong></span> <span class='ocrx_word' id='word_1_316' title='bbox 677 3090 944 3170; x_wconf 87' lang='lat' dir='ltr'><strong>perfecte</strong></span> <span class='ocrx_word' id='word_1_317' title='bbox 970 3091 1498 3171; x_wconf 83' lang='lat' dir='ltr'><strong>resurgentes,hoc</strong></span> <span class='ocrx_word' id='word_1_318' title='bbox 1521 3091 2062 3170; x_wconf 83' lang='lat' dir='ltr'><strong>est.corporaliter,</strong></span> 
     </span>
    </p>
   </div>
   <div class='ocr_carea' id='block_1_40' title="bbox 407 3178 2065 3260">
    <p class='ocr_par' dir='ltr' id='par_1_40' title="bbox 407 3178 2065 3260">
     <span class='ocr_line' id='line_1_40' title="bbox 407 3178 2065 3260; baseline 0.001 -20"><span class='ocrx_word' id='word_1_319' title='bbox 407 3178 912 3260; x_wconf 89' lang='lat' dir='ltr'><strong>quemadmodum</strong></span> <span class='ocrx_word' id='word_1_320' title='bbox 939 3190 996 3242; x_wconf 91' lang='lat' dir='ltr'><strong>et</strong></span> <span class='ocrx_word' id='word_1_321' title='bbox 1019 3180 1304 3243; x_wconf 91' lang='lat' dir='ltr'><strong>Dominus</strong></span> <span class='ocrx_word' id='word_1_322' title='bbox 1324 3180 1766 3253; x_wconf 81' lang='lat' dir='ltr'><strong>resurrexit,sic</strong></span> <span class='ocrx_word' id='word_1_323' title='bbox 1791 3189 2065 3243; x_wconf 78' lang='lat' dir='ltr'><strong>venturas</strong></span> 
     </span>
    </p>
   </div>
   <div class='ocr_carea' id='block_1_41' title="bbox 408 3270 2063 3352">
    <p class='ocr_par' dir='ltr' id='par_1_41' title="bbox 408 3270 2063 3352">
     <span class='ocr_line' id='line_1_41' title="bbox 408 3270 2063 3352; baseline 0.001 -21"><span class='ocrx_word' id='word_1_324' title='bbox 408 3270 466 3331; x_wconf 88' lang='lat' dir='ltr'><strong>in</strong></span> <span class='ocrx_word' id='word_1_325' title='bbox 502 3280 891 3352; x_wconf 89' lang='lat' dir='ltr'><strong>conspectum</strong></span> <span class='ocrx_word' id='word_1_326' title='bbox 921 3271 1048 3333; x_wconf 91' lang='lat' dir='ltr'><strong>Dei.</strong></span> <span class='ocrx_word' id='word_1_327' title='bbox 1091 3297 1112 3326; x_wconf 63' lang='grc' dir='ltr'><strong>»ξ</strong></span> <span class='ocrx_word' id='word_1_328' title='bbox 1150 3270 1299 3345; x_wconf 89' lang='lat' dir='ltr'><strong>Iuto,</strong></span> <span class='ocrx_word' id='word_1_329' title='bbox 1337 3271 1490 3351; x_wconf 85' lang='lat' dir='ltr'><strong>quod</strong></span> <span class='ocrx_word' id='word_1_330' title='bbox 1518 3272 1692 3351; x_wconf 88' lang='lat' dir='ltr'><strong>paulo</strong></span> <span class='ocrx_word' id='word_1_331' title='bbox 1728 3271 1915 3350; x_wconf 86' lang='lat' dir='ltr'><strong>magis</strong></span> <span class='ocrx_word' id='word_1_332' title='bbox 1934 3279 2063 3332; x_wconf 88' lang='lat' dir='ltr'><strong>stu-</strong></span> 
     </span>
    </p>
   </div>
   <div class='ocr_carea' id='block_1_42' title="bbox 411 3359 2063 3441">
    <p class='ocr_par' dir='ltr' id='par_1_42' title="bbox 411 3359 2063 3441">
     <span class='ocr_line' id='line_1_42' title="bbox 411 3359 2063 3441; baseline 0 -19"><span class='ocrx_word' id='word_1_333' title='bbox 411 3361 698 3439; x_wconf 90' lang='lat' dir='ltr'><strong>pendum,</strong></span> <span class='ocrx_word' id='word_1_334' title='bbox 725 3380 828 3422; x_wconf 79' lang='lat' dir='ltr'><strong>eos</strong></span> <span class='ocrx_word' id='word_1_335' title='bbox 853 3361 1031 3422; x_wconf 89' lang='lat' dir='ltr'><strong>etiam</strong></span> <span class='ocrx_word' id='word_1_336' title='bbox 1068 3381 1098 3422; x_wconf 94' lang='lat' dir='ltr'><strong>e</strong></span> <span class='ocrx_word' id='word_1_337' title='bbox 1154 3359 1484 3432; x_wconf 86' lang='lat' dir='ltr'><strong>catholicis,</strong></span> <span class='ocrx_word' id='word_1_338' title='bbox 1520 3361 1618 3441; x_wconf 90' lang='lat' dir='ltr'><strong>qui</strong></span> <span class='ocrx_word' id='word_1_339' title='bbox 1649 3379 1820 3421; x_wconf 86' lang='lat' dir='ltr'><strong>secus</strong></span> <span class='ocrx_word' id='word_1_340' title='bbox 1842 3360 2063 3422; x_wconf 85' lang='lat' dir='ltr'><strong>sentie-</strong></span> 
     </span>
    </p>
   </div>
   <div class='ocr_carea' id='block_1_43' title="bbox 409 3449 2064 3531">
    <p class='ocr_par' dir='ltr' id='par_1_43' title="bbox 409 3449 2064 3531">
     <span class='ocr_line' id='line_1_43' title="bbox 409 3449 2064 3531; baseline 0.001 -21"><span class='ocrx_word' id='word_1_341' title='bbox 409 3450 573 3530; x_wconf 88' lang='lat' dir='ltr'><strong>bant,</strong></span> <span class='ocrx_word' id='word_1_342' title='bbox 610 3451 832 3511; x_wconf 91' lang='lat' dir='ltr'><strong>erroris</strong></span> <span class='ocrx_word' id='word_1_343' title='bbox 863 3469 1116 3529; x_wconf 84' lang='lat' dir='ltr'><strong>arguere</strong></span> <span class='ocrx_word' id='word_1_344' title='bbox 1152 3470 1268 3510; x_wconf 92' lang='lat' dir='ltr'><strong>non</strong></span> <span class='ocrx_word' id='word_1_345' title='bbox 1297 3449 1546 3522; x_wconf 89' lang='lat' dir='ltr'><strong>dubitat,</strong></span> <span class='ocrx_word' id='word_1_346' title='bbox 1578 3450 1743 3529; x_wconf 90' lang='lat' dir='ltr'><strong>quasi</strong></span> <span class='ocrx_word' id='word_1_347' title='bbox 1770 3451 1869 3531; x_wconf 91' lang='lat' dir='ltr'><strong>qui</strong></span> <span class='ocrx_word' id='word_1_348' title='bbox 1903 3473 1922 3502; x_wconf 82' lang='grc' dir='ltr'>ι</span> <span class='ocrx_word' id='word_1_349' title='bbox 1959 3470 2064 3512; x_wconf 87' lang='lat' dir='ltr'><strong>su-</strong></span> 
     </span>
    </p>
   </div>
   <div class='ocr_carea' id='block_1_44' title="bbox 411 3539 2068 3621">
    <p class='ocr_par' dir='ltr' id='par_1_44' title="bbox 411 3539 2068 3621">
     <span class='ocr_line' id='line_1_44' title="bbox 411 3539 2068 3621; baseline 0.001 -21"><span class='ocrx_word' id='word_1_350' title='bbox 411 3540 918 3618; x_wconf 88' lang='lat' dir='ltr'><strong>pergrederentur</strong></span> <span class='ocrx_word' id='word_1_351' title='bbox 947 3541 1218 3602; x_wconf 87' lang='lat' dir='ltr'><strong>ordinem</strong></span> <span class='ocrx_word' id='word_1_352' title='bbox 1247 3539 1978 3621; x_wconf 89' lang='lat' dir='ltr'><strong>promotionisjustorum,</strong></span> <span class='ocrx_word' id='word_1_353' title='bbox 2010 3551 2068 3602; x_wconf 94' lang='lat' dir='ltr'><strong>et</strong></span> 
     </span>
    </p>
   </div>
   <div class='ocr_carea' id='block_1_45' title="bbox 410 3629 2064 3707">
    <p class='ocr_par' dir='ltr' id='par_1_45' title="bbox 410 3629 2064 3707">
     <span class='ocr_line' id='line_1_45' title="bbox 410 3629 2064 3707; baseline 0.002 -18"><span class='ocrx_word' id='word_1_354' title='bbox 410 3638 602 3689; x_wconf 93' lang='lat' dir='ltr'><strong>motus</strong></span> <span class='ocrx_word' id='word_1_355' title='bbox 636 3629 1046 3690; x_wconf 89' lang='lat' dir='ltr'><strong>meditationis</strong></span> <span class='ocrx_word' id='word_1_356' title='bbox 1083 3654 1109 3685; x_wconf 73' lang='grc' dir='ltr'><strong><em>ο</em></strong></span> <span class='ocrx_word' id='word_1_357' title='bbox 1145 3630 1221 3698; x_wconf 92' lang='lat' dir='ltr'><strong>(id</strong></span> <span class='ocrx_word' id='word_1_358' title='bbox 1259 3637 1370 3707; x_wconf 90' lang='lat' dir='ltr'><strong>est,</strong></span> <span class='ocrx_word' id='word_1_359' title='bbox 1433 3629 1898 3698; x_wconf 68' lang='lat' dir='ltr'><strong>exercitationis)</strong></span> <span class='ocrx_word' id='word_1_360' title='bbox 1937 3656 1962 3686; x_wconf 80' lang='grc' dir='ltr'><strong>α</strong></span> <span class='ocrx_word' id='word_1_361' title='bbox 1993 3630 2064 3692; x_wconf 91' lang='lat' dir='ltr'><strong>ad</strong></span> 
     </span>
    </p>
   </div>
   <div class='ocr_carea' id='block_1_46' title="bbox 406 3718 2068 3799">
    <p class='ocr_par' dir='ltr' id='par_1_46' title="bbox 406 3718 2068 3799">
     <span class='ocr_line' id='line_1_46' title="bbox 406 3718 2068 3799; baseline 0.003 -22"><span class='ocrx_word' id='word_1_362' title='bbox 406 3718 873 3798; x_wconf 90' lang='lat' dir='ltr'><strong>incorruptelam</strong></span> <span class='ocrx_word' id='word_1_363' title='bbox 913 3719 1280 3799; x_wconf 77' lang='lat' dir='ltr'><strong>ignorarent,</strong></span> <span class='ocrx_word' id='word_1_364' title='bbox 1318 3719 1626 3780; x_wconf 68' lang='lat' dir='ltr'><strong>haereticos</strong></span> <span class='ocrx_word' id='word_1_365' title='bbox 1669 3738 1883 3782; x_wconf 90' lang='lat' dir='ltr'><strong>sensus</strong></span> <span class='ocrx_word' id='word_1_366' title='bbox 1914 3723 1969 3782; x_wconf 91' lang='lat' dir='ltr'><strong>in</strong></span> <span class='ocrx_word' id='word_1_367' title='bbox 2003 3739 2068 3782; x_wconf 93' lang='lat' dir='ltr'><strong>se</strong></span> 
     </span>
    </p>
   </div>
   <div class='ocr_carea' id='block_1_47' title="bbox 406 3806 2062 3891">
    <p class='ocr_par' dir='ltr' id='par_1_47' title="bbox 406 3806 2062 3891">
     <span class='ocr_line' id='line_1_47' title="bbox 406 3806 2062 3891; baseline 0.003 -24"><span class='ocrx_word' id='word_1_368' title='bbox 406 3806 714 3870; x_wconf 88' lang='lat' dir='ltr'><strong>habentes.</strong></span> <span class='ocrx_word' id='word_1_369' title='bbox 737 3833 754 3863; x_wconf 77' lang='grc' dir='ltr'><strong><em>ι</em></strong></span> <span class='ocrx_word' id='word_1_370' title='bbox 795 3807 954 3881; x_wconf 87' lang='lat' dir='ltr'><strong>Quos</strong></span> <span class='ocrx_word' id='word_1_371' title='bbox 985 3828 1053 3871; x_wconf 83' lang='lat' dir='ltr'><strong>ex</strong></span> <span class='ocrx_word' id='word_1_372' title='bbox 1089 3827 1158 3869; x_wconf 92' lang='lat' dir='ltr'><strong>eo</strong></span> <span class='ocrx_word' id='word_1_373' title='bbox 1211 3810 1452 3884; x_wconf 88' lang='lat' dir='ltr'><strong>refellit,</strong></span> <span class='ocrx_word' id='word_1_374' title='bbox 1487 3809 1641 3891; x_wconf 91' lang='lat' dir='ltr'><strong>quod</strong></span> <span class='ocrx_word' id='word_1_375' title='bbox 1680 3809 1925 3872; x_wconf 92' lang='lat' dir='ltr'><strong>minime</strong></span> <span class='ocrx_word' id='word_1_376' title='bbox 1951 3811 2062 3872; x_wconf 88' lang='lat' dir='ltr'><strong>de-</strong></span> 
     </span>
    </p>
   </div>
   <div class='ocr_carea' id='block_1_48' title="bbox 403 3896 2063 3981">
    <p class='ocr_par' dir='ltr' id='par_1_48' title="bbox 403 3896 2063 3981">
     <span class='ocr_line' id='line_1_48' title="bbox 403 3896 2063 3981; baseline 0.003 -23"><span class='ocrx_word' id='word_1_377' title='bbox 403 3907 536 3959; x_wconf 90' lang='lat' dir='ltr'><strong>ceat</strong></span> <span class='ocrx_word' id='word_1_378' title='bbox 557 3898 771 3961; x_wconf 85' lang='lat' dir='ltr'><strong>Christi</strong></span> <span class='ocrx_word' id='word_1_379' title='bbox 801 3900 835 3959; x_wconf 87' lang='lat' dir='ltr'><strong>d</strong></span> <span class='ocrx_word' id='word_1_380' title='bbox 853 3896 1142 3980; x_wconf 75' lang='lat' dir='ltr'><strong>ilcipulos</strong></span> <span class='ocrx_word' id='word_1_381' title='bbox 1167 3899 1326 3981; x_wconf 90' lang='lat' dir='ltr'><strong>prius</strong></span> <span class='ocrx_word' id='word_1_382' title='bbox 1351 3901 1408 3962; x_wconf 93' lang='lat' dir='ltr'><strong>in</strong></span> <span class='ocrx_word' id='word_1_383' title='bbox 1429 3901 1640 3962; x_wconf 70' lang='lat' dir='ltr'><strong>cazlum</strong></span> <span class='ocrx_word' id='word_1_384' title='bbox 1656 3902 2063 3963; x_wconf 84' lang='lat' dir='ltr'><strong>conscendere</strong></span> 
     </span>
    </p>
   </div>
   <div class='ocr_carea' id='block_1_49' title="bbox 404 3989 2060 4072">
    <p class='ocr_par' dir='ltr' id='par_1_49' title="bbox 404 3989 2060 4072">
     <span class='ocr_line' id='line_1_49' title="bbox 404 3989 2060 4072; baseline 0.002 -22"><span class='ocrx_word' id='word_1_385' title='bbox 404 4007 581 4068; x_wconf 87' lang='lat' dir='ltr'><strong>quam</strong></span> <span class='ocrx_word' id='word_1_386' title='bbox 616 3989 896 4069; x_wconf 88' lang='lat' dir='ltr'><strong>magister</strong></span> <span class='ocrx_word' id='word_1_387' title='bbox 919 3991 1044 4071; x_wconf 91' lang='lat' dir='ltr'><strong>ipse</strong></span> <span class='ocrx_word' id='word_1_388' title='bbox 1076 3991 1436 4053; x_wconf 87' lang='lat' dir='ltr'><strong>ascenderit.</strong></span> <span class='ocrx_word' id='word_1_389' title='bbox 1488 4016 1508 4045; x_wconf 80' lang='grc' dir='ltr'>ο</span> <span class='ocrx_word' id='word_1_390' title='bbox 1539 3989 1667 4064; x_wconf 86' lang='lat' dir='ltr'><strong>Quo</strong></span> <span class='ocrx_word' id='word_1_391' title='bbox 1713 3992 1888 4052; x_wconf 84' lang='lat' dir='ltr'><strong>modo</strong></span> <span class='ocrx_word' id='word_1_392' title='bbox 1919 4010 2060 4072; x_wconf 87' lang='lat' dir='ltr'><strong>ergo</strong></span> 
     </span>
    </p>
   </div>
   <div class='ocr_carea' id='block_1_50' title="bbox 406 4077 2059 4155">
    <p class='ocr_par' dir='ltr' id='par_1_50' title="bbox 406 4077 2059 4155">
     <span class='ocr_line' id='line_1_50' title="bbox 406 4077 2059 4155; baseline 0.004 -19"><span class='ocrx_word' id='word_1_393' title='bbox 406 4077 684 4155; x_wconf 79' lang='lat' dir='ltr'><strong>magister</strong></span> <span class='ocrx_word' id='word_1_394' title='bbox 699 4088 898 4141; x_wconf 90' lang='lat' dir='ltr'><strong>noster</strong></span> <span class='ocrx_word' id='word_1_395' title='bbox 914 4099 1029 4142; x_wconf 90' lang='lat' dir='ltr'><strong>non</strong></span> <span class='ocrx_word' id='word_1_396' title='bbox 1053 4080 1248 4142; x_wconf 88' lang='lat' dir='ltr'><strong>statim</strong></span> <span class='ocrx_word' id='word_1_397' title='bbox 1277 4081 1519 4143; x_wconf 86' lang='lat' dir='ltr'><strong>evolans</strong></span> <span class='ocrx_word' id='word_1_398' title='bbox 1541 4080 1706 4155; x_wconf 90' lang='lat' dir='ltr'><strong>abiit,</strong></span> <span class='ocrx_word' id='word_1_399' title='bbox 1744 4081 1850 4143; x_wconf 90' lang='lat' dir='ltr'><strong>sed</strong></span> <span class='ocrx_word' id='word_1_400' title='bbox 1875 4081 2059 4144; x_wconf 90' lang='lat' dir='ltr'><strong>susti-</strong></span> 
     </span>
    </p>
   </div>
   <div class='ocr_carea' id='block_1_51' title="bbox 405 4167 2058 4251">
    <p class='ocr_par' dir='ltr' id='par_1_51' title="bbox 405 4167 2058 4251">
     <span class='ocr_line' id='line_1_51' title="bbox 405 4167 2058 4251; baseline 0.004 -25"><span class='ocrx_word' id='word_1_401' title='bbox 405 4185 555 4228; x_wconf 86' lang='lat' dir='ltr'><strong>nens</strong></span> <span class='ocrx_word' id='word_1_402' title='bbox 586 4167 894 4230; x_wconf 87' lang='lat' dir='ltr'><strong>definitum</strong></span> <span class='ocrx_word' id='word_1_403' title='bbox 929 4189 962 4230; x_wconf 94' lang='lat' dir='ltr'><strong>a</strong></span> <span class='ocrx_word' id='word_1_404' title='bbox 992 4167 1162 4231; x_wconf 86' lang='lat' dir='ltr'><strong>Patre</strong></span> <span class='ocrx_word' id='word_1_405' title='bbox 1187 4169 1644 4232; x_wconf 87' lang='lat' dir='ltr'><strong>resurrectionis</strong></span> <span class='ocrx_word' id='word_1_406' title='bbox 1664 4179 2058 4251; x_wconf 66' lang='lat' dir='ltr'><strong>suaetempus,</strong></span> 
     </span>
    </p>
   </div>
   <div class='ocr_carea' id='block_1_52' title="bbox 404 4257 2061 4340">
    <p class='ocr_par' dir='ltr' id='par_1_52' title="bbox 404 4257 2061 4340">
     <span class='ocr_line' id='line_1_52' title="bbox 404 4257 2061 4340; baseline 0.001 -24"><span class='ocrx_word' id='word_1_407' title='bbox 404 4266 536 4336; x_wconf 91' lang='lat' dir='ltr'><strong>post</strong></span> <span class='ocrx_word' id='word_1_408' title='bbox 561 4257 818 4320; x_wconf 91' lang='lat' dir='ltr'><strong>triduum</strong></span> <span class='ocrx_word' id='word_1_409' title='bbox 854 4277 1176 4338; x_wconf 87' lang='lat' dir='ltr'><strong>resurgens</strong></span> <span class='ocrx_word' id='word_1_410' title='bbox 1229 4270 1570 4340; x_wconf 87' lang='lat' dir='ltr'><strong>assumptus</strong></span> <span class='ocrx_word' id='word_1_411' title='bbox 1602 4267 1717 4334; x_wconf 90' lang='lat' dir='ltr'><strong>est;</strong></span> <span class='ocrx_word' id='word_1_412' title='bbox 1749 4259 1834 4321; x_wconf 90' lang='lat' dir='ltr'><strong>sic</strong></span> <span class='ocrx_word' id='word_1_413' title='bbox 1866 4268 1922 4320; x_wconf 95' lang='lat' dir='ltr'><strong>et</strong></span> <span class='ocrx_word' id='word_1_414' title='bbox 1954 4279 2061 4321; x_wconf 88' lang='lat' dir='ltr'><strong>nos</strong></span> 
     </span>
    </p>
   </div>
   <div class='ocr_carea' id='block_1_53' title="bbox 400 4348 2061 4412">
    <p class='ocr_par' dir='ltr' id='par_1_53' title="bbox 400 4348 2061 4412">
     <span class='ocr_line' id='line_1_53' title="bbox 400 4348 2061 4412; baseline 0.001 -4"><span class='ocrx_word' id='word_1_415' title='bbox 400 4348 696 4411; x_wconf 90' lang='lat' dir='ltr'><strong>sustinere</strong></span> <span class='ocrx_word' id='word_1_416' title='bbox 724 4348 1014 4410; x_wconf 92' lang='lat' dir='ltr'><strong>debemus</strong></span> <span class='ocrx_word' id='word_1_417' title='bbox 1046 4349 1358 4412; x_wconf 84' lang='lat' dir='ltr'><strong>deﬁnitum</strong></span> <span class='ocrx_word' id='word_1_418' title='bbox 1391 4370 1425 4412; x_wconf 90' lang='lat' dir='ltr'><strong>a</strong></span> <span class='ocrx_word' id='word_1_419' title='bbox 1457 4350 1578 4412; x_wconf 92' lang='lat' dir='ltr'><strong>Deo</strong></span> <span class='ocrx_word' id='word_1_420' title='bbox 1601 4350 2061 4411; x_wconf 89' lang='lat' dir='ltr'><strong>resurrectionis</strong></span> 
     </span>
    </p>
   </div>
   <div class='ocr_carea' id='block_1_54' title="bbox 2163 2099 3830 2182">
    <p class='ocr_par' dir='ltr' id='par_1_54' title="bbox 2163 2099 3830 2182">
     <span class='ocr_line' id='line_1_54' title="bbox 2163 2099 3830 2182; baseline 0.006 -27"><span class='ocrx_word' id='word_1_421' title='bbox 2163 2102 2384 2178; x_wconf 64' lang='grc' dir='ltr'><strong>σμικρὸς</strong></span> <span class='ocrx_word' id='word_1_422' title='bbox 2428 2103 2502 2155; x_wconf 79' lang='grc' dir='ltr'><strong>ὧν</strong></span> <span class='ocrx_word' id='word_1_423' title='bbox 2547 2104 2636 2158; x_wconf 71' lang='grc' dir='ltr'><strong>τὸν</strong></span> <span class='ocrx_word' id='word_1_424' title='bbox 2680 2113 2817 2175; x_wconf 67' lang='grc' dir='ltr'>νοῦν,</span> <span class='ocrx_word' id='word_1_425' title='bbox 2869 2099 3158 2160; x_wconf 90' lang='lat' dir='ltr'><strong>mediocri</strong></span> <span class='ocrx_word' id='word_1_426' title='bbox 3194 2100 3520 2163; x_wconf 85' lang='lat' dir='ltr'><strong>admodum</strong></span> <span class='ocrx_word' id='word_1_427' title='bbox 3558 2105 3830 2182; x_wconf 89' lang='lat' dir='ltr'><strong>ingenio,</strong></span> 
     </span>
    </p>
   </div>
   <div class='ocr_carea' id='block_1_55' title="bbox 2163 2189 3837 2272">
    <p class='ocr_par' dir='ltr' id='par_1_55' title="bbox 2163 2189 3837 2272">
     <span class='ocr_line' id='line_1_55' title="bbox 2163 2189 3837 2272; baseline 0.004 -24"><span class='ocrx_word' id='word_1_428' title='bbox 2163 2196 2225 2248; x_wconf 92' lang='lat' dir='ltr'><strong>ut</strong></span> <span class='ocrx_word' id='word_1_429' title='bbox 2253 2207 2320 2249; x_wconf 89' lang='lat' dir='ltr'><strong>ex</strong></span> <span class='ocrx_word' id='word_1_430' title='bbox 2353 2189 2588 2270; x_wconf 66' lang='lat' dir='ltr'><strong>scriptis</strong></span> <span class='ocrx_word' id='word_1_431' title='bbox 2622 2189 2782 2251; x_wconf 91' lang='lat' dir='ltr'><strong>illius</strong></span> <span class='ocrx_word' id='word_1_432' title='bbox 2818 2190 3121 2269; x_wconf 81' lang='lat' dir='ltr'><strong>conjicere</strong></span> <span class='ocrx_word' id='word_1_433' title='bbox 3155 2189 3317 2266; x_wconf 87' lang='lat' dir='ltr'><strong>licet,</strong></span> <span class='ocrx_word' id='word_1_434' title='bbox 3358 2223 3382 2253; x_wconf 72' lang='grc' dir='ltr'><strong>ι»</strong></span> <span class='ocrx_word' id='word_1_435' title='bbox 3419 2192 3520 2272; x_wconf 89' lang='lat' dir='ltr'><strong>qui</strong></span> <span class='ocrx_word' id='word_1_436' title='bbox 3555 2193 3708 2255; x_wconf 90' lang='lat' dir='ltr'><strong>male</strong></span> <span class='ocrx_word' id='word_1_437' title='bbox 3738 2195 3837 2255; x_wconf 79' lang='lat' dir='ltr'><strong>in-</strong></span> 
     </span>
    </p>
   </div>
   <div class='ocr_carea' id='block_1_56' title="bbox 2162 2277 3834 2362">
    <p class='ocr_par' dir='ltr' id='par_1_56' title="bbox 2162 2277 3834 2362">
     <span class='ocr_line' id='line_1_56' title="bbox 2162 2277 3834 2362; baseline 0.004 -22"><span class='ocrx_word' id='word_1_438' title='bbox 2162 2277 2414 2340; x_wconf 89' lang='lat' dir='ltr'><strong>lellectis</strong></span> <span class='ocrx_word' id='word_1_439' title='bbox 2447 2279 2854 2359; x_wconf 87' lang='lat' dir='ltr'><strong>apostolorum</strong></span> <span class='ocrx_word' id='word_1_440' title='bbox 2892 2279 3361 2361; x_wconf 83' lang='lat' dir='ltr'><strong>narrationibus,</strong></span> <span class='ocrx_word' id='word_1_441' title='bbox 3411 2301 3520 2344; x_wconf 89' lang='lat' dir='ltr'><strong>nec</strong></span> <span class='ocrx_word' id='word_1_442' title='bbox 3554 2283 3650 2356; x_wconf 88' lang='lat' dir='ltr'><strong>iis,</strong></span> <span class='ocrx_word' id='word_1_443' title='bbox 3687 2303 3834 2362; x_wconf 67' lang='lat' dir='ltr'><strong>quae</strong></span> 
     </span>
    </p>
   </div>
   <div class='ocr_carea' id='block_1_57' title="bbox 2157 2368 3838 2449">
    <p class='ocr_par' dir='ltr' id='par_1_57' title="bbox 2157 2368 3838 2449">
     <span class='ocr_line' id='line_1_57' title="bbox 2157 2368 3838 2449; baseline 0.004 -21"><span class='ocrx_word' id='word_1_444' title='bbox 2157 2386 2374 2429; x_wconf 86' lang='lat' dir='ltr'><strong>arcano</strong></span> <span class='ocrx_word' id='word_1_445' title='bbox 2405 2368 2654 2448; x_wconf 65' lang='lat' dir='ltr'><strong>quodam</strong></span> <span class='ocrx_word' id='word_1_446' title='bbox 2689 2387 2870 2431; x_wconf 90' lang='lat' dir='ltr'><strong>sensu</strong></span> <span class='ocrx_word' id='word_1_447' title='bbox 2901 2379 2960 2430; x_wconf 92' lang='lat' dir='ltr'><strong>et</strong></span> <span class='ocrx_word' id='word_1_448' title='bbox 2981 2370 3238 2449; x_wconf 81' lang='lat' dir='ltr'><strong>exempli</strong></span> <span class='ocrx_word' id='word_1_449' title='bbox 3259 2390 3436 2432; x_wconf 85' lang='lat' dir='ltr'><strong>causa</strong></span> <span class='ocrx_word' id='word_1_450' title='bbox 3471 2371 3544 2433; x_wconf 92' lang='lat' dir='ltr'><strong>ab</strong></span> <span class='ocrx_word' id='word_1_451' title='bbox 3578 2372 3697 2434; x_wconf 92' lang='lat' dir='ltr'><strong>illis</strong></span> <span class='ocrx_word' id='word_1_452' title='bbox 3722 2374 3838 2434; x_wconf 88' lang='lat' dir='ltr'><strong>di-</strong></span> 
     </span>
    </p>
   </div>
   <div class='ocr_carea' id='block_1_58' title="bbox 2159 2458 3836 2543">
    <p class='ocr_par' dir='ltr' id='par_1_58' title="bbox 2159 2458 3836 2543">
     <span class='ocr_line' id='line_1_58' title="bbox 2159 2458 3836 2543; baseline 0.004 -25"><span class='ocrx_word' id='word_1_453' title='bbox 2159 2458 2469 2532; x_wconf 88' lang='lat' dir='ltr'><strong>cebantur,</strong></span> <span class='ocrx_word' id='word_1_454' title='bbox 2504 2460 2646 2520; x_wconf 89' lang='lat' dir='ltr'><strong>satis</strong></span> <span class='ocrx_word' id='word_1_455' title='bbox 2706 2458 3163 2532; x_wconf 87' lang='lat' dir='ltr'><strong>animadversis,</strong></span> <span class='ocrx_word' id='word_1_456' title='bbox 3216 2459 3388 2540; x_wconf 88' lang='lat' dir='ltr'><strong>plura</strong></span> <span class='ocrx_word' id='word_1_457' title='bbox 3438 2460 3652 2522; x_wconf 86' lang='lat' dir='ltr'><strong>fabulis</strong></span> <span class='ocrx_word' id='word_1_458' title='bbox 3686 2482 3836 2543; x_wconf 83' lang='lat' dir='ltr'><strong>pro-</strong></span> 
     </span>
    </p>
   </div>
   <div class='ocr_carea' id='block_1_59' title="bbox 2163 2548 3840 2630">
    <p class='ocr_par' dir='ltr' id='par_1_59' title="bbox 2163 2548 3840 2630">
     <span class='ocr_line' id='line_1_59' title="bbox 2163 2548 3840 2630; baseline 0.002 -22"><span class='ocrx_word' id='word_1_459' title='bbox 2163 2548 2235 2626; x_wconf 70' lang='lat' dir='ltr'><strong>pit</strong></span> <span class='ocrx_word' id='word_1_460' title='bbox 2259 2566 2324 2608; x_wconf 87' lang='lat' dir='ltr'><strong>ra</strong></span> <span class='ocrx_word' id='word_1_461' title='bbox 2352 2548 2517 2608; x_wconf 89' lang='lat' dir='ltr'><strong>libris</strong></span> <span class='ocrx_word' id='word_1_462' title='bbox 2548 2549 2669 2610; x_wconf 91' lang='lat' dir='ltr'><strong>suis</strong></span> <span class='ocrx_word' id='word_1_463' title='bbox 2695 2548 3411 2630; x_wconf 87' lang='lat' dir='ltr'><strong>inseruit,terrennmque</strong></span> <span class='ocrx_word' id='word_1_464' title='bbox 3432 2551 3576 2612; x_wconf 89' lang='lat' dir='ltr'><strong>illud</strong></span> <span class='ocrx_word' id='word_1_465' title='bbox 3603 2550 3840 2615; x_wconf 82' lang='lat' dir='ltr'><strong>Christi</strong></span> 
     </span>
    </p>
   </div>
   <div class='ocr_carea' id='block_1_60' title="bbox 2157 2637 3850 2718">
    <p class='ocr_par' dir='ltr' id='par_1_60' title="bbox 2157 2637 3850 2718">
     <span class='ocr_line' id='line_1_60' title="bbox 2157 2637 3850 2718; baseline 0.004 -21"><span class='ocrx_word' id='word_1_466' title='bbox 2157 2656 2402 2716; x_wconf 85' lang='lat' dir='ltr'><strong>regnum</strong></span> <span class='ocrx_word' id='word_1_467' title='bbox 2438 2648 2812 2700; x_wconf 75' lang='lat' dir='ltr'><strong>commentus</strong></span> <span class='ocrx_word' id='word_1_468' title='bbox 2847 2648 2971 2711; x_wconf 88' lang='lat' dir='ltr'><strong>est;</strong></span> <span class='ocrx_word' id='word_1_469' title='bbox 3033 2637 3190 2718; x_wconf 90' lang='lat' dir='ltr'><strong>quod</strong></span> <span class='ocrx_word' id='word_1_470' title='bbox 3256 2648 3453 2701; x_wconf 87' lang='lat' dir='ltr'><strong>tamen</strong></span> <span class='ocrx_word' id='word_1_471' title='bbox 3499 2659 3533 2702; x_wconf 91' lang='lat' dir='ltr'><strong>a</strong></span> <span class='ocrx_word' id='word_1_472' title='bbox 3587 2644 3850 2704; x_wconf 84' lang='lat' dir='ltr'><strong>Joanne.</strong></span> 
     </span>
    </p>
   </div>
   <div class='ocr_carea' id='block_1_61' title="bbox 2155 2727 3831 2813">
    <p class='ocr_par' dir='ltr' id='par_1_61' title="bbox 2155 2727 3831 2813">
     <span class='ocr_line' id='line_1_61' title="bbox 2155 2727 3831 2813; baseline 0.002 -23"><span class='ocrx_word' id='word_1_473' title='bbox 2155 2727 2438 2808; x_wconf 86' lang='lat' dir='ltr'><strong>Apostolo</strong></span> <span class='ocrx_word' id='word_1_474' title='bbox 2470 2729 2768 2791; x_wconf 87' lang='lat' dir='ltr'><strong>institutus</strong></span> <span class='ocrx_word' id='word_1_475' title='bbox 2802 2738 2981 2809; x_wconf 82' lang='lat' dir='ltr'><strong>esset,</strong></span> <span class='ocrx_word' id='word_1_476' title='bbox 3022 2728 3294 2810; x_wconf 88' lang='lat' dir='ltr'><strong>pluribus</strong></span> <span class='ocrx_word' id='word_1_477' title='bbox 3339 2741 3470 2811; x_wconf 82' lang='lat' dir='ltr'><strong>post</strong></span> <span class='ocrx_word' id='word_1_478' title='bbox 3495 2731 3688 2813; x_wconf 90' lang='lat' dir='ltr'><strong>ipsum</strong></span> <span class='ocrx_word' id='word_1_479' title='bbox 3725 2753 3831 2794; x_wconf 89' lang='lat' dir='ltr'><strong>ec-</strong></span> 
     </span>
    </p>
   </div>
   <div class='ocr_carea' id='block_1_62' title="bbox 2154 2818 3820 2903">
    <p class='ocr_par' dir='ltr' id='par_1_62' title="bbox 2154 2818 3820 2903">
     <span class='ocr_line' id='line_1_62' title="bbox 2154 2818 3820 2903; baseline 0.003 -24"><span class='ocrx_word' id='word_1_480' title='bbox 2154 2818 2502 2881; x_wconf 84' lang='lat' dir='ltr'><strong>clesiasticis</strong></span> <span class='ocrx_word' id='word_1_481' title='bbox 2532 2818 3215 2901; x_wconf 82' lang='lat' dir='ltr'><strong>scriptoribus,hominis</strong></span> <span class='ocrx_word' id='word_1_482' title='bbox 3233 2822 3652 2883; x_wconf 83' lang='lat' dir='ltr'><strong>auctoritatem</strong></span> <span class='ocrx_word' id='word_1_483' title='bbox 3679 2824 3820 2903; x_wconf 91' lang='lat' dir='ltr'><strong>plus</strong></span> 
     </span>
    </p>
   </div>
   <div class='ocr_carea' id='block_1_63' title="bbox 2153 2908 3803 2989">
    <p class='ocr_par' dir='ltr' id='par_1_63' title="bbox 2153 2908 3803 2989">
     <span class='ocr_line' id='line_1_63' title="bbox 2153 2908 3803 2989; baseline 0.004 -21"><span class='ocrx_word' id='word_1_484' title='bbox 2153 2926 2319 2988; x_wconf 66' lang='lat' dir='ltr'><strong>{equo</strong></span> <span class='ocrx_word' id='word_1_485' title='bbox 2340 2910 2724 2984; x_wconf 84' lang='lat' dir='ltr'><strong>.reveritis,ac</strong></span> <span class='ocrx_word' id='word_1_486' title='bbox 2746 2914 2976 2974; x_wconf 66' lang='lat' dir='ltr'><strong>Irenaeo</strong></span> <span class='ocrx_word' id='word_1_487' title='bbox 3000 2910 3056 2969; x_wconf 92' lang='lat' dir='ltr'><strong>in</strong></span> <span class='ocrx_word' id='word_1_488' title='bbox 3085 2908 3316 2986; x_wconf 88' lang='lat' dir='ltr'><strong>primis,</strong></span> <span class='ocrx_word' id='word_1_489' title='bbox 3339 2911 3605 2989; x_wconf 87' lang='lat' dir='ltr'><strong>ejusdem</strong></span> <span class='ocrx_word' id='word_1_490' title='bbox 3625 2931 3803 2973; x_wconf 87' lang='lat' dir='ltr'><strong>erro-</strong></span> 
     </span>
    </p>
   </div>
   <div class='ocr_carea' id='block_1_64' title="bbox 2150 2998 3806 3084">
    <p class='ocr_par' dir='ltr' id='par_1_64' title="bbox 2150 2998 3806 3084">
     <span class='ocr_line' id='line_1_64' title="bbox 2150 2998 3806 3084; baseline 0.002 -24"><span class='ocrx_word' id='word_1_491' title='bbox 2150 3001 2232 3060; x_wconf 89' lang='lat' dir='ltr'><strong>ris</strong></span> <span class='ocrx_word' id='word_1_492' title='bbox 2262 3001 2636 3063; x_wconf 81' lang='lat' dir='ltr'><strong>occasionem</strong></span> <span class='ocrx_word' id='word_1_493' title='bbox 2669 2999 2942 3081; x_wconf 71' lang='lat' dir='ltr'><strong>praabuit.</strong></span> <span class='ocrx_word' id='word_1_494' title='bbox 2976 2998 3144 3060; x_wconf 90' lang='lat' dir='ltr'><strong>Alios</strong></span> <span class='ocrx_word' id='word_1_495' title='bbox 3171 3003 3458 3078; x_wconf 88' lang='lat' dir='ltr'><strong>quosdam</strong></span> <span class='ocrx_word' id='word_1_496' title='bbox 3493 3001 3806 3084; x_wconf 80' lang='lat' dir='ltr'><strong>presbyte-</strong></span> 
     </span>
    </p>
   </div>
   <div class='ocr_carea' id='block_1_65' title="bbox 2152 3087 3807 3172">
    <p class='ocr_par' dir='ltr' id='par_1_65' title="bbox 2152 3087 3807 3172">
     <span class='ocr_line' id='line_1_65' title="bbox 2152 3087 3807 3172; baseline 0.003 -23"><span class='ocrx_word' id='word_1_497' title='bbox 2152 3106 2272 3163; x_wconf 87' lang='lat' dir='ltr'><strong>ros,</strong></span> <span class='ocrx_word' id='word_1_498' title='bbox 2299 3089 2549 3152; x_wconf 86' lang='lat' dir='ltr'><strong>Joannis</strong></span> <span class='ocrx_word' id='word_1_499' title='bbox 2607 3089 2957 3171; x_wconf 86' lang='lat' dir='ltr'><strong>discipulos,</strong></span> <span class='ocrx_word' id='word_1_500' title='bbox 3013 3087 3285 3167; x_wconf 84' lang='lat' dir='ltr'><strong>ejusdem</strong></span> <span class='ocrx_word' id='word_1_501' title='bbox 3325 3089 3628 3167; x_wconf 83' lang='lat' dir='ltr'><strong>opinionis</strong></span> <span class='ocrx_word' id='word_1_502' title='bbox 3660 3109 3807 3172; x_wconf 90' lang='lat' dir='ltr'><strong>pro-</strong></span> 
     </span>
    </p>
   </div>
   <div class='ocr_carea' id='block_1_66' title="bbox 2155 3177 3814 3260">
    <p class='ocr_par' dir='ltr' id='par_1_66' title="bbox 2155 3177 3814 3260">
     <span class='ocr_line' id='line_1_66' title="bbox 2155 3177 3814 3260; baseline 0.002 -21"><span class='ocrx_word' id='word_1_503' title='bbox 2155 3189 2531 3260; x_wconf 82' lang='lat' dir='ltr'><strong>pugnatores.</strong></span> <span class='ocrx_word' id='word_1_504' title='bbox 2561 3181 2663 3241; x_wconf 89' lang='lat' dir='ltr'><strong>sed</strong></span> <span class='ocrx_word' id='word_1_505' title='bbox 2696 3178 2966 3259; x_wconf 85' lang='lat' dir='ltr'><strong>ejusdem</strong></span> <span class='ocrx_word' id='word_1_506' title='bbox 3006 3177 3290 3258; x_wconf 89' lang='lat' dir='ltr'><strong>ponderis</strong></span> <span class='ocrx_word' id='word_1_507' title='bbox 3343 3178 3640 3258; x_wconf 80' lang='lat' dir='ltr'><strong>homines,</strong></span> <span class='ocrx_word' id='word_1_508' title='bbox 3677 3201 3814 3243; x_wconf 90' lang='lat' dir='ltr'><strong>me-</strong></span> 
     </span>
    </p>
   </div>
   <div class='ocr_carea' id='block_1_67' title="bbox 2153 3268 3812 3334">
    <p class='ocr_par' dir='ltr' id='par_1_67' title="bbox 2153 3268 3812 3334">
     <span class='ocr_line' id='line_1_67' title="bbox 2153 3268 3812 3334; baseline 0.004 -6"><span class='ocrx_word' id='word_1_509' title='bbox 2153 3269 2646 3332; x_wconf 62' lang='lat' dir='ltr'><strong>moratIrenaaus.</strong></span> <span class='ocrx_word' id='word_1_510' title='bbox 2699 3271 2762 3331; x_wconf 68' lang='lat'><strong>9°</strong></span> <span class='ocrx_word' id='word_1_511' title='bbox 2794 3268 3019 3330; x_wconf 87' lang='lat' dir='ltr'><strong>Horum</strong></span> <span class='ocrx_word' id='word_1_512' title='bbox 3052 3269 3364 3329; x_wconf 67' lang='lat' dir='ltr'><strong>sententiae</strong></span> <span class='ocrx_word' id='word_1_513' title='bbox 3396 3269 3687 3332; x_wconf 90' lang='lat' dir='ltr'><strong>calculum</strong></span> <span class='ocrx_word' id='word_1_514' title='bbox 3722 3273 3812 3334; x_wconf 90' lang='lat' dir='ltr'><strong>sic</strong></span> 
     </span>
    </p>
   </div>
   <div class='ocr_carea' id='block_1_68' title="bbox 2150 3356 3810 3440">
    <p class='ocr_par' dir='ltr' id='par_1_68' title="bbox 2150 3356 3810 3440">
     <span class='ocr_line' id='line_1_68' title="bbox 2150 3356 3810 3440; baseline 0.002 -20"><span class='ocrx_word' id='word_1_515' title='bbox 2150 3359 2372 3438; x_wconf 87' lang='lat' dir='ltr'><strong>adjecit</strong></span> <span class='ocrx_word' id='word_1_516' title='bbox 2417 3359 2480 3423; x_wconf 92' lang='lat' dir='ltr'><strong>S.</strong></span> <span class='ocrx_word' id='word_1_517' title='bbox 2535 3360 2765 3440; x_wconf 89' lang='lat' dir='ltr'><strong>doctor,</strong></span> <span class='ocrx_word' id='word_1_518' title='bbox 2826 3367 2887 3420; x_wconf 93' lang='lat' dir='ltr'><strong>ut</strong></span> <span class='ocrx_word' id='word_1_519' title='bbox 2918 3356 3142 3419; x_wconf 84' lang='lat' dir='ltr'><strong>terreni</strong></span> <span class='ocrx_word' id='word_1_520' title='bbox 3173 3357 3332 3420; x_wconf 91' lang='lat' dir='ltr'><strong>illius</strong></span> <span class='ocrx_word' id='word_1_521' title='bbox 3363 3359 3580 3422; x_wconf 88' lang='lat' dir='ltr'><strong>Christi</strong></span> <span class='ocrx_word' id='word_1_522' title='bbox 3629 3366 3810 3440; x_wconf 88' lang='lat' dir='ltr'><strong>regni</strong></span> 
     </span>
    </p>
   </div>
   <div class='ocr_carea' id='block_1_69' title="bbox 2153 3446 3814 3528">
    <p class='ocr_par' dir='ltr' id='par_1_69' title="bbox 2153 3446 3814 3528">
     <span class='ocr_line' id='line_1_69' title="bbox 2153 3446 3814 3528; baseline 0.004 -21"><span class='ocrx_word' id='word_1_523' title='bbox 2153 3456 2384 3528; x_wconf 91' lang='lat' dir='ltr'><strong>tempus</strong></span> <span class='ocrx_word' id='word_1_524' title='bbox 2417 3451 2685 3528; x_wconf 89' lang='lat' dir='ltr'><strong>nuspiam</strong></span> <span class='ocrx_word' id='word_1_525' title='bbox 2723 3446 3047 3521; x_wconf 87' lang='lat' dir='ltr'><strong>definierit,</strong></span> <span class='ocrx_word' id='word_1_526' title='bbox 3091 3466 3199 3509; x_wconf 72' lang='lat' dir='ltr'><strong>nec</strong></span> <span class='ocrx_word' id='word_1_527' title='bbox 3260 3447 3448 3523; x_wconf 89' lang='lat' dir='ltr'><strong>mille,</strong></span> <span class='ocrx_word' id='word_1_528' title='bbox 3496 3458 3594 3511; x_wconf 89' lang='lat' dir='ltr'><strong>aut</strong></span> <span class='ocrx_word' id='word_1_529' title='bbox 3643 3460 3814 3514; x_wconf 88' lang='lat' dir='ltr'><strong>certo</strong></span> 
     </span>
    </p>
   </div>
   <div class='ocr_carea' id='block_1_70' title="bbox 2150 3537 3820 3618">
    <p class='ocr_par' dir='ltr' id='par_1_70' title="bbox 2150 3537 3820 3618">
     <span class='ocr_line' id='line_1_70' title="bbox 2150 3537 3820 3618; baseline 0.004 -21"><span class='ocrx_word' id='word_1_530' title='bbox 2150 3537 2349 3617; x_wconf 89' lang='lat' dir='ltr'><strong>aliquo</strong></span> <span class='ocrx_word' id='word_1_531' title='bbox 2378 3557 2668 3600; x_wconf 86' lang='lat' dir='ltr'><strong>annorum</strong></span> <span class='ocrx_word' id='word_1_532' title='bbox 2699 3557 2953 3600; x_wconf 89' lang='lat' dir='ltr'><strong>numero</strong></span> <span class='ocrx_word' id='word_1_533' title='bbox 2984 3537 3552 3618; x_wconf 87' lang='lat' dir='ltr'><strong>circumscripserit;</strong></span> <span class='ocrx_word' id='word_1_534' title='bbox 3587 3543 3706 3601; x_wconf 91' lang='lat' dir='ltr'><strong>imo</strong></span> <span class='ocrx_word' id='word_1_535' title='bbox 3737 3561 3820 3603; x_wconf 89' lang='lat' dir='ltr'><strong>ne</strong></span> 
     </span>
    </p>
   </div>
   <div class='ocr_carea' id='block_1_71' title="bbox 2151 3627 3815 3711">
    <p class='ocr_par' dir='ltr' id='par_1_71' title="bbox 2151 3627 3815 3711">
     <span class='ocr_line' id='line_1_71' title="bbox 2151 3627 3815 3711; baseline 0.003 -23"><span class='ocrx_word' id='word_1_536' title='bbox 2151 3628 2336 3692; x_wconf 91' lang='lat' dir='ltr'><strong>semel</strong></span> <span class='ocrx_word' id='word_1_537' title='bbox 2367 3629 2607 3709; x_wconf 92' lang='lat' dir='ltr'><strong>quidem</strong></span> <span class='ocrx_word' id='word_1_538' title='bbox 2671 3627 2984 3710; x_wconf 87' lang='lat' dir='ltr'><strong>protulerit</strong></span> <span class='ocrx_word' id='word_1_539' title='bbox 3024 3627 3319 3706; x_wconf 87' lang='lat' dir='ltr'><strong>vulgatum</strong></span> <span class='ocrx_word' id='word_1_540' title='bbox 3371 3628 3536 3690; x_wconf 78' lang='lat' dir='ltr'><strong>illum</strong></span> <span class='ocrx_word' id='word_1_541' title='bbox 3569 3629 3815 3711; x_wconf 84' lang='lat' dir='ltr'><strong>Apoca-</strong></span> 
     </span>
    </p>
   </div>
   <div class='ocr_carea' id='block_1_72' title="bbox 2151 3716 3810 3800">
    <p class='ocr_par' dir='ltr' id='par_1_72' title="bbox 2151 3716 3810 3800">
     <span class='ocr_line' id='line_1_72' title="bbox 2151 3716 3810 3800; baseline 0.002 -20"><span class='ocrx_word' id='word_1_542' title='bbox 2151 3719 2384 3800; x_wconf 74' lang='lat' dir='ltr'><strong>lypseos</strong></span> <span class='ocrx_word' id='word_1_543' title='bbox 2405 3721 2598 3780; x_wconf 85' lang='lat' dir='ltr'><strong>locum</strong></span> <span class='ocrx_word' id='word_1_544' title='bbox 2629 3741 2640 3782; x_wconf 96' lang='lat'>:</span> <span class='ocrx_word' id='word_1_545' title='bbox 2683 3745 2704 3776; x_wconf 82' lang='grc' dir='ltr'><strong>‹ι</strong></span> <span class='ocrx_word' id='word_1_546' title='bbox 2737 3719 2926 3780; x_wconf 89' lang='lat' dir='ltr'><strong>Erunt</strong></span> <span class='ocrx_word' id='word_1_547' title='bbox 2969 3717 3311 3781; x_wconf 85' lang='lat' dir='ltr'><strong>sacerdotes</strong></span> <span class='ocrx_word' id='word_1_548' title='bbox 3340 3716 3449 3780; x_wconf 91' lang='lat' dir='ltr'><strong>Dei</strong></span> <span class='ocrx_word' id='word_1_549' title='bbox 3473 3728 3528 3780; x_wconf 93' lang='lat' dir='ltr'><strong>et</strong></span> <span class='ocrx_word' id='word_1_550' title='bbox 3559 3721 3810 3799; x_wconf 89' lang='lat' dir='ltr'><strong>Christi,</strong></span> 
     </span>
    </p>
   </div>
   <div class='ocr_carea' id='block_1_73' title="bbox 2149 3807 3810 3890">
    <p class='ocr_par' dir='ltr' id='par_1_73' title="bbox 2149 3807 3810 3890">
     <span class='ocr_line' id='line_1_73' title="bbox 2149 3807 3810 3890; baseline 0.002 -20"><span class='ocrx_word' id='word_1_551' title='bbox 2149 3819 2207 3871; x_wconf 86' lang='lat' dir='ltr'><strong>et</strong></span> <span class='ocrx_word' id='word_1_552' title='bbox 2236 3809 2572 3888; x_wconf 84' lang='lat' dir='ltr'><strong>regnabunt</strong></span> <span class='ocrx_word' id='word_1_553' title='bbox 2601 3829 2734 3872; x_wconf 91' lang='lat' dir='ltr'><strong>cum</strong></span> <span class='ocrx_word' id='word_1_554' title='bbox 2791 3810 2890 3871; x_wconf 92' lang='lat' dir='ltr'><strong>illo</strong></span> <span class='ocrx_word' id='word_1_555' title='bbox 2925 3807 3089 3868; x_wconf 91' lang='lat' dir='ltr'><strong>mille</strong></span> <span class='ocrx_word' id='word_1_556' title='bbox 3113 3809 3328 3884; x_wconf 89' lang='lat' dir='ltr'><strong>annis;</strong></span> <span class='ocrx_word' id='word_1_557' title='bbox 3366 3833 3392 3864; x_wconf 71' lang='grc' dir='ltr'><strong>ιι</strong></span> <span class='ocrx_word' id='word_1_558' title='bbox 3435 3829 3552 3890; x_wconf 92' lang='lat' dir='ltr'><strong>quo</strong></span> <span class='ocrx_word' id='word_1_559' title='bbox 3583 3818 3810 3889; x_wconf 88' lang='lat' dir='ltr'><strong>tamen,</strong></span> 
     </span>
    </p>
   </div>
   <div class='ocr_carea' id='block_1_74' title="bbox 2147 3897 3818 3980">
    <p class='ocr_par' dir='ltr' id='par_1_74' title="bbox 2147 3897 3818 3980">
     <span class='ocr_line' id='line_1_74' title="bbox 2147 3897 3818 3980; baseline 0 -17"><span class='ocrx_word' id='word_1_560' title='bbox 2147 3919 2258 3963; x_wconf 91' lang='lat' dir='ltr'><strong>ceu</strong></span> <span class='ocrx_word' id='word_1_561' title='bbox 2291 3899 2679 3961; x_wconf 83' lang='lat' dir='ltr'><strong>fundamento</strong></span> <span class='ocrx_word' id='word_1_562' title='bbox 2715 3899 3092 3980; x_wconf 89' lang='lat' dir='ltr'><strong>potissimum</strong></span> <span class='ocrx_word' id='word_1_563' title='bbox 3125 3897 3426 3960; x_wconf 88' lang='lat' dir='ltr'><strong>nitebatur</strong></span> <span class='ocrx_word' id='word_1_564' title='bbox 3445 3899 3818 3963; x_wconf 81' lang='lat' dir='ltr'><strong>Millenario—</strong></span> 
     </span>
    </p>
   </div>
   <div class='ocr_carea' id='block_1_75' title="bbox 2146 3986 3813 4054">
    <p class='ocr_par' dir='ltr' id='par_1_75' title="bbox 2146 3986 3813 4054">
     <span class='ocr_line' id='line_1_75' title="bbox 2146 3986 3813 4054; baseline 0.001 -4"><span class='ocrx_word' id='word_1_565' title='bbox 2146 4009 2277 4051; x_wconf 90' lang='lat' dir='ltr'><strong>rum</strong></span> <span class='ocrx_word' id='word_1_566' title='bbox 2312 3990 2627 4052; x_wconf 85' lang='lat' dir='ltr'><strong>sententia.</strong></span> <span class='ocrx_word' id='word_1_567' title='bbox 2665 3989 2814 4054; x_wconf 70' lang='lat' dir='ltr'><strong>301d</strong></span> <span class='ocrx_word' id='word_1_568' title='bbox 2841 3986 3211 4049; x_wconf 88' lang='lat' dir='ltr'><strong>discriminis</strong></span> <span class='ocrx_word' id='word_1_569' title='bbox 3245 3987 3613 4050; x_wconf 91' lang='lat' dir='ltr'><strong>constituere</strong></span> <span class='ocrx_word' id='word_1_570' title='bbox 3637 3989 3813 4051; x_wconf 88' lang='lat' dir='ltr'><strong>vide-</strong></span> 
     </span>
    </p>
   </div>
   <div class='ocr_carea' id='block_1_76' title="bbox 2148 4077 3812 4161">
    <p class='ocr_par' dir='ltr' id='par_1_76' title="bbox 2148 4077 3812 4161">
     <span class='ocr_line' id='line_1_76' title="bbox 2148 4077 3812 4161; baseline 0 -20"><span class='ocrx_word' id='word_1_571' title='bbox 2148 4089 2242 4141; x_wconf 93' lang='lat' dir='ltr'><strong>tur</strong></span> <span class='ocrx_word' id='word_1_572' title='bbox 2272 4079 2426 4140; x_wconf 89' lang='lat' dir='ltr'><strong>inter</strong></span> <span class='ocrx_word' id='word_1_573' title='bbox 2445 4090 2792 4161; x_wconf 76' lang='lat' dir='ltr'><strong>martyrum,</strong></span> <span class='ocrx_word' id='word_1_574' title='bbox 2828 4077 3513 4156; x_wconf 87' lang='lat' dir='ltr'><strong>aliorumquejustorum</strong></span> <span class='ocrx_word' id='word_1_575' title='bbox 3550 4080 3812 4158; x_wconf 77' lang='lat' dir='ltr'><strong>animas,</strong></span> 
     </span>
    </p>
   </div>
   <div class='ocr_carea' id='block_1_77' title="bbox 2146 4167 3813 4250">
    <p class='ocr_par' dir='ltr' id='par_1_77' title="bbox 2146 4167 3813 4250">
     <span class='ocr_line' id='line_1_77' title="bbox 2146 4167 3813 4250; baseline 0.001 -21"><span class='ocrx_word' id='word_1_576' title='bbox 2146 4177 2208 4229; x_wconf 92' lang='lat' dir='ltr'><strong>ut</strong></span> <span class='ocrx_word' id='word_1_577' title='bbox 2239 4168 2356 4230; x_wconf 65' lang='lat' dir='ltr'><strong>illa:</strong></span> <span class='ocrx_word' id='word_1_578' title='bbox 2387 4169 2672 4248; x_wconf 86' lang='lat' dir='ltr'><strong>singulari</strong></span> <span class='ocrx_word' id='word_1_579' title='bbox 2705 4167 3090 4250; x_wconf 64' lang='lat' dir='ltr'><strong>praerogativa</strong></span> <span class='ocrx_word' id='word_1_580' title='bbox 3149 4168 3343 4228; x_wconf 90' lang='lat' dir='ltr'><strong>statim</strong></span> <span class='ocrx_word' id='word_1_581' title='bbox 3376 4168 3706 4229; x_wconf 81' lang='lat' dir='ltr'><strong>ascendant</strong></span> <span class='ocrx_word' id='word_1_582' title='bbox 3735 4172 3813 4231; x_wconf 88' lang='lat' dir='ltr'><strong>ad</strong></span> 
     </span>
    </p>
   </div>
   <div class='ocr_carea' id='block_1_78' title="bbox 2147 4256 3817 4340">
    <p class='ocr_par' dir='ltr' id='par_1_78' title="bbox 2147 4256 3817 4340">
     <span class='ocr_line' id='line_1_78' title="bbox 2147 4256 3817 4340; baseline 0.002 -23"><span class='ocrx_word' id='word_1_583' title='bbox 2147 4257 2403 4334; x_wconf 85' lang='lat' dir='ltr'><strong>Patrem,</strong></span> <span class='ocrx_word' id='word_1_584' title='bbox 2448 4277 2516 4319; x_wconf 87' lang='lat' dir='ltr'><strong>ac</strong></span> <span class='ocrx_word' id='word_1_585' title='bbox 2581 4259 2829 4340; x_wconf 87' lang='lat' dir='ltr'><strong>proinde</strong></span> <span class='ocrx_word' id='word_1_586' title='bbox 2871 4257 2930 4317; x_wconf 91' lang='lat' dir='ltr'><strong>in</strong></span> <span class='ocrx_word' id='word_1_587' title='bbox 2963 4256 3177 4318; x_wconf 76' lang='lat' dir='ltr'><strong>ccelum</strong></span> <span class='ocrx_word' id='word_1_588' title='bbox 3210 4256 3625 4337; x_wconf 87' lang='lat' dir='ltr'><strong>recipiantur;</strong></span> <span class='ocrx_word' id='word_1_589' title='bbox 3677 4259 3817 4322; x_wconf 67' lang='lat' dir='ltr'><strong>alia:</strong></span> 
     </span>
    </p>
   </div>
   <div class='ocr_carea' id='block_1_79' title="bbox 2142 4345 3806 4428">
    <p class='ocr_par' dir='ltr' id='par_1_79' title="bbox 2142 4345 3806 4428">
     <span class='ocr_line' id='line_1_79' title="bbox 2142 4345 3806 4428; baseline 0.002 -21"><span class='ocrx_word' id='word_1_590' title='bbox 2142 4365 2282 4410; x_wconf 92' lang='lat' dir='ltr'><strong>vero</strong></span> <span class='ocrx_word' id='word_1_591' title='bbox 2329 4366 2538 4409; x_wconf 91' lang='lat' dir='ltr'><strong>omnes</strong></span> <span class='ocrx_word' id='word_1_592' title='bbox 2583 4349 2654 4410; x_wconf 87' lang='lat' dir='ltr'><strong>ad</strong></span> <span class='ocrx_word' id='word_1_593' title='bbox 2691 4347 3009 4411; x_wconf 89' lang='lat' dir='ltr'><strong>invisibilia</strong></span> <span class='ocrx_word' id='word_1_594' title='bbox 3035 4346 3164 4408; x_wconf 90' lang='lat' dir='ltr'><strong>loca</strong></span> <span class='ocrx_word' id='word_1_595' title='bbox 3203 4345 3441 4427; x_wconf 87' lang='lat' dir='ltr'><strong>abeant,</strong></span> <span class='ocrx_word' id='word_1_596' title='bbox 3478 4365 3806 4428; x_wconf 87' lang='lat' dir='ltr'><strong>corporum</strong></span> 
     </span>
    </p>
   </div>
   <div class='ocr_carea' id='block_1_80' title="bbox 400 4435 3810 4520">
    <p class='ocr_par' dir='ltr' id='par_1_80' title="bbox 400 4435 3810 4520">
     <span class='ocr_line' id='line_1_80' title="bbox 400 4435 3810 4520; baseline 0.001 -24"><span class='ocrx_word' id='word_1_597' title='bbox 400 4446 620 4498; x_wconf 67' lang='lat' dir='ltr'><strong>nostrte</strong></span> <span class='ocrx_word' id='word_1_598' title='bbox 648 4447 902 4518; x_wconf 89' lang='lat' dir='ltr'><strong>tempus,</strong></span> <span class='ocrx_word' id='word_1_599' title='bbox 938 4450 998 4500; x_wconf 85' lang='lat' dir='ltr'><strong>et</strong></span> <span class='ocrx_word' id='word_1_600' title='bbox 1031 4441 1113 4499; x_wconf 87' lang='lat' dir='ltr'><strong>sic</strong></span> <span class='ocrx_word' id='word_1_601' title='bbox 1145 4448 1529 4519; x_wconf 81' lang='lat' dir='ltr'><strong>resurgentes</strong></span> <span class='ocrx_word' id='word_1_602' title='bbox 1584 4439 1832 4514; x_wconf 87' lang='lat' dir='ltr'><strong>assumi,</strong></span> <span class='ocrx_word' id='word_1_603' title='bbox 1879 4450 2057 4519; x_wconf 90' lang='lat' dir='ltr'><strong>quot-</strong></span> <span class='ocrx_word' id='word_1_604' title='bbox 2141 4437 2644 4499; x_wconf 89' lang='lat' dir='ltr'><strong>resurrectionem</strong></span> <span class='ocrx_word' id='word_1_605' title='bbox 2703 4445 3143 4520; x_wconf 85' lang='lat' dir='ltr'><strong>exspectantes.</strong></span> <span class='ocrx_word' id='word_1_606' title='bbox 3187 4460 3212 4490; x_wconf 76' lang='grc' dir='ltr'><strong>α</strong></span> <span class='ocrx_word' id='word_1_607' title='bbox 3248 4435 3543 4514; x_wconf 90' lang='lat' dir='ltr'><strong>Ecclesia,</strong></span> <span class='ocrx_word' id='word_1_608' title='bbox 3605 4436 3810 4519; x_wconf 88' lang='lat' dir='ltr'><strong>inquit</strong></span> 
     </span>
    </p>
   </div>
   <div class='ocr_carea' id='block_1_81' title="bbox 401 4525 3811 4611">
    <p class='ocr_par' dir='ltr' id='par_1_81' title="bbox 401 4525 3811 4611">
     <span class='ocr_line' id='line_1_81' title="bbox 401 4525 3811 4611; baseline 0.002 -26"><span class='ocrx_word' id='word_1_609' title='bbox 401 4534 542 4606; x_wconf 89' lang='lat' dir='ltr'><strong>quot</strong></span> <span class='ocrx_word' id='word_1_610' title='bbox 590 4525 880 4588; x_wconf 89' lang='lat' dir='ltr'><strong>Dominus</strong></span> <span class='ocrx_word' id='word_1_611' title='bbox 935 4526 1004 4588; x_wconf 86' lang='lat' dir='ltr'><strong>ad</strong></span> <span class='ocrx_word' id='word_1_612' title='bbox 1068 4527 1180 4589; x_wconf 92' lang='lat' dir='ltr'><strong>hoc</strong></span> <span class='ocrx_word' id='word_1_613' title='bbox 1227 4529 1438 4608; x_wconf 82' lang='lat' dir='ltr'><strong>dignos</strong></span> <span class='ocrx_word' id='word_1_614' title='bbox 1484 4527 1780 4590; x_wconf 81' lang='lat' dir='ltr'><strong>babucrit.</strong></span> <span class='ocrx_word' id='word_1_615' title='bbox 1821 4553 1845 4582; x_wconf 71' lang='grc' dir='ltr'><strong>ι)</strong></span> <span class='ocrx_word' id='word_1_616' title='bbox 1906 4528 2058 4589; x_wconf 90' lang='lat' dir='ltr'><strong>Tres</strong></span> <span class='ocrx_word' id='word_1_617' title='bbox 2084 4610 2100 4611; x_wconf 28' lang='grc' dir='ltr'><em>η</em></span> <span class='ocrx_word' id='word_1_618' title='bbox 2142 4526 2248 4586; x_wconf 92' lang='lat' dir='ltr'><strong>lib.</strong></span> <span class='ocrx_word' id='word_1_619' title='bbox 2289 4544 2364 4603; x_wconf 84' lang='lat' dir='ltr'><strong>tv,</strong></span> <span class='ocrx_word' id='word_1_620' title='bbox 2393 4546 2444 4589; x_wconf 93' lang='lat' dir='ltr'><strong>c.</strong></span> <span class='ocrx_word' id='word_1_621' title='bbox 2482 4529 2580 4609; x_wconf 87' lang='lat'><strong>33,</strong></span> <span class='ocrx_word' id='word_1_622' title='bbox 2617 4548 2676 4591; x_wconf 91' lang='lat' dir='ltr'><strong>n.</strong></span> <span class='ocrx_word' id='word_1_623' title='bbox 2713 4534 2771 4611; x_wconf 72' lang='lat' dir='ltr'><strong>tl,</strong></span> <span class='ocrx_word' id='word_1_624' title='bbox 2798 4528 2961 4590; x_wconf 85' lang='lat' dir='ltr'><strong>omni</strong></span> <span class='ocrx_word' id='word_1_625' title='bbox 2993 4527 3051 4587; x_wconf 92' lang='lat' dir='ltr'><strong>in</strong></span> <span class='ocrx_word' id='word_1_626' title='bbox 3078 4525 3316 4600; x_wconf 78' lang='lat' dir='ltr'><strong>l000,0il</strong></span> <span class='ocrx_word' id='word_1_627' title='bbox 3343 4544 3472 4587; x_wconf 88' lang='lat' dir='ltr'><strong>eam</strong></span> <span class='ocrx_word' id='word_1_628' title='bbox 3499 4546 3666 4608; x_wconf 82' lang='lat' dir='ltr'><strong>quam</strong></span> <span class='ocrx_word' id='word_1_629' title='bbox 3704 4530 3811 4592; x_wconf 84' lang='lat' dir='ltr'><strong>ba-</strong></span> 
     </span>
    </p>
   </div>
   <div class='ocr_carea' id='block_1_82' title="bbox 405 4610 3806 4698">
    <p class='ocr_par' dir='ltr' id='par_1_82' title="bbox 405 4610 3806 4698">
     <span class='ocr_line' id='line_1_82' title="bbox 405 4610 3806 4698; baseline 0.001 -23"><span class='ocrx_word' id='word_1_630' title='bbox 405 4613 656 4696; x_wconf 90' lang='lat' dir='ltr'><strong>proinde</strong></span> <span class='ocrx_word' id='word_1_631' title='bbox 688 4616 1017 4678; x_wconf 89' lang='lat' dir='ltr'><strong>animarum</strong></span> <span class='ocrx_word' id='word_1_632' title='bbox 1043 4626 1382 4680; x_wconf 86' lang='lat' dir='ltr'><strong>sanctarum</strong></span> <span class='ocrx_word' id='word_1_633' title='bbox 1403 4618 1579 4679; x_wconf 90' lang='lat' dir='ltr'><strong>veluti</strong></span> <span class='ocrx_word' id='word_1_634' title='bbox 1611 4617 1896 4678; x_wconf 87' lang='lat' dir='ltr'><strong>stationes</strong></span> <span class='ocrx_word' id='word_1_635' title='bbox 1930 4618 2054 4678; x_wconf 85' lang='lat' dir='ltr'><strong>dis-</strong></span> <span class='ocrx_word' id='word_1_636' title='bbox 2083 4610 2122 4658; x_wconf 81' lang='lat' dir='ltr'><strong>D</strong></span> <span class='ocrx_word' id='word_1_637' title='bbox 2146 4614 2393 4695; x_wconf 87' lang='lat' dir='ltr'><strong>beterga</strong></span> <span class='ocrx_word' id='word_1_638' title='bbox 2414 4610 3465 4684; x_wconf 75' lang='lat' dir='ltr'><strong>DeumdileCtionem,multitudinem</strong></span> <span class='ocrx_word' id='word_1_639' title='bbox 3485 4625 3806 4698; x_wconf 80' lang='lat' dir='ltr'><strong>martyrum</strong></span> 
     </span>
    </p>
   </div>
   <div class='ocr_carea' id='block_1_83' title="bbox 402 4704 2054 4788">
    <p class='ocr_par' dir='ltr' id='par_1_83' title="bbox 402 4704 2054 4788">
     <span class='ocr_line' id='line_1_83' title="bbox 402 4704 2054 4788; baseline 0.001 -22"><span class='ocrx_word' id='word_1_640' title='bbox 402 4705 614 4785; x_wconf 88' lang='lat' dir='ltr'><strong>tinguit</strong></span> <span class='ocrx_word' id='word_1_641' title='bbox 646 4704 904 4769; x_wconf 66' lang='lat' dir='ltr'><strong>Irenaeus</strong></span> <span class='ocrx_word' id='word_1_642' title='bbox 940 4725 952 4770; x_wconf 95' lang='lat'><strong>:</strong></span> <span class='ocrx_word' id='word_1_643' title='bbox 990 4708 1242 4788; x_wconf 88' lang='lat' dir='ltr'><strong>primam</strong></span> <span class='ocrx_word' id='word_1_644' title='bbox 1289 4710 1344 4768; x_wconf 95' lang='lat' dir='ltr'><strong>in</strong></span> <span class='ocrx_word' id='word_1_645' title='bbox 1380 4709 1509 4769; x_wconf 93' lang='lat' dir='ltr'><strong>loco</strong></span> <span class='ocrx_word' id='word_1_646' title='bbox 1559 4708 1813 4787; x_wconf 89' lang='lat' dir='ltr'><strong>quodam</strong></span> <span class='ocrx_word' id='word_1_647' title='bbox 1849 4708 2054 4768; x_wconf 85' lang='lat' dir='ltr'><strong>invisi-</strong></span> 
     </span>
    </p>
   </div>
   <div class='ocr_carea' id='block_1_84' title="bbox 404 4795 2056 4878">
    <p class='ocr_par' dir='ltr' id='par_1_84' title="bbox 404 4795 2056 4878">
     <span class='ocr_line' id='line_1_84' title="bbox 404 4795 2056 4878; baseline 0.003 -23"><span class='ocrx_word' id='word_1_648' title='bbox 404 4795 603 4870; x_wconf 91' lang='lat' dir='ltr'><strong>bili,in</strong></span> <span class='ocrx_word' id='word_1_649' title='bbox 638 4817 757 4878; x_wconf 88' lang='lat' dir='ltr'><strong>quo</strong></span> <span class='ocrx_word' id='word_1_650' title='bbox 789 4797 1046 4859; x_wconf 84' lang='lat' dir='ltr'><strong>detineri</strong></span> <span class='ocrx_word' id='word_1_651' title='bbox 1075 4817 1174 4857; x_wconf 86' lang='lat' dir='ltr'><strong>eas</strong></span> <span class='ocrx_word' id='word_1_652' title='bbox 1207 4795 1520 4859; x_wconf 88' lang='lat' dir='ltr'><strong>contendit</strong></span> <span class='ocrx_word' id='word_1_653' title='bbox 1553 4797 1623 4858; x_wconf 86' lang='lat' dir='ltr'><strong>ad</strong></span> <span class='ocrx_word' id='word_1_654' title='bbox 1659 4797 2056 4860; x_wconf 65' lang='lat' dir='ltr'><strong>resurrectio»</strong></span> 
     </span>
    </p>
   </div>
   <div class='ocr_carea' id='block_1_85' title="bbox 401 4885 2053 4966">
    <p class='ocr_par' dir='ltr' id='par_1_85' title="bbox 401 4885 2053 4966">
     <span class='ocr_line' id='line_1_85' title="bbox 401 4885 2053 4966; baseline 0.002 -20"><span class='ocrx_word' id='word_1_655' title='bbox 401 4886 493 4946; x_wconf 91' lang='lat' dir='ltr'><strong>nis</strong></span> <span class='ocrx_word' id='word_1_656' title='bbox 515 4905 705 4966; x_wconf 90' lang='lat' dir='ltr'><strong>usque</strong></span> <span class='ocrx_word' id='word_1_657' title='bbox 728 4893 998 4966; x_wconf 86' lang='lat' dir='ltr'><strong>tempus;</strong></span> <span class='ocrx_word' id='word_1_658' title='bbox 1034 4887 1281 4948; x_wconf 89' lang='lat' dir='ltr'><strong>alteram</strong></span> <span class='ocrx_word' id='word_1_659' title='bbox 1316 4887 1376 4948; x_wconf 90' lang='lat' dir='ltr'><strong>itt</strong></span> <span class='ocrx_word' id='word_1_660' title='bbox 1420 4894 1659 4947; x_wconf 84' lang='lat' dir='ltr'><strong>terrena</strong></span> <span class='ocrx_word' id='word_1_661' title='bbox 1688 4885 2053 4950; x_wconf 86' lang='lat' dir='ltr'><strong>Hierusalem</strong></span> 
     </span>
    </p>
   </div>
   <div class='ocr_carea' id='block_1_86' title="bbox 402 4975 2045 5061">
    <p class='ocr_par' dir='ltr' id='par_1_86' title="bbox 402 4975 2045 5061">
     <span class='ocr_line' id='line_1_86' title="bbox 402 4975 2045 5061; baseline 0.004 -27"><span class='ocrx_word' id='word_1_662' title='bbox 402 4975 726 5035; x_wconf 85' lang='lat' dir='ltr'><strong>instaurata</strong></span> <span class='ocrx_word' id='word_1_663' title='bbox 762 4983 820 5035; x_wconf 93' lang='lat' dir='ltr'><strong>et</strong></span> <span class='ocrx_word' id='word_1_664' title='bbox 849 4984 1154 5055; x_wconf 88' lang='lat' dir='ltr'><strong>renovata,</strong></span> <span class='ocrx_word' id='word_1_665' title='bbox 1208 4978 1298 5037; x_wconf 91' lang='lat' dir='ltr'><strong>vel</strong></span> <span class='ocrx_word' id='word_1_666' title='bbox 1339 4977 1395 5037; x_wconf 93' lang='lat' dir='ltr'><strong>in</strong></span> <span class='ocrx_word' id='word_1_667' title='bbox 1433 4977 1708 5056; x_wconf 88' lang='lat' dir='ltr'><strong>paradiso</strong></span> <span class='ocrx_word' id='word_1_668' title='bbox 1740 4980 2045 5061; x_wconf 77' lang='lat' dir='ltr'><strong>terrestri;</strong></span> 
     </span>
    </p>
   </div>
   <div class='ocr_carea' id='block_1_87' title="bbox 399 5063 2056 5148">
    <p class='ocr_par' dir='ltr' id='par_1_87' title="bbox 399 5063 2056 5148">
     <span class='ocr_line' id='line_1_87' title="bbox 399 5063 2056 5148; baseline 0.004 -24"><span class='ocrx_word' id='word_1_669' title='bbox 399 5063 459 5124; x_wconf 91' lang='lat' dir='ltr'><strong>in</strong></span> <span class='ocrx_word' id='word_1_670' title='bbox 495 5063 712 5144; x_wconf 90' lang='lat' dir='ltr'><strong>quibus</strong></span> <span class='ocrx_word' id='word_1_671' title='bbox 737 5063 844 5124; x_wconf 93' lang='lat' dir='ltr'><strong>sub</strong></span> <span class='ocrx_word' id='word_1_672' title='bbox 873 5064 1125 5144; x_wconf 89' lang='lat' dir='ltr'><strong>imperio</strong></span> <span class='ocrx_word' id='word_1_673' title='bbox 1159 5074 1217 5126; x_wconf 93' lang='lat' dir='ltr'><strong>et</strong></span> <span class='ocrx_word' id='word_1_674' title='bbox 1248 5065 1680 5145; x_wconf 79' lang='lat' dir='ltr'><strong>gubernatione</strong></span> <span class='ocrx_word' id='word_1_675' title='bbox 1717 5067 1959 5148; x_wconf 90' lang='lat' dir='ltr'><strong>Christi,</strong></span> <span class='ocrx_word' id='word_1_676' title='bbox 1995 5070 2056 5132; x_wconf 90' lang='lat' dir='ltr'><strong>in</strong></span> 
     </span>
    </p>
   </div>
   <div class='ocr_carea' id='block_1_88' title="bbox 398 5152 2058 5233">
    <p class='ocr_par' dir='ltr' id='par_1_88' title="bbox 398 5152 2058 5233">
     <span class='ocr_line' id='line_1_88' title="bbox 398 5152 2058 5233; baseline 0.004 -19"><span class='ocrx_word' id='word_1_677' title='bbox 398 5171 635 5214; x_wconf 88' lang='lat' dir='ltr'><strong>summa</strong></span> <span class='ocrx_word' id='word_1_678' title='bbox 664 5152 888 5233; x_wconf 85' lang='lat' dir='ltr'><strong>quiete,</strong></span> <span class='ocrx_word' id='word_1_679' title='bbox 947 5173 1015 5215; x_wconf 88' lang='lat' dir='ltr'><strong>ac</strong></span> <span class='ocrx_word' id='word_1_680' title='bbox 1068 5156 1462 5217; x_wconf 87' lang='lat' dir='ltr'><strong>secundarum</strong></span> <span class='ocrx_word' id='word_1_681' title='bbox 1499 5174 1700 5217; x_wconf 88' lang='lat' dir='ltr'><strong>rerum</strong></span> <span class='ocrx_word' id='word_1_682' title='bbox 1752 5159 2058 5221; x_wconf 75' lang='lat' dir='ltr'><strong>afﬂuentia</strong></span> 
     </span>
    </p>
   </div>
   <div class='ocr_carea' id='block_1_89' title="bbox 399 5243 2060 5332">
    <p class='ocr_par' dir='ltr' id='par_1_89' title="bbox 399 5243 2060 5332">
     <span class='ocr_line' id='line_1_89' title="bbox 399 5243 2060 5332; baseline 0.005 -28"><span class='ocrx_word' id='word_1_683' title='bbox 399 5243 686 5321; x_wconf 86' lang='lat' dir='ltr'><strong>degentes</strong></span> <span class='ocrx_word' id='word_1_684' title='bbox 725 5269 746 5298; x_wconf 76' lang='grc' dir='ltr'><em>α</em></span> <span class='ocrx_word' id='word_1_685' title='bbox 781 5253 1242 5326; x_wconf 87' lang='lat' dir='ltr'><strong>crescentesque</strong></span> <span class='ocrx_word' id='word_1_686' title='bbox 1304 5265 1370 5308; x_wconf 81' lang='lat' dir='ltr'><strong>ex</strong></span> <span class='ocrx_word' id='word_1_687' title='bbox 1405 5246 1636 5308; x_wconf 86' lang='lat' dir='ltr'><strong>visione</strong></span> <span class='ocrx_word' id='word_1_688' title='bbox 1662 5247 1918 5331; x_wconf 89' lang='lat' dir='ltr'><strong>Domini,</strong></span> <span class='ocrx_word' id='word_1_689' title='bbox 1955 5271 2060 5332; x_wconf 92' lang='lat' dir='ltr'><strong>per</strong></span> 
     </span>
    </p>
   </div>
   <div class='ocr_carea' id='block_1_90' title="bbox 400 5334 2050 5416">
    <p class='ocr_par' dir='ltr' id='par_1_90' title="bbox 400 5334 2050 5416">
     <span class='ocr_line' id='line_1_90' title="bbox 400 5334 2050 5416; baseline 0.001 -22"><span class='ocrx_word' id='word_1_690' title='bbox 400 5334 593 5412; x_wconf 92' lang='lat' dir='ltr'><strong>ipsum</strong></span> <span class='ocrx_word' id='word_1_691' title='bbox 649 5342 998 5398; x_wconf 90' lang='lat' dir='ltr'><strong>assuescent</strong></span> <span class='ocrx_word' id='word_1_692' title='bbox 1048 5353 1266 5416; x_wconf 90' lang='lat' dir='ltr'><strong>capere</strong></span> <span class='ocrx_word' id='word_1_693' title='bbox 1309 5336 1557 5414; x_wconf 87' lang='lat' dir='ltr'><strong>gloriam</strong></span> <span class='ocrx_word' id='word_1_694' title='bbox 1614 5338 1720 5400; x_wconf 91' lang='lat' dir='ltr'><strong>Dei</strong></span> <span class='ocrx_word' id='word_1_695' title='bbox 1753 5341 1986 5415; x_wconf 87' lang='lat' dir='ltr'><strong>Patris;</strong></span> <span class='ocrx_word' id='word_1_696' title='bbox 2026 5367 2050 5396; x_wconf 71' lang='grc' dir='ltr'><strong>ι,</strong></span> 
     </span>
    </p>
   </div>
   <div class='ocr_carea' id='block_1_91' title="bbox 403 5423 2058 5511">
    <p class='ocr_par' dir='ltr' id='par_1_91' title="bbox 403 5423 2058 5511">
     <span class='ocr_line' id='line_1_91' title="bbox 403 5423 2058 5511; baseline 0.007 -29"><span class='ocrx_word' id='word_1_697' title='bbox 403 5423 635 5484; x_wconf 88' lang='lat' dir='ltr'><strong>tertiam</strong></span> <span class='ocrx_word' id='word_1_698' title='bbox 670 5425 910 5484; x_wconf 90' lang='lat' dir='ltr'><strong>demum</strong></span> <span class='ocrx_word' id='word_1_699' title='bbox 947 5424 1006 5485; x_wconf 91' lang='lat' dir='ltr'><strong>in</strong></span> <span class='ocrx_word' id='word_1_700' title='bbox 1031 5443 1214 5503; x_wconf 88' lang='lat' dir='ltr'><strong>regno</strong></span> <span class='ocrx_word' id='word_1_701' title='bbox 1241 5427 1555 5509; x_wconf 73' lang='lat' dir='ltr'><strong>cmlorum,</strong></span> <span class='ocrx_word' id='word_1_702' title='bbox 1590 5429 1647 5489; x_wconf 90' lang='lat' dir='ltr'><strong>in</strong></span> <span class='ocrx_word' id='word_1_703' title='bbox 1698 5449 1813 5511; x_wconf 94' lang='lat' dir='ltr'><strong>quo</strong></span> <span class='ocrx_word' id='word_1_704' title='bbox 1871 5432 2058 5511; x_wconf 90' lang='lat' dir='ltr'><strong>ipsius</strong></span> 
     </span>
    </p>
   </div>
   <div class='ocr_carea' id='block_1_92' title="bbox 400 5511 2054 5593">
    <p class='ocr_par' dir='ltr' id='par_1_92' title="bbox 400 5511 2054 5593">
     <span class='ocr_line' id='line_1_92' title="bbox 400 5511 2054 5593; baseline 0.006 -21"><span class='ocrx_word' id='word_1_705' title='bbox 400 5511 594 5572; x_wconf 87' lang='lat' dir='ltr'><strong>Patris</strong></span> <span class='ocrx_word' id='word_1_706' title='bbox 610 5522 934 5593; x_wconf 89' lang='lat' dir='ltr'><strong>conspectu</strong></span> <span class='ocrx_word' id='word_1_707' title='bbox 958 5522 1250 5576; x_wconf 64' lang='lat' dir='ltr'><strong>aeternum</strong></span> <span class='ocrx_word' id='word_1_708' title='bbox 1277 5517 1565 5577; x_wconf 86' lang='lat' dir='ltr'><strong>fruentur.</strong></span> <span class='ocrx_word' id='word_1_709' title='bbox 1584 5519 1663 5579; x_wconf 85' lang='lat' dir='ltr'><strong>Ea</strong></span> <span class='ocrx_word' id='word_1_710' title='bbox 1685 5537 1822 5579; x_wconf 85' lang='lat' dir='ltr'><strong>vero</strong></span> <span class='ocrx_word' id='word_1_711' title='bbox 1855 5521 2054 5582; x_wconf 90' lang='lat' dir='ltr'><strong>omnia</strong></span> 
     </span>
    </p>
   </div>
   <div class='ocr_carea' id='block_1_93' title="bbox 395 5597 2052 5686">
    <p class='ocr_par' dir='ltr' id='par_1_93' title="bbox 395 5597 2052 5686">
     <span class='ocr_line' id='line_1_93' title="bbox 395 5597 2052 5686; baseline 0.007 -26"><span class='ocrx_word' id='word_1_712' title='bbox 395 5597 660 5662; x_wconf 72' lang='lat' dir='ltr'><strong>Irenteus</strong></span> <span class='ocrx_word' id='word_1_713' title='bbox 687 5603 985 5680; x_wconf 88' lang='lat' dir='ltr'><strong>congestis</strong></span> <span class='ocrx_word' id='word_1_714' title='bbox 1019 5602 1284 5685; x_wconf 87' lang='lat' dir='ltr'><strong>undique</strong></span> <span class='ocrx_word' id='word_1_715' title='bbox 1317 5607 1641 5686; x_wconf 65' lang='lat' dir='ltr'><strong>Scriptura;</strong></span> <span class='ocrx_word' id='word_1_716' title='bbox 1670 5627 1856 5671; x_wconf 64' lang='lat' dir='ltr'><strong>sacra;</strong></span> <span class='ocrx_word' id='word_1_717' title='bbox 1885 5611 2052 5672; x_wconf 87' lang='lat' dir='ltr'><strong>testi-</strong></span> 
     </span>
    </p>
   </div>
   <div class='ocr_carea' id='block_1_94' title="bbox 397 5689 1646 5774">
    <p class='ocr_par' dir='ltr' id='par_1_94' title="bbox 397 5689 1646 5774">
     <span class='ocr_line' id='line_1_94' title="bbox 397 5689 1646 5774; baseline 0.007 -27"><span class='ocrx_word' id='word_1_718' title='bbox 397 5689 638 5762; x_wconf 91' lang='lat' dir='ltr'><strong>moniis,</strong></span> <span class='ocrx_word' id='word_1_719' title='bbox 678 5709 786 5771; x_wconf 88' lang='lat' dir='ltr'><strong>pro</strong></span> <span class='ocrx_word' id='word_1_720' title='bbox 819 5691 974 5753; x_wconf 88' lang='lat' dir='ltr'><strong>virili</strong></span> <span class='ocrx_word' id='word_1_721' title='bbox 1006 5711 1112 5754; x_wconf 90' lang='lat' dir='ltr'><strong>sua</strong></span> <span class='ocrx_word' id='word_1_722' title='bbox 1135 5696 1388 5774; x_wconf 87' lang='lat' dir='ltr'><strong>probare</strong></span> <span class='ocrx_word' id='word_1_723' title='bbox 1421 5696 1646 5758; x_wconf 87' lang='lat' dir='ltr'><strong>nititur.</strong></span> 
     </span>
    </p>
   </div>
   <div class='ocr_carea' id='block_1_95' title="bbox 473 5777 2045 5863">
    <p class='ocr_par' dir='ltr' id='par_1_95' title="bbox 473 5777 2045 5863">
     <span class='ocr_line' id='line_1_95' title="bbox 473 5777 2045 5863; baseline 0.006 -21"><span class='ocrx_word' id='word_1_724' title='bbox 473 5777 706 5863; x_wconf 80' lang='lat' dir='ltr'><strong>[CLXII]</strong></span> <span class='ocrx_word' id='word_1_725' title='bbox 749 5779 1151 5855; x_wconf 71' lang='lat' dir='ltr'><strong>122.Quatuor</strong></span> <span class='ocrx_word' id='word_1_726' title='bbox 1183 5792 1378 5848; x_wconf 91' lang='lat' dir='ltr'><strong>tamen</strong></span> <span class='ocrx_word' id='word_1_727' title='bbox 1400 5786 1496 5848; x_wconf 91' lang='lat' dir='ltr'><strong>hic</strong></span> <span class='ocrx_word' id='word_1_728' title='bbox 1517 5785 1823 5851; x_wconf 80' lang='lat' dir='ltr'><strong>observari</strong></span> <span class='ocrx_word' id='word_1_729' title='bbox 1851 5789 2045 5852; x_wconf 85' lang='lat' dir='ltr'><strong>velim.</strong></span> 
     </span>
    </p>
   </div>
   <div class='ocr_carea' id='block_1_96' title="bbox 2145 4705 3806 4790">
    <p class='ocr_par' dir='ltr' id='par_1_96' title="bbox 2145 4705 3806 4790">
     <span class='ocr_line' id='line_1_96' title="bbox 2145 4705 3806 4790; baseline 0.002 -25"><span class='ocrx_word' id='word_1_730' title='bbox 2145 4706 2200 4766; x_wconf 91' lang='lat' dir='ltr'><strong>in</strong></span> <span class='ocrx_word' id='word_1_731' title='bbox 2224 4707 2385 4767; x_wconf 90' lang='lat' dir='ltr'><strong>omni</strong></span> <span class='ocrx_word' id='word_1_732' title='bbox 2418 4716 2691 4790; x_wconf 87' lang='lat' dir='ltr'><strong>tempore</strong></span> <span class='ocrx_word' id='word_1_733' title='bbox 2723 4709 3028 4790; x_wconf 72' lang='lat' dir='ltr'><strong>prtemittit</strong></span> <span class='ocrx_word' id='word_1_734' title='bbox 3059 4709 3133 4769; x_wconf 90' lang='lat' dir='ltr'><strong>ad</strong></span> <span class='ocrx_word' id='word_1_735' title='bbox 3160 4705 3456 4768; x_wconf 62' lang='lat' dir='ltr'><strong>Patrem.»</strong></span> <span class='ocrx_word' id='word_1_736' title='bbox 3497 4705 3559 4768; x_wconf 93' lang='lat' dir='ltr'><strong>Si</strong></span> <span class='ocrx_word' id='word_1_737' title='bbox 3589 4717 3806 4788; x_wconf 76' lang='lat' dir='ltr'><strong>marty-</strong></span> 
     </span>
    </p>
   </div>
   <div class='ocr_carea' id='block_1_97' title="bbox 2142 4795 3814 4878">
    <p class='ocr_par' dir='ltr' id='par_1_97' title="bbox 2142 4795 3814 4878">
     <span class='ocr_line' id='line_1_97' title="bbox 2142 4795 3814 4878; baseline 0.002 -22"><span class='ocrx_word' id='word_1_738' title='bbox 2142 4814 2238 4856; x_wconf 89' lang='lat' dir='ltr'><strong>res</strong></span> <span class='ocrx_word' id='word_1_739' title='bbox 2274 4799 2716 4876; x_wconf 73' lang='lat' dir='ltr'><strong>przBmittuntur</strong></span> <span class='ocrx_word' id='word_1_740' title='bbox 2770 4798 2842 4860; x_wconf 88' lang='lat' dir='ltr'><strong>ad</strong></span> <span class='ocrx_word' id='word_1_741' title='bbox 2894 4797 3154 4867; x_wconf 85' lang='lat' dir='ltr'><strong>Patrem.</strong></span> <span class='ocrx_word' id='word_1_742' title='bbox 3190 4795 3428 4859; x_wconf 75' lang='lat' dir='ltr'><strong>caeteris</strong></span> <span class='ocrx_word' id='word_1_743' title='bbox 3460 4815 3601 4876; x_wconf 82' lang='lat' dir='ltr'><strong>ergo</strong></span> <span class='ocrx_word' id='word_1_744' title='bbox 3626 4799 3814 4878; x_wconf 88' lang='lat' dir='ltr'><strong>justis</strong></span> 
     </span>
    </p>
   </div>
   <div class='ocr_carea' id='block_1_98' title="bbox 2143 4886 3809 4970">
    <p class='ocr_par' dir='ltr' id='par_1_98' title="bbox 2143 4886 3809 4970">
     <span class='ocr_line' id='line_1_98' title="bbox 2143 4886 3809 4970; baseline 0.002 -24"><span class='ocrx_word' id='word_1_745' title='bbox 2143 4895 2432 4966; x_wconf 79' lang='lat' dir='ltr'><strong>praeeunt,</strong></span> <span class='ocrx_word' id='word_1_746' title='bbox 2471 4889 2570 4966; x_wconf 89' lang='lat' dir='ltr'><strong>qui</strong></span> <span class='ocrx_word' id='word_1_747' title='bbox 2601 4888 2764 4970; x_wconf 91' lang='lat' dir='ltr'><strong>prius</strong></span> <span class='ocrx_word' id='word_1_748' title='bbox 2797 4887 2940 4948; x_wconf 92' lang='lat' dir='ltr'><strong>illuc</strong></span> <span class='ocrx_word' id='word_1_749' title='bbox 2962 4906 3079 4948; x_wconf 92' lang='lat' dir='ltr'><strong>non</strong></span> <span class='ocrx_word' id='word_1_750' title='bbox 3115 4886 3496 4967; x_wconf 88' lang='lat' dir='ltr'><strong>pervenittnt,</strong></span> <span class='ocrx_word' id='word_1_751' title='bbox 3533 4907 3709 4968; x_wconf 87' lang='lat' dir='ltr'><strong>quam</strong></span> <span class='ocrx_word' id='word_1_752' title='bbox 3749 4889 3809 4950; x_wconf 91' lang='lat' dir='ltr'><strong>in</strong></span> 
     </span>
    </p>
   </div>
   <div class='ocr_carea' id='block_1_99' title="bbox 2141 4975 3810 5058">
    <p class='ocr_par' dir='ltr' id='par_1_99' title="bbox 2141 4975 3810 5058">
     <span class='ocr_line' id='line_1_99' title="bbox 2141 4975 3810 5058; baseline -0.002 -22"><span class='ocrx_word' id='word_1_753' title='bbox 2141 4978 2598 5040; x_wconf 79' lang='lat' dir='ltr'><strong>terrenoChristi</strong></span> <span class='ocrx_word' id='word_1_754' title='bbox 2618 4997 2915 5055; x_wconf 76' lang='lat' dir='ltr'><strong>regnmex</strong></span> <span class='ocrx_word' id='word_1_755' title='bbox 2930 4975 3157 5038; x_wconf 90' lang='lat' dir='ltr'><strong>visione</strong></span> <span class='ocrx_word' id='word_1_756' title='bbox 3182 4975 3442 5052; x_wconf 90' lang='lat' dir='ltr'><strong>Domini,</strong></span> <span class='ocrx_word' id='word_1_757' title='bbox 3453 4981 3769 5058; x_wconf 88' lang='lat' dir='ltr'><strong>peripsum</strong></span> <span class='ocrx_word' id='word_1_758' title='bbox 3785 5005 3810 5033; x_wconf 69' lang='grc' dir='ltr'><strong>υ</strong></span> 
     </span>
    </p>
   </div>
   <div class='ocr_carea' id='block_1_100' title="bbox 2142 5066 3809 5146">
    <p class='ocr_par' dir='ltr' id='par_1_100' title="bbox 2142 5066 3809 5146">
     <span class='ocr_line' id='line_1_100' title="bbox 2142 5066 3809 5146; baseline 0.002 -25"><span class='ocrx_word' id='word_1_759' title='bbox 2142 5066 2424 5146; x_wconf 85' lang='lat' dir='ltr'><strong>paulatim</strong></span> <span class='ocrx_word' id='word_1_760' title='bbox 2466 5093 2488 5123; x_wconf 74' lang='grc' dir='ltr'>ιι</span> <span class='ocrx_word' id='word_1_761' title='bbox 2527 5068 2899 5130; x_wconf 83' lang='lat' dir='ltr'><strong>assueverint</strong></span> <span class='ocrx_word' id='word_1_762' title='bbox 2956 5083 3172 5146; x_wconf 89' lang='lat' dir='ltr'><strong>capere</strong></span> <span class='ocrx_word' id='word_1_763' title='bbox 3221 5066 3470 5146; x_wconf 87' lang='lat' dir='ltr'><strong>gloriam</strong></span> <span class='ocrx_word' id='word_1_764' title='bbox 3521 5067 3740 5132; x_wconf 88' lang='lat' dir='ltr'><strong>Patris.</strong></span> <span class='ocrx_word' id='word_1_765' title='bbox 3781 5095 3809 5125; x_wconf 69' lang='grc' dir='ltr'><strong>υ</strong></span> 
     </span>
    </p>
   </div>
   <div class='ocr_carea' id='block_1_101' title="bbox 2141 5155 3808 5237">
    <p class='ocr_par' dir='ltr' id='par_1_101' title="bbox 2141 5155 3808 5237">
     <span class='ocr_line' id='line_1_101' title="bbox 2141 5155 3808 5237; baseline 0.003 -23"><span class='ocrx_word' id='word_1_766' title='bbox 2141 5159 2204 5214; x_wconf 75' lang='grc' dir='ltr'><strong>4ο</strong></span> <span class='ocrx_word' id='word_1_767' title='bbox 2235 5155 2486 5219; x_wconf 90' lang='lat' dir='ltr'><strong>Demum</strong></span> <span class='ocrx_word' id='word_1_768' title='bbox 2520 5158 2752 5221; x_wconf 66' lang='lat' dir='ltr'><strong>caneris</strong></span> <span class='ocrx_word' id='word_1_769' title='bbox 2769 5156 3048 5218; x_wconf 87' lang='lat' dir='ltr'><strong>omnibus</strong></span> <span class='ocrx_word' id='word_1_770' title='bbox 3067 5158 3301 5236; x_wconf 75' lang='lat' dir='ltr'><strong>gravius</strong></span> <span class='ocrx_word' id='word_1_771' title='bbox 3323 5157 3598 5237; x_wconf 87' lang='lat' dir='ltr'><strong>est,quod</strong></span> <span class='ocrx_word' id='word_1_772' title='bbox 3620 5157 3808 5237; x_wconf 85' lang='lat' dir='ltr'><strong>signi-</strong></span> 
     </span>
    </p>
   </div>
   <div class='ocr_carea' id='block_1_102' title="bbox 2143 5247 3809 5322">
    <p class='ocr_par' dir='ltr' id='par_1_102' title="bbox 2143 5247 3809 5322">
     <span class='ocr_line' id='line_1_102' title="bbox 2143 5247 3809 5322; baseline 0.003 -16"><span class='ocrx_word' id='word_1_773' title='bbox 2143 5247 2322 5308; x_wconf 84' lang='lat' dir='ltr'><strong>ﬁcare</strong></span> <span class='ocrx_word' id='word_1_774' title='bbox 2342 5249 2574 5310; x_wconf 88' lang='lat' dir='ltr'><strong>videtur</strong></span> <span class='ocrx_word' id='word_1_775' title='bbox 2620 5249 2904 5322; x_wconf 66' lang='lat' dir='ltr'><strong>Irenaaus,</strong></span> <span class='ocrx_word' id='word_1_776' title='bbox 2938 5267 3057 5310; x_wconf 91' lang='lat' dir='ltr'><strong>non</strong></span> <span class='ocrx_word' id='word_1_777' title='bbox 3093 5265 3300 5309; x_wconf 92' lang='lat' dir='ltr'><strong>omnes</strong></span> <span class='ocrx_word' id='word_1_778' title='bbox 3332 5247 3539 5310; x_wconf 90' lang='lat' dir='ltr'><strong>beatos</strong></span> <span class='ocrx_word' id='word_1_779' title='bbox 3569 5250 3627 5309; x_wconf 90' lang='lat' dir='ltr'><strong>in</strong></span> <span class='ocrx_word' id='word_1_780' title='bbox 3658 5250 3809 5311; x_wconf 74' lang='lat' dir='ltr'><strong>cmlo</strong></span> 
     </span>
    </p>
   </div>
   <div class='ocr_carea' id='block_1_103' title="bbox 2143 5337 3807 5420">
    <p class='ocr_par' dir='ltr' id='par_1_103' title="bbox 2143 5337 3807 5420">
     <span class='ocr_line' id='line_1_103' title="bbox 2143 5337 3807 5420; baseline 0.002 -23"><span class='ocrx_word' id='word_1_781' title='bbox 2143 5338 2385 5399; x_wconf 86' lang='lat' dir='ltr'><strong>futuros.</strong></span> <span class='ocrx_word' id='word_1_782' title='bbox 2401 5339 2502 5400; x_wconf 88' lang='lat' dir='ltr'><strong>sed</strong></span> <span class='ocrx_word' id='word_1_783' title='bbox 2517 5339 2746 5420; x_wconf 90' lang='lat' dir='ltr'><strong>aliquos</strong></span> <span class='ocrx_word' id='word_1_784' title='bbox 2763 5340 2823 5400; x_wconf 91' lang='lat' dir='ltr'><strong>in</strong></span> <span class='ocrx_word' id='word_1_785' title='bbox 2837 5339 3253 5419; x_wconf 71' lang='lat' dir='ltr'><strong>coelo,aliquos</strong></span> <span class='ocrx_word' id='word_1_786' title='bbox 3271 5337 3329 5398; x_wconf 93' lang='lat' dir='ltr'><strong>in</strong></span> <span class='ocrx_word' id='word_1_787' title='bbox 3347 5338 3807 5418; x_wconf 87' lang='lat' dir='ltr'><strong>paradiso,alios</strong></span> 
     </span>
    </p>
   </div>
   <div class='ocr_carea' id='block_1_104' title="bbox 2140 5427 3800 5505">
    <p class='ocr_par' dir='ltr' id='par_1_104' title="bbox 2140 5427 3800 5505">
     <span class='ocr_line' id='line_1_104' title="bbox 2140 5427 3800 5505; baseline 0.002 -19"><span class='ocrx_word' id='word_1_788' title='bbox 2140 5427 2200 5487; x_wconf 91' lang='lat' dir='ltr'><strong>in</strong></span> <span class='ocrx_word' id='word_1_789' title='bbox 2231 5427 2467 5489; x_wconf 87' lang='lat' dir='ltr'><strong>civitate</strong></span> <span class='ocrx_word' id='word_1_790' title='bbox 2521 5447 2668 5493; x_wconf 89' lang='lat' dir='ltr'><strong>nova</strong></span> <span class='ocrx_word' id='word_1_791' title='bbox 2720 5429 3121 5505; x_wconf 86' lang='lat' dir='ltr'><strong>Hierusalem;</strong></span> <span class='ocrx_word' id='word_1_792' title='bbox 3154 5446 3362 5489; x_wconf 90' lang='lat' dir='ltr'><strong>omnes</strong></span> <span class='ocrx_word' id='word_1_793' title='bbox 3401 5435 3622 5504; x_wconf 89' lang='lat' dir='ltr'><strong>tamen,</strong></span> <span class='ocrx_word' id='word_1_794' title='bbox 3659 5429 3800 5490; x_wconf 87' lang='lat' dir='ltr'><strong>ubi-</strong></span> 
     </span>
    </p>
   </div>
   <div class='ocr_carea' id='block_1_105' title="bbox 2140 5518 3809 5601">
    <p class='ocr_par' dir='ltr' id='par_1_105' title="bbox 2140 5518 3809 5601">
     <span class='ocr_line' id='line_1_105' title="bbox 2140 5518 3809 5601; baseline 0.001 -23"><span class='ocrx_word' id='word_1_795' title='bbox 2140 5535 2378 5598; x_wconf 89' lang='lat' dir='ltr'><strong>cunque</strong></span> <span class='ocrx_word' id='word_1_796' title='bbox 2396 5518 2643 5594; x_wconf 90' lang='lat' dir='ltr'><strong>fuerint,</strong></span> <span class='ocrx_word' id='word_1_797' title='bbox 2675 5519 2780 5582; x_wconf 92' lang='lat' dir='ltr'><strong>Dei</strong></span> <span class='ocrx_word' id='word_1_798' title='bbox 2804 5526 3132 5601; x_wconf 89' lang='lat' dir='ltr'><strong>conspectu</strong></span> <span class='ocrx_word' id='word_1_799' title='bbox 3164 5518 3474 5580; x_wconf 81' lang='lat' dir='ltr'><strong>fruituros.</strong></span> <span class='ocrx_word' id='word_1_800' title='bbox 3506 5543 3531 5575; x_wconf 76' lang='grc' dir='ltr'><strong>α</strong></span> <span class='ocrx_word' id='word_1_801' title='bbox 3559 5522 3809 5582; x_wconf 75' lang='lat' dir='ltr'><strong>Praeter-</strong></span> 
     </span>
    </p>
   </div>
   <div class='ocr_carea' id='block_1_106' title="bbox 2140 5608 3812 5691">
    <p class='ocr_par' dir='ltr' id='par_1_106' title="bbox 2140 5608 3812 5691">
     <span class='ocr_line' id='line_1_106' title="bbox 2140 5608 3812 5691; baseline 0.003 -24"><span class='ocrx_word' id='word_1_802' title='bbox 2140 5615 2342 5688; x_wconf 90' lang='lat' dir='ltr'><strong>eunte,</strong></span> <span class='ocrx_word' id='word_1_803' title='bbox 2399 5608 2503 5688; x_wconf 89' lang='lat' dir='ltr'><strong>ait,</strong></span> <span class='ocrx_word' id='word_1_804' title='bbox 2563 5610 2751 5690; x_wconf 84' lang='lat' dir='ltr'><strong>ﬁgura</strong></span> <span class='ocrx_word' id='word_1_805' title='bbox 2799 5610 2932 5684; x_wconf 90' lang='lat' dir='ltr'><strong>hac,</strong></span> <span class='ocrx_word' id='word_1_806' title='bbox 2987 5617 3046 5670; x_wconf 92' lang='lat' dir='ltr'><strong>et</strong></span> <span class='ocrx_word' id='word_1_807' title='bbox 3092 5617 3373 5669; x_wconf 86' lang='lat' dir='ltr'><strong>renovato</strong></span> <span class='ocrx_word' id='word_1_808' title='bbox 3424 5608 3693 5691; x_wconf 89' lang='lat' dir='ltr'><strong>homine,</strong></span> <span class='ocrx_word' id='word_1_809' title='bbox 3749 5618 3812 5672; x_wconf 88' lang='lat' dir='ltr'><strong>et</strong></span> 
     </span>
    </p>
   </div>
   <div class='ocr_carea' id='block_1_107' title="bbox 2139 5696 3811 5783">
    <p class='ocr_par' dir='ltr' id='par_1_107' title="bbox 2139 5696 3811 5783">
     <span class='ocr_line' id='line_1_107' title="bbox 2139 5696 3811 5783; baseline 0.004 -28"><span class='ocrx_word' id='word_1_810' title='bbox 2139 5696 2371 5776; x_wconf 86' lang='lat' dir='ltr'><strong>vigente</strong></span> <span class='ocrx_word' id='word_1_811' title='bbox 2391 5698 2465 5760; x_wconf 91' lang='lat' dir='ltr'><strong>ad</strong></span> <span class='ocrx_word' id='word_1_812' title='bbox 2487 5699 2980 5783; x_wconf 82' lang='lat' dir='ltr'><strong>incorruptelam,</strong></span> <span class='ocrx_word' id='word_1_813' title='bbox 3014 5708 3077 5760; x_wconf 95' lang='lat' dir='ltr'><strong>ut</strong></span> <span class='ocrx_word' id='word_1_814' title='bbox 3109 5717 3228 5760; x_wconf 91' lang='lat' dir='ltr'><strong>non</strong></span> <span class='ocrx_word' id='word_1_815' title='bbox 3264 5699 3450 5780; x_wconf 91' lang='lat' dir='ltr'><strong>possit</strong></span> <span class='ocrx_word' id='word_1_816' title='bbox 3471 5699 3598 5779; x_wconf 83' lang='lat' dir='ltr'><strong>jam</strong></span> <span class='ocrx_word' id='word_1_817' title='bbox 3636 5707 3811 5762; x_wconf 89' lang='lat' dir='ltr'><strong>vete-</strong></span> 
     </span>
    </p>
   </div>
   <div class='ocr_carea' id='block_1_108' title="bbox 2136 5789 3808 5872">
    <p class='ocr_par' dir='ltr' id='par_1_108' title="bbox 2136 5789 3808 5872">
     <span class='ocr_line' id='line_1_108' title="bbox 2136 5789 3808 5872; baseline 0 -20"><span class='ocrx_word' id='word_1_818' title='bbox 2136 5805 2403 5864; x_wconf 74' lang='lat' dir='ltr'><strong>rascere,</strong></span> <span class='ocrx_word' id='word_1_819' title='bbox 2431 5789 2543 5853; x_wconf 93' lang='lat' dir='ltr'><strong>erit</strong></span> <span class='ocrx_word' id='word_1_820' title='bbox 2566 5789 2780 5860; x_wconf 63' lang='lat' dir='ltr'><strong>coelum</strong></span> <span class='ocrx_word' id='word_1_821' title='bbox 2814 5809 3054 5866; x_wconf 89' lang='lat' dir='ltr'><strong>novum,</strong></span> <span class='ocrx_word' id='word_1_822' title='bbox 3087 5797 3147 5851; x_wconf 91' lang='lat' dir='ltr'><strong>et</strong></span> <span class='ocrx_word' id='word_1_823' title='bbox 3173 5796 3332 5851; x_wconf 90' lang='lat' dir='ltr'><strong>terra</strong></span> <span class='ocrx_word' id='word_1_824' title='bbox 3362 5807 3539 5866; x_wconf 87' lang='lat' dir='ltr'><strong>nova,</strong></span> <span class='ocrx_word' id='word_1_825' title='bbox 3574 5789 3633 5852; x_wconf 90' lang='lat' dir='ltr'><strong>in</strong></span> <span class='ocrx_word' id='word_1_826' title='bbox 3665 5789 3808 5872; x_wconf 88' lang='lat' dir='ltr'><strong>qui-</strong></span> 
     </span>
    </p>
   </div>
  </div>
