4132 6410
374 425 493 493 397

1104 428 1200 491 DE
1246 426 1709 493 AUTHENTIA
1751 421 2147 493 LIBRORUM‘
2191 420 2479 489 IREN/EI
2523 427 2700 491 ADV.
2742 426 3033 492 HIERES.

3655 428 3776 496 38

377 557 669 631 litterarii,
708 564 1020 637 postquam
1048 575 1113 618 se
1134 555 1355 636 legisse
1394 555 1680 619 Irenaeum
1711 567 1769 620 et
1799 579 1868 623 ex
1902 564 2033 644 ejus
2054 569 2094 618 Α
2116 548 2449 621 versionem
2482 559 2778 641 Syriacam
2809 562 3094 642 integram
3126 563 3562 644 exstitissem“:
3585 565 3759 630 Paria

378 646 545 708 libris
572 665 675 708 sua
708 646 998 707 didicisse
1028 645 1366 707 luculenter
1402 646 1838 726 significarunt.
1867 654 2029 715 Pra-

378 744 470 797 ter
495 737 601 799 hos
635 734 889 797 aliorum
942 735 1179 797 Patrum
1234 736 1406 797 eﬂ'ata
1458 737 1676 817 passim
1728 748 2028 815 notantur,

371 843 505 904 qua
528 825 740 887 Irenai
772 824 950 885 dictis
981 824 1287 887 simillima
1315 832 1477 901 sunt;
1501 833 1561 888 at
1595 844 1662 888 ex
1696 827 1794 888 illo
1824 830 2032 893 fraude

368 913 675 991 exscripta
702 932 835 976 esse
867 932 959 993 ea,
994 932 1171 975 nemo
1198 913 1405 975 dicere
1437 933 1616 977 ausus
1638 926 1726 979 est
1757 923 2030 995 (a).Pra-

365 1003 547 1083 cipuo
571 1003 712 1082 jure
744 1003 968 1065 addere
1000 1002 1146 1065 libet
1170 1002 1543 1082 Ephremum
1573 1008 1803 1085 Syrum
1833 1007 1907 1069 de
1934 1026 2029 1069 cu-

354 1092 464 1171 jus
496 1093 629 1153 leco
654 1092 835 1171 digna
866 1092 997 1155 hac
1042 1100 1177 1152 sunt
1210 1100 1413 1154 nostra
1437 1093 2030 1160 observatione.Dili-

359 1180 585 1257 gentia
620 1183 714 1243 Jo.
743 1178 1101 1243 Ern.Grabii
1131 1191 1434 1261 acceptum
1469 1182 1526 1242 id
1568 1182 1836 1253 ferimus.
1869 1185 2028 1266 quod

361 1268 667 1345 insignem
704 1270 930 1331 etsatis
962 1269 1194 1349 longam
1229 1268 1436 1332 lrenai
1465 1271 1543 1348 (b)
1571 1272 2028 1352 particulam,de

363 1358 793 1419 hareticorum
817 1358 1130 1438 Scriptura
1158 1376 1330 1421 sacra
1359 1358 1641 1422 abutendi
1662 1362 1909 1437 artibus,
1955 1362 2029 1424 ab

371 1445 689 1526 Ephramo
718 1454 795 1522 (c)
827 1446 1069 1509 recitari
1104 1465 1220 1509 non
1250 1448 1427 1509 modo
1459 1449 1711 1530 monuit,
1736 1450 1839 1512 sed
1860 1470 2028 1513 eam-

373 1533 515 1595 dem
549 1535 720 1596 etiam
750 1532 1021 1598 Gracam
1051 1553 1121 1597 ex
1147 1536 1356 1598 codice
1387 1536 1711 1599 Bodleiano
1734 1548 2028 1620 sumptam

374 1623 613 1703 primus
646 1642 777 1684 cum
802 1625 1011 1687 Graco
1041 1622 1249 1685 Irenai
1282 1633 1440 1687 textu
1472 1627 1629 1707 apud
1674 1626 2028 1707 Epihanium

372 1712 624 1774 contulit
642 1712 1035 1794 lectionisque
1062 1713 1398 1775 varietatem
1417 1732 1539 1776 sua
1556 1717 1767 1777 Irenai
1782 1716 2029 1778 editioni

2114 646 2413 710 siensibus
2446 649 2754 712 monachis
2787 650 2962 731 (f):ad
2997 652 3155 714 illam
3187 654 3607 715 confutandam
3639 671 3767 715 mo-

2116 737 2416 812 nentibus,
2452 739 2715 818 potuisse
2744 739 3120 820 Ephramum
3169 742 3420 803 aliorum
3479 760 3664 822 opera
3688 743 3765 804 ad

2114 824 2533 905 intelligendos
2564 827 2800 892 Gracos
2829 838 3103 891 auctores
3129 830 3462 894 uti.Nesoio
3478 838 3768 911 praterea

2115 932 2223 975 cur
2249 914 2626 996 Ephramum
2688 916 2899 997 lingua
2946 918 3168 981 Graca
3209 935 3458 997 prorsus
3489 919 3763 999 ignarum

2114 1002 2295 1064 fuisse
2325 1005 2660 1087 credamus,
2695 1024 2870 1086 puem
2931 1015 3159 1068 constat
3214 1010 3579 1088 Gracorum,
3612 1026 3666 1068 ν.
3703 1027 3760 1071 o.

2112 1091 2315 1153 Basilii
2347 1093 2644 1157 amictiam
2676 1095 2951 1156 coluisse.
2986 1094 3379 1157 Nobilissima
3419 1096 3521 1157 illa
3577 1095 3762 1158 Sozo-

2115 1181 2274 1241 meni
2306 1189 2364 1242 et
2391 1182 2752 1244 Theodoreti
2807 1184 3163 1259 testimonia,
3196 1184 3461 1246 caruisse
3494 1201 3632 1246 eum
3663 1187 3764 1251 τῆς

2111 1268 2343 1334 ποιδείας
2406 1263 2726 1341 Ἐλληνικῆς
2785 1290 2896 1333 usu
2934 1321 2949 1350 ,
3010 1290 3119 1333 cur
3172 1273 3244 1333 ad
3333 1273 3507 1352 ligna
3585 1271 3765 1334 etiam

2112 1354 2329 1419 Grata
2385 1357 2777 1436 ignorantiam
2834 1359 3283 1439 signiﬁcandam
3316 1359 3765 1442 contorqneuda

2112 1446 2228 1506 sint
2284 1465 2391 1525 ego
2447 1448 2688 1530 quidem
2751 1467 2870 1510 non
2902 1448 3096 1511 video.
3130 1447 3249 1510 Sed
3283 1449 3408 1512 hac
3438 1452 3511 1513 ὡς
3543 1451 3596 1506 ὲν
3616 1472 3760 1528 πωρς-

2118 1533 2244 1607 ὁδῳ,

2114 1619 2197 1684 Ita
2229 1622 2366 1696 feci,
2396 1623 2553 1704 quod
2579 1623 2780 1686 facere
2808 1624 3034 1705 recepi,
3058 1633 3118 1685 et
3145 1624 3360 1704 collegi
3388 1638 3763 1706 quacunque“

2114 1723 2436 1792 supersunt
2466 1720 2736 1775 veterum
2760 1712 3119 1791 scriptorum
3144 1712 3373 1793 loca,ex
3399 1712 3614 1793 quibus
3635 1721 3765 1775 tuto

369 1801 671 1891 ascripsit.
697 1799 785 1891 ΑΕο
811 1801 972 1891 enim
1007 1812 1277 1882 tempore
1300 1804 1506 1866 Graca
1538 1803 1835 1885 Ephrami
1877 1826 2027 1886 opu-
2050 1841 2091 1891 Β
2113 1800 2511 1891 concluditur,
2546 1818 2682 1862 vere
2716 1801 2929 1891 Irenai
2956 1800 3165 1891 libros,
3201 1819 3348 1881 quos
3378 1800 3650 1891 legerunt
3666 1801 3759 1869 illi

366 1890 523 1951 sculi
555 1889 749 1952 versis
777 1890 1042 1951 nondum
1076 1894 1131 1950 in
1167 1892 1359 1952 lucem
1395 1892 1694 1972 publicam
1728 1903 1852 1956 erat
1884 1915 2025 1976 pro-
2052 1889 2079 1891 ᾗ
2113 1895 2171 1949 et
2200 1889 2669 1967 descripserunt,
2703 1907 2851 1950 cum
2872 1890 2965 1951 his
2994 1889 3207 1970 quibus
3237 1907 3345 1951 nos
3374 1890 3599 1951 uti-mur
3617 1908 3761 1952 eos~

366 1978 551 2039 ducta
576 1977 733 2059 quod
767 1979 1005 2059 quidem
1036 1998 1215 2059 opera
1238 1979 1502 2041 Eduardi
1532 1979 1797 2045 Twaitsii
1831 1984 2025 2045 conti-

365 2068 587 2148 git,qui
613 2086 988 2149 quacunque
1022 2069 1285 2131 nancisci
1314 2071 1524 2150 potuit.
1550 2070 1750 2133 Graca
1774 2072 2025 2153 Ephra-

367 2160 450 2216 ini
476 2157 1851 2242 opusculacollegitetelegantissimedescripta
1865 2161 2026 2226 Oxo-

366 2245 454 2305 nii
474 2247 717 2326 prodire
737 2246 945 2325 jussit;
974 2246 1265 2325 ignoravit
1289 2257 1487 2310 tamen
1521 2253 1871 2326 Massuetus,
1904 2252 2025 2314 imo

362 2338 463 2395 vix
498 2336 690 2415 potuit
722 2336 849 2396 ﬁeri
876 2336 1017 2415 quin
1045 2337 1368 2415 ignoraret,
1397 2337 1653 2419 ideoque
1678 2338 1879 2402 Grabii
1911 2342 2024 2403 ob-

360 2424 743 2485 servationes
772 2425 1016 2505 repetiit
1048 2444 1305 2506 suasqne
1331 2425 2024 2508 adjecit,quibuslibrum

358 2512 658 2591 scriptum
691 2512 1053 2575 Colbertina
1082 2515 1469 2578 bibliotheca
1500 2518 2028 2597 comparavit.Post

361 2598 770 2665 Oxoniensern
798 2602 1123 2665 editionem
1148 2605 1404 2667 accessit
1431 2607 1784 2668 Assemanni
1808 2606 2026 2669 Roma-

369 2689 579 2770 na,qui
611 2690 789 2751 etiam
816 2710 1026 2753 novem
1063 2694 1432 2755 enumeravit
1452 2693 1688 2757 codices
1712 2696 2024 2759 Gracosin

373 2778 551 2839 variis
580 2778 964 2842 bibliothecis
992 2781 1318 2862 dispersos,
1355 2782 1569 2863 quibus
1596 2785 1893 2864 Ephrami
1924 2783 2026 2845 ille

370 2885 573 2928 sermo
602 2869 941 2930 continetur
1001 2869 1107 2950 (ά).
1165 2869 1373 2933 Irenai
1425 2891 1640 2935 nomen
1671 2872 1753 2935 ibi
1785 2891 1903 2934 non
1936 2883 2025 2934 est

365 2975 741 3038 expressum;
777 2958 885 3020 sed
943 2960 1090 3020 satis
1147 2959 1351 3021 habuit
1407 2963 1607 3041 Syrus,
1640 2962 1840 3024 verbis
1896 2963 2023 3042 ejus

359 3046 491 3108 hac
539 3048 906 3127 praemittere
964 3067 978 3108 :

2111 1976 2245 2038 dem
2278 1996 2432 2041 esse.
2467 1977 2593 2039 Nisi
2631 1978 2804 2057 hujus
2833 1979 3073 2055 generis
3102 1987 3450 2054 argumenta
3472 1978 3547 2039 ad
3583 1996 3752 2040 com-

2112 2066 2477 2146 probandam
2511 2074 2777 2128 veterum
2802 2066 3304 2128 monimentorum
3329 2069 3594 2126 αὐθεντίαν
3625 2075 3769 2146 apta

2112 2154 2227 2215 sint
2259 2165 2317 2216 et
2346 2156 2584 2231 idonea,
2620 2156 2733 2217 nisi
2794 2154 2909 2230 his,
2968 2172 3221 2235 quorum
3277 2154 3603 2216 auctoritas
3635 2168 3754 2221 tam

2110 2244 2288 2305 certis
2324 2252 2560 2322 tamque
2591 2243 2883 2324 expeditis
2932 2242 3309 2305 documentis
3358 2243 3585 2318 nititur,
3618 2261 3760 2306 ere-

2110 2330 2385 2393 dendisit
2406 2332 2667 2393 ofﬁcium
2687 2332 2827 2393 boni
2858 2330 2968 2392 viri
2994 2333 3237 2412 verique
3269 2330 3762 2402 studiosi.rereor

2109 2436 2276 2494 sane,
2311 2438 2386 2482 ne
2435 2422 2594 2482 nulla
2646 2422 2721 2482 sit
2773 2420 2993 2482 veteris
3048 2420 3311 2482 historia
3343 2421 3535 2484 omnis
3581 2419 3766 2498 ﬁdes,

2112 2508 2338 2569 nullum
2373 2507 3164 2589 pretium.Fateamurigitur
3180 2525 3429 2569 necesse
3458 2514 3549 2569 est
3577 2507 3765 2571 ﬁdem

2108 2599 2666 2678 auctoritatemque,
2728 2615 2905 2676 quam
2962 2595 3213 2671 Irenaeo,
3245 2596 3367 2657 sive
3399 2596 3603 2660 Graeco
3634 2595 3759 2661 sive

2112 2687 2340 2768 Latino,
2376 2697 2540 2750 recte
2590 2687 2772 2751 tribui
2827 2689 2990 2749 omni
3050 2697 3319 2768 tempore
3367 2687 3759 2750 eruditissimi

2108 2776 2221 2837 viri
2260 2777 2666 2857 crediderunt,
2702 2779 2933 2839 ﬁrmam
2967 2794 3101 2839 esse
3148 2794 3343 2857 neque
3389 2775 3753 2856 ambiguam,

2106 2866 2210 2927 sed
2241 2866 2575 2928 rationibus
2608 2866 2826 2941 fulciri,
2861 2864 3075 2946 quibus
3098 2882 3397 2933 summum
3415 2864 3755 2946 inestpouv

2106 2957 2238 3029 dus,
2263 2972 2489 3033 nosque
2523 2967 2587 3015 ut
2616 2954 2697 3015 ita
2725 2973 2857 3016 esse
2890 2953 3061 3015 nobis
3084 2954 3754 3034 persuadeamuscom-

1041 3051 1178 3129 Πρὸς
1247 3052 1334 3113 οὖς
1391 3052 1568 3117 καλῶς
1624 3055 1713 3109 καὶ
1772 3050 2022 3129 μεγάλως
2106 3043 2385 3105 movendi
2413 3043 2501 3105 vis
2533 3045 2810 3105 maxima.

356 3138 675 3216 ἀπεφήνατό
733 3161 815 3202 τις
874 3140 982 3194 τών
1032 3128 1219 3217 ἁγίων,
1275 3139 1442 3205 οὕτως
1487 3138 1694 3206 διδάξας
1742 3143 1831 3197 καί
1860 3165 2016 3221 φησι,

2184 3130 2580 3194 Nihilominus
2628 3131 2690 3192 in
2740 3132 2856 3194 alia
2900 3135 3101 3193 omnia
3136 3131 3409 3193 discessit
3434 3128 3755 3221 ven.Sem-

359 3223 539 3287 Nulla
578 3226 820 3305 quidem
851 3235 941 3288 est
972 3225 1284 3288 dubitandi
1317 3228 1771 3303 causa,nomine
1802 3229 2018 3291 hocor-

368 3314 497 3376 nari
530 3315 846 3391 lrenaum;
876 3334 1049 3377 nems
1080 3317 1241 3377 enim
1278 3315 1598 3389 dubitabit,
1632 3316 1872 3379 recitari
1903 3320 2023 3381 Ire-

366 3405 477 3465 nai
509 3404 708 3485 verba,
734 3404 915 3467 modo
948 3406 995 3467 si
1032 3406 1336 3487 utriusque
1383 3406 1696 3487 scriptoris
1728 3407 1886 3469 dicta
1917 3426 2014 3469 se-

362 3511 496 3554 cum
546 3493 807 3563 invicem
858 3494 1201 3570 contulerit;
1239 3495 1419 3556 nolim
1453 3503 1651 3557 tamen
1685 3496 1825 3557 huic
1860 3496 2022 3557 testi-

359 3583 563 3644 monio
624 3583 871 3644 nimiam
915 3582 1096 3644 tribui
1139 3585 1580 3646 auctoritatem.
1613 3584 1813 3646 Nostis
1857 3585 2017 3646 enim

354 3671 742 3753 Ephramum
760 3673 1089 3735 nonGraca
1101 3673 1207 3734 sed
1220 3672 1669 3754 Syriacalingua
1680 3691 1814 3736 esse
1828 3692 2015 3747 usum,

357 3771 420 3823 et
441 3779 575 3841 qua
599 3762 805 3823 Grace
828 3760 1109 3822 translata
1128 3762 1396 3840 legimus,
1433 3763 1564 3842 ejus
1596 3763 1894 3842 opusculis
1914 3765 2016 3845 Sy-

357 3849 535 3911 riacis
552 3868 662 3911 nos
685 3849 1190 3911 carere.Arduum
1223 3869 1330 3929 ego
1363 3858 1453 3913 est
1473 3851 1546 3913 de
1564 3851 1786 3916 Gracis
1805 3870 2011 3913 eorum

356 3938 961 4019 interpretationibus
976 3939 1448 4018 judicium,num
1469 3941 1732 4021 perfecte
1761 3959 2013 4003 consen-

354 4026 506 4088 tiant
532 4046 671 4089 cum
699 4026 824 4089 suis
844 4026 1130 4104 fontibus,
1160 4046 1273 4090 nec
1312 4028 1562 4092 Graculi
1610 4029 1859 4091 fortasse
1898 4029 2013 4091 sibi

351 4116 651 4178 nonnulla
701 4116 1048 4179 addimenta
1080 4135 1149 4179 ex
1180 4118 1314 4180 aliis
1360 4117 1749 4198 scriptoribus
1793 4118 2013 4199 adjun-

356 4223 507 4285 gere
557 4205 962 4284 permiserint.
992 4205 1353 4285 Suspicandi
1385 4206 1443 4268 id
1473 4207 1588 4270 hoc
1619 4207 1748 4269 loco
1771 4226 2009 4270 causam

360 4294 512 4355 mihi
541 4294 707 4356 affert
738 4296 921 4356 nimia
952 4293 1295 4359 Gracorum
1325 4294 1536 4357 Irenai
1568 4297 1722 4377 apud
1759 4296 2027 4378 Epipha-'

357 4384 527 4447 nium
555 4391 613 4445 et
639 4383 1023 4465 Ephramum
1052 4384 1491 4457 convenientia;
1526 4384 1641 4447 nisi
1672 4386 1843 4448 malis
1874 4404 2011 4449 cre-

354 4475 530 4549 dere,
560 4473 952 4553 interpretem
1003 4474 1411 4553 coggnovisse,
1469 4475 1741 4556 quisnam
1794 4474 1870 4537 sit
1910 4475 2014 4537 ille

2104 3219 2267 3281 lerus
2299 3221 2386 3301 (g)
2422 3230 2480 3281 et
2500 3220 2800 3299 insignem
2832 3220 3201 3301 diligentiam
3233 3220 3294 3280 in
3317 3237 3389 3280 eo
3419 3218 3765 3302 collocavit,

2104 3317 2166 3368 ut
2198 3307 2381 3370 libros
2410 3309 2546 3372 illos
2574 3311 2856 3371 adversus
2912 3307 3172 3374 hareses
3226 3326 3344 3368 non
3404 3306 3478 3368 ab
3527 3306 3752 3369 Irenaeo

2103 3397 2491 3476 Lugdunensi
2519 3398 2815 3479 profectos
2842 3397 3100 3463 esse.sed
3123 3396 3193 3457 ad
3217 3397 3755 3476 antiquissimum

2102 3487 2342 3561 cietate,
2378 3506 2511 3567 qua
2539 3488 2948 3550 fraudulenter
2975 3486 3163 3548 libros
3191 3484 3502 3565 scripserit
3530 3492 3593 3547 et
3616 3493 3753 3547 stu-

2100 3574 2439 3639 diosissime
2455 3596 2552 3639 eos
2583 3578 2774 3639 variis
2802 3586 2858 3639 et
2891 3577 3150 3639 diversis
3177 3572 3576 3655 scriptoribus
3604 3573 3756 3637 diri-

2098 3666 2474 3745 scrit(h).Ea:
2492 3666 2606 3729 hac
2628 3685 2767 3747 ergo
2788 3665 3437 3745 aﬂicinoimpostorum
3457 3662 3753 3743 prodiisse

2102 3760 2264 3832 putat
2292 3753 2501 3817 Irenai
2533 3755 3133 3834 commentarios,qui
3160 3771 3233 3814 ex
3259 3751 3558 3815 veteribus
3572 3769 3759 3814 novas

2100 3843 2424 3923 compilare
2454 3844 2903 3905 consuevissent
2947 3842 3322 3923 scriptiones.
3360 3842 3443 3903 De
3474 3839 3586 3901 hac
3618 3839 3752 3919 ipsa

2098 3932 2379 3994 societate
2391 3934 2819 4011 antiquissima
2833 3930 2970 3993 nolo
2983 3931 3096 3992 hoc
3108 3930 3240 3991 loco
3256 3928 3747 4008 disputare;iguo-

2097 4037 2230 4080 rare
2253 4020 2415 4080 enim
2452 4039 2546 4081 me
2574 4021 2765 4083 fateor
2796 4028 3255 4099 testes,quorum
3283 4015 3747 4096 eﬁ‘atis,quando

2096 4115 2155 4169 et
2182 4108 2285 4169 ubi
2316 4115 2417 4173 aut
2444 4128 2561 4189 quo
2593 4108 2846 4171 consilio
2876 4106 3121 4169 coiverit
3146 4106 3491 4168 dolosorum
3542 4105 3747 4166 homi-

2095 4219 2173 4261 nu
2184 4219 2238 4261 m
2272 4201 2609 4263 sodalitium
2620 4210 2974 4282 ,constet;ea
2989 4215 3128 4261 vero
3142 4207 3232 4260 est
3254 4196 3437 4260 animi
3458 4197 3577 4263 mei
3594 4215 3744 4260 con-

2094 4290 2326 4364 stantia,
2359 4308 2536 4371 quam
2567 4290 2667 4352 alii
2696 4289 2947 4352 fortasse
2976 4286 3393 4369 pertinaciam,
3421 4294 3522 4347 aut
3551 4286 3745 4349 obsti-

2095 4379 2398 4441 nationem
2431 4398 2644 4443 vocare
2675 4380 2903 4456 malint,
2937 4388 3003 4441 ut
3051 4377 3114 4438 in
3149 4375 3503 4457 explicanda
3539 4392 3744 4457 rerum

2095 4468 2394 4540 gestarum
2419 4462 2710 4523 memoria
2742 4454 2922 4522 nullis
2950 4454 3368 4529 aliorumjicet
3390 4454 3748 4533 ingeniosis-

351 4545 524 4626 απαξ
547 4580 628 4626 ea:
652 4545 906 4639 sanctis,
942 4580 1055 4626 nec
1078 4545 1242 4625 hanc
1286 4545 1634 4644 particulam
1660 4581 1731 4626 ex
1752 4565 2009 4646 Syriacis
2033 4554 2077 4611 υ
2094 4549 2232 4647 ξίῐηί
2260 4549 2911 4647 ἓίηίνθοηὶθοίιξτίδνεθά
2942 4549 3086 4647 δόιίδ
3118 4546 3501 4647 ίθδιξωίῖξξίίει
3525 4545 3757 4647 (illij

352 4651 684 4734 Ephrami,
709 4636 1091 4738 convertisse,
1114 4652 1218 4715 sed
1243 4636 1311 4714 ei
1341 4652 1549 4716 lrenai
1567 4653 1775 4716 codice
1795 4636 2021 4716 'Graro

2119 4646 2250 4738 usta
2279 4640 2436 4738 inest
2462 4644 2806 4721 auctoritas,
2841 4640 3079 4738 credam
3110 4646 3171 4737 et
3202 4636 3276 4698 ab
3304 4636 3437 4735 aliis
3455 4636 3623 4738 credi
3644 4655 3745 4699 cu-

352 4727 1124 4821 descripsiSse.Quare_nec
1153 4742 1451 4805 assentior
1473 4742 1618 4806 Seb.
1641 4746 1796 4809 Nan.
1822 4743 2009 4807 Tille-

2111 4727 2481 4809 piam.Placet
2505 4747 2644 4791 vero
2668 4728 2991 4791 venerandi
3020 4727 3129 4821 viri
3156 4727 3490 4821 ingenuitas
3516 4732 3743 4821 etpro-

357 4830 656 4914 montiil'e)
682 4828 1378 4915 conjectura,Ephrami
1408 4839 1577 4895 atate
1607 4831 1804 4915 operis
1826 4833 2013 4897 nostri

359 5000 551 5063 sianis
592 5001 810 5083 hares.
854 5014 1034 5077 xxxv,
1065 5001 1177 5082 ει,
1212 5019 1283 5065 ex
1337 5000 1473 5083 eod,
1526 5012 1657 5083 cap.
1708 5021 1768 5067 η.
1825 5002 1886 5080 3;
1945 5002 2021 5066 de

356 5082 727 5165 ξιιιιςξεγιῑὶἱε,⁸
754 5081 1216 5165 hares._xix1_v,
1262 5101 1332 5145 ex
1367 5081 1504 5165 libr.
1537 5081 1744 5165 I,'cap.
1783 5084 1855 5165 L3
1884 5102 2017 5165 sqq.

357 5131 1332 5227 ἒῖὧῖιῖἶιῖάἔῑὶιὶῖάὲἶᾶἶ⁷ἰοὶἕ
1351 5131 1759 5227 ἁέἐεὶἰιῖἕιῇὲ
1784 5131 2014 5229 ἦιέἕρῖ

355 5242 565 5324 fabul.
594 5243 704 5324 lib_.
751 5259 793 5322 ι,
825 5260 958 5324 cap.
998 5246 1093 5320 14,
1127 5262 1261 5306 cum
1295 5243 1505 5307 lrenai
1537 5243 1643 5307 lih.
1665 5259 1721 5324 AI,
1745 5262 1877 5324 cap.
1909 5244 2011 5324 30;
2100 5228 2176 5290 19

359 5321 605 5387 Caianis
629 5322 737 5386 lib.
770 5321 811 5386 ἰ.
845 5321 956 5403 cap
977 5324 1077 5399 15,
1112 5341 1247 5387 cum
1280 5324 1386 5387 lib.
1420 5340 1463 5398 ι,
1497 5342 1627 5403 cap.
1651 5321 1841 5399 suis
1862 5321 2014 5386 con-'-

357 5404 634 5480 veniunt,
686 5411 753 5468 ut
808 5403 975 5466 illum
1029 5422 1136 5467 sua
1186 5422 1255 5466 ex
1288 5406 1402 5469 hoc
1463 5403 1733 5465 hausisse
1753 5405 1915 5485 justa
1942 5407 2019 5469 sit

356 5485 934 5567 suspicandipausa.

442 5563 541 5646 (a)
568 5565 669 5629 Sic
700 5565 910 5647 Cyrilli
950 5563 1467 5647 Hierosolymitani
1526 5564 1811 5628 nonnulla
1849 5565 2023 5630 effata

361 5644 501 5709 cum
518 5644 764 5728 ’lrenai'
779 5644 1324 5728 testimoniisrecte
1346 5648 1677 5728 comparari
1683 5647 1865 5728 jussit
1881 5650 2021 5711 Ant.

366 5728 682 5811 Augustin.
716 5725 1043 5806 Toutlaus,
1079 5725 1395 5791 Observat.
1433 5725 1501 5790 iri
1534 5725 1764 5807 Cyri'll.
1818 5748 1877 5811 p.
1912 5730 2012 5794 87.

368 5809 435 5869 91
474 5818 591 5873 cet.

448 5888 532 5970 (b)
567 5887 690 5951 Lib.
721 5904 764 5966 ι,
789 5906 923 5970 cap.
956 5888 1014 5965 8,
1051 5904 1114 5951 n.
1148 5887 1205 5953 l.

2099 4817 2274 4897 bitas,
2336 4838 2468 4902 qua
2520 4838 2643 4882 sua
2692 4818 2962 4882 societati
3016 4815 3285 4895 adeoque
3340 4811 3551 4875 Irenai
3571 4813 3744 4881 libris

2184 4995 2260 5064 (c(
2280 4988 2431 5071 _Cap.
2481 4990 2573 5071 8,7
2608 4990 2688 5052 De
2716 4990 2962 5071 virtute,
3016 5004 3074 5067 p.
3304 4980 3403 5071 edi
3433 4982 3604 5071 onn
3639 5030 3655 5063 ,
3688 4990 3748 5043 et

2104 5062 2249 5151 tom.
2276 5062 2501 5151 I_oper.
2528 5062 2983 5151 Graec-Lahm,
3011 5062 3072 5147 ᾖ.
3101 5062 3742 5151 224ξθάιεισξὶοωξιηω.

2176 5150 2271 5292 ¹ἑά)
2305 5142 2440 5213 Vid.
2476 5150 2829 5214 Assemanni
2859 5142 3186 5231 prolégom.
3229 5142 3451 5205 laudati
3482 5143 3647 5220 tomi,
3683 5162 3740 5223 ρ.

2182 5272 2265 5394 ξιξ(
2294 5312 2571 5378 Mémoir.
2602 5330 2763 5395 pour
2784 5311 2986 5376 servir
3012 5310 3052 5368 ὰ
3081 5303 3199 5371 PH.
3218 5304 3324 5382 E.,
3359 5310 3404 5367 t.
3435 5300 3632 5383 1H,.p.
3668 5301 3740 5364 ’Π

2101 5408 2262 5558 sqqh
2288 5476 2547 5540 Hislsir.
2585 5474 2772 5539 littér‘.
2807 5472 2881 5537 de
2908 5471 3157 5561 Ifrance,
3192 5474 3313 5558 tom
3342 5462 3388 5543 Ι,
3424 5482 3483 5556 p_.
3518 5461 3658 5527 336.
3696 5542 3710 5555 .

2186 5481 2266 5640 ig;
2304 5559 2465 5621 Licet
2487 5558 2547 5640 in
2566 5556 2707 5640 aliis
2738 5550 3083 5640 ingenirsui
3111 5554 3521 5640 .montmentts'
3538 5560 3710 5640 susp:

2189 5554 2266 5640 (gl
2304 5559 2465 5621 Licet
2487 5558 2547 5618 in
2577 5556 2707 5617 aliis
2738 5554 2959 5636 ingenii
2988 5554 3083 5614 sui
3125 5554 3521 5638 monimentisI
3551 5554 3747 5636 suam.

2109 5644 2345 5704 cionem
2368 5637 2699 5725 prodiderit
2720 5639 2806 5702 vir
2823 5631 3286 5725 celeberrimus,
3299 5627 3761 5725 diligentius-ta:

2101 5740 2240 5803 men
2290 5704 2504 5803 nullibi
2545 5737 2675 5781 eam
2706 5712 3053 5803 explicavit,
3087 5704 3282 5793 quam
3296 5709 3360 5769 in
3385 5704 3682 5769 disserat.
3720 5704 3767 5767 l»

2099 5804 2163 5865 in
2180 5798 2623 5865 ‘Tertullianum
2654 5793 2835 5882 supra
2861 5793 3117 5861 laudata.

2180 5880 2271 5962 (ἡ)
2306 5883 2371 5946 Ρ.
2396 5880 2543 5943 sea.
