4132 6448
381 375 500 441 ξοδ
835 376 957 437 FB.
1004 375 1325 442 VALCHII
1369 377 1468 442 DE
1508 376 1968 442 AUTH'ENTIA
2011 373 2408 440 LIBRORUM
2455 376 2743 440 IRENﬂ
2785 377 2966 440 ADV.
3016 375 3312 440 HERES.
3637 365 3796 437 4οι

380 512 514 589 post
538 505 879 580 Aristium,
938 505 1289 587 Josephum,
1342 505 1677 586 Philonem,
1728 503 2088 570 JustinumA
2187 503 2255 581 3)
2286 501 2406 566 Nec
2439 502 2616 566 verba
2641 502 2846 567 Graeca
2892 502 3084 566 ubivis
3132 503 3340 566 eadem
3374 512 3534 566 sunt.
3567 504 3772 568 Pauca

383 598 699 677 Martyrem
744 611 1079 657 enarrasse.
1142 593 1296 659 Num
1326 611 1467 658 vera
1496 594 1889 668 narraverint,
1921 594 2035 662 hoc
2115 590 2361 654 aﬂ'eram
2385 593 2679 673 exempla.
2713 592 2992 656 Clemens
3024 613 3039 654 :
3093 595 3293 657 Πάσαις
3325 607 3557 673 γραφαῖς
3592 608 3608 626 ο
3635 590 3766 654 Ire-

382 684 516 748 loco
547 683 702 746 scire
732 694 943 747 nostra
972 702 1093 746 non
1125 683 1398 782 interest,
1433 684 1540 782 sed
1567 685 1644 748 de
1669 685 1781 782 hoc
1821 691 1909 746 est
1935 683 2034 744 in-

2141 697 2282 742 naeus
2342 701 2357 742 :
2427 683 2643 740 Πάντων
2716 682 3003 760 ἀνθρώπων
3063 683 3470 762 συγγράμμασιν
3541 681 3655 782 ὅσαι
3704 703 3770 760 γε

384 773 743 871 quirendum
759 820 776 849 ,
802 772 1399 871 numquaainlrenaai
1429 773 1600 871 libris
1628 772 1852 871 tradita
1872 780 2028 854 sunt,

2141 768 2385 828 ηιουδατα
2449 773 2662 851 ὑπῆρχε
2695 786 2710 802 ⁸
2783 770 3064 834 Clemens
3100 793 3139 871 ι’
3177 770 3399 837 Ἠξίωσε
3456 772 3578 834 τοὺς
3641 768 3766 870 :lsp.

386 881 456 926 ex
489 863 797 925 Clemente
829 862 1095 925 derivata
1143 863 1282 926 sint.
1342 861 1574 926 Nullam
1633 862 2036 943 suspicionem

2141 875 2380 921 .renaeus
2413 877 2427 923 ε
2464 861 2733 930 Ἦτήσατο
2777 862 2918 938 παρὰ
2956 867 3064 917 τῶν
3125 856 3244 940 Ἰερ.
3277 858 3554 924 Clemens
3589 878 3606 921 :
3642 856 3770 937 Ἐρ-

384 951 530 1016 viris
559 951 812 1014 eruditis
841 951 920 1014 de
951 970 1021 1014 ea
1051 969 1118 1014 re
1140 951 1453 1017 subnatam
1487 951 1689 1027 fuisse,
1720 959 1886 1014 recte
1916 969 2039 1012 mo-

2141 953 2434 1020 ιηνεῦσθαι,
2468 947 2728 1012 Ιτοηωυε
2754 967 2769 1014 ζ
2802 957 2973 1030 Σχεϊν
3025 947 3542 1025 μεταϐεϐλημένους.
3565 946 3774 1013 Ubivis

383 1050 488 1104 net
515 1039 829 1106 Semlerus
857 1041 966 1122 (α),
1003 1058 1115 1103 nec
1141 1041 1378 1104 silentio
1401 1039 1798 1121 pratermisit,
1831 1039 2039 1101 Irenaei
2123 1036 2554 1116 elegantiorem
2585 1038 2811 1102 Irenaeo
2841 1038 3184 1101 observabis
3213 1038 3603 1101 Clementem.

385 1131 580 1193 locum
614 1129 687 1192 ab
717 1129 1065 1210 Eusebio(b)
1089 1129 1270 1192 fuisse
1295 1128 1878 1209 repetitum.Primus
1899 1146 2040 1207 ergo
2206 1127 2308 1190 IV.
2342 1125 2512 1198 Quod
2539 1129 2591 1190 si
2620 1145 2756 1190 vera
2788 1127 2958 1190 lateri
2989 1127 3276 1208 licet,tum
3302 1135 3463 1189 certe
3493 1125 3776 1190 Clemens

385 1218 687 1298 suspicari
717 1229 807 1279 est
833 1235 1034 1298 ausus,
1066 1217 1224 1280 hunc
1255 1235 1322 1279 ex
1354 1217 1660 1280 Clemente
1691 1235 1796 1296 per
1815 1215 2033 1281 furtum
2115 1213 2352 1276 videtur
2381 1215 2538 1278 eain
2569 1215 2809 1280 brevem
2862 1235 3154 1278 summam
3201 1215 3589 1292 contraxisse,
3641 1235 3774 1298 quae

388 1313 450 1368 et
482 1307 868 1385 imposturam
901 1322 1037 1368 esse
1066 1307 1624 1385 corrasum,partim
1657 1305 1817 1387 quod
1839 1305 2034 1367 denuo
2118 1301 2378 1366 Irenaeus
2406 1305 2706 1386 copiosius
2740 1304 3088 1382 tradiderat,
3121 1305 3233 1368 hac
3275 1313 3472 1367 tamen
3519 1306 3672 1385 lege,
3708 1313 3776 1368 ut

389 1412 510 1456 non
561 1393 1051 1456 commodissime
1097 1403 1195 1457 aut
1247 1394 1500 1457 consilio
1551 1395 1608 1457 ei
1641 1394 1874 1474 positus
1905 1411 2038 1456 esse
2117 1391 2366 1454 aliorum
2399 1413 2633 1475 quoque
2665 1394 3034 1457 narrationes
3064 1393 3424 1457 consuleret.

383 1481 865 1562 videtur,partim
898 1483 1057 1563 quod
1086 1487 1185 1564 qui
1217 1483 1406 1546 semel
1435 1483 1661 1545 furatus
1689 1483 1789 1558 sit,
1807 1483 2039 1545 facilius
2199 1482 2434 1563 Optime
2463 1484 2722 1565 denique
2738 1484 3267 1566 conveniunt,qua3
3292 1486 3552 1546 lrenzeus
3571 1485 3771 1560 tradit,

382 1569 600 1632 iterum
629 1569 815 1632 furari
869 1571 1168 1634 credatur.
1201 1571 1388 1635 Secus
1449 1589 1545 1634 me
1574 1573 1796 1635 sentire
1822 1573 2038 1634 lubens
2119 1589 2256 1633 cum
2285 1573 2622 1651 argumenti
2679 1575 2739 1634 in
2789 1592 2905 1654 quo
2950 1581 3211 1634 versatur
3239 1571 3585 1634 rationibus.
3617 1574 3773 1634 Cum

378 1657 594 1722 fateor.

2121 1659 2280 1722 enim
2311 1661 2782 1724 Theodotionem
2843 1670 2901 1724 et
2929 1662 3207 1743 Aquilam
3241 1680 3310 1723 ex
3341 1679 3448 1722 sua
3475 1662 3778 1724 sententia

462 1762 665 1847 LQuaa
681 1762 911 1847 Irenaeo
931 1764 1338 1847 ex_Clemente
1366 1767 1602 1847 adjecta
1631 1767 1816 1831 fuisse
1845 1772 2038 1836 credit

2141 1748 2258 1842 idio
2315 1750 2405 1812 rei
2454 1749 2810 1813 Christianae
2863 1759 2923 1812 et
2977 1750 3241 1813 Iudaicae
3287 1767 3516 1826 amore,
3546 1749 3610 1812 in
3641 1751 3776 1816 loco

385 1841 714 1916 Semlerus,
749 1844 959 1907 eadem
993 1845 1188 1908 denuo
1219 1841 1492 1910 Pottenis
1514 1848 1736 1928 putavit
1758 1848 2033 1914 Clemen-

383 1941 502 1995 tem
559 1952 631 1994 ex
688 1931 916 1996 Irenaeo
947 1933 1258 2010 didicisse;
1310 1935 1471 1999 unde
1497 1936 1694 2000 denuo
1721 1940 2028 2003 concludi-

385 2019 703 2097 mus,bene
725 2021 947 2084 vidisse
968 2022 1118 2083 alios
1137 2023 1294 2086 viros
1323 2023 1527 2087 doctos
1555 2028 2033 2093 convenientiam

383 2109 690 2191 utriusque
719 2111 1054 2191 scriptoris.
1081 2110 1530 2193 Temperaverit
1574 2132 1716 2181 vero
1745 2116 1858 2180 sibi
1892 2121 2035 2180 Pot-

387 2198 904 2280 terus,quominus
935 2199 1136 2260 omnia
1163 2218 1233 2263 ex
1254 2200 1475 2265 Irenaeo
1488 2213 1725 2286 sumpta
1747 2223 1880 2268 esse
1898 2224 2039 2270 con-

385 2286 686 2364 tenderet,
701 2289 807 2350 sed
833 2299 1114 2352 accurate
1143 2290 1408 2371 singulas
1439 2294 1760 2372 particulas
1789 2297 2032 2374 notavit,

384 2392 518 2456 quae
545 2374 776 2438 Irenaeo
806 2375 1158 2440 viderentur
1187 2396 1322 2442 esse
1354 2381 1632 2462 propriae.

467 2473 540 2538 Il.
575 2474 840 2552 Eusebii,
872 2479 975 2558 qui
1004 2480 1339 2543 certissime
1370 2479 1696 2546 Clementis
1724 2485 2040 2550 Stromuta

392 2563 558 2644 legit,
593 2565 695 2657 qui
725 2563 941 2657 Irenaei
965 2568 1168 2632 Crmca
1196 2569 1500 2657 recitavit,
1551 2573 1823 2654 exemplo
1854 2583 2037 2657 patet,
2118 2609 2122 2615 -

386 2660 620 2742 veteres
645 2653 720 2714 de
740 2654 858 2742 ﬁde
883 2654 1172 2718 librorum
1195 2653 1404 2720 Irenaai
1427 2659 1484 2720 in
1507 2653 1907 2742 suspicionem
1931 2684 2039 2724 vo-

387 2739 577 2833 canda
609 2759 683 2802 ne
711 2741 952 2833 quidem
984 2745 1292 2823 cogitasse,
1329 2747 1467 2810 licet
1494 2739 1931 2833 noverint.quae
1959 2753 2036 2814 ibi

394 2829 690 2908 legantur,
725 2831 901 2892 etiam
935 2833 1086 2912 apud
1123 2833 1489 2898 Clementem
1523 2837 1752 2900 haberi.

471 2926 575 2992 III.
604 2931 758 2992 Loca
809 2932 1114 3012 utriusque
1172 2937 1476 3018 scriptoris
1532 2939 1853 3004 admodum
1910 2961 2039 3004 ase

391 3017 643 3079 invicem
673 3020 1030 3102 discrepant.

603 3116 860 3182 Irenaeus
928 3120 1222 3202 Graecam}
1281 3124 1438 3186 illam
1499 3127 2042 3208 interpretationem

395 3205 601 3300 scribit
621 3208 919 3300 conditam
945 3229 1080 3273 esse
1107 3211 1218 3274 sub
1245 3213 1564 3276 Ptolemaeo
1581 3205 2048 3300 Lagi;Clemens,

402 3293 514 3383 sub
539 3296 857 3360 Ptolemaeo
882 3298 1171 3383 Lagi,aut,
1196 3302 1352 3383 quod
1386 3304 1480 3364 alii
1512 3293 1735 3379 malint,
1769 3307 1879 3369 sub
1910 3293 2050 3370 Pto;

399 3381 608 3446 lemma
643 3386 1011 3468 Philadelpo.

2119 1835 2288 1899 Isaiae
2316 1855 2518 1900 vocem
2576 1853 2763 1907 many
2808 1857 2928 1901 non
2958 1841 3208 1919 παρθένος
3239 1839 3345 1900 sed
3407 1847 3578 1904 νεᾶνις
3635 1857 3777 1900 ver-

2118 1927 2286 2007 tisse,
2319 1927 2652 2007 suspicatus
2681 1938 2862 2004 esset,
2898 1927 3146 2009 opponit
3174 1926 3293 1988 illis
3325 1927 3778 2008 interpretatio-

2119 2033 2255 2076 nem
2291 2013 2441 2077 LXX
2473 2014 2755 2092 virorum,
2786 2035 3037 2099 eamque
3053 2024 3113 2079 et
3134 2015 3507 2097 antiquitatis
3533 2018 3783 2080 nomine

2117 2121 2247 2164 com
2260 2103 2584 2180 mendat,et
2611 2105 2770 2186 quod
2801 2123 2836 2167 a
2861 2105 3084 2170 Iudaeis
3099 2105 3340 2167 condita
3364 2105 3780 2186 sit,pmdicat.

2119 2191 2273 2255 Num
2309 2210 2509 2271 quaeso
2569 2195 2854 2274 majorem
2907 2193 3414 2275 opportunitatem
3463 2195 3782 2274 repetendi

2118 2279 2283 2341 illam
2315 2280 2391 2342 de
2415 2281 2646 2360 origine
2676 2283 2834 2346 illius
2863 2282 3118 2346 fabulam
3144 2283 3436 2364 potuisset
3465 2284 3784 2347 nancisci?

2118 2369 2326 2454 Neque
2345 2367 2636 2432 Irenaeum
2675 2371 2864 2434 semel
2894 2373 3152 2433 furatum
3183 2390 3338 2445 esse,
3371 2372 3786 2454 comprobavit

2121 2453 2454 2534 Semlerus,
2489 2479 2600 2522 nec
2630 2459 2715 2522 fas
2745 2469 2837 2522 est
2867 2460 3055 2521 ubivis
3086 2460 3302 2522 furtum
3335 2453 3651 2542 suspicari.

2201 2542 2440 2606 Tertius
2471 2547 2730 2629 denique
2761 2559 3034 2629 superest
3064 2550 3272 2612 lrenaai
3303 2550 3674 2632 locus,quem
3705 2571 3782 2615 ex

2121 2632 2427 2697 Clemente
2456 2637 2704 2717 petitum
2731 2637 2915 2700 fuisse
2946 2639 3035 2700 vir
3056 2639 3169 2700 cel.
3204 2640 3530 2701 contendit.
3564 2639 3780 2703 Veris-

2122 2722 2338 2784 simnm
2371 2733 2460 2785 est
2522 2733 2843 2809 utrumque
2881 2727 3088 2790 eadem
3143 2727 3396 2790 recitare
3427 2730 3605 2791 verba
3634 2733 3776 2793 Pla-

2123 2811 2278 2873 tonis
2310 2822 2384 2889 (c)
2417 2833 2432 2872 :
2463 2812 2751 2878 Irenmum
2785 2817 2888 2896 (α),
2923 2825 2985 2877 ιιι
3014 2816 3434 2897 philosophum
3458 2817 3642 2898 magis
3673 2837 3780 2880 sa-

2122 2900 2324 2980 puisse
2352 2901 2428 2964 iis
2451 2903 2924 2984 ostenderet,qui
2942 2904 3365 2983 benignitatem
3387 2905 3490 2968 Dei
3509 2907 3786 2986 ajustitia

2123 2988 2324 3052 divelli
2355 2990 2608 3072 vellent;
2645 2993 3013 3055 Clementem
3045 2997 3215 3068 (e),ut
3243 2993 3504 3056 Platonis
3535 2998 3610 3056 de
3641 2996 3783 3058 feli-

2127 3076 2302 3137 citate
2359 3078 2690 3140 doctrinam
2743 3083 3085 3160 explicaret.
3146 3083 3221 3143 At
3251 3082 3386 3143 furti
3435 3083 3786 3164 suspicione

2131 3174 2452 3247 utrumque
2483 3177 2547 3228 ut
2578 3169 2954 3239 liberemJiis
2984 3171 3349 3249 argumentis
3373 3189 3776 3235 commoveor.

2212 3253 2254 3315 Ι.
2281 3253 2542 3319 Irenaeus
2564 3257 2704 3319 alibi
2731 3259 2906 3320 etiam
2929 3259 3203 3320 excitavit
3226 3258 3485 3320 Platonis
3505 3261 3784 3340 dogmata

2135 3350 2192 3402 et
2222 3342 2380 3404 dicta
2411 3346 2511 3426 (fi,
2544 3365 2674 3425 quae
2704 3367 2775 3408 ex
2807 3347 3111 3409 Clemente
3141 3367 3260 3409 non
3282 3349 3532 3428 accepit.

2214 3429 2288 3495 ll.
2325 3433 2520 3504 Quid?
2560 3436 2718 3514 quod
2765 3436 3023 3512 mireris,
3083 3436 3340 3498 Platonis
3386 3438 3583 3513 eli'ato,
3616 3441 3780 3520 quod

474 3508 536 3589 2)
570 3509 777 3605 Irenaei
811 3512 996 3605 oratio
1014 3513 1653 3605 longeestjcopiosior
1696 3527 1754 3580 et
1807 3519 2052 3584 uberior
2136 3521 2418 3585 Clemens
2436 3508 2614 3584 simili
2632 3525 2808 3586 modo
2829 3508 3229 3600 attulit,nullis
3259 3508 3776 3605 interpositis'ver-

389 3616 570 3682 quam
609 3597 960 3668 Clementis.
1012 3599 1495 3666 Divino’consilio
1533 3624 1662 3668 eam
1715 3609 2045 3672 versionem

390 3695 727 3769 susceptam
786 3705 944 3764 esse,
976 3699 1177 3752 narrat
1224 3699 1500 3773 uterque;
1533 3697 1637 3758 sed
1686 3698 1913 3760 consilii
1941 3718 2044 3761 ra-

401 3777 600 3868 tiones
626 3776 790 3868 solus
819 3775 1371 3868 Irenaaus.Collatos
1401 3800 1602 3846 secum
1635 3785 1817 3850 fuisse
1850 3789 2045 3868 singu-

392 3865 590 3951 lorum
623 3865 1012 3957 interpretum
1047 3867 1492 3951 labores,tradit
1520 3865 2042 3957 uterque;eosdem

384 3973 524 4019 vero
543 3954 700 4044 apud
735 3955 1116 4020 Ptolemaeum
1143 3976 1214 4021 eo
1237 3960 1480 4024 consilio
1505 3954 1859 4044 congressos
1881 3986 2038 4043 esse,

386 4045 551 4138 solus
578 4043 886 4138 Irenaaus;
916 4049 1294 4138 consensisse
1345 4068 1443 4113 res
1473 4061 1532 4115 et
1559 4043 1761 4131 verba,
1795 4065 2046 4138 uterque

387 4132 590 4212 tradit;
621 4133 727 4198 sed
757 4133 834 4197 ab
865 4135 1030 4200 initio
1058 4137 1131 4199 ad
1165 4138 1346 4203 linem
1379 4160 1738 4208 consensum
1770 4132 2047 4210 observa-

389 4234 514 4286 tum
540 4232 602 4288 et
620 4225 881 4288 divinum
905 4243 1056 4305 opus
1071 4244 1106 4288 a
1127 4229 1446 4307 gentilibus
1463 4233 1816 4313 praesentibu
1830 4236 2049 4300 sfuisse

394 4314 686 4394 agnitum,
723 4314 888 4406 solus
918 4315 1200 4378 lrenaeus.
1254 4318 1376 4382 Sub
1447 4323 1650 4384 exsilio
1695 4324 2048 4406 Babylonico

387 4410 703 4482 corruptos
731 4402 914 4465 fuisse
933 4421 1138 4468 sacros
1160 4407 1501 4472 Judaaorum
1530 4410 1714 4474 libros
1737 4422 1796 4474 et
1819 4402 2048 4478 veteres

388 4490 501 4552 hos
529 4489 605 4552 ab
670 4489 856 4552 Esdra
897 4509 1002 4570 per
1033 4493 1477 4574 inspirationem
1509 4511 1849 4576 renovatos,
1909 4504 2046 4567 Cle-

387 4596 559 4669 mens
590 4579 696 4669 ait_;
720 4581 979 4643 Irenaeus
1010 4599 1150 4646 vero
1188 4603 1296 4665 per
1319 4588 1762 4669 inspirationem
1793 4593 2048 4656 Esdram

388 4666 632 4758 ductum
663 4667 874 4758 fuisse,
902 4680 966 4732 ut
995 4673 1054 4734 in
1085 4691 1260 4735 suum
1293 4666 1565 4740 ordinem
1589 4680 1890 4758 redigeret
1922 4703 2050 4745 om-

388 4755 562 4854 nium
613 4757 1039 4854 prophetarum
1092 4762 1360 4828 vaticinia
1417 4774 1477 4827 et
1521 4755 1799 4831 redderet
1832 4774 2050 4854 p0pulo

385 4844 670 4908 Mosaicae
703 4845 892 4927 leges.

472 5014 559 5093 (α)
587 5012 662 5093 Ρ.
698 5014 838 5077 357.

468 5091 549 5178 (θ)
579 5091 712 5178 Lib.
746 5113 806 5171 ν,
843 5116 976 5178 cap.
1011 5099 1075 5164 8.

467 5173 546 5260 (cl
572 5173 701 5260 Lib.
735 5192 796 5238 IV
855 5173 946 5241 De
974 5178 1229 5260 legibus.

463 5257 555 5338 (ά)
592 5255 726 5321 Lib.
761 5271 848 5338 III,
885 5255 1157 5340 cap.'25,
1191 5280 1248 5342 p.
1284 5261 1426 5328 224.

2132 3609 2222 3672 bis
2249 3612 2449 3675 statim
2483 3613 2794 3694 subjunait
2822 3616 3001 3675 alium
3052 3615 3312 3678 Platonis
3344 3617 3539 3677 locum
3570 3635 3641 3678 ex
3670 3618 3776 3680 Ti-

2130 3716 2281 3762 maeo
2298 3721 2320 3778 ;
2353 3703 2630 3764 Clemens
2663 3721 2797 3765 vero
2821 3703 3239 3784 subjecitalias
3270 3703 3610 3786 particulas,
3645 3726 3780 3788 quae

2128 3790 2280 3869 apud
2317 3791 2640 3868 Platonem,
2670 3795 2758 3854 De
2789 3795 3044 3870 legibus,
3079 3803 3429 3873 sequuntur.
3463 3793 3777 3858 Undenam

2127 3885 2358 3947 furatus
2387 3889 2481 3942 est
2510 3882 2612 3942 ille
2643 3882 2790 3942 latro
2825 3882 3086 3944 Platonis
3136 3882 3538 3944 testimonium
3573 3903 3640 3946 ex
3670 3884 3779 3948 Ti-

2129 3990 2321 4048 ma'o;
2350 3983 2448 4034 aut
2478 3991 2586 4034 cur
2614 3973 2901 4035 abstinuit
2931 3991 2996 4035 se
3033 3991 3066 4034 a
3089 3973 3493 4053 subripiendis
3550 3977 3784 4039 caeteris

2130 4063 2395 4144 Platonis
2427 4062 2646 4138 verbis,
2682 4081 2816 4144 quae
2835 4062 3113 4144 Clemens
3153 4062 3398 4144 posuit?

2211 4143 2311 4206 Ill.
2344 4144 2610 4206 Platonis
2628 4142 2773 4204 vero
2806 4143 2920 4203 iste
2946 4143 3102 4203 lscus
3131 4161 3165 4203 a
3191 4153 3270 4202 tot
3296 4142 3425 4203 aliis
3474 4142 3792 4223 scriptori-

2131 4232 2354 4307 bus,ab
2377 4231 2719 4307 Aristotele,
2747 4250 2780 4292 a
2808 4231 3150 4311 Plutarcho,
3177 4249 3208 4291 a
3242 4230 3474 4293 Justino
3509 4241 3792 4301 mouente

2131 4323 2369 4384 Pottero
2417 4320 2730 4396 laudatur;
2791 4338 3014 4381 numne
3045 4340 3078 4380 a
3106 4320 3232 4380 solo
3276 4320 3498 4382 Irenaeo
3528 4320 3790 4397 ignorari

2068 4408 2367 4503 ndebuit,
2423 4421 2488 4473 ut
2543 4429 2616 4472 ne
2653 4410 2734 4503 in
2786 4411 2916 4490 ejus
2965 4407 3101 4470 libri
3157 4407 3190 4469 li
3216 4407 3272 4487 gi
3320 4415 3542 4489 posset,
3576 4407 3688 4470 nisi
3715 4428 3790 4472 ex

2132 4498 2439 4562 Clemente
2468 4500 2868 4580 compilatus?

2212 4588 2350 4652 Haec
2381 4589 2623 4671 quidem
2674 4609 2808 4651 cum
2843 4588 2923 4651 ita
2963 4596 3106 4650 sunt
3165 4586 3372 4666 [sint‘l]
3419 4596 3783 4667 comparata,

2136 4680 2330 4741 nullas
2379 4680 2558 4742 credo
2608 4697 2928 4761 superesse
2979 4695 3189 4740 causas
3231 4677 3446 4757 justas,
3498 4681 3676 4738 tidem
3728 4690 3792 4741 et

2133 4768 2542 4833 auctoritatem
2572 4769 2864 4832 librorum
2894 4765 3106 4831 lrenaei
3140 4766 3386 4828 vocandi
3433 4766 3493 4827 in
3543 4766 3789 4830 dubita-

2135 4859 2381 4922 tionem.

2209 5031 2283 5112 (ε)
2320 5029 2456 5112 Dib.
2490 5048 2532 5092 ιι
2558 5033 2882 5106 Stromat.,
2909 5046 3040 5108 cap.
3076 5029 3174 5104 22,
3222 5048 3280 5109 p.
3306 5029 3443 5112 493.

2210 5110 2286 5192 (Γ)
2319 5110 2452 5177 Lib.
2490 5129 2552 5179 ιι,
2593 5132 2725 5195 cap.
2780 5114 2880 5183 l4.
2915 5128 3082 5172 num.
3137 5113 3196 5185 3,
3233 5129 3290 5190 p.
3331 5110 3485 5183 133;
3520 5129 3651 5190 cap.
3679 5113 3780 5186 33,

2130 5211 2296 5256 num.
2323 5199 2379 5267 2,
2413 5210 2475 5272 p.
2518 5195 2650 5257 l67.
