4132 6400
399 387 520 450 479

1119 392 1178 452 S.
1230 391 1520 453 IRENJEI
1565 389 1906 453 EPISCOPI
1951 385 2497 449 LUGDIJNENSIS
2540 388 2639 452 ET
2686 387 3088 451 MARTYRIS

3665 385 3830 468 480..

399 527 540 583 sunt
585 519 722 582 talia
756 542 770 584 :
804 519 1198 598 Enthymesin
1224 519 1387 583 illius
1427 520 1756 602 snperioris
1777 519 2036 603 Sophia,

2156 526 2230 576 ὦν
2289 518 2399 577 itm
2444 524 2664 578 τοιαῦτα
2695 533 2710 549 ⁸
2757 518 2856 602 τὴν
2900 519 3220 596 Ἐνθόμησιν
3263 522 3364 588 τῆς
3408 518 3518 580 ἄνω
3560 520 3782 599 Σοφίας,

402 627 579 690 quam
598 617 658 670 et
675 607 1008 672 Achamoth
1052 618 1285 676 vocant.
1311 619 1642 692 separatam
1663 630 1697 674 a
1731 614 2048 694 superiore

395 696 736 760 Pleromate
750 717 884 760 cum
911 700 1192 780 passione
1207 699 1510 775 dicunt,ln
1533 700 1762 762 umbrae
1785 699 2046 763 vacuita-

395 787 472 850 tis
491 785 641 850 locis
659 785 984 850 defervisse
1003 788 1091 868 (t)
1114 806 1220 871 per
1239 789 1683 867 necessitatem;
1705 800 1868 853 extra
1885 789 2046 853 enim

395 876 591 940 lucem
608 877 760 940 facta
778 885 890 953 est,
923 887 986 940 et
1023 886 1192 941 extra
1228 881 1521 953 Pleroma,
1548 880 1819 942 informis
1840 887 1900 942 et
1919 881 2048 942 sine

397 965 624 1047 specie,
647 966 818 1048 quasi
832 965 1100 1046 abortus,
1134 967 1268 1031 ideo
1286 969 1425 1050 quia
1465 968 2042 1050 nihilapprehendit.

397 1056 705 1120 Misertum
729 1064 928 1118 autem
955 1059 1086 1138 ejus
1103 1057 1477 1140 superiorem
1501 1058 1826 1140 Christum,
1862 1067 1922 1121 et
1940 1076 2047 1140 per

389 1145 642 1209 Crucem
665 1147 1332 1214 extensum.suavirtute
1343 1148 1632 1210 formasse
1645 1147 2050 1229 formam,qnae

394 1235 896 1299 essetsecundum
914 1235 1300 1299 substantiam
1321 1235 1675 1312 tantum,sed
1698 1256 1817 1300 non
1838 1255 2047 1300 secun-

2129 609 2194 680 ἢν
2250 611 2339 667 καὶ
2381 607 2643 691 ’Λχαμὼθ
2686 609 2768 682 (5)
2798 599 3074 682 καλοῦσιν,
3105 609 3478 692 ἀφορισθετσαν
3505 616 3600 668 τοῦ
3627 609 3783 678 Πλη-

2130 698 2376 778 ρώματος
2419 697 2500 776 (6)
2541 699 2634 754 σὺν
2701 698 2781 772 τῷ
2840 697 3019 772 πάθει,
3079 696 3325 777 λέγουσιν
3369 698 3423 756 ὲν
3467 711 3655 762 σκιαῖς
3697 700 3786 756 καὶ

2129 793 2481 868 σκηνώματος
2551 787 2736 851 τόποις
2778 787 2865 866 (7)
2927 785 3267 864 ἐκϐεϐράσθαι
3327 789 3465 848 κατᾶ
3520 788 3784 868 ἀνάγκην,

2131 863 2286 943 ’Έξω
2320 863 2429 956 (γὰρ
2473 878 2648 958 φωτὸς
2707 863 2940 956 ἐγένετο,
3003 863 3091 934 καὶ
3120 878 3514 958 Πληρώματος,
3548 863 3784 959 ἄμορφος

2129 967 2218 1022 καὶ
2257 964 2506 1039 ἆνείδεος,
2569 967 2748 1046 ὥσπερ
2801 964 3071 1048 ἕκτρωμα,
3121 966 3207 1028 διὰ
3237 970 3295 1026 τὸ
3325 966 3493 1046 μηδὲν
3525 966 3785 1036 κατειλη-

2128 1055 2299 1136 φέναι,
2349 1057 2689 1136 Οἱκτεῐραντά
2756 1078 2814 1113 τε
2877 1057 3040 1126 αὐτὴν
3099 1059 3191 1115 τὸν
3262 1060 3496 1138 Χριστὸν
3538 1057 3644 1130 (8),
3699 1059 3824 1131 καὶ,

2129 1143 2216 1203 διὰ
2264 1147 2359 1203 τοῦ
2403 1153 2638 1226 Σταυροῦ
2699 1146 2781 1223 (9)
2839 1145 3214 1228 ἔπεκταθέντα,
3285 1155 3354 1226 τῇ
3409 1146 3512 1221 ἰδίᾳ
3573 1145 3786 1224 δυνάμει

2131 1236 2408 1316 μορφῶσαι
2466 1235 2739 1317 μόρφωσιν
2780 1236 2880 1305 τὴν
2921 1233 3040 1294 κατ’
3072 1239 3254 1296 οὐσίαν
3315 1237 3500 1314 μόνον,
3550 1233 3672 1294 ἀλλ’
3729 1238 3788 1294 οὑ

393 1324 534 1388 dum
553 1324 941 1402 agnitionem;
973 1335 1032 1389 et
1053 1325 1179 1388 haec
1221 1334 1532 1407 operatum
1585 1346 1899 1390 recurrere
1929 1327 2046 1409 (2),

397 1413 844 1477 subtrahentem
859 1433 1026 1476 suam
1045 1415 1411 1483 virtutem,et
1432 1417 1748 1498 reliquisse
1767 1417 2051 1481 illamzuti

2132 1326 2230 1393 τὴν
2288 1325 2424 1382 κατὰ
2452 1333 2672 1405 γνῶσιν
2702 1328 2792 1384 καὶ
2821 1325 3088 1404 πράξαντα
3116 1334 3272 1384 τοῦτο
3309 1325 3657 1408 ἀναδραμεῖν,
3687 1349 3786 1383 συ-

2134 1414 2412 1473 στείλαντα
2436 1415 2592 1477 αὐτοῦ
2622 1417 2718 1485 τὴν
2747 1415 2988 1492 δύναμιν,
3013 1419 3102 1474 καὶ
3118 1415 3436 1474 καταλιπεῖν
3463 1415 3604 1497 (10),
3639 1415 3786 1479 ὅπως

395 1503 662 1565 sentiens
685 1503 1022 1584 passionem
1044 1505 1500 1586 qnaeergaillam
1517 1507 2050 1588 essett3lpersepa-

2155 1504 2419 1582 ιὶσθομένη
2463 1509 2556 1564 τοῦ
2597 1508 2715 1586 περὶ
2759 1505 2918 1574 αὒτὴν
2979 1507 3200 1575 πάθους,
3257 1505 3341 1564 διὰ
3395 1506 3495 1574 τὴν
3538 1505 3786 1563 ἀπαλλα-

391 1594 681 1655 rationem
703 1591 1081 1668 Pleromatis,
1108 1595 1493 1675 concupiscat
1513 1615 1743 1670 eorum,
1770 1615 1902 1677 qua;
1920 1615 2048 1658 me-

2155 1597 2231 1672 τὴν
2259 1597 2353 1652 τοῦ
2387 1595 2782 1678 Πληρώματος,
2811 1599 3010 1677 ὀρεχθῇ
3039 1599 3145 1654 τῶν
3174 1594 3552 1676 διαφερόντων,
3587 1595 3788 1676 ἔχουσά

394 1683 545 1746 liora
571 1683 1033 1764 essent,habens
1063 1684 1324 1766 aliquam
1348 1685 1757 1748 odorationem
1793 1686 2046 1748 immor-

2155 1707 2248 1743 τινα
2291 1683 2460 1760 ὀδμὴν
2523 1687 2834 1766 ἀφθαρσίας,
2900 1685 3404 1768 ἑγκαταλειφθεϊσαν
3464 1687 3626 1754 αὐτὴν
3699 1696 3789 1744 τοῦ

395 1773 637 1834 talitatis
659 1773 926 1835 relictam
956 1772 1017 1834 in
1051 1773 1372 1854 semetipsa
1399 1792 1434 1835 a
1464 1774 1702 1837 Christo
1736 1783 1795 1837 et
1823 1774 2050 1857 Spiritu

2155 1782 2358 1854 [ριστοῦ
2386 1775 2530 1856 (11),
2562 1777 2650 1833 καὶ
2677 1784 2772 1833 τοῦ
2802 1777 2950 1856 ἁγίου
2999 1777 3325 1851 Πνεύματος.
3363 1777 3461 1834 Διὸ
3490 1777 3578 1832 καὶ
3623 1775 3788 1843 aiat-iw

397 1861 1003 1943 sancto.Quapropter
1029 1869 1086 1924 et
1107 1863 1300 1943 ipsam
1321 1861 1556 1925 duobus
1577 1863 1921 1927 nominibus
1941 1885 2047 1927 vo-

2155 1878 2249 1930 τοῖς
2293 1864 2614 1944 ἀμφοτέροις
2646 1866 2868 1940 ὀνόμασι
2919 1863 3220 1940 καλεῖσθαι,
3256 1868 3450 1946 Σοφίαν
3479 1886 3536 1922 τε
3566 1887 3787 1946 πατρω-

401 1950 546 2025 cari,
580 1949 864 2031 Sophiam
907 1953 1290 2032 paternaliter
1325 1953 1519 2033 (pater
1566 1953 1725 2014 enim
1777 1956 1903 2034 ejus
1937 1953 2048 2017 So-

2155 1960 2364 2029 νυμικῶς
2419 1957 2467 2033 (ὁ
2524 1955 2623 2034 γὰρ
2683 1955 2864 2034 Πατὴρ
2909 1956 3071 2023 αὐτῆς
3133 1955 3299 2035 Σοφία
3354 1954 3658 2026 κληΐζεται)
3701 1957 3789 2012 καὶ

399 2040 538 2120 phia
567 2048 826 2113 vocatur)
859 2049 918 2102 et
944 2039 1235 2120 Spiritum
1270 2050 1566 2121 sanctum,
1602 2043 1675 2104 ab
1699 2061 1793 2118 eo,
1831 2044 1928 2125 qui
1962 2053 2052 2107 est

2155 2045 2344 2116 Ινεῦμα
2405 2046 2582 2124 ἅγιον,
2632 2046 2737 2102 ἀπὸ
2787 2054 2878 2104 τοῦ
2920 2047 3037 2125 περὶ
3066 2048 3156 2103 τὸν
3190 2047 3415 2124 Χριστὸν
3458 2047 3784 2123 Πνεύματος.

401 2148 540 2210 erga
595 2130 900 2193 Christum
957 2131 1040 2210 (4)
1093 2131 1372 2211 Spiritus.
1411 2133 1493 2193 l9
1547 2132 1883 2195 Formatam
1939 2153 2049 2196 au-

2155 2135 2518 2217 Ιορφωθεϊσάν
2567 2158 2623 2192 τε
2668 2136 2858 2218 αὐτὴν,
2889 2137 2976 2192 καὶ
3026 2137 3256 2216 ἔμφρονα
3299 2141 3640 2216 γεντιθεῐσαν,
3686 2159 3789 2194 πα-

397 2227 518 2280 tem
570 2237 722 2294 eam,
787 2229 844 2281 et
893 2228 1189 2282 sensatam
1260 2221 1515 2302 factam,
1578 2223 1771 2283 statim
1857 2231 2052 2285 autem

2155 2225 2350 2282 ›αυτῖκα
2408 2223 2462 2280 δὲ
2513 2229 2836 2282 κενωθεϊσαν
2899 2225 3121 2303 ἀοράτου
3181 2225 3300 2294 (12)
3362 2229 3496 2302 αὒτῇ
3541 2226 3786 2288 συνόντος

401 2317 736 2397 evacuatam
771 2307 842 2371 ab
891 2329 986 2385 eo,
1045 2310 1146 2390 qui
1195 2309 1576 2372 invisibiliter
1633 2330 1766 2373 cum
1800 2331 1873 2373 ea
1901 2322 2049 2388 erat,

2155 2316 2331 2397 λόγου,
2393 2315 2631 2372 τουτέστι
2691 2323 2784 2397 τοῦ
2837 2323 3083 2395 Χριστοῦ,
3145 2315 3229 2372 ἐπὶ
3283 2316 3512 2386 ζήτησιν
3556 2318 3787 2395 ὁρμῆσαι

401 2396 624 2479 Verbo,
671 2398 786 2460 hoc
846 2408 934 2461 est
964 2399 1222 2476 Christo,
1261 2401 1317 2461 in
1353 2401 1809 2482 exquisitionem
1843 2421 2050 2482 egres-

2155 2407 2225 2461 τοῦ
2281 2396 2663 2469 καταλιπόντος
2735 2396 2901 2472 α’ὖτὴν
2961 2407 3159 2484 φωτὸς,
3221 2408 3309 2462 καὶ
3372 2405 3449 2480 μὴ
3507 2402 3786 2472 δυνηθῆναι

1661 2509 1874 2568 BILLII
1922 2510 2512 2570 INTERPRETATIO.

403 2605 575 2664 quam
615 2591 1018 2668 et‘Achamoth
1049 2603 1407 2668 nuncupant.
1438 2608 1555 2652 una
1594 2610 1725 2652 cum
1757 2597 2025 2668 passione
2054 2614 2085 2655 a
2133 2597 2456 2656 Pleromate
2487 2597 2837 2665 submotam,
2869 2597 2924 2654 in
2956 2598 3216 2664 umbras,
3245 2605 3301 2653 et
3327 2596 3632 2668 vacuitatis
3665 2595 3787 2668 loca

401 2663 747 2737 necessario,
783 2664 937 2722 velut
962 2673 1095 2722 aestu
1129 2663 1396 2736 quodam,
1440 2668 1733 2737 abreptam
1758 2663 1908 2725 'esse
1938 2671 2121 2727 aiunt.
2163 2669 2294 2726 Eam
2325 2669 2476 2725 enim
2501 2680 2661 2726 extra
2695 2663 2901 2731 lucem.
2957 2676 3012 2725 et
3042 2663 3299 2725 Plero’ma
3334 2667 3642 2724 exstitisse.
3675 2667 3793 2724 tor-

400 2748 504 2812 τηε
543 2748 612 2812 ac
650 2733 846 2806 figurae
877 2733 1190 2812 expertem,
1222 2751 1341 2796 non
1373 2753 1541 2812 secus
1571 2733 1639 2795 ac
1691 2741 1866 2798 fetum
1899 2741 2148 2812 aliquem
2180 2742 2385 2798 abortu
2415 2749 2721 2812 egestum;
2766 2755 2834 2796 eo
2863 2739 3020 2812 quod
3048 2739 3195 2796 nihil
3235 2738 3786 2812 comprehendisset.

399 2805 768 2889 Superiorem
803 2805 992 2889 autem
1041 2805 1350 2889 Christum,
1390 2809 1574 2889 ipsius
1632 2812 1950 2870 calamitate
1995 2805 2378 2889 commotum,
2413 2805 2479 2889 ac
2525 2827 2628 2889 per
2656 2805 2900 2868 Crucem
2935 2821 3264 2889 extensum,
3296 2811 3346 2865 vi
3369 2805 3482 2867 'sua
3542 2811 3788 2866 formam

399 2876 629 2954 quidem
663 2880 710 2934 ei
746 2878 1067 2954 indidisse;
1111 2881 1211 2936 sed
1241 2876 1513 2954 esseniiae
1539 2881 1833 2946 duntaxat.
1886 2899 2002 2942 non
2062 2887 2196 2942 item
2229 2876 2729 2953 scientia'quue
2778 2885 3011 2954 negotio
3068 2882 3454 2952 perfunctum,
3499 2889 3788 2938 contracta

401 2951 615 3027 virtute
651 2964 777 3016 sua,
819 2951 891 3008 ad
934 2965 1140 3027 su_p_era
1174 2968 1300 3010 sese
1327 2953 1634 3027 recepisse,
1695 2970 1935 3026 tamque
1973 2957 2295 3014 deseruisse
2322 2972 2340 3026 ;
2371 2971 2486 3027 quo
2520 2951 2782 3027 videlicet
2838 2951 2900 3012 e'a
2934 2954 3316 3027 calamitatem
3349 2951 3512 3027 suam
3547 2965 3790 3027 persen-

405 3020 640 3098 tiscens,
673 3031 735 3098 ut
763 3037 884 3095 quae
914 3039 943 3080 a
972 3020 1592 3098 Pleromatesubmota
1617 3037 1794 3098 esset,
1830 3020 2288 3098 prastantiorum
2319 3020 2608 3084 ile'siderio
2636 3025 3115 3098 inﬂammaretur.
3137 3020 3620 3098 babensinteri'm
3643 3039 3790 3098 non-

399 3091 622 3168 nullum
670 3091 1230 3168 incorruptibilitatis
1261 3095 1497 3154 odorem
1531 3112 1560 3152 a
1603 3091 1915 3158 Christo'et
1957 3099 2172 3168 Spiritu
2211 3103 2411 3156 sancto
2459 3101 2516 3154 in
2559 3113 2620 3154 se
2649 3097 2940 3156 relictum.
2977 3098 3099 3166 Qua
3135 3097 3306 3153 etiam
3343 3096 3414 3153 de
3442 3110 3612 3153 causa
3645 3095 3790 3152 duo-

399 3163 521 3249 bus
537 3180 663 3249 eam
702 3163 1041 3224 nominibus
1070 3168 1923 3249 appellant,_§ophiam_nempe
1955 3163 2193 3249 paterno
2247 3171 2482 3228 nomine
2509 3172 2688 3249 (pater
2719 3170 2890 3249 enim
2920 3163 3102 3240 ipsius
3131 3168 3343 3238 Sophia
3374 3169 3788 3249 nuncupatur),

399 3243 455 3293 et
488 3236 764 3320 Spiritum
794 3251 1083 3320 sanctum,
1109 3236 1187 3296 ab
1223 3256 1289 3298 eo
1320 3236 1534 3297 scilicet
1562 3241 1800 3310 Spiritu,
1832 3236 2234 3320 qno'Christns
2275 3252 2360 3299 est
2390 3236 2676 3320 praeditus.
2718 3236 3045 3320 Formatam
3076 3236 3445 3320 autemeam,
3482 3253 3550 3320 ac
3577 3236 3790 3320 mentis

398 3318 720 3380 compotem
755 3309 1033 3375 eﬂectam,
1070 3325 1316 3384 moxque
1356 3309 1624 3369 sermone
1655 3327 1744 3379 eo,
1784 3309 1885 3384 qui
1928 3314 2296 3372 invisibiliter
2329 3309 2460 3370 cum
2492 3313 2615 3384 ipsa
2654 3321 2795 3377 erat,
2828 3313 2938 3369 hoc
2977 3319 3062 3368 est
3103 3311 3346 3370 Christo.
3392 3311 3698 3382 spoliatam
3734 3318 3791 3366 et

492 3436 540 3514 (1
557 3436 660 3515 )1η
680 3436 912 3519 umbra
928 3438 1414 3519 vacuitatislocis
1438 3437 1889 3515 defervisse.Sic
1909 3459 2045 3502 mss.
2073 3450 2113 3500 C
2137 3439 2452 3519 interpreti
2484 3437 2808 3501 familiaris.
2845 3437 2911 3500 Id
2943 3447 3050 3511 est,
3085 3443 3424 3518 passionem
3445 3439 3783 3517 prapriam,

408 3516 762 3580 omnes.nisi
794 3517 949 3597 quod
982 3516 1264 3582 Ottobon.
1323 3523 1488 3583 Pass.
1524 3521 1752 3584 Arund.
1789 3520 1962 3584 Voss.
1997 3531 2054 3583 et

413 3601 592 3682 itero.
622 3605 680 3682 2,
717 3598 850 3660 vitio
883 3598 1215 3682 scribarum
1251 3600 1516 3682 habeant
1565 3601 1921 3682 deseruisse,
1964 3602 2052 3662 vel

408 3678 763 3759 deservisse,
799 3697 904 3759 pro
926 3679 1268 3758 defervisse.
1294 3681 1726 3744 Feuardentius
1751 3699 1824 3742 ex
1867 3678 2055 3744 veteri

404 3758 634 3842 codice
660 3757 1132 3842 Graecahlittera,
1166 3761 1326 3842 etB.
1360 3766 1429 3826 P.
1466 3761 1786 3826 Grontonis
1821 3762 2053 3842 judicio

404 3838 740 3901 restituisse
771 3857 835 3903 se
866 3839 1353 3906 dicitzinumbrae
1371 3852 1428 3905 et
1446 3845 1773 3908 vacuitatis
1787 3838 1936 3905 locis
1951 3845 2057 3906 de-

399 3921 742 4004 ferbuisse‘:
775 3920 888 4004 sed
917 3923 1210 3984 incertum
1242 3924 1344 4004 qui
1377 3942 1446 3986 ex
1481 3925 1685 3991 Graeco
1723 3931 1781 3985 et
1801 3922 2056 3986 Fronto-

405 4001 499 4062 nis
523 3999 720 4086 Ducaei
751 4002 1124 4086 conjectura,
1154 3999 1299 4082 quid
1345 4024 1480 4067 vero
1521 4021 1599 4086 ex
1651 4005 1840 4086 veteri
1872 4005 2054 4086 quod.

407 4080 829 4162 restituerit.ln
845 4080 1191 4148 editt.ErasI
1196 4103 1327 4147 eras
1341 4084 1846 4162 etGallas,vitiose
1867 4080 2056 4147 omni-

403 4165 577 4226 nozin
593 4161 892 4226 umbrata:
909 4166 1204 4228 vanitatis
1219 4166 1364 4228 locis
1378 4161 1854 4240 deseruisse;nec
1870 4167 2054 4229 multo

406 4242 621 4306 melius
635 4242 696 4305 in
710 4243 1151 4308 editt.0xon.in
1161 4263 1264 4308 um
1273 4247 1395 4309 bra:
1413 4256 1471 4311 et
1485 4246 1774 4309 vanitatis
1788 4246 1939 4309 locis
1955 4248 2054 4309 de-

401 4326 679 4387 servisse.
715 4323 879 4385 Nulli
905 4325 1065 4387 enim
1099 4343 1242 4390 mss.
1270 4327 1444 4389 codd.
1481 4324 1704 4390 habent
1731 4329 2047 4400 vanitatis,

404 4423 612 4466 omnes
642 4405 818 4465 etiam
846 4405 1126 4468 omittunt
1147 4407 1493 4484 particulam
1526 4405 1885 4469 et.Nostram
1909 4425 2051 4470 vero

403 4485 718 4547 lectionem
744 4486 1073 4568 genuinam
1108 4504 1264 4567 esse,
1297 4487 1744 4568 demonstratur
1793 4506 1879 4568 es,
1923 4489 2049 4568 ipso

401 4565 758 4646 lrenaeo,qui
792 4565 944 4648 infra
975 4565 1502 4648 lib.n,cap.8,n.3,
1537 4566 1744 4629 scribit
1779 4589 1792 4626 :
1825 4565 2052 4630 Falsus

397 4653 596 4710 autem
621 4646 1008 4729 apparuit,et
1029 4649 1134 4728 qui
1147 4646 1478 4729 estumbra
1497 4649 1925 4722 cenomatis,id
1937 4656 2048 4729 est,

398 4729 600 4819 vacui,
623 4728 906 4819 ipsorum
945 4727 1172 4819 ser’tno.
1223 4727 1510 4819 Umbram
1568 4731 1900 4798 cenomatis
1949 4727 2052 4791 seu

2137 3540 2246 3582 seu
2277 3539 2408 3599 qua:
2441 3520 2537 3581 illi
2558 3519 2900 3581 accidisset.

2221 3597 2311 3680 (4)
2345 3603 2465 3674 Qui
2494 3609 2578 3662 est
2607 3617 2758 3678 erga
2780 3600 3119 3662 Christum.
3153 3597 3214 3659 Id
3241 3605 3359 3678 est,
3389 3598 3497 3677 qui
3523 3605 3608 3661 est
3658 3615 3793 3658 cum

2138 3681 2405 3745 Christo.

2221 3763 2303 3840 (5)
2340 3762 2615 3841 Ἀχαρώθ.
2636 3759 2866 3822 Nomen
2889 3759 3254 3824 Tertulliano
3286 3757 3790 3841 ininterpretabi-

2141 3838 2656 3906 le.Feuardentius
2685 3859 2824 3903 vero
2845 3850 3008 3904 recte
3033 3841 3278 3904 deducit
3299 3860 3333 3902 a
3360 3838 3790 3907 nCDU—Hhoch-

2141 3943 2267 4000 ma,
2291 3925 2621 4004 sapientia,
2648 3923 2820 4004 cujus
2845 3921 3150 4004 radixifnn
3182 3921 3529 4004 Hhacham,
3548 3921 3794 4004 sapiens

2140 4008 2280 4084 fuit.
2333 4000 2479 4066 Inde
2530 4000 2851 4085 Sapientia:
2894 4002 3294 4085 Enthymesis,
3340 4004 3462 4065 sive
3493 4000 3791 4083 cogitatio.

2140 4085 2476 4148 Achamoth
2510 4084 2689 4146 dicta.

2221 4167 2300 4246 (6)
2334 4176 2436 4246 Τοῦ
2467 4164 2857 4245 Πληρώματος.
2904 4172 3006 4222 Τοῦ
3037 4164 3144 4221 ἅνω
3177 4165 3543 4245 Πλῃρώματος
3576 4162 3791 4244 legisse

2139 4245 2376 4310 videtur
2403 4245 2728 4326 interpres.

2221 4328 2300 4408 (7)
2332 4335 2521 4391 Extat:
2553 4324 2640 4383 καὶ
2669 4326 3019 4404 σκηρώματος
3048 4324 3258 4408 τόποις.
3313 4326 3469 4408 Ιιθ-ξρ
3524 4343 3662 4408 cum
3693 4324 3791 4386 in-

2141 4403 2422 4486 terprete,
2455 4413 2631 4479 σκιᾰς,
2687 4413 2748 4467 et
2781 4403 2926 4466 cum
2965 4403 3203 4486 eodem,
3265 4423 3334 4466 ac
3385 4403 3787 4482 Theodoreto,

2135 4498 2192 4549 et
2239 4485 2636 4556 Tertulliano,
2698 4505 2804 4565 pro
2847 4485 3222 4565 σκηνώματος,
3253 4502 3483 4565 repone
3537 4486 3790 4565 κενὲδμέι-

2133 4591 2244 4632 τος.
2287 4567 2506 4632 Scribit
2538 4563 3142 4628 enim'Theodoretus
3168 4564 3276 4628 lib.
3311 4563 3580 4627 {Heri-et.
3607 4563 3785 4637 Fab.,

2135 4668 2268 4728 cap.
2306 4649 2361 4728 '7,
2393 4665 2519 4728 pag.
2559 4646 2713 4728 l99:
2749 4645 2993 4709 Matrem
3014 4725 3029 4728 _
3061 4645 3393 4728 Achamoth
3425 4645 3478 4702 ἐν
3512 4651 3635 4728 σκιᾷ
3662 4666 3786 4717 τινι,

2136 4725 2223 4786 mi
2253 4725 2519 4802 κενώμαὲι
2552 4726 2772 4807 διάγειν,
2807 4728 2874 4788 in
2903 4725 3123 4807 umbra
3171 4726 3460 4806 quadam,
3517 4732 3578 4787 et
3613 4726 3793 4787 inani

401 4808 582 4890 vacui
603 4806 770 4890 dicit,
793 4826 912 4870 non
941 4807 1220 4890 umbram
1250 4818 1306 4871 et
1335 4828 1601 4883 cenemu,
1629 4827 1736 4890 seu
1765 4827 2051 4890 vacuum,-
2073 4819 2116 4866 D
2135 4810 2369 4890 degere;
2387 4806 2825 4890 i'ﬁl‘ertnllianns,
2858 4806 3263 4890 exples/1min
3294 4823 3580 4890 vacuum,
3607 4814 3793 4890 atque

407 4887 601 4949 minus
655 4886 848 4950 adhuc
906 4888 1184 4952 umbram
1215 4897 1272 4952 et
1301 4896 1657 4953 vanitatem.
1705 4889 1873 4962 Quod
1920 4909 2058 4953 vero

402 4976 630 5052 spectat
687 4967 769 5052 ad
814 4967 1059 5052 verbum
1115 4969 1392 5052 favisse,
1459 4989 1575 5052 non
1637 4969 1866 5031 dubitat
1928 4971 2057 5052 ipse

403 5047 656 5131 Grabius
674 5048 814 5128 quin
838 5047 1178 5131 ἐκϐεϐράσθαι
1197 5051 1277 5112 ita
1293 5051 1500 5113 veterit
1517 5047 2057 5131 interpres,qua'mo

400 5129 486 5212 vis
516 5131 675 5212 hunc
699 5129 1178 5212 sequinoluerit.
1224 5132 1566 5210 Defervisse
1594 5129 1790 5192 autem
1829 5129 2060 5212 accepit

405 5211 506 5272 ille
538 5210 597 5273 in
628 5210 838 5274 Latina
872 5210 1072 5288 lingua
1103 5211 1257 5274 haud
1285 5217 1427 5275 satis
1451 5223 1716 5274 versatus
1736 5210 2054 5293 interpres,

404 5311 524 5375 non
575 5309 680 5371 pro
717 5293 1050 5375 fervescere
1095 5295 1374 5375 desiisse,
1405 5303 1468 5355 ut
1509 5293 1808 5375 accipiunt
1853 5293 2057 5373 optimi

403 5371 622 5454 quique
681 5380 951 5456 auctores
990 5372 1214 5456 ALatini;
1249 5371 1369 5436 sed
1404 5393 1510 5456 pro
1555 5371 1922 5456 eﬂ'erbuisse_
1950 5393 2056 5436 seu

404 5451 882 5534 (astuasse.7Cum
909 5452 1066 5515 enim
1099 5475 1217 5516 non
1253 5451 1512 5518 nesciret
1551 5451 1800 5532 simplex
1827 5453 2058 5534 βεϐρασ-

402 5539 491 5615 θαι
537 5532 1194 5615 Δεἰεηίῐὶίιειιᾞ,Γενυίιςδιελ
1261 5535 1614 5598 existimavit
1663 5532 2052 5615 compositum

401 5612 916 5698 ἐκϐεϐράσθαι-γρηὶ
949 5633 1124 5698 posse
1153 5617 1510 5698 defervisse;
1544 5612 1861 5698 perperam
1893 5625 2057 5698 ratus

406 5695 692 5776 particula
750 5695 863 5776 ἔκ,
895 5703 957 5776 ut
1013 5694 1074 5756 in
1125 5695 1253 5758 aliis
1299 5697 1448 5760 bene
1483 5694 1681 5758 multis
1711 5697 2056 5776 compositis

405 5774 621 5856 verbis,
658 5776 736 5837 ita
759 5775 948 5856 ethic
977 5777 1320 5856 vertendam
1354 5797 1505 5845 esse,
1537 5777 1629 5843 de.
1665 5784 1722 5838 et
1751 5774 2052 5855 defervis-

399 5875 464 5920 se
494 5855 654 5919 idem
689 5855 844 5936 apud
877 5855 1126 5920 Latinos
1161 5858 1361 5921 valere
1392 5879 1460 5922 ac
1485 5859 1766 5936 fervis-se.

482 5937 576 6031 (2ο⁹
603 5938 964 6000 Recurrere.
999 5936 1248 6002 Vertere
1267 5939 1574 6002 debuisset
1600 5937 1918 6018 interpres,
1954 5954 2058 5999 re-

399 6035 697 6082 eurrtsse.
1086 6071 1089 6073 -

487 6098 570 6179 (3)
581 6097 930 6164 Passionem
951 6117 1083 6181 qua
1100 6118 1246 6182 erga
1272 6102 1448 6165 illam
1465 6098 2057 6166 essetliellenismus

2142 4887 2328 4953 inane
2352 4888 2506 4951 illud
2532 4888 2818 4966 Epicuri.
2851 4887 3003 4961 Quin
3051 4897 3112 4952 et
3161 4888 3425 4951 Ireneens
3454 4887 3585 4968 ipse
3616 4887 3792 4968 paulo

2144 4979 2294 5051 post,
2333 4969 2746 5051 καταλελεῖφθαι
2803 4970 2974 5044 μόνην
3017 4969 3070 5026 ἂν
3127 4978 3204 5044 τῷ
3254 4969 3456 5044 σκότει,
3501 4969 3589 5024 καὶ
3619 4969 3788 5024 κενώ-

2144 5049 2292 5128 ματι.
2343 5049 2492 5112 Vide
2523 5057 2580 5111 et
2612 5049 2718 5114 lib.
2753 5067 2815 5117 ll,
2849 5068 2980 5130 cap.
3007 5052 3046 5113 8
3076 5059 3135 5111 et
3168 5051 3266 5112 14.

2222 5133 2315 5211 (8)
2347 5134 2444 5191 Τὸν
2476 5131 2716 5210 Χριςτόν.
2753 5130 2908 5210 Lege
2928 5128 3070 5192 cum
3103 5131 3323 5212 interp.
3375 5132 3464 5186 τὸν
3520 5128 3627 5186 ἅνω
3659 5136 3789 5208 Χρι-

2144 5235 2285 5272 στον.

2221 5295 2300 5367 (9)
2336 5295 2433 5350 Διά
2461 5301 2549 5352 τοῦ
2579 5301 2837 5370 Σταυροῡ.
2895 5289 3307 5352 Theodoretus
3359 5289 3558 5363 habet,
3591 5291 3674 5350 διὰ
3703 5299 3792 5346 τοὺ

2146 5364 2182 5380 ”
2211 5364 2345 5454 Opes
2393 5376 2480 5432 καὶ
2539 5364 2770 5454 Europos
2799 5393 2812 5436 :
2845 5370 3252 5454 Tertullianus
3315 5391 3480 5454 vero,
3515 5373 3794 5434 educitur

2140 5452 2514 5534 per'Horon;
2544 5462 2605 5516 et
2634 5452 2912 5515 lrenaaus.
2949 5452 3054 5534 lih.
3091 5468 3174 5528 ut,
3209 5471 3343 5533 cap.
3367 5453 3471 5534 718
3499 5468 3793 5534 superem-

2141 5533 2344 5598 tensus
2375 5535 2569 5608 Hero,
2592 5534 2656 5597 id
2686 5534 2934 5614 est,ﬁni.
2967 5533 3096 5605 Qno
3129 5533 3475 5614 concludas,
3503 5533 3596 5591 τοὺ
3617 5541 3793 5614 Σταυ-

2141 5625 2229 5694 ροῦ
2260 5617 2358 5678 hic
2381 5635 2500 5678 non
2523 5612 3175 5694 Crucem"signiticare,
3211 5613 3316 5675 sed
3360 5613 3504 5676 Hori
3553 5612 3793 5696 epithe-

2143 5705 2239 5757 ιοη
2275 5715 2432 5760 esse.

2172 5820 2173 5823 η
2219 5777 2348 5844 (10)
2381 5777 2735 5840 Καταλιπεῖν.
2768 5775 2938 5839 Adde
2973 5777 3134 5845 αὖτήν
3165 5794 3299 5838 cum
3333 5784 3518 5840 veter.
3568 5776 3792 5855 interp.

2224 5861 2272 5935 (1
2298 5859 2528 5939 1)Αὐτὴν
2559 5869 2648 5918 τοῦ
2677 5857 3083 5938 Χριστοῦ.[ιθεθ
3121 5875 3189 5918 ex
3222 5857 3406 5920 veteri
3440 5858 3794 5938 interprete,

2144 5941 2274 6016 αὖτῇ
2313 5941 2415 5996 ὑπὸ
2441 5949 2535 6000 τοῦ
2564 5939 2811 6017 Χριστοῦ.

2227 6019 2354 6100 (l2)
2385 6016 2659 6098 'Aogirou.
2697 6018 2849 6098 Lege
2879 6037 3013 6081 cum
3048 6016 3405 6102 interprete,
3436 6020 3697 6102 ἀοράτως.
