4132 6416
225 414 367 479 541-

1240 419 1544 482 CONTRA
1593 411 1961 480 HERESES
2010 417 2237 479 LIBER
2282 421 2591 482 PRIMUS.

211 570 324 604 νων
382 551 629 610 ὑπόθεσιν
698 554 819 634 περὶ
876 558 974 623 τῆς
1048 552 1264 633 πρώτης
1321 550 1571 631 ὀγδοάδος
1631 550 1873 631 εἴρηκεν»

1971 553 2023 634 et
2047 547 2351 625 Alethian,
2386 558 2445 612 et
2476 554 2710 631 Logon,
2744 559 2803 612 et
2832 551 3013 631 Zoen,
3062 558 3120 611 et
3143 551 3521 627 Anthropon,
3556 555 3617 609 et

209 634 271 691 ἔν
328 638 367 714 ᾖ
409 637 615 698 οὐδέπω
670 638 904 715 Ἰησοῦς,
950 639 1156 700 οὐδέπω
1206 642 1431 718 Χριστὸς
1474 643 1503 698 6
1546 646 1640 698 τοῦ
1682 637 1869 697 Ἰωάν-

210 747 309 782 νου
364 726 702 795 διδάσκαλος.
763 719 895 789 ῃΟτι
953 728 1008 786 δὲ
1047 734 1107 790 οὗ
1138 731 1256 809 περὶ
1285 735 1393 787 τῶν
1417 734 1672 808 ωζυγιῶν
1702 728 1871 785 αὑτῶν

207 814 237 870 ὁ
302 813 633 883 Ἀπόστολος
678 818 919 898 εἴρηκεν,
966 817 1104 878 ἀλλὰ
1158 819 1278 897 περὶ
1332 828 1427 878 τοῦ
1484 820 1669 898 Κυρίου
1714 821 1872 891 ἡμῶν

201 900 397 991 ἶιησοῦ
441 914 690 987 Χριστοῦ,
745 909 805 965 ὃν
862 908 952 965 καὶ
999 908 1173 986 Λόγον
1217 905 1331 965 οἶδε
1374 916 1467 966 τοῦ
1514 914 1668 981 Θεοῦ,
1715 906 1870 968 αὐτὸς

201 990 479 1061 nauci-nas
561 997 806 1076 φανερόν,
904 990 1494 1078 Ἀνάκεφαλαιούμενος
1569 996 1670 1074 γὰρ
1754 995 1872 1071 περὶ

199 1088 307 1139 τοῦ
378 1084 658 1164 εἰρημένου
727 1088 870 1161 αὒτῷ
927 1084 1038 1143 ἅνω
1068 1088 1124 1142 ἓν
1156 1086 1304 1166 ἀρχῇ
1339 1084 1533 1165 Λόγου,
1578 1081 1868 1161 basin-{sr-

199 1192 299 1227 ται
336 1190 353 1206 ⁸
418 1176 519 1232 Καὶ
583 1176 612 1231 6
686 1175 857 1254 Λόγος
929 1175 1054 1255 σὰρξ
1130 1174 1360 1254 ἐγένετο,
1422 1176 1511 1251 acati
1569 1174 1870 1244 ἐσκήνωσεν

198 1258 259 1315 ἐν
312 1262 473 1336 ἡμῖν.
536 1263 684 1322 Κατὰ
739 1262 795 1320 δὲ
847 1265 946 1333 τὴν
997 1266 1210 1321 ἐκείνων
1253 1266 1523 1339 ὑπόθεσιν,
1568 1266 1669 1343 οὐχ
1701 1265 1728 1319 6
1762 1262 1868 1319 Λό-

197 1370 308 1425 γος
338 1349 466 1430 σὰρξ
493 1350 729 1433 ἐγένετο,
775 1352 834 1418 ὅς
878 1376 939 1434 γε
982 1352 1096 1411 οὐδὲ
1138 1353 1272 1421 ἦλθέ
1323 1376 1452 1411 ποτε
1510 1353 1662 1416 ἐκτὸς
1720 1350 1869 1419 πλη-

197 1438 485 1515 ρώματος,
530 1440 669 1499 ἀλλὰ
698 1445 727 1499 6
767 1448 864 1511 τῆς
906 1442 1212 1519 οἱκονομίας
1256 1443 1362 1518 (1),
1426 1442 1869 1522 μεταγενέστερος

197 1535 306 1587 τοῦ
338 1530 537 1611 Λόγου,
584 1535 801 1612 Σωτήρ.

287 1798 356 1862 3.
390 1798 593 1857 Μάθετε
664 1799 776 1869 οὗν,
835 1799 1079 1872 ἀνόητοι,
1153 1799 1234 1857 ὅτι
1298 1800 1505 1867 Ἰησοῦς
1589 1802 1617 1856 6
1687 1801 1865 1855 παθὼν
1894 1838 1928 1886 Β

190 1888 337 1969 ὑπὲρ
396 1888 577 1969 ἡμῶν,
638 1891 667 1946 6
722 1890 1143 1956 κατασκηνώσεις
1194 1889 1250 1946 ἐν
1297 1891 1457 1963 ἡμῖν,
1509 1888 1661 1953 οὗτος
1713 1888 1864 1951 αὐτός

192 1978 352 2035 ἐστιν
409 1980 438 2034 6
490 1977 662 2057 Λόγος
713 1988 807 2038 τοῦ
851 1977 1004 2040 Θεοῦ.
1061 1980 1117 2036 Εἰ
1160 1979 1258 2053 μὲν
1304 1978 1404 2058 γὰρ
1434 1976 1594 2041 ἄλλος
1636 1999 1718 2041 τις
1762 1983 1868 2034 τὼν

196 2067 418 2124 αἰώνων
471 2067 601 2146 ὑπὲρ
649 2067 749 2136 τῆς
823 2069 978 2137 ἡμῶν
1021 2071 1193 2127 αὐτῶν
1237 2067 1501 2145 σωτηρίας
1564 2065 1689 2145 σὰρξ
1747 2066 1870 2145 ἐγέ-

195 2178 353 2236 νετο,
389 2156 530 2221 εἰκὸς
584 2159 652 2223 ἧν
709 2158 829 2236 περὶ
886 2155 1049 2218 ἄλλου
1079 2156 1343 2238 εἰρηκέναι
1373 2159 1462 2214 τὸν
1488 2155 1818 2214 ’Λπόστολον
1853 2173 1865 2187 ·

196 2248 244 2303 εἰ
280 2244 342 2303 δὲ
375 2249 405 2303 6
461 2246 631 2326 Λόγος
662 2249 691 2303 6
732 2250 825 2305 τοῦ
864 2248 1070 2326 Ππτρὸς
1100 2250 1129 2305 6
1159 2244 1419 2319 κχταϐὰς,
1457 2246 1614 2311 αὐτός
1646 2248 1757 2304 ἐστι
1786 2240 1874 2303 καὶ

195 2340 225 2393 ἑ.
257 2332 490 2409 ἀναϐὰς,
528 2338 556 2393 6
600 2337 694 2393 τοῦ
744 2337 910 2413 μόνου
952 2344 1086 2396 Θιοῦ
1134 2336 1209 2409 (2)
1242 2338 1543 2417 μονογενὴς
1588 2337 1704 2401 Υἱὸς
1737 2338 1873 2391 κατὰ

194 2427 305 2494 τὴν
364 2434 459 2485 τοῦ
530 2427 736 2505 Πατρὸς
795 2423 1031 2484 εὐδοκίαν
1105 2429 1392 2505 σαρκωθεὶς
1464 2426 1595 2496 ὑπὲρ
1666 2425 1870 2505 ἀνθρώ-

195 2537 349 2590 πων,
410 2516 471 2572 οὖ
528 2518 646 2595 περὶ
703 2514 866 2573 ἄλλου
895 2517 1065 2592 τινὸς,
1097 2515 1214 2573 οὖδὲ
1244 2519 1362 2597 περὶ
1389 2515 1638 2595 ὀγδοάδος
1661 2517 1752 2572 τὸν
1782 2514 1871 2571 λό-

198 2629 300 2683 γον
334 2604 696 2680 ἐμπεποίηται
727 2607 832 2686 (3),
865 2603 986 2661 ἀλλ’
1041 2605 1078 2674 ἢ
1134 2609 1253 2685 περὶ
1310 2614 1405 2663 τοῦ
1450 2606 1637 2686 Κυρίου
1695 2602 1871 2671 Ἰησοῦ

197 2692 455 2773 Χριστοῦ.
514 2693 644 2753 ὧδὲ
695 2696 796 2775 γὰρ
854 2698 883 2752 6
932 2696 1127 2776 Λόγος,
1178 2699 1299 2753 κατ’
1344 2696 1533 2759 αὐτοὺς
1589 2716 1867 2773 προηγου-

203 2784 387 2862 μένως
431 2783 556 2864 σὰρξ
618 2784 826 2863 γέγονε,
888 2784 1112 2863 Λέγουσι
1155 2783 1210 2842 δὲ
1265 2787 1358 2842 τὸν
1415 2788 1642 2864 Σωτῆρα
1717 2781 1869 2840 b136-

1955 632 2647 714 Ecclesiam,secundum
2670 639 2911 700 illorum
2943 636 3519 717 argumentationem
3538 634 3613 696 de

1957 724 2146 804 prima
2179 728 2448 804 ogdoade
2478 728 2652 805 dixit,
2687 728 2748 789 in
2782 745 2898 808 qua
2930 726 3195 788 nondum
3224 726 3420 799 Jesus,
3454 742 3609 786 non-

1956 812 2096 875 dum
2132 816 2408 879 Christus
2437 818 2684 880 Joannis
2745 818 3054 897 magister.
3090 814 3240 888 Quia
3269 824 3463 877 autem
3492 833 3611 875 non

1956 902 2030 964 de
2056 907 2307 986 syzygiis
2331 908 2598 988 ipsorum
2633 908 2955 989 Apostolus
2987 904 3274 973 dixit.sed
3298 904 3373 966 de
3402 903 3611 967 Domi-

1957 1011 2032 1053 no
2052 1002 2255 1057 nostro
2276 999 2416 1059 Jesu
2446 995 2706 1079 Christo,
2741 1016 2918 1078 quem
2948 1004 3008 1057 et
3037 993 3302 1057 Verbum
3335 996 3449 1057 scit
3480 1011 3612 1054 esse

1954 1081 2249 1163 Dei,tdem
2268 1084 2401 1167 ipsa
2420 1085 2558 1148 fecit
2582 1083 3421 1165 manifestumﬁecapitulans
3451 1082 3611 1145 enim

1953 1171 2028 1232 de
2056 1191 2127 1236 eo
2157 1173 2382 1256 Verbo,
2417 1175 2575 1257 quod
2624 1176 2679 1237 ei
2709 1175 2768 1237 in
2802 1173 3101 1255 principio
3126 1171 3349 1235 dictum
3385 1180 3474 1234 est
3499 1171 3607 1250 (4).

1954 1259 2202 1342 insuper
2223 1268 2462 1344 exponit
2497 1283 2511 1328 :
2548 1264 2629 1327 Et
2684 1264 2936 1327 Verbum
2985 1280 3130 1327 caro
3159 1264 3387 1342 factum
3420 1268 3531 1335 est,
3562 1269 3616 1320 νι

1953 1350 2324 1416 inhabitavit
2350 1356 2418 1416 in
2439 1354 2612 1417 nobis
2643 1355 2746 1424 (5).
2782 1352 3127 1416 Secundum
3153 1360 3349 1412 autem
3372 1351 3610 1413 illorum

1952 1442 2558 1517 argumentationem,
2593 1462 2710 1504 non
2742 1441 3008 1505 Verbum
3063 1459 3203 1502 caro
3233 1441 3446 1502 factum
3496 1448 3608 1512 est,

1952 1528 2110 1608 quod
2142 1530 2383 1610 quidem
2419 1550 2529 1594 nec
2582 1531 2744 1594 venit
2796 1550 3056 1612 unquam
3090 1538 3257 1590 extra
3286 1528 3558 1591 Pleroma
3593 1548 3607 1588 :

1951 1616 2056 1678 sed
2088 1619 2186 1698 qui
2222 1638 2289 1681 ex
2323 1620 2602 1682 omnibus
2642 1620 2826 1682 factus
2854 1621 2959 1694 (6),
3010 1626 3068 1681 et
3096 1619 3173 1679 sit
3212 1619 3507 1699 posterior
3529 1618 3606 1699 t7)

1953 1703 2177 1781 Verbo,
2208 1710 2479 1770 Salvator
2511 1708 2624 1789 (8).

2029 1796 2124 1856 45
2146 1796 2437 1861 3.Discite
2460 1798 2987 1878 igitur,insensati,
3003 1800 3284 1878 quoniam
3305 1797 3610 1877 Jesus,qui

1954 1903 2162 1976 passus
2179 1894 2269 1948 est
2299 1905 2406 1969 pro
2433 1887 2628 1964 nobis,
2651 1886 2759 1976 qui
2777 1887 3128 1949 inhabitavit
3146 1887 3206 1949 in
3233 1886 3425 1976 nobis,
3449 1887 3608 1976 idem

1953 1974 2082 2054 ipse
2107 1985 2197 2037 est
2228 1984 2285 2037 et
2314 1976 2573 2038 Verbum
2601 1975 2801 2040 Dei.Si
2829 1976 2990 2038 enim
3028 1977 3182 2038 alius
3213 1996 3282 2037 ex
3321 1974 3612 2039 Eonibus

1956 2081 2061 2143 pro
2084 2071 2288 2127 nostra
2310 2064 2497 2127 salute
2518 2083 2658 2127 caro
2679 2066 2867 2128 factus
2893 2075 3006 2140 est,
3040 2064 3454 2127 aestimandum
3487 2071 3616 2127 erat

1956 2152 2031 2214 de
2061 2152 2250 2214 altero
2281 2153 2502 2216 dixisse
2522 2154 2966 2235 Apostolum.Si
2990 2162 3186 2216 autem
3222 2153 3486 2217 Verbum
3506 2157 3610 2216 Pa-

1960 2240 2198 2324 tris,qui
2228 2242 2564 2318 descendit,
2594 2244 2723 2324 ipse
2754 2252 2843 2305 est
2874 2253 2931 2306 et
2952 2245 3055 2324 qui
3088 2243 3467 2317 ascendit,ab
3494 2262 3612 2304 uno

1956 2332 2080 2392 Deo
2112 2332 2451 2411 unigenitus
2482 2332 2689 2412 Filius,
2724 2334 3054 2395 secundum
3106 2332 3296 2395 Patris
3330 2332 3607 2413 placitum

1956 2419 2299 2482 incarnatus
2333 2441 2439 2502 pro
2473 2423 2857 2494 hominibus;
2894 2441 3008 2483 non
3029 2423 3103 2483 de
3132 2422 3249 2483 alio
3279 2422 3610 2501 aliquo,ne-

1956 2528 2074 2589 que
2104 2510 2180 2571 de
2213 2511 2482 2590 ogdoade
2512 2513 2771 2574 Joannes
2816 2530 3157 2573 sermonem
3203 2510 3362 2583 fecit,
3397 2510 3502 2571 sed
3535 2509 3608 2570 de

1954 2599 2206 2661 Domino
2237 2599 2472 2662 Christo
2497 2603 2656 2663 .lesu.
2694 2604 2905 2681 Neque
2928 2602 3089 2663 enim
3118 2601 3377 2662 Verbum
3397 2618 3608 2662 secun-

1954 2692 2095 2753 dum
2115 2708 2219 2751 eos
2245 2689 2655 2771 principaliter
2675 2709 2812 2752 caro
2844 2691 3060 2752 factum
3082 2689 3419 2751 est.Dicunt
3446 2688 3605 2750 enim

1956 2779 2164 2843 Sote’ra
2219 2779 2492 2842 induisse
2550 2799 2768 2861 corpus
2802 2780 3081 2860 animale,
3114 2780 3189 2841 de
3219 2777 3610 2858 dispositione

1478 2910 1693 2969 BILLII
1734 2913 2334 2972 INTERPRETATIO.

201 3016 367 3089 juxta
393 3012 620 3072 illorum
653 3013 991 3089 senteniiam
1022 3012 1094 3069 de
1124 3013 1305 3089 prima
1336 3011 1593 3089 ogdoade
1620 3014 1749 3089 haec
1772 3012 1932 3077 dixit,
1965 3014 2022 3069 in
2056 3028 2166 3089 qua
2199 3014 2565 3089 necdumpst
2619 3014 2807 3089 lesus,
2846 3013 3093 3069 necdum
3132 3014 3402 3089 Christus
3426 3012 3603 3089 Joan-

207 3089 300 3144 nis
342 3093 679 3157 praeceptor,

714 3084 879 3153 Quod
908 3092 1099 3142 autem
1127 3083 1459 3157 Apostolus,
1492 3098 1609 3142 non
1640 3085 1710 3143 de
1738 3088 1992 3156 ipsorum
2023 3083 2333 3157 conjugiis,
2394 3084 2490 3142 sed
2520 3085 2588 3142 de
2647 3086 2895 3143 Domino
2922 3096 3119 3157 nostro
3159 3087 3291 3142 Jesu
3350 3084 3601 3157 Christo.

211 3155 383 3286 quem
412 3164 469 3215 et
496 3155 595 3214 Dei
630 3155 882 3239 Verbum
913 3157 1193 3240 agnoscit,
1227 3156 1396 3214 verba
1439 3156 1653 3239 fecerit,
1684 3155 1924 3229 ipsemet
1987 3155 2180 3239 aperte
2216 3155 2564 3215 declaravit.
2599 3158 2935 3239 Sermonem
2971 3156 3126 3239 enim
3179 3158 3247 3239 de
3289 3171 3356 3213 eo
3396 3155 3597 3218 Verbo.

246 3246 278 3286 θ
304 3244 425 3286 auo
456 3242 627 3286 suura
658 3241 713 3283 tn
749 3242 1032 3286 nrtnctnto
1088 3227 1312 3285 locutus
1353 3227 1554 3286 fuerat.
1615 3243 1673 3285 in
1714 3242 1990 3286 summam
2033 3228 2324 3286 radmens.
2354 3243 2654 3286 exnonens
2708 3227 2915 3285 deinde
2946 3230 3245 3286 subtunmt
3280 3243 3293 3284 :
3355 3225 3425 3283 Et
3468 3225 3597 3282 Ver-

246 3246 278 3288 e
304 3244 425 3303 quo
456 3242 627 3303 supra
658 3227 713 3283 in
749 3225 1032 3303 principio
1079 3227 1316 3303 _locut_us_
1353 3227 1554 3303 fuerat,
1601 3230 1673 3303 in
1708 3225 1990 3303 summam
2025 3225 2324 3299 'radigens,
2354 3243 2654 3303 exponens
2708 3227 2915 3285 deinde
2946 3227 3245 3303 subjungit
3280 3243 3293 3284 :
3352 3225 3425 3303 Et
3468 3225 3599 3303 Ver-

211 3297 345 3359 bum'
366 3315 498 3357 caro
527 3301 729 3371 ﬁtctum
755 3297 870 3360 est.
902 3297 953 3355 et
999 3297 1259 3372 habitavit
1294 3299 1352 3354 in
1381 3297 1552 3372 nobis;
1583 3299 1752 3372 Atqui
1784 3302 1833 3358 si
1878 3314 2071 3372 verum
2121 3297 2206 3357 est
2233 3302 2386 3371 quod
2431 3297 2549 3371 ipsi
2584 3309 2825 3370 ponunt,
2876 3297 3321 3372 haudqanuam
3352 3298 3603 3372 Verbum

208 3388 348 3431 caro
378 3373 590 3429 factum
650 3379 755 3430 est.
790 3377 985 3439 utpote
1013 3371 1166 3441 quod
1204 3386 1279 3428 ne
1335 3385 1406 3444 ex
1448 3370 1771 3431 Pleromate
1806 3370 2040 3444 quidem
2095 3370 2351 3443 unquam
2383 3370 2712 3438 excesserit,
2777 3372 2874 3429 sed
2914 3371 3195 3434 Salvator.
3236 3371 3332 3428 ille
3362 3371 3460 3443 qui
3521 3384 3593 3426 ex

209 3445 489 3502 omnibus
522 3452 683 3500 ortus
714 3451 815 3505 est,
852 3450 1105 3512 natuque
1137 3443 1327 3500 minor
1357 3443 1651 3501 Sermone.

279 3516 334 3572 3.
373 3514 585 3573 Discite
616 3513 814 3587 igitur,
846 3514 1132 3587 vecordes
1164 3514 1445 3587 homines,
1484 3514 1708 3587 desum,
1742 3516 1840 3587 qui
1899 3522 2087 3571 nostra
2118 3528 2313 3587 causa,
2351 3529 2555 3585 passus
2595 3529 2699 3580 eSt,
2732 3524 2904 3587 atque
2959 3516 3109 3585 apud
3141 3528 3247 3571 nos
3307 3512 3598 3587 habitavit,

206 3602 346 3645 eum
378 3589 567 3658 ipsum
601 3583 727 3658 esse
756 3585 858 3641 Dei
892 3583 1156 3658 Verbum.
1193 3585 1496 3658 Etenimsi
1524 3586 1673 3643 alius
1703 3583 2101 3658 quisquam‘ex
2129 3583 2403 3643 Eonibis
2427 3600 2529 3658 pro
2559 3588 2741 3643 salute
2771 3583 2962 3643 nostra
2995 3583 3228 3643 earnem
3260 3584 3614 3658 assumpsis-

206 3669 317 3723 set,
355 3654 667 3729 probabile
695 3657 1255 3729 fuissetApostolum
1288 3657 1357 3714 de
1390 3656 1503 3713 alio
1536 3654 1963 3715 verba'reci'sse.
1997 3655 2135 3729 cum
2172 3665 2362 3714 autem
2392 3654 2641 3715 Verbum
2671 3659 2881 3726 Patris,
2912 3660 3062 3729 quod
3107 3658 3422 3719 descendit.
3448 3654 3607 3729 idem

205 3730 285 3788 sit
314 3727 489 3802 etiam
520 3727 674 3800 quod
711 3728 988 3802 ascendit,
1022 3728 1137 3792 ille,
1174 3729 1431 3802 inquam.
1479 3729 1651 3785 unius
1698 3729 1800 3802 Dei
1833 3728 2161 3802 unigenitus
2194 3729 2390 3802 Filius,
2435 3730 2683 3801 benigna
2744 3727 3248 3802 Patris—voluntate
3306 3727 3606 3802 hominum

205 3817 388 3860 causa
443 3801 796 3862 incarnatus,
832 3799 1083 3869 profecto
1113 3814 1231 3857 non
1264 3800 1331 3856 de
1361 3813 1648 3927 quoquam
1678 3801 1813 3866 alio,
1846 3799 1962 3857 nec
1984 3799 2056 3857 de
2094 3801 2354 3870 ogdoade
2401 3799 2591 3859 verba
2612 3802 2739 3858 fecit
2773 3822 2787 3867 -,
2845 3816 3040 3859 verum
3076 3803 3145 3858 de
3176 3801 3415 3857 Domino
3472 3800 3605 3855 Jesu

205 3872 442 3927 Christo
496 3872 692 3927 Neque
722 3871 901 3927 enim.
932 3878 994 3927 ut
1025 3871 1132 3927 insi
1164 3872 1438 3927 sentiunt.
1518 3872 1719 3927 orbum
1754 3887 1888 3927 caro
1919 3875 2128 3927 factum
2161 3883 2263 3927 est.
2322 3873 2497 3927 Aiunt
2526 3872 2677 3927 enim
2709 3873 3058 3927 Salvatorem
3091 3873 3339 3927 animate
3396 3884 3605 3927 cornus

203 3872 442 3932 Christo
496 3871 901 3945 Nequeenim,
932 3878 1006 3945 ut_
1025 3871 1132 3945 ipsi
1158 3872 1438 3945 sentiunt.

1518 3872 1719 3928 orbum
1754 3887 1888 3929 caro
1919 3875 2128 3929 factum
2161 3883 2263 3927 est.
2322 3873 2497 3929 Aiunt
2526 3872 2677 3929 enim
2709 3873 3058 3930 Salvatorem
3091 3873 3339 3929 animate
3396 3884 3610 3939 corpus

202 3945 496 4009 induisse,
532 3941 820 3999 inéﬁabtlii
850 3942 1300 4015 providentiae):
1333 3944 1760 4015 dispensatione
1785 3943 1856 4000 ad
1881 3944 1987 3999 hoc
2019 3943 2379 4015 fabricatum,
2408 3954 2552 4015 utiet
2573 3944 2756 4015 oculis
2787 3947 2965 4009 cerni,
2998 3954 3053 4001 et
3084 3943 3352 3999 manibus
3378 3942 3611 4015 tractari

200 4024 429 4090 posset,
468 4014 634 4087 Atqni
665 4027 799 4071 caro
831 4023 916 4071 est
945 4014 1177 4085 antiqua
1208 4014 1302 4071 illa
1335 4012 1535 4074 Adami
1557 4030 1587 4072 e
1614 4013 1752 4072 limo
1794 4030 1823 4072 a
1857 4015 1977 4073 Deo
2006 4014 2236 4086 emetio,
2267 4029 2441 4086 quam
2469 4014 2569 4072 Dei
2605 4014 2850 4072 Verbum
2883 4030 3014 4072 vere
3044 4016 3254 4072 factum
3284 4027 3410 4070 esse
3438 4012 3614 4078 Joan_

288 4137 384 4218 (ι)
439 4128 497 4195 Ὀ
541 4142 638 4204 τῆς
671 4135 1036 4218 οἰκονομίας.-
1074 4137 1188 4198 Pro
1235 4135 1326 4197 his
1378 4136 1693 4217 legendum
1749 4138 1870 4200 vult

1971 4138 2077 4200 'ere
2106 4137 2343 4201 recidit.

202 4214 428 4284 Billitts
485 4216 917 4298 cum__interpr,
969 4214 1079 4272 ὁέκ
1140 4217 1352 4273 πάντων
1407 4214 1661 4298 γὲγο-ιώς,
1729 4219 1868 4298 quia

204 4299 461 4365 ﬁctitius
493 4296 593 4359 ille
620 4295 1170 4358 Valentinianorum
1190 4295 1466 4359 ServatOr
1486 4295 1556 4360 ex
1588 4295 1869 4362 omnibus

204 4378 509 4445 Eonibtts
540 4384 735 4440 ortum
766 4376 961 4459 traxit.
994 4376 1251 4459 Crabius
1279 4396 1419 4439 vero
1447 4377 1758 4459 Epiphanii
1791 4382 1871 4443 le-

205 4461 480 4543 ctionem
541 4477 646 4539 pro
676 4456 946 4543 genuina,
992 4457 1196 4543 habet,
1226 4467 1391 4543 ratus
1436 4456 1611 4543 hanc,
1674 4470 1875 4543 utpote

205 4540 660 4613 obscuriorem,
682 4538 947 4600 liberiori
976 4539 1355 4617 exltlicationi
1380 4538 1754 4603 occasionem
1776 4542 1877 4603 de-

206 4624 401 4686 disse.
434 4620 550 4703 Sed
575 4619 825 4703 iscerte
858 4638 974 4678 non
1031 4630 1117 4679 est
1151 4620 1447 4703 interpres
1498 4630 1722 4697 noster,
1776 4622 1877 4703 qui

208 4712 444 4767 tantam
474 4699 590 4783 sibi
626 4698 959 4783 libertatem
1003 4711 1260 4783 arroget.
1308 4698 1503 4783 Quare
1550 4698 1879 4783 utrumque

209 4793 470 4857 textum,
525 4780 795 4844 Graecum
829 4780 1052 4840 scilicet
1104 4800 1162 4840 et
1196 4781 1494 4861 Latinum,
1548 4782 1644 4845 hic
1697 4780 1877 4845 muti-

207 4866 341 4927 lum
377 4880 533 4936 esse,
566 4862 940 4939 alterumque
965 4879 1031 4921 ex
1056 4861 1246 4924 altero
1269 4864 1708 4925 emendandum
1744 4883 1879 4925 esse

205 4952 419 5025 ratus,
444 4952 504 5005 et.
532 4943 849 5024 Epipltanii
876 4951 931 5001 et
957 4943 1300 5025 interpretis
1322 4942 1640 5004 let-tionem
1656 4945 1877 5025 ample-

206 5037 375 5099 ctor,
410 5024 854 5102 legendumque
906 5041 1122 5083 crnseo
1158 5040 1172 5084 :
1208 5028 1235 5080 ὁ
1267 5024 1326 5081 ἐκ
1356 5026 1567 5082 πάντων
1616 5024 1871 5105 γεγονώς,

206 5110 311 5164 καὶ
391 5112 487 5174 τῆς
574 5107 895 5180 οἰκονομίαις.
1003 5105 1444 5181 μ-εῖνίενέστερθς
1512 5115 1603 5164 τοῦ
1676 5106 1872 5185 λόγοιθ

206 5188 414 5266 Σώτήρ
489 5186 609 5248 Cur
634 5195 833 5266 autem
861 5183 1127 5246 Salvator
1158 5184 1411 5266 dicatur,
1447 5192 1544 5253 τῆς
1575 5183 1876 5261 οἰκονομίας

206 5269 434 5345 Σωτήρ,
472 5266 616 5328 ratio
664 5265 725 5327 in
762 5275 1036 5344 promptu
1070 5275 1157 5325 est
1194 5285 1206 5326 :
1242 5267 1380 5345 quia
1409 5266 1632 5327 scilicet
1660 5266 1877 5328 huma-

207 5367 314 5410 nae
343 5347 548 5409 salutis
600 5351 996 5428 procurandae
1051 5364 1230 5407 causa
1282 5346 1437 5428 (quae
1481 5347 1701 5411 Graecis
1729 5351 1877 5405 οἰχο-

205 5429 380 5503 «topia
412 5436 521 5503 est,
575 5426 639 5489 ut
667 5445 848 5508 supra
878 5426 1187 5508 diximus),
1245 5426 1503 5489 animale
1533 5446 1749 5507 corpus
1785 5428 1879 5489 in-

205 5510 371 5581 duit,
406 5517 469 5570 ut
496 5508 673 5589 paulo
700 5506 831 5589 pest
878 5506 1215 5588 subjicitur,
1251 5509 1407 5588 quod
1471 5506 1880 5590 quidemcor-

2026 4218 2119 4299 (3)
2178 4218 2346 4299 Λόγον
2390 4218 2765 4286 ﬁnitam-31.11:.
2830 4219 3175 4299 Legendum
3233 4219 3353 4280 vult
3393 4216 3611 4280 Billius

1951 4323 2260 4367 πεποιηται.

2038 4380 2129 4458 (4)
2151 4380 2229 4461 De
2249 4398 2318 4442 eo
2336 4379 2540 4451 Verbo,
2565 4380 2725 4458 quod
2750 4381 2808 4442 ei
2834 4382 2895 4442 in
2916 4382 3219 4461 principio
3238 4380 3465 4453 dictum
3499 4386 3607 4461 est.

1957 4455 2312 4522 Atldendum
2346 4479 2419 4522 ex
2461 4455 2666 4522 Graiae
2699 4477 2712 4522 :
2746 4462 2817 4523 de
2843 4455 2928 4522 μεθ’
2958 4455 3155 4534 Verbo,
3183 4461 3257 4522 (te
3278 4478 3394 4540 quo
3422 4455 3611 4539 supra

1960 4544 2025 4603 in
2042 4542 2579 4622 principiodictum
2598 4540 2887 4613 estQuod
2913 4543 3128 4603 clarius
3152 4541 3323 4603 vertit
3361 4540 3567 4602 Billius
3594 4561 3607 4601 :

1961 4621 2132 4684 (left)
2148 4621 2450 4704 AVerbo,de
2471 4640 2589 4704 quo
2612 4639 2799 4701 supra
2824 4624 2887 4683 in
2908 4623 3211 4704 principio
3238 4622 3616 4704 (vetitus/ue-

1962 4710 2083 4764 rat.
2134 4701 2499 4783 Quanquatn‘
2542 4710 2737 4764 tamen
2800 4701 2915 4763 non
2960 4702 3260 4763 immerito
3319 4702 3619 4763 existimat

1969 4785 2187 4845 Fronto
2223 4781 2363 4845 Duc.
2395 4781 2615 4845 Graecis
2643 4784 2823 4843 alium
2862 4785 3109 4845 subesse
3143 4800 3316 4862 po-se
3371 4800 3613 4841 sensum

1967 4864 2167 4943 (quem
2197 4864 2505 4943 amplexus
2535 4873 2624 4925 est
2658 4864 2968 4936 l'elaviuSF,
2999 4864 3227 4924 csilicet
3264 4879 3277 4923 :
3314 4865 3616 4939 recapitu-

1960 4906 2094 5005 ίίίηε
2120 4946 2280 5006 enim
2301 4906 2378 5006 ’ἷιε
2400 4963 2469 5007 eo
2514 4943 2719 5025 Verbo,
2754 4947 2915 5023 qttml
2948 4913 3025 5006 2w
3055 4962 3124 5006 eo
3166 4960 3356 5022 supra
3389 4906 3618 5025 digium

1959 5034 2046 5086 est
2080 5027 2145 5106 in
2171 5027 2476 5106 prittcipio
2505 5023 2718 5104 fuisse.
2752 5029 2920 5086 Hunc
2952 5025 3194 5106 quidem
3230 5041 3470 5083 sensum
3502 5023 3617 5084 im-

1962 5105 2174 5185 probat
2205 5105 2480 5171 Grabius.
2525 5108 2700 5185 quia,
2747 5104 3062 5186 inquitﬂ'n
3095 5104 3310 5186 Graece
3335 5122 3455 5165 non
3508 5113 3618 5178 est,

1960 5183 2013 5242 ὲν
2038 5187 2186 5267 ἀρχῇ
2232 5187 2373 5243 εἶναι
2410 5183 2885 5267 ,νς-τὸυηΝριηιῖυ
2934 5187 3103 5247 deest
3158 5183 3416 5246 Verbum
3450 5186 3615 5257 εἶναι,

1960 5265 2469 5346 εθιιδυὴὶηιθυίεἰ
2504 5265 2648 5327 nihil
2691 5278 2864 5329 vetat.

2050 5347 2135 5425 (5)
2166 5345 2544 5410 Inlutbimvt't
2588 5350 2651 5409 in
2685 5348 2873 5409 nobis.
2911 5345 3007 5409 Sic
3038 5345 3213 5407 codd.
3269 5346 3529 5409 Clarom.
3565 5354 3622 5407 et

1970 5432 2157 5499 l’ass.,
2194 5428 2391 5489 caeteri
2419 5427 2711 5490 habitavit
2746 5429 2806 5489 in
2834 5427 3026 5488 nubis.

2052 5509 2139 5585 (6)
2166 5508 2270 5570 Ea:
2290 5510 2564 5570 omnibus
2578 5506 3173 5587 factus.Auctoritate
3194 5505 3330 5567 cod.
3359 5505 3616 5568 Clarom.

208 5607 332 5672 pus
407 5589 466 5646 ἐκ
500 5588 614 5657 ίτῆς
690 5588 992 5664 οἰκονομίας
1090 5588 1574 5665 κατεόκευασμὲνον
1674 5588 1873 5669 esse“,

1971 5588 2140 5684 deleo
2171 5588 2440 5681 verbum,
2474 5598 2581 5652 est.
2634 5598 2842 5684 utpolf.
2864 5588 3257 5684 superﬂuum;

205 5669 463 5750 ἆτρονοίᾳ,
516 5688 597 5733 ea:
654 5669 1111 5749 dispensatione

205 5748 446 5828 causa),
465 5748 878 5814 constructum
898 5748 1308 5812 inenarrabili
1327 5757 1461 5813 arte
1479 5750 1875 5813 tlicebautVa-

208 5831 537 5895 lentiniani

297 5911 380 5990 (2;
419 5904 475 5971 '0
521 5923 613 5971 τοῦ
671 5915 833 5988 μόνον
877 5920 1030 5974 Θεοῦ.
1083 5914 1168 5973 Le
1213 5911 1329 5974 isse
1398 5911 1633 5973 videtur
1685 5911 1877 5974 inter-

213 6011 382 6075 pres,
428 5994 535 6050 ἀπὸ
563 6004 679 6073 τοῦ,
740 6012 858 6055 non
910 5997 937 6050 ὁ
994 6004 1099 6064 τοὺ,
1148 5992 1251 6055 sed
1287 6002 1604 6072 utrumque
1663 5991 1875 6054 eodem

1170 5667 1251 5746 (td
1285 5678 1374 5730 est
1403 5670 1610 5732 salutis
1663 5667 1885 5732 neStrae

2052 5668 2330 5747 (7)'Elsit
2344 5672 2661 5747 posterior.
2686 5663 2766 5733 l'ta
2783 5663 3125 5732 Claromout
3158 5717 3173 5740 ,
3196 5663 3620 5747 Pass.,Arun_d.

1965 5760 2024 5812 et
2055 5744 2224 5813 Vess.
2260 5744 2392 5811 cum
2448 5751 2591 5812 etlit.
2628 5754 2814 5815 Oxon.
2855 5750 2916 5811 ln
2946 5748 3178 5811 casteris
3242 5748 3472 5809 vitiose.
3507 5744 3620 5806 sic.

2046 5830 2132 5908 (8)
2160 5830 2466 5894 Salvator.
2505 5831 2675 5893 Atltle
2731 5851 2797 5892 ex
2830 5830 2927 5892 Gr.
2972 5830 3449 5910 dispensationis
3478 5823 3624 5884 Sul-

1962 5921 2155 5974 vator.
2194 5911 2349 5986 Lege
2382 5910 2513 5975 Not.
2560 5915 2608 5974 l.
