4132 6454
356 369 479 438 585

1410 386 1719 451 CONTRA
1754 387 2119 452 H/ERESES
2163 390 2393 453 LIBER
2430 390 2740 454 PRIMUS.

3578 478 3581 479 θ
3628 392 3749 458 sse

356 506 536 582 ἵζεσθαι
594 514 754 571 αὐτὸν
819 522 1091 597 πειρᾶται,
1165 518 1226 574 οὗ
1309 519 1474 596 μόνον
1526 521 1664 577 κατὰ
1729 521 1829 589 τὴν
1900 527 2003 578 τῶν

2091 518 2172 581 ris
2200 518 2666 601 copulatiouem,
2699 529 2757 583 et
2778 519 3117 583 secundum
3143 523 3345 585 omnia
3374 522 3533 585 uniri
3565 523 3621 585 ei
3649 545 3749 586 cu-

357 601 709 690 ὺπαρχόντων
791 601 933 662 δόσιν
1024 605 1163 674 (ὅθεν
1252 610 1340 666 καὶ
1425 609 1722 690 χρημάτων
1806 609 2010 678 πλῆθος

357 687 493 745 πολὺ
549 693 956 774 συνενήνοχεν),
990 694 1128 753 ἄλλα
1182 699 1272 756 καὶ
1321 687 1465 756 κατᾶ-
1524 701 1624 768 τὴν
1683 707 1778 758 τοῦ
1834 687 2110 776 σώματος*
2140 702 2419 757 κοινωνίαν

364 776 528 853 μένη,
699 782 790 839 σὺν
818 784 962 858 αὖτῷ
988 784 1217 864 κατέλθῃ
1248 788 1322 852 εἱς
1366 790 1429 845 τὸ
1452 786 1530 849 ἓν.

445 868 503 930 4.
570 858 720 938 "Han
780 871 835 930 δὲ
877 882 984 932 τῶν
1061 858 1329 956 προτέρων
1388 880 1471 952 (1)
1526 882 1667 943 τινὲς
1724 879 2008 959 γυναικῶν,

362 963 469 1015 τῶν
510 960 755 1041 ἐχουσῶν
809 966 901 1021 τὸν
943 963 1105 1046 φόϐον
1145 970 1240 1025 τοῦ
1298 976 1450 1045 Θεοῦ,
1496 970 1692 1045 καὶμὴ
1737 968 2013 1037 ἐξαπατη-

361 1050 572 1129 θεισῶν,
633 1050 694 1116 ἂς
750 1056 947 1137 ὁμοίως
1017 1071 1139 1123 ταῖς
1196 1057 1417 1123 λοιπαῖς
1461 1048 1776 1131 ἒπετήδευσε
1829 1081 2010 1138 παρα-

360 1140 573 1210 πείθειν,
660 1142 892 1201 κελεύων
962 1147 1148 1213 αὒταῖς
1202 1149 1575 1229 προφητεύειν,
1620 1152 1708 1206 καὶ
1765 1171 2007 1230 καταφυ-

356 1230 606 1311 σήσκσαι,
667 1235 756 1291 καὶ
826 1237 1306 1313 καταθεματίσασαι
1379 1239 1555 1313 αὒτόν,
1632 1239 2008 1319 ἐχωρίσθησαν

346 1326 441 1375 τοῦ
484 1321 722 1379 τοιούτου
782 1325 963 1383 θιάσου
1001 1344 1014 1358 ⁸
1080 1326 1310 1407 ἀκριϐῶς
1368 1326 1580 1408 εἰδυῖαι,
1632 1327 1714 1385 ὅτι
1784 1350 2005 1408 προφη-

348 1409 520 1466 τεύειν
569 1411 671 1492 οὔχ
734 1415 836 1471 ὑπὸ
908 1416 1121 1493 Μάρκου
1191 1417 1285 1474 τοῦ
1327 1419 1500 1498 μάγου
1559 1418 1823 1498 ἐγγίνεται
1887 1431 2007 1481 τοῖς

353 1497 673 1583 ἀνθρώποις,
717 1502 839 1560 ἀλλ’
868 1509 951 1570 οἷς
983 1504 1044 1562 ἂν
1076 1509 1103 1563 ὁ
1148 1509 1277 1574 Θεὸς
1337 1497 1531 1566 ἅνὼθεν
1577 1497 1860 1587 ἐπιπέμψῃ
1905 1512 2007 1575 τὴν

357 1588 517 1668 χάριν
547 1593 727 1667 αὖτοῦ,
762 1594 904 1651 οὗτοι
932 1594 1209 1654 θεόσδοτον
1268 1597 1453 1678 ἔχωσι
1495 1599 1595 1666 τὴν
1652 1598 2005 1678 προφητείαν,

361 1680 448 1736 καὶ
499 1680 622 1737 τότε
677 1680 926 1742 λαλοῦσιν
977 1684 1095 1742 ἔνθ)⁴
1178 1689 1264 1745 καὶ
1331 1687 1491 1745 ὁπότε
1550 1687 1679 1750 Θεὸς
1735 1684 2005 1766 βούλεται,

359 1766 480 1857 ἀλλ’
536 1771 640 1850 οὐχ
694 1770 783 1829 ὅτε
839 1776 1049 1853 Μάρκος
1097 1774 1325 1837 κελεύει.
1388 1780 1461 1836 Τὸ
1530 1777 1630 1857 γὰρ
1672 1774 1887 1833 κελεῦον
1916 1781 2009 1832 τοῦ

358 1856 706 1934 κελευομένου
761 1863 947 1937 μεῖζόν
1002 1886 1060 1922 τε
1102 1868 1192 1923 καὶ
1246 1867 1586 1945 κυριώτερον,
1648 1865 1764 1922 ἐπεὶ
1804 1864 1867 1921 τὰ
1911 1865 2007 1940 μὲν

358 1963 702 2028 προηγεῖται,
749 1954 811 2009 τὸ
867 1951 921 2011 δὲ
979 1956 1331 2015 ὑποτέτακται
1385 1955 1491 2029 (Ξ).
1542 1959 1600 2015 Εἰ
1644 1956 1735 2014 οὗν
1790 1957 2009 2035 Μάρκος

357 2038 457 2113 μὲν
498 2038 726 2112 κελεύει,
798 2042 835 2111 ἢ
894 2042 1054 2110 ἄλλος
1111 2068 1216 2121 τις,
1290 2049 1364 2114 ὡς
1438 2047 1679 2105 εἰώθασιν
1746 2046 1835 2103 επὶ
1882 2030 2009 2110 ’τοῖς
2036 2030 2071 2079 Β

357 2125 583 2195 δείπνοις
621 2134 716 2189 τού
767 2131 965 2212 κλήρου
1024 2135 1107 2205 (3)
1171 2139 1312 2194 οὗτοι
1368 2137 1596 2194 πάντοτε
1651 2135 1880 2215 παίζειν,
1926 2135 2013 2191 καὶ

356 2216 620 2289 ἀλλήλοις
651 2220 1019 2301 ἐγκελεύεσθαι
1061 2227 1125 2282 τὸ
1166 2227 1539 2306 προφητεύειν,
1584 2227 1672 2283 καὶ
1728 2225 1861 2303 πρὸς
1915 2224 2011 2287 τὰς

356 2306 486 2373 ἰδίας
545 2308 821 2387 ἐπιθυμίας
879 2314 1092 2379 ἑαυτοῖς
1179 2316 1546 2392 μαντεύεσθαι,
1621 2315 1768 2372 ἔσται
1828 2316 1857 2371 ὁ
1913 2335 2008 2369 κε-

356 2394 525 2455 λεύων
583 2402 780 2474 μείζων
836 2424 894 2459 τε
964 2406 1051 2462 καὶ
1126 2406 1440 2485 κυριώτερος
1507 2407 1602 2462 τοῦ
1672 2409 2011 2484 προφητικοῦ

354 2487 682 2571 πνεύματος,
755 2489 1027 2573 ἅνθρωπος
1092 2494 1168 2554 ὤν
1200 2512 1213 2527 ⁸
1287 2494 1418 2575 ὅπερ
1486 2494 1761 2554 ἀδύνατον.
1842 2491 2011 2551 Ἀλλὰ

355 2586 569 2636 τοιαῦτα
611 2579 937 2658 κελευόμενα
989 2582 1078 2642 ὑπ’
1147 2584 1327 2643 αὐτῶν
1399 2586 1699 2663 πνεύματα,
1760 2584 1848 2641 καὶ
1906 2580 2007 2639 λα·-

355 2666 545 2725 λοῧντα
593 2671 755 2727 ὁπότε
796 2670 1073 2749 βούλονται
1131 2677 1296 2751 αὐτοὶ,
1371 2677 1623 2756 ὲπίσαθρα
1665 2675 1754 2730 γαὶ
1810 2670 2008 2752 ἀδρανῆ

357 2756 490 2847 εστι,
543 2758 788 2839 τολμηρὰ
867 2759 922 2817 δὲ
1005 2764 1095 2820 καὶ
1170 2763 1380 2847 ἀναιδῆ,
1462 2767 1563 2822 ὑπὸ
1635 2765 1730 2821 τοῦ
1797 2765 2010 2817 Σατανᾶ

359 2844 732 2924 ἐκπεμπόμενα
791 2853 924 2931 πρὸς
1012 2844 1374 2922 ἐξαπάτησιν
1432 2856 1521 2912 καὶ
1575 2851 1846 2911 ἀπώλειαν
1902 2856 2008 2906 τῶν

2094 607 2198 690 pit,
2236 617 2299 670 ut
2319 627 2452 671 cum
2479 628 2549 672 eo
2579 610 2903 673 descendat
2925 609 2986 669 in
3010 629 3219 674 unum.

2430 748 2445 781 ,
2506 702 2643 758 κατὰ
2711 702 2883 758 πάντα
2939 699 3174 757 ὲνοῦσθαι
3235 701 3376 776 αὗτῴ
3435 706 3745 783 προθυμου-

2180 880 2235 958 4,
2266 881 2396 941 Jam
2420 898 2560 940 vero
2583 878 2853 960 quaedam
2873 898 2943 941 ex
2972 878 3335 942 ﬁdelissimis
3366 881 3743 959 mulieribus,

2094 986 2227 1048 quae
2254 969 2476 1031 habent
2507 971 2588 1039 (4)
2623 969 2900 1032 timorem
2930 968 3063 1051 Dei,
3097 977 3155 1030 et
3187 988 3304 1031 non
3336 978 3474 1031 sunt
3501 971 3745 1034 seduci-

2097 1056 2247 1117 biles
2277 1060 2379 1133 (5),
2414 1077 2560 1140 quas
2607 1058 2886 1121 similiter
2917 1068 2980 1120 ut
3008 1057 3272 1139 reliquas
3315 1060 3610 1122 affectavit
3641 1080 3744 1123 se-

2095 1145 2341 1221 ducere,
2369 1147 2592 1228 jubens
2623 1148 2711 1211 eis
2742 1149 2820 1225 (6)
2852 1148 3239 1229 praphetare,
3289 1149 3666 1214 exsufﬂantes
3691 1159 3750 1213 et

2094 1237 2675 1298 catathematizantes
2731 1237 2812 1311 (6)
2872 1256 3033 1312 eum,
3095 1247 3521 1317 separaverunt
3562 1258 3627 1302 se
3671 1240 3747 1302 ab

2093 1325 2432 1401 hujusmodi
2461 1326 2700 1402 insano,
2730 1325 2833 1407 qui
2861 1345 2926 1388 se
2952 1326 3219 1389 divinum
3250 1327 3483 1407 spirare
3511 1329 3751 1391 simula-

2090 1412 2191 1474 bat
2218 1416 2340 1488 (8i:
2380 1434 2486 1496 pro
2518 1422 2679 1477 certo
2730 1416 3010 1491 scientes,
3045 1414 3326 1497 quoniam
3388 1418 3750 1498 prophetare
3794 1428 3795 1433 ‘

2090 1521 2211 1564 non
2242 1525 2272 1563 a
2305 1507 2505 1568 Marco
2532 1524 2697 1584 mago
2726 1504 2950 1567 inditur
2978 1504 3460 1577 hominibus,sed
3492 1507 3747 1588 quibus-

2093 1610 2326 1672 cunque
2348 1592 2506 1655 Deus
2538 1595 2800 1673 desuper
2829 1593 3143 1656 immiserit
3177 1595 3424 1673 gratiam
3458 1612 3649 1675 suam,
3688 1597 3747 1658 hi

2090 1698 2125 1739 a
2160 1684 2280 1742 Deo
2300 1682 2571 1743 traditam
2603 1683 2825 1745 habent
2853 1682 3317 1764 prophetiam,et
3341 1691 3480 1745 tunc
3499 1685 3750 1766 loquun-

2093 1778 2191 1830 tur
2244 1770 2344 1832 ubi
2377 1780 2434 1833 et
2463 1772 2701 1852 quando
2754 1771 2914 1833 Deus
2958 1772 3111 1847 vult,
3176 1772 3281 1834 sed
3337 1792 3457 1834 non
3509 1775 3747 1855 quando

2093 1858 2321 1922 Marcus
2350 1860 2540 1940 jubet.
2566 1860 2734 1934 Quod
2768 1861 2929 1923 enim
2960 1860 3151 1941 jubet,
3184 1880 3255 1923 eo
3286 1862 3373 1941 (9)
3388 1867 3547 1943 quod
3572 1864 3751 1943 jube-

2095 1957 2190 2009 tur
2219 1949 2409 2030 majus
2460 1955 2553 2014 est
2582 1950 3032 2014 etdominatius
3083 1952 3207 2026 (16)
3265 1953 3548 2032 quoniam
3603 1952 3748 2014 illud

2096 2038 2335 2118 quidem
2366 2040 2459 2100 6'5
2508 2040 2903 2120 principatur,
2963 2040 3106 2101 illud
3154 2049 3353 2101 autem
3412 2039 3750 2121 subjectum

2098 2136 2210 2190 est.
2245 2128 2308 2190 Si
2339 2146 2480 2207 ergo
2512 2131 2749 2192 Marcus
2777 2128 3018 2209 quidem
3044 2127 3241 2209 jubet,
3283 2129 3377 2191 vel
3407 2130 3561 2191 alius
3589 2130 3746 2212 quis,

2095 2217 2250 2280 sicut
2309 2217 2504 2279 solent
2533 2218 2592 2280 in
2626 2218 2817 2282 caenis
2864 2217 3127 2280 sortibus
3173 2218 3238 2280 hi
3294 2219 3573 2281 homines
3621 2221 3749 2301 (11)

2095 2305 2334 2384 ludere,
2373 2316 2431 2368 et
2466 2306 2857 2388 sibimetipsis
2899 2307 3149 2371 invicem
3182 2306 3480 2388 imperare
3507 2317 3570 2369 ut
3604 2326 3748 2390 pro-

2097 2398 2432 2476 phetent,et
2446 2395 2781 2458 secundum
2801 2414 2938 2457 suas
2969 2396 3492 2476 concupiscentias
3511 2416 3615 2460 eos
3635 2399 3751 2461 sibi

2095 2486 2483 2567 prophetare,
2514 2485 2629 2548 erit
2652 2486 2778 2556 ille,
2812 2485 2914 2564 qui
2930 2485 3122 2566 jubet,
3159 2494 3217 2548 et
3247 2488 3438 2568 major
3466 2495 3527 2549 et
3547 2488 3748 2550 domi-

2094 2576 2288 2637 natior
2340 2575 2692 2656 prophetico
2732 2575 2974 2656 spiritu,
3024 2594 3160 2638 cum
3208 2575 3286 2637 sit
3313 2576 3535 2658 homo;
3589 2577 3749 2657 quod

2094 2672 2184 2726 est
2210 2663 2607 2746 impossibile.
2647 2663 2762 2727 Sed
2784 2664 2932 2727 tales
2961 2664 3222 2746 qaidem,
3242 2665 3343 2746 qui
3365 2664 3654 2746 jubentur
3672 2665 3747 2728 ab

2091 2752 2257 2834 ipsis,
2294 2754 2567 2835 spiritus,
2600 2763 2660 2816 et
2692 2753 3015 2835 loquuntur
3067 2758 3306 2835 quando
3355 2754 3559 2816 volunt
3604 2755 3743 2837 ipsi,

2093 2845 2319 2907 terreni
2347 2852 2406 2906 et
2435 2844 2659 2906 inﬁrmi
2690 2841 3117 2918 sunt,audaces
3131 2851 3332 2908 autem
3350 2852 3411 2907 et
3431 2845 3511 2906 im
3518 2845 3745 2927 puden-

1627 2955 1847 3014 BILLlI
1885 2953 2469 3016 INTEBPBETATIO.

356 3030 655 3103 largitione
711 3035 887 3105 (unde
920 3036 1367 3111 ‘illefingentem
1414 3036 1666 3111 pecuniae
1694 3039 2066 3111 vimjcoegit),
2099 3036 2200 3094 sed
2230 3036 2400 3111 etiam
2432 3035 2691 3105 corporis
2721 3035 2809 3111 sui
2834 3034 3351 3094 communicatione
3382 3040 3743 3096 remunerari

350 3114 749 3180 copatu_r,_per
778 3107 969 3166 omnia
1003 3107 1277 3167 nimirum
1320 3110 1371 3166 ei
1406 3107 1662 3180 copulari
1695 3107 1971 3175 studens.“
1989 3107 2052 3168 ut
2080 3124 2211 3167 cum
2243 3123 2310 3180 eo
2340 3108 2403 3180 in
2427 3121 2609 3180 unum
2641 3109 2849 3165 veniat.
2884 3179 2893 3180 ί
3103 3178 3111 3180 _
3200 3177 3213 3180 4
3333 3177 3349 3180 Α
3462 3130 3469 3147 ι

429 3176 481 3230 4.
539 3176 837 3236 Enimvero
892 3180 1164 3238 mulieres
1208 3176 1495 3251 quaedam'
1525 3179 1831 3240 fideliores.
1884 3197 1952 3239 ac
1991 3186 2192 3239 timore
2250 3179 2351 3235 Dei
2383 3176 2650 3249 praeditas,
2682 3192 2795 3251 nee
2845 3179 2917 3236 ab
2974 3194 3041 3236 eo
3097 3178 3158 3236 in
3188 3177 3447 3236 fraudem
3497 3177 3745 3237 inductae

352 3249 516 3324 (quas
544 3264 708 3320 seque
737 3265 815 3324 ac,
832 3251 1085 3324 reliquas
1114 3248 1387 3311 seducere
1414 3254 1756 3311 instituerat.
1782 3252 1993 3324 jubens
2051 3267 2147 3309 eas
2178 3248 2556 3324 prophetare).
2595 3248 2963 3324 exsuﬂlantes
2993 3265 3146 3317 eum,
3198 3265 3266 3307 ac
3295 3251 3741 3324 dirisemnibus

353 3321 716 3395 devoventes,
766 3322 838 3379 ab
866 3321 1195 3395 hujusmodi
1228 3325 1405 3381 choro
1435 3338 1559 3380 sese
1587 3321 1994 3382 abstraxerunt
2024 3342 2039 3390 ;

2101 3335 2162 3381 ut
2190 3322 2399 3394 quibus
2432 3322 2925 3394 hocexploratum
2950 3330 3119 3393 esset,
3149 3321 3494 3379 vaticinandi
3526 3336 3740 3394 munus

353 3405 467 3467 non
502 3392 981 3467 Marcibeneﬂcio
1012 3396 1343 3453 hominibus
1373 3397 1730 3467 contingere,
1779 3411 1977 3454 verum
2034 3412 2132 3453 eos
2160 3392 2414 3461 demum,
2444 3393 2655 3467 quibus
2692 3393 2845 3467 Deus
2874 3392 3115 3467 gratiam
3151 3408 3313 3467 suam
3355 3406 3601 3464 superne
3629 3392 3741 3450 im-

350 3464 590 3549 miserit,
628 3464 923 3549 .divinitus
940 3467 1139 3549 datam
1172 3464 1798 3549 prophetiamhaberd
1831 3482 1899 3549 ac
1926 3467 2173 3549 tumubi
2202 3473 2257 3522 et
2283 3468 2514 3549 quando
2546 3464 2694 3549 Deus
2720 3464 2985 3549 voluerit,
3015 3466 3192 3549 loqui,
3224 3478 3341 3549 non
3368 3475 3579 3549 autem
3604 3479 3736 3549 eum

346 3535 573 3611 Marcus
584 3606 595 3611 _
620 3535 877 3608 jusserit.
914 3535 1242 3611 ,Etenim'is
1271 3535 1369 3610 qui
1395 3538 1578 3610 jubet,
1612 3554 1679 3595 eo
1710 3538 1799 3611 cui
1832 3540 2147 3611 imperatur
2190 3535 2388 3611 maior
2411 3544 2517 3611 est,
2550 3545 2719 3607 atque
2749 3535 3496 3611 auctoritateprastantior,
3529 3536 3742 3611 quippe

345 3620 478 3664 cum
538 3606 635 3665 ille
665 3611 877 3735 praesit.
913 3610 1006 3666 hic
1034 3611 1237 3667 subsit.
1289 3606 1575 3679 'Quocirca
1633 3613 1678 3666 si
1737 3606 1978 3675 Marcus,
2021 3619 2120 3669 aut
2148 3606 2306 3667 alius
2329 3608 2730 3736 quispiamest
2752 3608 2851 3679 qui
2875 3607 3062 3680 jubet,
3096 3606 3158 3665 ut
3186 3606 3613 3666 consueverunt
3643 3606 3740 3666 isti

347 3677 407 3734 in
438 3681 620 3736 omnis
651 3680 665 3735 i
698 3680 787 3736 lis.
820 3694 967 3736 uuas
995 3681 1246 3736 sortibus
1302 3683 1524 3736 ineunt.
1553 3696 1779 3736 semper
1836 3682 2056 3736 ludere.
2089 3692 2259 3736 atque
2310 3696 2339 3736 a
2371 3680 2410 3736 ii
2440 3679 2569 3736 aliis
2626 3688 2687 3736 ut
2720 3682 3063 3736 nronhetent
3091 3681 3398 3736 imperare.
3432 3689 3738 3736 consenta-

2310 3696 2339 3737 θ

347 3677 407 3734 in
438 3681 620 3737 omnis
651 3677 787 3753 illis.
820 3694 967 3753 quas
995 3681 1246 3739 sortibus
1302 3677 1524 3742 ineunt.
1553 3696 1779 3752 semper
1836 3682 2056 3741 ludere.
2089 3692 2259 3753 atque

2371 3680 2410 3736 ii
2440 3679 2569 3736 aliis
2626 3688 2687 3736 ut
2720 3679 3063 3750 prophetent
3091 3681 3398 3750 imperare,
3432 3689 3738 3738 consenta-

346 3762 567 3835 neaque
593 3750 1002 3835 cupiditatibus
1032 3755 1153 3810 suis
1188 3754 1443 3835 vaticinia
1471 3754 1579 3811 sibi
1613 3750 1750 3835 ipsis
1787 3754 1976 3835 edere,
2009 3750 2364 3835 nimirumnis
2389 3752 2493 3835 qui
2536 3750 2722 3835 jubet,
2749 3752 2926 3835 μίξῳο
2957 3754 3209 3835 eumsi},
3244 3750 3459 3835 majore
3487 3751 3739 3835 auctori-

346 3829 459 3879 tate

515 3821 787 3897 praeditus
813 3825 940 3889 erit,
972 3839 1144 3896 quam
1192 3824 1439 3897 Spiritus
1468 3821 1700 3883 sanctus
1733 3847 1744 3880 :
1806 3826 1962 3897 quod
1992 3826 2225 3897 quidem
2278 3821 2551 3897 ﬁeri'non
2584 3821 3047 3897 potestuVerum
3084 3821 3434 3897 hujusmudi
3474 3822 3733 3897 spiritus,

346 3892 555 3965 quibus
582 3895 668 3952 illi
699 3892 1008 3966 imperant;
1064 3892 1278 3970 quique
1323 3898 1396 3956 ad
1425 3911 1619 3956 eorum
1648 3892 1854 3956 nutum
1911 3892 2329 3968 arbitriumque
2356 3892 2688 3966 loquuntur,
2721 3893 2935 3951 inﬁrmi
2965 3892 3052 3952 illi
3081 3892 3314 3965 quidem
3339 3901 3395 3952 et
3420 3893 3738 3953 imbecilles

425 4010 505 4081 (Ι)
564 4006 865 4088 Προτέρων.
922 4004 1065 4086 Leg.
1137 4025 1272 4071 cum
1337 4006 1669 4088 interprete
1735 4009 1989 4067 πιστοτὲ..

2091 4024 2258 4089 (nam
2286 4007 2603 4070 scientiam
2631 4005 3052 4087 exsufﬂantes,
3080 4014 3141 4069 et
3177 4006 3735 4070 catathemauzan-

343 4106 473 4161 ρων.

387 4165 504 4260 '(2)
565 4154 967 4228 ’rménmat.
1000 4165 1068 4230 In
1102 4168 1244 4232 edit.
1277 4166 1603 4232 Oxoniensi
1647 4166 1802 4231 male
1854 4193 1988 4250 προ-

341 4266 592 4308 τετακται
601 4298 614 4311 ,

424 4329 506 4401 (3)
540 4316 655 4389 Ἐπὶ
708 4344 827 4398 τοῖς
871 4329 1103 4412 δείπνοις
1144 4336 1239 4388 τοῦ
1265 4329 1487 4412 κλήρου.
1522 4328 1752 4393 Alludit
1785 4340 1992 4394 auctor

344 4405 419 4491 ad
455 4414 713 4475 veterem
770 4410 1182 4475 conviviorum
1230 4405 1599 4491 agendorum
1640 4429 1893 4476 morem.
1924 4413 1990 4473 1n

345 4489 439 4574 his
469 4493 762 4574 enimrrex
796 4492 1235 4574 conviviiunus
1256 4489 1479 4574 aliquis
1509 4500 1672 4574 sorte
1719 4492 1858 4574 eligi
1896 4511 1994 4554 so-

343 4569 521 4655 lebat,
555 4573 655 4655 qui
696 4575 938 4637 modum
991 4571 1237 4636 bibendi
1274 4569 1544 4655 poneret.
1579 4572 1735 4636 Hinc
1782 4569 1988 4636 Horat.

345 4653 549 4719 Carm.
573 4653 689 4719 lib.
724 4673 790 4731 Il,
814 4655 911 4719 od.
944 4656 979 4717 7
1009 4672 1025 4718 :

426 4778 440 4793 .
494 4780 510 4796 .
560 4783 579 4798 .
630 4785 642 4798 .
697 4738 888 4813 Quem
922 4734 1122 4799 Venus
1150 4735 1458 4799 arbitrum

504 4819 675 4881 Dicet
705 4817 970 4882 bibendi.

415 4896 491 4958 Et
519 4901 737 4964 Carm.
772 4899 876 4963 lib.
898 4916 942 4974 ι,
966 4896 1068 4962 0d.
1097 4897 1175 4961 4:

408 4977 533 5061 Nec
559 4997 752 5061 regna
781 4980 913 5061 vini
938 4980 1193 5061 sortiere
1219 4978 1382 5043 talis.

413 5058 586 5123 Hunc
616 5055 866 5125 bibendi
894 5058 1183 5121 arbitrum
1216 5061 1401 5122 Varro
1425 5058 1532 5123 lib.
1563 5059 1862 5121 xxRerum
1877 5055 1988 5120 hu-

326 5158 525 5222 ηιαιιη
548 5140 1121 5222 Μοάἰηςρενατοιςεγη
1170 5149 1356 5218 vocat;
1388 5139 1739 5222 Laertiusin
1770 5137 1988 5219 Empe-

330 5220 593 5303 doclc,et
613 5219 969 5287 Plutarchus
987 5219 1268 5303 Sympos.
1296 5240 1339 5297 ι,
1362 5220 1540 5301 cap.4
1560 5222 1983 5303 συμποσίαρχον,

329 5302 425 5366 vel
446 5305 883 5386 συμποσιάρχαν,
917 5299 1118 5386 caeteri
1141 5299 1991 5386 Regem,conviviiiaciebano

336 5395 432 5448 tur
464 5393 524 5449 et
546 5381 741 5451 sortes
756 5381 843 5450 de
865 5384 1021 5465 loco,
1044 5383 1108 5445 in
1137 5381 1254 5464 quo
1289 5382 1541 5465 quisque
1581 5381 1983 5465 accumberet,

2077 4096 2186 4160 tes,
2234 4096 2352 4151 etc.

2162 4169 2239 4250 t8)
2272 4168 2519 4250 Insano,
2541 4167 2718 4249 quise
2729 4164 3734 4250 divinumspiraresimulabatLSic

2076 4245 2313 4313 unicam
2345 4245 2611 4313 Graecam
2649 4266 2857 4310 vocem
2904 4245 3082 4306 θίασον
3131 4245 3332 4311 reddit
3372 4250 3566 4309 versio
3613 4246 3731 4311 La-

2077 4331 2223 4394 tina.
2254 4329 2372 4394 Sed
2402 4330 2493 4392 vel
2523 4328 2827 4411 quidpiam
2871 4328 3034 4391 aliud
3093 4327 3241 4411 legit
3281 4326 3604 4409 interpres,
3639 4329 3732 4411 vel

2076 4412 2232 4475 male
2259 4411 2674 4492 vertit.Neque
2705 4411 2868 4472 enim
2892 4412 3069 4492 θίασος
3100 4410 3527 4492 insanum,qui
3553 4426 3618 4471 se
3635 4410 3729 4492 di.

2074 4495 2428 4574 vinum,etc.
2443 4542 2459 4573 ,
2477 4490 2795 4574 signiﬁcat;
2823 4490 2926 4555 sed
2960 4491 3215 4574 proprie
3228 4490 3505 4574 choream
3529 4490 3725 4574 et_sat°

2077 4569 2373 4638 tationem
2395 4569 2602 4637 actam
2626 4574 2692 4634 in
2719 4569 3007 4635 honorent
3040 4569 3539 4648 Bacchi,turbam
3561 4570 3724 4635 Bac-

2074 4654 2272 4719 chicos
2298 4654 2509 4718 choros
2548 4656 2653 4735 agi
2659 4653 3343 4735 tantem;__generaliter,
3365 4657 3605 4735 eretum,
3624 4670 3727 4715 so-

2071 4736 2371 4811 cietatem,
2398 4730 3280 4805 sodalitium.etc.Vertendum
3302 4730 3555 4813 proinde
3573 4743 3726 4813 erat,

2072 4816 2328 4896 legendo
2354 4818 2559 4896 θιάσου,
2585 4823 3026 4896 separaverunt
3054 4833 3129 4896 se
3148 4816 3225 4877 ab
3246 4813 3353 4876 illo
3382 4819 3554 4896 cauat
3588 4815 3730 4896 Pro-

2072 4893 2272 4961 babile
2303 4915 2438 4960 cum
2471 4893 2690 4960 Grabio
2719 4896 3084 4972 censuerim,
3118 4895 3515 4975 interpretem
3540 4893 3729 4975 legis-

2071 4996 2159 5054 se,
2193 4997 2313 5040 non
2360 4978 2625 5059 θιασώτου
2677 4975 2861 5059 (quod
2923 4973 3568 5059 suspicatur—Dillius),
3612 4973 3724 5039 sed

2069 5059 2367 5141 quoddam
2399 5057 2561 5141 aliud
2592 5056 2921 5141 derivatum
2950 5076 2985 5120 a
3012 5056 3370 5141 6e;at§ew,su_i
3397 5065 3727 5141 campo'ent

2070 5138 2194 5203 non
2223 5156 2373 5220 esse,
2406 5140 2686 5202 divinum
2717 5140 3004 5218 afﬂatum
3030 5140 3161 5203 sive
3195 5139 3490 5219 spiritum
3536 5138 3728 5215 alteri

2068 5223 2417 5284 immittere.

2148 5302 2227 5381 (9)
2260 5300 2440 5377 Quod
2467 5303 2633 5365 enim
2662 5302 2848 5379 iubet,
2888 5318 2979 5363 eo.
3015 5300 3116 5364 Sic
3143 5317 3354 5362 omnes
3384 5297 3567 5381 editt._
3587 5317 3724 5361 cum

2070 5378 2301 5447 Graeco.
2326 5383 2404 5446 At
2425 5401 2570 5445 mss.
2595 5378 2731 5445 cum
2760 5381 2970 5459 nostri,
2997 5391 3122 5445 tum
3143 5379 3458 5462 Anglicani
3473 5378 3721 5442 habent:

335 5466 490 5549 etde
523 5466 797 5549 ciborum
830 5463 1119 5549 partibus,
1150 5461 1583 5549 quasfquisque
1612 5461 1986 5535 tolleret;sed
2010 5496 2054 5547 ι)
2073 5463 2370 5549 quienim
2398 5462 2584 5549 iubet,
2617 5464 2698 5549 ab
2727 5480 2820 5527 eo.

335 5548 428 5610 hae
458 5548 654 5611 minus
683 5543 911 5611 faciunt
937 5543 1011 5607 ad
1042 5543 1252 5609 iren'aai
1281 5543 1640 5607 institutum.

414 5628 498 5708 (4)
536 5628 799 5694 Habent.
833 5626 979 5692 Cod.
1014 5624 1190 5690 Voss.
1208 5624 1543 5708 habebant.

407 5706 495 5787 (5)
532 5708 928 5775 Sedueibiles.
961 5706 1330 5770 Vertendum
1365 5713 1513 5780 erat,
1545 5706 1813 5770 seducta.

403 5788 497 5870 (6)
530 5788 754 5853 lubens
786 5791 894 5853 eis.
929 5789 1025 5852 Al.
1057 5789 1278 5870 iubens
1307 5805 1433 5870 eas.

408 5864 1982 5954 t7jcatatltematizantes5iccodd;Claropm.etVoss.,

320 5947 708 6031 necﬁdubium
731 5952 874 6034 quin
896 5951 983 6034 ita
999 5949 1309 6034 scripserit
1323 5947 1718 6034 interpresﬁe;
1747 5947 1985 6034 G_r._xz-

338 6027 766 6113 αθεματίσασαιξ
826 6027 1140 6114 siquidem
1213 6028 1372 6093 infra
1439 6027 1575 6111 cap.
1642 6029 1715 6093 16
1779 6027 1981 6105 habet,

660 6126 931 6189 PATBOL.
977 6123 1093 6187 Gs.
1142 6122 1280 6188 VII.

2152 5543 2276 5620 (10)
2302 5538 2722 5624 ,Dominalius,
2747 5554 2806 5606 et
2828 5542 3003 5624 paulo
3034 5548 3190 5624 post,
3209 5542 3611 5624 dominatior.
3640 5538 3728 5604 Ita

2073 5624 2251 5689 codd.
2285 5622 2877 5699 Clarom.,Arund.et
2910 5622 3091 5686 Mero.
3118 5622 3178 5699 2,
3206 5642 3340 5686 cum
3366 5622 3510 5685 edit.
3530 5622 3724 5686 Oxon.

2004 5710 2016 5719 '
2071 5704 2293 5786 Sicque
2325 5706 2643 5785 legendum
2675 5723 2835 5786 esse,
2888 5724 3008 5767 non
3052 5705 3502 5786 dominantius,
3535 5704 3727 5767 domi.

2069 5785 2346 5869 nuntiat“,
2384 5794 2543 5866 patet
2568 5806 2638 5869 es
2662 5786 2961 5869 lib.u,cap
2993 5785 3171 5859 5,ubi
3195 5785 3258 5848 in
3282 5785 3563 5869 omnibus
3592 5802 3729 5869 cum

2070 5866 2244 5932 editt.
2283 5874 2406 5930 tum
2437 5886 2577 5930 mss.
2613 5866 2835 5947 legitur
2857 5867 3237 5931 dominatior
3264 5875 3326 5930 et
3350 5866 3729 5947 dominatio-

2070 5966 2225 6029 rem.
2262 5945 2779 6029 Dominatius,_id
2798 5957 2890 6029 est
2914 5951 3283 6012 auctoritate
3308 5945 3728 6029 prastantius.

2148 6027 2282 6109 (ii)
2316 6028 2398 6092 Hi
2426 6030 2720 6094 homines.
2756 6028 2847 6092 Al.
2881 6046 3108 6092 omnes.
