4132 6394
417 367 531 432 587

1133 366 1194 428 S.
1237 365 1525 428 ΙΒΕΝᾸΕΙ
1571 363 1920 428 EPISCOPI
1962 358 2505 428 LUGDUNENSIS
2548 364 2646 427 ET
2680 362 3078 430 MARTYRIS

3687 373 3803 438 588

417 509 528 580 tes,
557 517 590 560 a
615 497 832 562 Satana
855 496 1135 559 immisssi
1165 495 1236 557 ad
1265 495 1676 558 seductionem
1710 503 1766 556 et
1788 495 2052 574 perditio

2153 497 2230 572 μὴ
2264 495 2471 555 εὔτονον
2500 499 2599 566 τὴν
2642 497 2844 570 πίστιν,
2911 499 2978 566 ἣν
3025 499 3120 556 ἀπ’
3164 500 3346 581 ἀρχῆς
3391 501 3474 559 διὰ
3516 508 3613 572 τῆς
3675 503 3806 564 Ἐκ-

415 607 552 650 nem
582 607 784 650 eorum
818 587 918 668 qui
959 605 1076 648 non
1108 587 1336 647 firmam
1382 585 1585 658 ﬁdem,
1622 603 1800 665 quam
1831 585 1904 646 ab
1947 585 2064 646 ini-

415 679 496 740 tio
531 696 638 760 per
670 677 994 739 Ecclesiam
1018 682 1397 756 acceperunt,
1433 674 1793 736 custodiunt.

496 767 556 827 5.
590 765 801 827 Adhuc
853 764 1027 827 etiam
1091 766 1166 844 (l)
1221 773 1277 825 et
1319 763 1606 825 amatoria
1638 772 1696 824 et
1727 762 2067 827 allectantia

416 854 708 927 eil‘ecit,ut
739 863 796 915 et
833 852 1460 934 corporibusipsarum
1479 853 1897 914 contumeliam
1920 853 2067 915 irro-

414 953 531 1024 get,
569 944 666 1005 hic
697 943 858 1005 idem
896 944 1122 1005 Marcus
1144 942 1496 1024 quibusdam
1551 941 1924 1016 mulieribus,
1952 942 2066 1003 etsi

415 1053 532 1096 non
548 1034 974 1096 universis.Haz
989 1033 1318 1114 saepissime
1331 1049 1630 1094 conversae
1648 1032 1719 1092 ad
1737 1031 2064 1093 Ecclesiam

412 1123 544 1206 Dei,
570 1125 857 1186 confessae
878 1131 1034 1200 sunt,
1069 1131 1127 1184 et
1157 1122 1482 1184 secundum
1511 1140 1727 1201 corpus
1772 1122 2064 1182 extermi-

415 1224 581 1276 nat-as
613 1233 676 1276 se
717 1214 789 1276 ab
822 1232 891 1275 eo
919 1213 1076 1274 velut
1107 1212 1389 1292 cupidine
1418 1214 1527 1288 (‘2),
1565 1219 1624 1272 et
1664 1211 2062 1274 inﬂammatas

411 1304 580 1365 valde
615 1303 780 1364 illum
812 1322 876 1364 se
919 1301 1219 1363 dilexisse:
1269 1309 1331 1361 ut
1379 1311 1439 1362 et
1488 1301 1774 1362 diaconus
1818 1302 2059 1382 quidam

413 1413 617 1455 eorum
649 1393 747 1473 qui
779 1400 914 1452 sunt
937 1392 996 1452 in
1016 1390 1155 1452 Asia
1170 1388 1815 1470 nostri(3),suscipiens
1839 1408 1976 1450 eum
2000 1390 2058 1451 in

411 1483 650 1544 domum
684 1480 1158 1551 suam,inciderit
1191 1485 1248 1541 in
1274 1479 1612 1559 hujusmodi
1635 1479 2056 1544 calamitatem.

409 1571 556 1634 Nam
585 1591 720 1634 cum
747 1580 906 1633 esset
938 1589 1085 1631 uxor
1114 1570 1246 1650 ejus
1267 1568 1559 1650 speciosa,
1591 1577 1647 1630 et
1673 1567 1969 1639 sententia
2001 1578 2060 1631 et

408 1681 660 1742 corpore
689 1668 967 1741 corrupta
993 1669 1152 1722 esset
1174 1680 1205 1721 ιι
1237 1678 1406 1738 mago
1439 1659 1574 1738 isto,
1600 1668 1660 1720 et
1690 1666 1892 1720 secuta
1923 1678 2058 1721 eum

410 1761 568 1814 esset
603 1751 787 1812 multo
820 1761 1118 1830 tempore,
1153 1758 1284 1829 post
1315 1749 1530 1810 deinde
1552 1766 1684 1809 cum
1721 1767 1934 1828 magno
1968 1749 2060 1809 la-

2150 585 2374 654 κλησίας
2403 586 2724 667 παρέλαϐον,
2760 585 3156 667 φυλασσόντων.

2229 765 2289 825 5.
2343 755 2474 824 ΗΟτι
2519 763 2573 821 δὲ
2618 764 2806 846 φίλτρα
2835 769 2923 823 καὶ
2965 767 3240 850 ἀγώγιμα,
3287 772 3418 850 πρὸς
3460 774 3522 829 τὸ
3550 775 3638 831 καὶ
3691 787 3807 841 tot;

2151 855 2392 928 σώμασιν
2440 859 2611 913 αὖτῶν
2670 854 2973 934 ἐνυϐρίζειν,
3025 861 3244 932 ἒμποιεῖ
3287 863 3436 924 οὗτος
3505 866 3533 919 ὁ
3593 866 3805 943 Μάρκος

2150 941 2310 1005 ἐνίαις
2367 948 2472 999 τῶν
2535 951 2796 1022 γδναικῶν
2842 945 2946 1019 (5),
2997 949 3039 1002 εἷ
3099 951 3183 1004 καὶ
3236 950 3314 1024 μὴ
3377 952 3594 1029 πάσαις,
3653 941 3803 1011 αὗται

2149 1029 2408 1095 πολλάκις
2464 1032 2845 1111 ἒπιστρέψασαι
2908 1037 2982 1098 εἷς
3027 1037 3126 1106 τήν
3171 1036 3493 1105 Ἐκκλησίαν
3524 1047 3616 1097 τοῦ
3674 1049 3806 1100 Θεοῦ

2149 1119 2648 1202 ἐξωμολογήσαντο,
2707 1125 2794 1179 καὶ
2853 1126 2988 1180 κατὰ
3038 1128 3098 1181 τὸ
3156 1127 3312 1202 σῶμα
3341 1130 3669 1208 ἦχρειῶσθαι
3716 1128 3804 1187 ὑπ’

2149 1211 2330 1280 αὐτου,
2389 1213 2477 1267 καὶ
2537 1211 2804 1291 ἐρωτικῶς
2850 1236 2986 1269 πανυ
3030 1217 3187 1274 αὐτὸν
3216 1216 3566 1297 πειριληκὲναι
3603 1236 3618 1250 ’
3667 1219 3805 1277 ὥστε

2145 1302 2231 1356 καὶ
2263 1298 2503 1356 διάκονόν
2544 1323 2685 1375 τινα,
2730 1309 2836 1358 τῶν
2866 1302 2920 1358 ἐν
2963 1309 3030 1380 τῇ
3073 1305 3224 1378 Ἀσίᾳ
3252 1312 3357 1363 τῶν
3386 1309 3658 1388 ἡμετέρων
3687 1309 3801 1388 (6),

2145 1388 2528 1466 ὑποδεξάμενον
2590 1393 2743 1450 αὐτὸν
2787 1393 2860 1457 εἰς
2903 1393 2994 1449 τὸν
3056 1399 3209 1451 οἶκον
3254 1400 3432 1470 αὐτοῦ,
3495 1403 3806 1478 περιπεσεῖν

2147 1481 2313 1556 ταύτῃ
2345 1486 2412 1556 τῇ
2485 1488 2751 1562 συμφορᾶ,
2796 1486 2896 1548 τῆς
2953 1486 3202 1562 γυναικὸς
3264 1487 3419 1542 αὗτοῦ
3451 1490 3532 1564 (⁸7)
3577 1486 3802 1553 εὖειδοῧς

2143 1570 2517 1650 ὑπαρχούσης,
2564 1571 2651 1626 καὶ
2696 1571 2793 1639 τὴν
2846 1572 3092 1653 γνώμην,
3139 1576 3317 1630 καὶτὸ
3361 1579 3516 1651 σῶμα
3575 1576 3798 1657 διαφθα-

2147 1659 2322 1738 ρείσης
2366 1661 2467 1715 ὑπὸ
2524 1667 2616 1716 τοῦ
2669 1661 2845 1738 μάγου
2893 1662 3100 1736 τούτου,
3153 1666 3240 1720 καὶ
3306 1663 3800 1736 ἓξακολουθησάσης

2147 1751 2290 1820 αυτῷ
2333 1747 2520 1822 πολλῷ
2563 1755 2640 1824 τῷ
2683 1751 2864 1828 χρόνῳ
2899 1765 2912 1778 '
2976 1749 3160 1808 ἔπειτα
3217 1754 3354 1828 μετὰ
3406 1752 3608 1812 πολλοῦ
3636 1758 3804 1817 κόπου

408 1841 553 1902 bore
610 1840 821 1901 fratres
871 1857 1000 1900 eam
1046 1839 1684 1911 convertissent,omne
1715 1847 1950 1918 tempus
1977 1838 2052 1899 in-

2147 1841 2252 1890 τῶν
2297 1836 2534 1918 ἀδελφῶν
2562 1837 3020 1916 επιστρεψάντων,
3057 1842 3188 1909 αὒτῆ
3230 1844 3321 1898 τὸν
3367 1842 3573 1901 ἅπαντα
3612 1868 3806 1925 χρονον

416 1929 862 2008 oxhomologesi
921 1929 1370 2001 consummavit,
1428 1928 1672 2008 plagens
1725 1936 1784 1989 et
1825 1929 2063 1990 lamen-

409 2029 541 2081 tans
571 2018 645 2080 ob
674 2020 849 2094 hanc,
883 2037 1061 2099 quam
1109 2035 1280 2098 passa
1310 2026 1400 2079 est
1429 2017 1500 2078 ab
1534 2018 1646 2078 hoc
1696 2035 1888 2096 mago,
1923 2035 2061 2078 cor-

405 2110 726 2190 ruptelam.

485 2200 543 2260 6.
577 2197 944 2279 Etdiscipuli
969 2205 1164 2259 autem
1189 2199 1318 2278 ejus
1339 2195 1580 2278 quidam
1618 2195 2051 2259 circumobver-

404 2290 512 2352 sati
543 2290 600 2350 in
634 2287 848 2349 iisdem
875 2287 1084 2365 (4)34
1108 2289 1465 2350 seducentes
1497 2285 1888 2348 mulierculas
1916 2286 2066 2347 mul-

2149 1924 2609 2004 ἐξομολογουμένη
2671 1929 2754 1999 (8)
2803 1927 3087 2004 διετέλεσε,
3143 1935 3398 1988 πενθοῦσα
3430 1937 3517 1990 καὶ
3546 1924 3802 2008 Θρηνοῦσα

2146 2013 2228 2092 ἐφ’
2259 2015 2293 2090 ᾖ
2323 2016 2511 2072 ἔπαθεν
2539 2018 2639 2073 ὑπὸ
2671 2025 2761 2074 τοῦ
2791 2019 2963 2096 μάγου
3007 2018 3276 2098 διαφθορᾷ-

2856 2202 3015 2255 α-Βτοὺ
3065 2220 3203 2263 τινες
3265 2199 3688 2279 περιπολίζοδτες
3720 2203 3806 2278 (9)

3238 2291 3546 2370 γυναικάρια
3629 2291 3803 2349 πολλὰ

2227 2194 2284 2255 6.
2323 2196 2416 2252 Καὶ
2477 2197 2707 2270 μαθηταὶ
2752 2195 2803 2252 δὲ

2147 2285 2201 2340 ἐν
2285 2298 2404 2346 τοῖς
2496 2285 2702 2359 αὑτοῖς,
2787 2287 3155 2351 ἐξαπατῶντες

405 2377 1218 2460 tascorruperunt,perl‘ectos
1237 2377 1593 2458 semetipsos
1607 2388 2052 2457 vocanteszqua-

2148 2371 2457 2453 διέφθειραν,
2508 2373 2734 2438 τελείους
2810 2377 3030 2440 ἑαυτοὺς
3090 2378 3518 2460 ἀναγορεύοντες,
3567 2383 3640 2445 ὡς
3685 2406 3800 2456 μη-

404 2468 455 2530 si
481 2488 658 2530 nemo
683 2467 869 2548 possit
893 2468 1188 2546 exaequari
1217 2465 1610 2545 magnitudini
1636 2465 1956 2545 agnitionis
1975 2466 2060 2546 ip-

403 2576 745 2631 soruin,nec
769 2557 813 2618 ii
835 2557 1076 2618 Paulum
1100 2567 1200 2618 aut
1222 2560 1455 2617 Petrum
1481 2557 1670 2636 dicas,
1693 2555 1782 2616 vel
1805 2555 2055 2618 alterum

405 2648 730 2729 quemdam
759 2647 1162 2727 apostolorum
1200 2666 1212 2710 :
1241 2646 1344 2707 δεδι
1384 2647 1515 2726 plus
1548 2645 1828 2706 omnibus
1857 2663 1924 2707 se
1947 2666 2054 2707 co-

404 2737 767 2828 gnovisse,e_t_
780 2736 1258 2828 magnitudinem
1283 2735 1944 2828 agn_itionisill_ius,quze
1964 2743 2055 2798 est

402 2815 826 2880 inenarrabilis
861 2815 1118 2898 virtutis,
1152 2820 1309 2878 solos
1354 2817 1636 2878 ebibisse.
1672 2815 2056 2879 Esse’autem

403 2925 468 2969 se
498 2909 556 2968 in
588 2906 899 2968 altitudine
913 2925 1092 2988 super
1105 2925 1344 2969 omnem
1359 2907 1630 2968 virtutem
1659 2927 1672 2967 :
1696 2915 2052 2988 quapropter

2146 2911 2259 2986 ὕψει
2289 2912 2419 2990 ὑπὲρ
2478 2919 2651 2968 πᾶσαν
2692 2911 2908 2990 δύναμιν
2937 2936 2946 2946 ·

403 3005 462 3059 et
493 2997 680 3059 libere
713 2997 916 3059 omnia
945 3016 1144 3076 agere,
1197 2997 1425 3058 nullum
1475 2997 1534 3058 in
1585 2995 1748 3060 nullo
1783 2995 2056 3059 timorem

2142 2461 2286 2524 δενὸς
2345 2461 2632 2536 δυναμένου
2683 2463 2994 2534 ὲΞισωΟῇναι
3044 2473 3120 2540 τῷ
3174 2488 3236 2541 με
3257 2467 3380 2544 {item
3426 2474 3522 2532 τῆς
3555 2473 3800 2549 γνώσεως

2143 2553 2334 2624 αὖτών,
2369 2549 2494 2626 μηδ’
2530 2552 2592 2608 ἂν
2644 2553 2872 2630 Παῦλον,
2930 2553 3056 2631 μηδ’
3089 2558 3150 2610 ἀν
3195 2556 3392 2633 Πέτρον
3422 2557 3609 2634 εἴπῃς,
3673 2559 3800 2636 μηδ’

2140 2640 2298 2697 ἄλλον
2330 2642 2444 2698 τινὰ
2491 2650 2593 2698 τῶν
2627 2643 2941 2700 ἀποστόλων
2979 2662 2989 2674 ’
3027 2644 3162 2701 ἁλλὰ
3194 2644 3359 2702 πλείω
3401 2648 3613 2706 πάντων
3639 2652 3800 2715 ἔγνω-

2137 2730 2309 2806 κὲναι,
2345 2734 2431 2787 καὶ
2477 2735 2538 2788 τὸ
2585 2734 2804 2812 μέγεθος
2851 2740 2947 2801 τῆς
3005 2737 3250 2812 γνώσεως
3308 2743 3407 2803 τῆς
3455 2737 3680 2816 ἀῤῥήτου
3707 2739 3796 2799 ὼ-

2144 2821 2353 2897 νοίμεως
2413 2825 2606 2898 μόνους
2667 2824 3124 2883 κατεπεπωκὲναι.
3200 2827 3352 2882 Εἶναί
3411 2848 3467 2882 τε
3511 2830 3694 2891 αὐτοὺς
3745 2829 3798 2884 ἐν

3011 2913 3090 2969 διὸ
3151 2916 3240 2970 καὶ
3298 2914 3579 2996 ἐλευθέρως
3626 2919 3799 2974 πάντα

2141 3001 2416 3078 πράσσειν,
2450 2999 2652 3077 μηδένα
2691 3001 2746 3058 ἐν
2800 3001 2986 3079 μηδενὶ
3029 3000 3190 3084 φόό.ν
3232 3004 3478 3085 ἔχοντας.
3541 3007 3637 3062 Διά
3694 3009 3793 3086 γὰρ

400 3085 711 3151 habentes.
745 3090 997 3168 Propter
1026 3087 1186 3149 enim
1220 3086 1720 3167 redemptionem,
1745 3093 1804 3146 et
1833 3087 2052 3147 incom-

2146 3091 2238 3157 τὴν
2270 3089 2636 3164 ἀπολύτρωσιν
2668 3091 2788 3163 (10)
2819 3093 3146 3172 ἀκρατήτους
3201 3097 3289 3151 καὶ
3343 3096 3595 3169 ἆοράτους
3640 3085 3786 3175 γίνεὲ

1682 3194 1820 3250 BILI
1833 3193 1898 3249 ,ΙΙ
1938 3191 2513 3252 INTERPRETATIO.

403 3283 537 3354 sunt
575 3295 587 3336 :
623 3284 890 3332 caeterum
924 3276 1170 3354 audaces
1201 3285 1256 3354 et
1285 3275 1667 3354 impudentes,
1702 3290 1730 3332 a
1765 3274 1970 3330 Satana
2003 3273 2163 3354 missi
2221 3276 2290 3330 ad
2323 3289 2421 3329 eos
2468 3276 2526 3329 in
2559 3274 2829 3354 fraudem
2877 3283 2931 3331 et
2959 3276 3198 3333 exitium
3231 3278 3628 3351 impellendos,
3688 3285 3790 3354 qui

403 3345 575 3403 ﬁdem
609 3363 757 3410 eam,
789 3363 958 3418 quam
992 3349 1064 3404 ab
1100 3349 1341 3404 Ecclesia
1369 3343 1624 3417 primum
1653 3343 2033 3418 acceperunt,
2053 3343 2269 3418 ﬁrmam
2304 3359 2382 3418 ac,
2399 3355 2652 3416 vegetam
2687 3345 3125 3418 haudquaquam
3157 3343 3406 3405 tuentur.

474 3418 722 3492 5.7Quod
755 3414 944 3492 autem
1015 3421 1234 3477 Marcus
1292 3414 1566 3492 amatoria
1597 3416 1863 3492 quaedam
1897 3421 1952 3470 et
1980 3414 2284 3492 illectantia
2334 3414 2634 3485 pharmace
2665 3420 2802 3486 (quo
2833 3414 3608 3492 y_i_delicet__earumquoque
3661 3438 3795 3480 cor-

401 3485 640 3560 poribus
671 3491 942 3560 prohium
976 3499 1033 3547 et
1066 3491 1475 3562 contumeliam
1507 3485 1747 3562 inferat)
1805 3487 1995 3562 sinon
2029 3485 2321 3554 omnibus,
2365 3495 2419 3541 at
2449 3495 2600 3543 certe
2629 3485 2927 3562 nonnullis
2981 3488 3256 3562 adhibere
3283 3485 3482 3562 soleat,
3512 3485 3794 3562 'ipsaeinet

401 3557 567 3630 saepe,
601 3557 729 3618 cum
763 3562 831 3619 ad
863 3563 964 3618 Dei
997 3560 1312 3617 Ecclesiam
1377 3559 1705 3629 rediissem,
1735 3557 2009 3614 confessae
2039 3568 2193 3630 sunt,
2225 3570 2400 3627 seque
2429 3573 2669 3629 corpore
2719 3560 2786 3615 ab
2844 3573 2912 3630 eo
2942 3559 3358 3619 contaminatas
3387 3557 3583 3627 fuisse,
3618 3565 3791 3620 miro-

400 3627 512 3703 que
552 3627 748 3702 ipsius
801 3647 996 3689 amore
1031 3634 1307 3704 exarsisse
1341 3647 1354 3687 :
1413 3631 1553 3688 adeo
1585 3627 1925 3704 utAsianus
1982 3627 2150 3704 etiam
2208 3629 2442 3704 quidam
2468 3627 2548 3686 ex'
2589 3629 3126 3704 Anostrisidiaconus,
3190 3645 3321 3704 cum
3352 3647 3483 3690 eum
3547 3633 3791 3704 hospitio

400 3699 735 3776 excepisset,
799 3708 854 3760 in
912 3704 1062 3760 hanc
1109 3701 1489 3776 calamitatem
1551 3702 1833 3758 inciderit.
1899 3699 2084 3770 Ipsius
2127 3701 2280 3755 enim
2338 3701 2833 3776 uxor,_singulari
2894 3700 3321 3771 pulchritudine
3376 3705 3608 3770 femina,
3655 3699 3787 3765 'tum

400 3772 616 3847 animo,
647 3785 766 3847 tum
798 3789 1039 3845 corpore
1070 3775 1142 3831 ab
1208 3775 1316 3830 hoc
1344 3789 1512 3846 mago
1536 3781 1802 3847 corrupta
1835 3780 1940 3835 est.
1971 3785 2220 3842 eumque
2249 3786 2379 3829 cum
2412 3772 2614 3847 perdiu
2643 3772 2834 3830 secuta
2866 3781 3033 3847 esset,
3068 3784 3262 3847 postea
3281 3790 3397 3832 non
3429 3777 3554 3834 sine
3576 3792 3791 3846 magno

401 3845 607 3904 labore
654 3863 684 3904 a
718 3846 989 3904 fratribus
1019 3860 1316 3909 conversa,
1349 3845 1456 3916 per
1490 3859 1660 3917 omne
1690 3846 1977 3917 reliquum
2008 3846 2130 3900 vitae
2172 3852 2412 3917 tempus
2467 3846 2785 3904 admissum
2842 3845 3031 3902 scelus
3085 3845 3342 3905 conﬁteri
3372 3862 3488 3905 non
3547 3845 3788 3911 destitit.

399 3918 586 3976 labem
616 3933 764 3990 eam,
795 3933 917 3990 quae
947 3918 998 3976 ei
1029 3935 1059 3976 a
1083 3933 1244 3990 mago
1288 3913 1589 3985 acciderat,
1625 3913 1833 3990 lugens
1856 3932 1922 3975 ac
1948 3913 2218 3988 lacrymis
2246 3913 2617 3990 presequens.

482 4040 567 4121 (1)
604 4039 820 4126 Adhuc
850 4040 1068 4126 etiam,
1104 4047 1217 4126 etc.
1248 4029 1376 4097 "Ero.
1407 4037 1646 4126 6§'_male
1677 4039 1817 4120 legit
1860 4041 2051 4104 inter-

2146 4121 2152 4126 _
2182 4121 2194 4126 _
2220 4043 2308 4124 (7)
2344 4047 2453 4126 Τῆς
2480 4047 2733 4126 γυναικὸς
2765 4047 2944 4102 αὑτοῦ.
2982 4045 3160 4126 Npta,
3196 4042 3390 4126 inquit
3440 4045 3599 4109 idem
3633 4049 3786 4111 Gn-

398 4117 564 4204 pres,
588 4139 702 4206 pro
736 4122 816 4206 ὅτι
849 4121 1146 4206 δέλφιυὰ⁸
1171 4128 1381 4183 autem
1439 4117 1610 4183 Unde
1639 4130 1698 4183 et
1734 4117 2054 4204 sequentes
2137 4117 2300 4201 bius,
2345 4117 2640 4206 ministris
2697 4141 2999 4206 sacrorum
3032 4122 3095 4206 in
3125 4117 3615 4206 Asia-integrum
3649 4137 3789 4191 tunc

399 4201 677 4283 periodos
699 4203 880 4283 aliter
909 4201 1196 4283 diStinxitﬁ.

2137 4205 2423 4285 temporis
2451 4205 2800 4292 fuissecum
2839 4202 3191 4292 mulieribus
3222 4202 3621 4286 (scripsissem
3651 4228 3784 4292 ego,

477 4283 569 4364 (ἓ)
615 4282 784 4346 Velut
815 4284 1130 4364 cupidine.
1165 4282 1270 4344 His
1293 4281 1355 4343 in
1385 4279 1590 4344 Graeco
1616 4281 1763 4343 nihil
1799 4301 2050 4364 respon-
2136 4279 2278 4344 cuni
2301 4284 2605 4364 uxoribus)
2640 4284 2932 4368 habitare,
2965 4283 3040 4368 iis
3073 4279 3282 4346 saltem
3333 4279 3650 4368 q'uasiante
3680 4279 3786 4353 sui

397 4363 519 4425 det.

2135 4371 2371 4456 saeptos
2402 4382 2619 4456 ‘sacros
2685 4365 2929 4426 ordines
2959 4364 3278 4456 duxerant:
3313 4364 3534 4448 Ecquis
3561 4379 3735 4456 neget
3755 4371 3788 4431 ‘?

476 4443 562 4530 (3)
594 4441 814 4530 Nostri
837 4439 1003 4530 H_a_nc
1033 4461 1234 4530 vocem
1262 4450 1426 4530 recte
1447 4441 1686 4530 _addid_it
1707 4443 1960 4530 Grabius
1983 4463 2054 4508 ex
2135 4439 2614 4530 Dissimulandus
2645 4464 2762 4506 non
2793 4454 2940 4530 erat
2983 4439 3546 4530 questionisstatus.
3579 4439 3784 4530 NEque

397 4520 575 4586 codd.
612 4523 1048 4604 Arund.,Voss.
1071 4537 1129 4584 et
1153 4527 1330 4585 Merc.
1357 4523 1418 4602 2,
1435 4520 1888 4602 juxtaGrmcum
1908 4528 2050 4604 ἡμε-
2133 4524 2295 4586 enim
2327 4525 2386 4586 in
2438 4527 2905 4589 controversiam
2935 4520 3102 4588 venit
3147 4545 3221 4588 an
3260 4527 3548 4589 ministris
3576 4520 3783 4593 sacro-

394 4606 583 4686 τὲρων.
618 4604 905 4686 Eamdem
945 4603 1290 4686 habet_cod.
1323 4605 1585 4686 Clarom.

476 4688 556 4765 (4)
595 4685 854 4759 Quidam
869 4683 1732 4765 cz'rcumobservatiiniisdem.
1758 4682 2043 4765 Siccodd.

394 4761 862 4836 Claroni.,Voss.
898 4773 959 4824 et
984 4767 1379 4839 Merc.2,cum
1411 4761 1554 4825 edit.
1587 4761 1848 4826 Oxon.In
1871 4767 2038 4832 editt.

392 4845 630 4908 Eraset
657 4845 1157 4922 Feuard.qut'dem
1191 4843 2044 4912 circumobversati.Gallasius

394 4926 829 5019 pejus,qitidem
860 4925 1742 5019 circimtobservnli.Porroilla
1769 4928 1948 5019 verba
1964 4930 2049 5019 s_i_c

391 5005 760 5088 interpretor
794 5025 806 5064 :
843 5005 1178 5088 quidamin
1213 5005 1439 5088 iisdem
1457 5005 1697 5088 studiis,
1726 5009 1812 5070 vel
1831 5009 2048 5072 fraudi-

391 5086 502 5171 bus
531 5086 1217 5171 circumeuntesiisdem
1241 5087 2042 5171 vestigiis‘inhaerentesmum

386 5169 601 5230 iisdem
637 5168 792 5231 dolis
823 5167 1070 5230 insidias
1099 5176 1428 5247 captantes.
1470 5168 1616 5229 Vide
1649 5179 1772 5233 not.
1799 5172 1858 5235 6.

469 5252 558 5329 (5)
590 5249 784 5313 Ἐνίαις
812 5257 916 5305 τῶν
963 5256 1246 5328 γυναικῶν.
1281 5248 1420 5310 Haec
1471 5249 1679 5310 eadem
1716 5270 1784 5312 ex
1816 5250 2040 5315 Irenaeo

384 5329 988 5409 refertHieronymus
1020 5349 1116 5471 ep.
1153 5333 1249 5403 53,
1289 5331 1366 5391 al.
1403 5331 1502 5409 ἓξ),
1529 5331 1601 5391 ad
1634 5329 2030 5409 Theodoram,

388 5428 518 5471 uua;
547 5420 634 5471 est
659 5411 1024 5471 epitaphium
1104 5410 1284 5471 ucinii
1318 5411 1570 5471 Baetici“

388 5428 518 5490 quaa
547 5420 634 5472 est
659 5411 1024 5491 epitaphium
1058 5410 1284 5472 Lucinii
1318 5411 1570 5474 Baetici”

2130 4614 2442 4689 rumApost
2463 4616 2772 4689 susceptos
2803 4607 3046 4689 ordines
3077 4606 3374 4689 integrum
3432 4617 3591 4670 esset
3646 4629 3781 4673 cum

2128 4685 2413 4749 uxoribus
2434 4685 2705 4752 habitare
2735 4707 2750 4748 :
2785 4687 2890 4749 sed
2913 4696 3108 4748 utrum
3140 4685 3354 4750 iisdem
3388 4695 3505 4750 tota
3534 4690 3672 4753 Asia
3693 4692 3784 4757 fas

2128 4775 2296 4851 esset
2317 4770 2600 4851 uxoribus
2632 4766 2995 4851 matrimonii
3014 4767 3154 4846 jure
3181 4768 3288 4832 uti.
3337 4771 3510 4851 Prius
3537 4772 3781 4851 quidem

2125 4847 2402 4927 probatis
2436 4850 2644 4914 lrenaei
2670 4851 2837 4910 locus
2860 4866 2900 4930 :_
2918 4866 3038 4909 non
3069 4856 3230 4930 certe
3261 4847 3580 4930 posterius.

2333 4926 3000 5016 ’EEouolo_youuévn.Eafr_l
3033 4926 3542 5016 exhomologesin,
3565 4932 3640 4996 de
3665 4953 3783 5016 qua

2130 5008 2225 5094 hic
2251 5013 2537 5093 lrenaeus,
2571 5012 2698 5072 fuse
2731 5009 3127 5090 expendimus
3155 5011 3214 5072 in
3252 5008 3625 5090 Dis—serum,
3655 5008 3773 5094 §'7,

2127 5089 2257 5152 init.

2208 5172 2296 5252 (9)
2358 5171 2812 5246 Περιπολίζοντες.
2893 5169 3235 5252 Legendum
3304 5192 3612 5237 censerem
3669 5198 3771 5233 πε-

2127 5251 2519 5332 ριπολεύοντες,
2561 5252 2651 5313 vel
2708 5251 3114 5331 περιπολοῦντες
3145 5254 3320 5316 vertit
3371 5256 3529 5317 enim
3580 5255 3770 5319 inter-

2126 5351 2287 5413 pres,
2341 5332 2900 5406 circumobversati,
2933 5333 2989 5395 id
3026 5342 3139 5410 est,
3175 5334 3237 5396 ni
3278 5335 3471 5411 fallor,
3505 5339 3770 5401 circum-

2119 5421 2351 5488 euntes,
2385 5413 2946 5494 circumvagali,vel
2971 5416 3164 5495 potius
3195 5417 3772 5482 circuiturummore

469 5491 1054 5577 (6)1_‘tbv__i,pseéptov.
1111 5493 1196 5577 Ex
1261 5493 1372 5554 hac
1425 5510 1566 5553 voce
1631 5492 1825 5577 colligi
1863 5513 2035 5573 posse

2146 5497 2539 5577 raptorantes,
2575 5491 2837 5577 insidias
2871 5491 3204 5577 captantes.
3241 5499 3323 5559 At
3353 5497 3676 5577 περιπολίζω
3696 5500 3776 5560 si-

381 5571 548 5651 putat
591 5571 866 5655 Grabius,
933 5586 1050 5633 tam
1110 5575 1427 5655 Irenaeum,
1467 5590 1641 5655 quam
1673 5571 1894 5655 istum,
1959 5578 2030 5638 ad
2059 5571 2086 5574 ⁷
2118 5571 2257 5636 cubi
2288 5575 2571 5654 scriptum
2603 5576 2857 5655 legatur)
2893 5571 3187 5655 signiﬁcat
3218 5571 3767 5641 urbem'ct'rcumaa-

379 5671 556 5734 quem
590 5653 697 5714 hos
728 5652 1015 5714 adversus
1047 5655 1312 5734 haereses
1347 5652 1530 5715 libros
1554 5654 2031 5734 inisit,Asiaticos

377 5732 582 5796 fuisse.
633 5734 750 5794 Sed
812 5734 998 5794 levior
1040 5733 1273 5795 videtur
1328 5736 1452 5796 haec
1512 5732 1882 5812 conjectura;
1923 5745 2027 5795 τῶν

374 5815 652 5894 ἡμετέρων
682 5814 1013 5892 signiticare
1044 5815 1360 5877 diaconum
1405 5815 1713 5878 catholicae
1744 5835 2024 5878 commu-

375 5894 571 5957 monis
603 5894 972 5978 probabilius
1005 5904 1114 5958 est.

2113 5656 2922 5739 diﬁcare,‘oircumstmere,_
2940 5665 3085 5737 etc.,
3117 5659 3273 5739 quod
3309 5658 3626 5738 signiﬁcati
3657 5678 3764 5739 ge-

2113 5678 2381 5736 αηισανε,
2415 5678 2905 5729 czrcumstmere,
2940 5678 3085 5737 etc.,
3159 5678 3273 5720 uou
3309 5678 3626 5738 Signiucau

2113 5755 2225 5799 nus
2257 5735 2404 5798 nihil
2433 5736 2610 5799 habet
2635 5756 2772 5800 cum
2797 5755 2867 5798 eo
2897 5678 3267 5801 Irenmitioco
3299 5757 3640 5801 commune.

2194 5818 2318 5898 (10)
2334 5818 2740 5901 ,Ἀπολύτρωσιν
2796 5818 2912 5879 Per
2937 5819 3432 5901 redemptionem.
3462 5838 3638 5901 quam
3665 5821 3764 5884 hic

2110 5905 2168 5959 et
2205 5896 2390 5978 paulo
2439 5896 2592 5979 post'
2628 5905 2918 5960 memorat
2975 5896 3255 5976 Irenaéus,
3309 5896 3588 5981 intelligit
3639 5921 3761 5964 non
