  <div class='ocr_page' id='page_1' title='image "/cluster/home/n/w/nwhite01/storage/ocr_20150623/7/coo.31924054872860/623.png"; bbox 0 0 4148 6420; ppageno 0'>
   <div class='ocr_carea' id='block_1_1' title="bbox 441 379 592 444">
    <p class='ocr_par' dir='ltr' id='par_1_1' title="bbox 441 379 592 444">
     <span class='ocr_line' id='line_1_1' title="bbox 441 379 592 444; baseline 0.013 -2"><span class='ocrx_word' id='word_1_1' title='bbox 441 379 592 444; x_wconf 73' lang='grc'><strong>1231</strong></span> 
     </span>
    </p>
   </div>
   <div class='ocr_carea' id='block_1_2' title="bbox 1647 368 2581 437">
    <p class='ocr_par' dir='ltr' id='par_1_2' title="bbox 1647 368 2581 437">
     <span class='ocr_line' id='line_1_2' title="bbox 1647 368 2581 437; baseline -0.01 -1"><span class='ocrx_word' id='word_1_2' title='bbox 1647 376 1706 436; x_wconf 90' lang='lat' dir='ltr'><strong>S.</strong></span> <span class='ocrx_word' id='word_1_3' title='bbox 1753 368 2046 437; x_wconf 79' lang='grc' dir='ltr'><strong>ΙΡιΕΝιΕΙ</strong></span> <span class='ocrx_word' id='word_1_4' title='bbox 2085 370 2581 432; x_wconf 83' lang='lat' dir='ltr'><strong>FRAGMENTA.</strong></span> 
     </span>
    </p>
   </div>
   <div class='ocr_carea' id='block_1_3' title="bbox 3688 364 3848 432">
    <p class='ocr_par' dir='ltr' id='par_1_3' title="bbox 3688 364 3848 432">
     <span class='ocr_line' id='line_1_3' title="bbox 3688 364 3848 432; baseline 0 -4"><span class='ocrx_word' id='word_1_5' title='bbox 3688 364 3848 432; x_wconf 74' lang='grc'><strong>1232</strong></span> 
     </span>
    </p>
   </div>
   <div class='ocr_carea' id='block_1_4' title="bbox 447 500 2094 587">
    <p class='ocr_par' dir='ltr' id='par_1_4' title="bbox 447 506 2094 587">
     <span class='ocr_line' id='line_1_4' title="bbox 447 506 2094 587; baseline -0.005 -11"><span class='ocrx_word' id='word_1_6' title='bbox 447 511 680 578; x_wconf 90' lang='lat' dir='ltr'><strong>modica</strong></span> <span class='ocrx_word' id='word_1_7' title='bbox 702 519 860 574; x_wconf 81' lang='lat' dir='ltr'><strong>esset</strong></span> <span class='ocrx_word' id='word_1_8' title='bbox 883 507 1310 576; x_wconf 87' lang='lat' dir='ltr'><strong>controversia.</strong></span> <span class='ocrx_word' id='word_1_9' title='bbox 1344 506 1537 568; x_wconf 93' lang='lat' dir='ltr'><strong>statim</strong></span> <span class='ocrx_word' id='word_1_10' title='bbox 1572 513 1774 567; x_wconf 91' lang='lat' dir='ltr'><strong>mutuo</strong></span> <span class='ocrx_word' id='word_1_11' title='bbox 1807 507 1975 587; x_wconf 87' lang='lat' dir='ltr'><strong>pacis</strong></span> <span class='ocrx_word' id='word_1_12' title='bbox 2005 523 2094 568; x_wconf 91' lang='lat' dir='ltr'><strong>os-</strong></span> 
     </span>
    </p>
   </div>
   <div class='ocr_carea' id='block_1_5' title="bbox 2183 500 3833 587">
    <p class='ocr_par' dir='ltr' id='par_1_5' title="bbox 2183 500 3833 582">
     <span class='ocr_line' id='line_1_5' title="bbox 2183 500 3833 582; baseline -0.001 -23"><span class='ocrx_word' id='word_1_13' title='bbox 2183 507 2420 580; x_wconf 71' lang='grc' dir='ltr'>μαθητοὸ</span> <span class='ocrx_word' id='word_1_14' title='bbox 2480 503 2662 582; x_wconf 81' lang='grc' dir='ltr'>Κυρίου</span> <span class='ocrx_word' id='word_1_15' title='bbox 2734 507 2889 581; x_wconf 77' lang='grc' dir='ltr'><strong>ᾗμῶν</strong></span> <span class='ocrx_word' id='word_1_16' title='bbox 2965 504 3054 559; x_wconf 79' lang='grc' dir='ltr'>καὶ</span> <span class='ocrx_word' id='word_1_17' title='bbox 3123 501 3326 559; x_wconf 83' lang='grc' dir='ltr'><strong>λοιπῶν</strong></span> <span class='ocrx_word' id='word_1_18' title='bbox 3393 500 3704 559; x_wconf 72' lang='grc' dir='ltr'><strong>ἀποστόλων</strong></span> <span class='ocrx_word' id='word_1_19' title='bbox 3746 501 3833 564; x_wconf 77' lang='grc' dir='ltr'><strong>οἷς</strong></span> 
     </span>
    </p>
   </div>
   <div class='ocr_carea' id='block_1_6' title="bbox 445 595 2094 682">
    <p class='ocr_par' dir='ltr' id='par_1_6' title="bbox 445 595 2094 682">
     <span class='ocr_line' id='line_1_6' title="bbox 445 595 2094 682; baseline -0.005 -16"><span class='ocrx_word' id='word_1_20' title='bbox 445 603 582 668; x_wconf 93' lang='lat' dir='ltr'><strong>culo</strong></span> <span class='ocrx_word' id='word_1_21' title='bbox 614 618 680 664; x_wconf 90' lang='lat' dir='ltr'><strong>se</strong></span> <span class='ocrx_word' id='word_1_22' title='bbox 709 599 1004 682; x_wconf 80' lang='lat' dir='ltr'><strong>complexi</strong></span> <span class='ocrx_word' id='word_1_23' title='bbox 1032 610 1214 662; x_wconf 89' lang='lat' dir='ltr'><strong>sunt:</strong></span> <span class='ocrx_word' id='word_1_24' title='bbox 1242 597 1317 659; x_wconf 89' lang='lat' dir='ltr'><strong>de</strong></span> <span class='ocrx_word' id='word_1_25' title='bbox 1339 598 1452 658; x_wconf 92' lang='lat' dir='ltr'><strong>hoc</strong></span> <span class='ocrx_word' id='word_1_26' title='bbox 1474 595 1666 676; x_wconf 77' lang='lat' dir='ltr'><strong>capite</strong></span> <span class='ocrx_word' id='word_1_27' title='bbox 1693 614 1811 656; x_wconf 92' lang='lat' dir='ltr'><strong>non</strong></span> <span class='ocrx_word' id='word_1_28' title='bbox 1847 615 2094 676; x_wconf 81' lang='lat' dir='ltr'><strong>magno-</strong></span> 
     </span>
    </p>
   </div>
   <div class='ocr_carea' id='block_1_7' title="bbox 445 683 2102 774">
    <p class='ocr_par' dir='ltr' id='par_1_7' title="bbox 445 683 2102 774">
     <span class='ocr_line' id='line_1_7' title="bbox 445 683 2102 774; baseline -0.005 -20"><span class='ocrx_word' id='word_1_29' title='bbox 445 711 589 774; x_wconf 90' lang='lat' dir='ltr'><strong>pere</strong></span> <span class='ocrx_word' id='word_1_30' title='bbox 609 691 766 752; x_wconf 91' lang='lat' dir='ltr'><strong>inter</strong></span> <span class='ocrx_word' id='word_1_31' title='bbox 795 708 861 752; x_wconf 90' lang='lat' dir='ltr'><strong>se</strong></span> <span class='ocrx_word' id='word_1_32' title='bbox 889 687 1344 751; x_wconf 75' lang='lat' dir='ltr'><strong>contendentes.</strong></span> <span class='ocrx_word' id='word_1_33' title='bbox 1377 683 1580 765; x_wconf 85' lang='lat' dir='ltr'><strong>Neque</strong></span> <span class='ocrx_word' id='word_1_34' title='bbox 1613 683 1771 745; x_wconf 90' lang='lat' dir='ltr'><strong>enim</strong></span> <span class='ocrx_word' id='word_1_35' title='bbox 1809 686 2102 774; x_wconf 82' lang='lat' dir='ltr'><strong>Anicetus</strong></span> 
     </span>
    </p>
   </div>
   <div class='ocr_carea' id='block_1_8' title="bbox 445 772 2103 861">
    <p class='ocr_par' dir='ltr' id='par_1_8' title="bbox 445 772 2103 861">
     <span class='ocr_line' id='line_1_8' title="bbox 445 772 2103 861; baseline -0.005 -17"><span class='ocrx_word' id='word_1_36' title='bbox 445 772 767 861; x_wconf 75' lang='lat' dir='ltr'><strong>Polycarpo</strong></span> <span class='ocrx_word' id='word_1_37' title='bbox 789 779 1152 860; x_wconf 83' lang='lat' dir='ltr'><strong>persuadere</strong></span> <span class='ocrx_word' id='word_1_38' title='bbox 1174 793 1432 858; x_wconf 88' lang='lat' dir='ltr'><strong>unquam</strong></span> <span class='ocrx_word' id='word_1_39' title='bbox 1461 781 1766 861; x_wconf 87' lang='lat' dir='ltr'><strong>poteratut</strong></span> <span class='ocrx_word' id='word_1_40' title='bbox 1786 772 2103 836; x_wconf 88' lang='lat' dir='ltr'><strong>observare</strong></span> 
     </span>
    </p>
   </div>
   <div class='ocr_carea' id='block_1_9' title="bbox 451 860 2100 948">
    <p class='ocr_par' dir='ltr' id='par_1_9' title="bbox 451 860 2100 948">
     <span class='ocr_line' id='line_1_9' title="bbox 451 860 2100 948; baseline -0.005 -17"><span class='ocrx_word' id='word_1_41' title='bbox 451 860 1003 948; x_wconf 85' lang='lat' dir='ltr'><strong>desineret;quippe</strong></span> <span class='ocrx_word' id='word_1_42' title='bbox 1015 865 1116 948; x_wconf 92' lang='lat' dir='ltr'><strong>qui</strong></span> <span class='ocrx_word' id='word_1_43' title='bbox 1139 884 1271 926; x_wconf 91' lang='lat' dir='ltr'><strong>cum</strong></span> <span class='ocrx_word' id='word_1_44' title='bbox 1293 860 1765 926; x_wconf 83' lang='lat' dir='ltr'><strong>JoanneDomini</strong></span> <span class='ocrx_word' id='word_1_45' title='bbox 1788 861 2100 941; x_wconf 89' lang='lat' dir='ltr'><strong>discipulo,</strong></span> 
     </span>
    </p>
   </div>
   <div class='ocr_carea' id='block_1_10' title="bbox 447 949 2097 1037">
    <p class='ocr_par' dir='ltr' id='par_1_10' title="bbox 447 949 2097 1037">
     <span class='ocr_line' id='line_1_10' title="bbox 447 949 2097 1037; baseline -0.005 -17"><span class='ocrx_word' id='word_1_46' title='bbox 447 965 505 1020; x_wconf 90' lang='lat' dir='ltr'><strong>et</strong></span> <span class='ocrx_word' id='word_1_47' title='bbox 535 975 669 1020; x_wconf 89' lang='lat' dir='ltr'><strong>cum</strong></span> <span class='ocrx_word' id='word_1_48' title='bbox 700 956 949 1037; x_wconf 85' lang='lat' dir='ltr'><strong>reliquis</strong></span> <span class='ocrx_word' id='word_1_49' title='bbox 977 953 1282 1036; x_wconf 85' lang='lat' dir='ltr'><strong>apostolis,</strong></span> <span class='ocrx_word' id='word_1_50' title='bbox 1316 951 1667 1034; x_wconf 77' lang='lat' dir='ltr'><strong>quibuscum</strong></span> <span class='ocrx_word' id='word_1_51' title='bbox 1723 949 2097 1012; x_wconf 80' lang='lat' dir='ltr'><strong>familiariter</strong></span> 
     </span>
    </p>
   </div>
   <div class='ocr_carea' id='block_1_11' title="bbox 442 1039 2098 1124">
    <p class='ocr_par' dir='ltr' id='par_1_11' title="bbox 442 1039 2098 1124">
     <span class='ocr_line' id='line_1_11' title="bbox 442 1039 2098 1124; baseline -0.002 -20"><span class='ocrx_word' id='word_1_52' title='bbox 442 1047 688 1123; x_wconf 83' lang='lat' dir='ltr'><strong>vixerat,</strong></span> <span class='ocrx_word' id='word_1_53' title='bbox 721 1064 856 1110; x_wconf 88' lang='lat' dir='ltr'><strong>eum</strong></span> <span class='ocrx_word' id='word_1_54' title='bbox 891 1062 1119 1106; x_wconf 90' lang='lat' dir='ltr'><strong>morem</strong></span> <span class='ocrx_word' id='word_1_55' title='bbox 1147 1051 1433 1124; x_wconf 91' lang='lat' dir='ltr'><strong>perpetuo</strong></span> <span class='ocrx_word' id='word_1_56' title='bbox 1465 1039 1859 1102; x_wconf 84' lang='lat' dir='ltr'><strong>observasset.</strong></span> <span class='ocrx_word' id='word_1_57' title='bbox 1891 1039 2098 1121; x_wconf 86' lang='lat' dir='ltr'><strong>Neque</strong></span> 
     </span>
    </p>
   </div>
   <div class='ocr_carea' id='block_1_12' title="bbox 443 1129 2097 1216">
    <p class='ocr_par' dir='ltr' id='par_1_12' title="bbox 443 1129 2097 1216">
     <span class='ocr_line' id='line_1_12' title="bbox 443 1129 2097 1216; baseline -0.005 -18"><span class='ocrx_word' id='word_1_58' title='bbox 443 1137 590 1200; x_wconf 91' lang='lat' dir='ltr'><strong>item</strong></span> <span class='ocrx_word' id='word_1_59' title='bbox 621 1135 972 1216; x_wconf 81' lang='lat' dir='ltr'><strong>Polycarpus</strong></span> <span class='ocrx_word' id='word_1_60' title='bbox 1002 1131 1254 1196; x_wconf 87' lang='lat' dir='ltr'><strong>Aniceto</strong></span> <span class='ocrx_word' id='word_1_61' title='bbox 1280 1129 1639 1211; x_wconf 87' lang='lat' dir='ltr'><strong>persuadere</strong></span> <span class='ocrx_word' id='word_1_62' title='bbox 1672 1131 1956 1210; x_wconf 87' lang='lat' dir='ltr'><strong>potuit,ut</strong></span> <span class='ocrx_word' id='word_1_63' title='bbox 1986 1129 2097 1190; x_wconf 86' lang='lat' dir='ltr'><strong>ob-</strong></span> 
     </span>
    </p>
   </div>
   <div class='ocr_carea' id='block_1_13' title="bbox 445 1217 2094 1300">
    <p class='ocr_par' dir='ltr' id='par_1_13' title="bbox 445 1217 2094 1300">
     <span class='ocr_line' id='line_1_13' title="bbox 445 1217 2094 1300; baseline -0.005 -11"><span class='ocrx_word' id='word_1_64' title='bbox 445 1231 730 1300; x_wconf 81' lang='lat' dir='ltr'><strong>servaret;</strong></span> <span class='ocrx_word' id='word_1_65' title='bbox 763 1241 898 1285; x_wconf 89' lang='lat' dir='ltr'><strong>cum</strong></span> <span class='ocrx_word' id='word_1_66' title='bbox 929 1221 1213 1284; x_wconf 88' lang='lat' dir='ltr'><strong>Anicetus</strong></span> <span class='ocrx_word' id='word_1_67' title='bbox 1263 1238 1492 1294; x_wconf 92' lang='lat' dir='ltr'><strong>eorum,</strong></span> <span class='ocrx_word' id='word_1_68' title='bbox 1536 1217 1639 1300; x_wconf 91' lang='lat' dir='ltr'><strong>qui</strong></span> <span class='ocrx_word' id='word_1_69' title='bbox 1689 1229 1831 1281; x_wconf 87' lang='lat' dir='ltr'><strong>ante</strong></span> <span class='ocrx_word' id='word_1_70' title='bbox 1861 1237 1926 1280; x_wconf 91' lang='lat' dir='ltr'><strong>se</strong></span> <span class='ocrx_word' id='word_1_71' title='bbox 1961 1217 2094 1280; x_wconf 82' lang='lat' dir='ltr'><strong>tue-</strong></span> 
     </span>
    </p>
   </div>
   <div class='ocr_carea' id='block_1_14' title="bbox 442 1307 2098 1394">
    <p class='ocr_par' dir='ltr' id='par_1_14' title="bbox 442 1307 2098 1394">
     <span class='ocr_line' id='line_1_14' title="bbox 442 1307 2098 1394; baseline -0.005 -19"><span class='ocrx_word' id='word_1_72' title='bbox 442 1321 596 1394; x_wconf 88' lang='lat' dir='ltr'><strong>rant,</strong></span> <span class='ocrx_word' id='word_1_73' title='bbox 632 1311 1134 1394; x_wconf 80' lang='lat' dir='ltr'><strong>presbyterorum,</strong></span> <span class='ocrx_word' id='word_1_74' title='bbox 1156 1327 1387 1372; x_wconf 89' lang='lat' dir='ltr'><strong>murem</strong></span> <span class='ocrx_word' id='word_1_75' title='bbox 1414 1308 1529 1370; x_wconf 89' lang='lat' dir='ltr'><strong>sibi</strong></span> <span class='ocrx_word' id='word_1_76' title='bbox 1559 1307 1938 1369; x_wconf 91' lang='lat' dir='ltr'><strong>retinendum</strong></span> <span class='ocrx_word' id='word_1_77' title='bbox 1964 1325 2098 1367; x_wconf 90' lang='lat' dir='ltr'><strong>esse</strong></span> 
     </span>
    </p>
   </div>
   <div class='ocr_carea' id='block_1_15' title="bbox 2183 590 3852 671">
    <p class='ocr_par' dir='ltr' id='par_1_15' title="bbox 2183 590 3852 671">
     <span class='ocr_line' id='line_1_15' title="bbox 2183 590 3852 671; baseline -0.001 -23"><span class='ocrx_word' id='word_1_78' title='bbox 2183 591 2563 671; x_wconf 77' lang='grc' dir='ltr'>συνδιέτριψεν,</span> <span class='ocrx_word' id='word_1_79' title='bbox 2613 593 2693 649; x_wconf 84' lang='grc' dir='ltr'>ἀεὶ</span> <span class='ocrx_word' id='word_1_80' title='bbox 2751 592 3086 670; x_wconf 80' lang='grc' dir='ltr'>τετηρηκότα</span> <span class='ocrx_word' id='word_1_81' title='bbox 3121 608 3134 622; x_wconf 92' lang='grc'><strong>·</strong></span> <span class='ocrx_word' id='word_1_82' title='bbox 3185 591 3302 648; x_wconf 64' lang='grc' dir='ltr'>οὔτε</span> <span class='ocrx_word' id='word_1_83' title='bbox 3352 591 3447 667; x_wconf 79' lang='grc' dir='ltr'><strong>μὲν</strong></span> <span class='ocrx_word' id='word_1_84' title='bbox 3471 594 3521 671; x_wconf 63' lang='grc' dir='ltr'><strong>Δὁ</strong></span> <span class='ocrx_word' id='word_1_85' title='bbox 3565 590 3852 663; x_wconf 74' lang='grc' dir='ltr'><strong>Πολύχαρ-</strong></span> 
     </span>
    </p>
   </div>
   <div class='ocr_carea' id='block_1_16' title="bbox 2182 669 3841 759">
    <p class='ocr_par' dir='ltr' id='par_1_16' title="bbox 2182 669 3841 759">
     <span class='ocr_line' id='line_1_16' title="bbox 2182 669 3841 759; baseline -0.001 -21"><span class='ocrx_word' id='word_1_86' title='bbox 2182 703 2283 745; x_wconf 86' lang='grc' dir='ltr'><strong>πος</strong></span> <span class='ocrx_word' id='word_1_87' title='bbox 2327 684 2418 738; x_wconf 85' lang='grc' dir='ltr'>τὸν</span> <span class='ocrx_word' id='word_1_88' title='bbox 2466 682 2746 748; x_wconf 80' lang='grc' dir='ltr'>Ἀνίκητον</span> <span class='ocrx_word' id='word_1_89' title='bbox 2804 680 2980 738; x_wconf 80' lang='grc' dir='ltr'>ἔπεισε</span> <span class='ocrx_word' id='word_1_90' title='bbox 3037 694 3248 759; x_wconf 72' lang='grc' dir='ltr'>τηρεῖν,</span> <span class='ocrx_word' id='word_1_91' title='bbox 3287 669 3514 759; x_wconf 57' lang='grc' dir='ltr'><strong>λέγονυθκ</strong></span> <span class='ocrx_word' id='word_1_92' title='bbox 3545 681 3644 748; x_wconf 74' lang='grc' dir='ltr'>τὴν</span> <span class='ocrx_word' id='word_1_93' title='bbox 3672 681 3841 749; x_wconf 74' lang='grc' dir='ltr'>συνή-</span> 
     </span>
    </p>
   </div>
   <div class='ocr_carea' id='block_1_17' title="bbox 2183 767 3850 851">
    <p class='ocr_par' dir='ltr' id='par_1_17' title="bbox 2183 767 3850 851">
     <span class='ocr_line' id='line_1_17' title="bbox 2183 767 3850 851; baseline 0 -25"><span class='ocrx_word' id='word_1_94' title='bbox 2183 773 2332 826; x_wconf 76' lang='grc' dir='ltr'>θειαν</span> <span class='ocrx_word' id='word_1_95' title='bbox 2375 777 2482 828; x_wconf 86' lang='grc' dir='ltr'><strong>τῶν</strong></span> <span class='ocrx_word' id='word_1_96' title='bbox 2511 773 2613 849; x_wconf 85' lang='grc' dir='ltr'>πρὸ</span> <span class='ocrx_word' id='word_1_97' title='bbox 2672 771 2827 828; x_wconf 72' lang='grc' dir='ltr'>αὐτοῦ</span> <span class='ocrx_word' id='word_1_98' title='bbox 2871 767 3230 849; x_wconf 75' lang='grc' dir='ltr'>πρεσϐυτέρων</span> <span class='ocrx_word' id='word_1_99' title='bbox 3267 769 3396 850; x_wconf 67' lang='grc'><strong>(34)</strong></span> <span class='ocrx_word' id='word_1_100' title='bbox 3426 769 3652 851; x_wconf 76' lang='grc' dir='ltr'><strong>ὀφείλειν</strong></span> <span class='ocrx_word' id='word_1_101' title='bbox 3683 769 3850 826; x_wconf 78' lang='grc' dir='ltr'><strong>κατέ-</strong></span> 
     </span>
    </p>
   </div>
   <div class='ocr_carea' id='block_1_18' title="bbox 2188 857 3844 940">
    <p class='ocr_par' dir='ltr' id='par_1_18' title="bbox 2188 857 3844 940">
     <span class='ocr_line' id='line_1_18' title="bbox 2188 857 3844 940; baseline -0.001 -25"><span class='ocrx_word' id='word_1_102' title='bbox 2188 881 2330 940; x_wconf 84' lang='grc' dir='ltr'><strong>χειν.</strong></span> <span class='ocrx_word' id='word_1_103' title='bbox 2390 862 2489 918; x_wconf 85' lang='grc' dir='ltr'><strong>Καὶ</strong></span> <span class='ocrx_word' id='word_1_104' title='bbox 2528 861 2728 917; x_wconf 75' lang='grc' dir='ltr'>τούτων</span> <span class='ocrx_word' id='word_1_105' title='bbox 2770 859 2934 924; x_wconf 71' lang='grc' dir='ltr'>οὕτως</span> <span class='ocrx_word' id='word_1_106' title='bbox 2978 857 3242 940; x_wconf 77' lang='grc' dir='ltr'>ἑχόντων,</span> <span class='ocrx_word' id='word_1_107' title='bbox 3301 859 3658 926; x_wconf 81' lang='grc' dir='ltr'>ὲκοινωνησαν</span> <span class='ocrx_word' id='word_1_108' title='bbox 3717 861 3844 914; x_wconf 73' lang='grc' dir='ltr'>εαυ-</span> 
     </span>
    </p>
   </div>
   <div class='ocr_carea' id='block_1_19' title="bbox 2177 946 3842 1028">
    <p class='ocr_par' dir='ltr' id='par_1_19' title="bbox 2177 946 3842 1028">
     <span class='ocr_line' id='line_1_19' title="bbox 2177 946 3842 1028; baseline -0.002 -22"><span class='ocrx_word' id='word_1_109' title='bbox 2177 962 2296 1013; x_wconf 79' lang='grc' dir='ltr'>τοϊς</span> <span class='ocrx_word' id='word_1_110' title='bbox 2333 965 2346 979; x_wconf 87' lang='grc'><strong><em>⁸</em></strong></span> <span class='ocrx_word' id='word_1_111' title='bbox 2395 952 2484 1006; x_wconf 78' lang='grc' dir='ltr'><strong>καὶ</strong></span> <span class='ocrx_word' id='word_1_112' title='bbox 2527 949 2583 1005; x_wconf 85' lang='grc' dir='ltr'>ἐν</span> <span class='ocrx_word' id='word_1_113' title='bbox 2625 955 2694 1026; x_wconf 78' lang='grc' dir='ltr'><strong>τῇ</strong></span> <span class='ocrx_word' id='word_1_114' title='bbox 2749 947 3043 1021; x_wconf 81' lang='grc' dir='ltr'>Ἐκκλησίᾳ</span> <span class='ocrx_word' id='word_1_115' title='bbox 3085 949 3471 1028; x_wconf 81' lang='grc' dir='ltr'><strong>παρεχώρησεν</strong></span> <span class='ocrx_word' id='word_1_116' title='bbox 3503 949 3530 1003; x_wconf 87' lang='grc' dir='ltr'>ὁ</span> <span class='ocrx_word' id='word_1_117' title='bbox 3560 946 3842 1012; x_wconf 78' lang='grc' dir='ltr'><strong>Ἀνίκητος</strong></span> 
     </span>
    </p>
   </div>
   <div class='ocr_carea' id='block_1_20' title="bbox 2177 1035 3843 1118">
    <p class='ocr_par' dir='ltr' id='par_1_20' title="bbox 2177 1035 3843 1118">
     <span class='ocr_line' id='line_1_20' title="bbox 2177 1035 3843 1118; baseline -0.004 -24"><span class='ocrx_word' id='word_1_118' title='bbox 2177 1040 2275 1106; x_wconf 75' lang='grc' dir='ltr'>τὴν</span> <span class='ocrx_word' id='word_1_119' title='bbox 2319 1038 2660 1118; x_wconf 73' lang='grc' dir='ltr'>εὖχαριστίαν</span> <span class='ocrx_word' id='word_1_120' title='bbox 2719 1035 2836 1108; x_wconf 68' lang='grc'><strong>(35)</strong></span> <span class='ocrx_word' id='word_1_121' title='bbox 2892 1043 2970 1111; x_wconf 84' lang='grc' dir='ltr'>τῷ</span> <span class='ocrx_word' id='word_1_122' title='bbox 3004 1037 3359 1116; x_wconf 81' lang='grc' dir='ltr'>Πολυκάρπῷ,</span> <span class='ocrx_word' id='word_1_123' title='bbox 3405 1035 3524 1092; x_wconf 71' lang='grc' dir='ltr'>κατ’</span> <span class='ocrx_word' id='word_1_124' title='bbox 3582 1036 3843 1112; x_wconf 72' lang='grc' dir='ltr'>ἒντροπὴν</span> 
     </span>
    </p>
   </div>
   <div class='ocr_carea' id='block_1_21' title="bbox 2177 1123 3837 1207">
    <p class='ocr_par' dir='ltr' id='par_1_21' title="bbox 2177 1123 3837 1207">
     <span class='ocr_line' id='line_1_21' title="bbox 2177 1123 3837 1207; baseline -0.002 -25"><span class='ocrx_word' id='word_1_125' title='bbox 2177 1127 2448 1207; x_wconf 82' lang='grc' dir='ltr'>δηλονότι,</span> <span class='ocrx_word' id='word_1_126' title='bbox 2496 1130 2582 1184; x_wconf 80' lang='grc' dir='ltr'><strong>καὶ</strong></span> <span class='ocrx_word' id='word_1_127' title='bbox 2636 1126 2755 1202; x_wconf 86' lang='grc' dir='ltr'>μετ’</span> <span class='ocrx_word' id='word_1_128' title='bbox 2801 1128 3014 1206; x_wconf 77' lang='grc' dir='ltr'>εἰρήνης</span> <span class='ocrx_word' id='word_1_129' title='bbox 3072 1125 3164 1182; x_wconf 76' lang='grc' dir='ltr'>ἀπ’</span> <span class='ocrx_word' id='word_1_130' title='bbox 3223 1125 3473 1196; x_wconf 78' lang='grc' dir='ltr'>ἀλλήλων</span> <span class='ocrx_word' id='word_1_131' title='bbox 3503 1123 3837 1201; x_wconf 79' lang='grc' dir='ltr'>ἀπηλλάγη-</span> 
     </span>
    </p>
   </div>
   <div class='ocr_carea' id='block_1_22' title="bbox 2180 1213 3840 1295">
    <p class='ocr_par' dir='ltr' id='par_1_22' title="bbox 2180 1213 3840 1295">
     <span class='ocr_line' id='line_1_22' title="bbox 2180 1213 3840 1295; baseline -0.003 -23"><span class='ocrx_word' id='word_1_132' title='bbox 2180 1239 2299 1292; x_wconf 71' lang='grc' dir='ltr'>σαν,</span> <span class='ocrx_word' id='word_1_133' title='bbox 2347 1217 2522 1282; x_wconf 76' lang='grc' dir='ltr'>πάσης</span> <span class='ocrx_word' id='word_1_134' title='bbox 2579 1221 2678 1282; x_wconf 80' lang='grc' dir='ltr'>τῆς</span> <span class='ocrx_word' id='word_1_135' title='bbox 2713 1213 3031 1282; x_wconf 76' lang='grc' dir='ltr'>Ἐκκλησίας</span> <span class='ocrx_word' id='word_1_136' title='bbox 3089 1216 3303 1291; x_wconf 80' lang='grc' dir='ltr'>εἰρήνην</span> <span class='ocrx_word' id='word_1_137' title='bbox 3333 1215 3572 1295; x_wconf 79' lang='grc' dir='ltr'>ἐχόντων</span> <span class='ocrx_word' id='word_1_138' title='bbox 3615 1213 3840 1270; x_wconf 78' lang='grc' dir='ltr'>καὶτῶν</span> 
     </span>
    </p>
   </div>
   <div class='ocr_carea' id='block_1_23' title="bbox 2177 1304 3268 1386">
    <p class='ocr_par' dir='ltr' id='par_1_23' title="bbox 2177 1304 3268 1386">
     <span class='ocr_line' id='line_1_23' title="bbox 2177 1304 3268 1386; baseline -0.001 -23"><span class='ocrx_word' id='word_1_139' title='bbox 2177 1307 2500 1386; x_wconf 71' lang='grc' dir='ltr'>τηρούντων,</span> <span class='ocrx_word' id='word_1_140' title='bbox 2547 1307 2635 1361; x_wconf 62' lang='grc' dir='ltr'><strong>καὶ</strong></span> <span class='ocrx_word' id='word_1_141' title='bbox 2674 1310 2776 1360; x_wconf 83' lang='grc' dir='ltr'><strong>τῶν</strong></span> <span class='ocrx_word' id='word_1_142' title='bbox 2822 1304 2901 1380; x_wconf 80' lang='grc' dir='ltr'><strong>μὴ</strong></span> <span class='ocrx_word' id='word_1_143' title='bbox 2944 1305 3268 1382; x_wconf 80' lang='grc' dir='ltr'>τηρούντων.</span> 
     </span>
    </p>
   </div>
   <div class='ocr_carea' id='block_1_24' title="bbox 439 1394 3848 1482">
    <p class='ocr_par' dir='ltr' id='par_1_24' title="bbox 439 1394 3848 1482">
     <span class='ocr_line' id='line_1_24' title="bbox 439 1394 3848 1482; baseline -0.003 -14"><span class='ocrx_word' id='word_1_144' title='bbox 439 1406 689 1470; x_wconf 87' lang='lat' dir='ltr'><strong>diceret.</strong></span> <span class='ocrx_word' id='word_1_145' title='bbox 723 1403 866 1478; x_wconf 59' lang='lat' dir='ltr'><strong>Qua;</strong></span> <span class='ocrx_word' id='word_1_146' title='bbox 889 1421 1024 1466; x_wconf 91' lang='lat' dir='ltr'><strong>cnm</strong></span> <span class='ocrx_word' id='word_1_147' title='bbox 1055 1403 1136 1466; x_wconf 89' lang='lat' dir='ltr'><strong>ita</strong></span> <span class='ocrx_word' id='word_1_148' title='bbox 1177 1421 1242 1464; x_wconf 89' lang='lat' dir='ltr'><strong>se</strong></span> <span class='ocrx_word' id='word_1_149' title='bbox 1271 1402 1588 1482; x_wconf 82' lang='lat' dir='ltr'><strong>haberent,</strong></span> <span class='ocrx_word' id='word_1_150' title='bbox 1621 1399 2137 1462; x_wconf 90' lang='lat' dir='ltr'><strong>communicarunt</strong></span> <span class='ocrx_word' id='word_1_151' title='bbox 2165 1396 2281 1460; x_wconf 90' lang='lat' dir='ltr'><strong>sibi</strong></span> <span class='ocrx_word' id='word_1_152' title='bbox 2310 1395 2604 1459; x_wconf 90' lang='lat' dir='ltr'><strong>invicem:</strong></span> <span class='ocrx_word' id='word_1_153' title='bbox 2640 1403 2698 1458; x_wconf 91' lang='lat' dir='ltr'><strong>et</strong></span> <span class='ocrx_word' id='word_1_154' title='bbox 2728 1396 3054 1459; x_wconf 87' lang='lat' dir='ltr'><strong>Anicetusc</strong></span> <span class='ocrx_word' id='word_1_155' title='bbox 3083 1395 3144 1458; x_wconf 92' lang='lat' dir='ltr'><strong>in</strong></span> <span class='ocrx_word' id='word_1_156' title='bbox 3169 1396 3400 1458; x_wconf 83' lang='lat' dir='ltr'><strong>Eclesia</strong></span> <span class='ocrx_word' id='word_1_157' title='bbox 3439 1394 3848 1458; x_wconf 91' lang='lat' dir='ltr'><strong>consecrandi</strong></span> 
     </span>
    </p>
   </div>
   <div class='ocr_carea' id='block_1_25' title="bbox 443 1483 3784 1574">
    <p class='ocr_par' dir='ltr' id='par_1_25' title="bbox 443 1483 3784 1574">
     <span class='ocr_line' id='line_1_25' title="bbox 443 1483 3784 1574; baseline -0.004 -16"><span class='ocrx_word' id='word_1_158' title='bbox 443 1515 660 1558; x_wconf 89' lang='lat' dir='ltr'><strong>munus</strong></span> <span class='ocrx_word' id='word_1_159' title='bbox 689 1494 1012 1574; x_wconf 85' lang='lat' dir='ltr'><strong>Polycarpo</strong></span> <span class='ocrx_word' id='word_1_160' title='bbox 1057 1491 1303 1555; x_wconf 87' lang='lat' dir='ltr'><strong>honoris</strong></span> <span class='ocrx_word' id='word_1_161' title='bbox 1331 1509 1508 1552; x_wconf 88' lang='lat' dir='ltr'><strong>causa</strong></span> <span class='ocrx_word' id='word_1_162' title='bbox 1539 1491 1872 1565; x_wconf 88' lang='lat' dir='ltr'><strong>concessit;</strong></span> <span class='ocrx_word' id='word_1_163' title='bbox 1909 1488 2268 1568; x_wconf 85' lang='lat' dir='ltr'><strong>tandemque</strong></span> <span class='ocrx_word' id='word_1_164' title='bbox 2317 1505 2453 1548; x_wconf 91' lang='lat' dir='ltr'><strong>cum</strong></span> <span class='ocrx_word' id='word_1_165' title='bbox 2487 1502 2629 1566; x_wconf 87' lang='lat' dir='ltr'><strong>pace</strong></span> <span class='ocrx_word' id='word_1_166' title='bbox 2669 1503 2798 1574; x_wconf 85' lang='lat' dir='ltr'><strong>ase</strong></span> <span class='ocrx_word' id='word_1_167' title='bbox 2828 1485 3082 1547; x_wconf 80' lang='lat' dir='ltr'><strong>invicem</strong></span> <span class='ocrx_word' id='word_1_168' title='bbox 3114 1485 3563 1574; x_wconf 69' lang='lat' dir='ltr'><strong>discesserunt:</strong></span> <span class='ocrx_word' id='word_1_169' title='bbox 3601 1492 3716 1574; x_wconf 84' lang='lat' dir='ltr'><strong>tam</strong></span> <span class='ocrx_word' id='word_1_170' title='bbox 3767 1483 3784 1543; x_wconf 96' lang='lat' dir='ltr'><strong>i</strong></span> 
     </span>
    </p>
   </div>
   <div class='ocr_carea' id='block_1_26' title="bbox 441 1571 3804 1666">
    <p class='ocr_par' dir='ltr' id='par_1_26' title="bbox 441 1571 3804 1666">
     <span class='ocr_line' id='line_1_26' title="bbox 441 1571 3804 1666; baseline -0.004 -19"><span class='ocrx_word' id='word_1_171' title='bbox 441 1585 544 1666; x_wconf 91' lang='lat' dir='ltr'><strong>qui</strong></span> <span class='ocrx_word' id='word_1_172' title='bbox 565 1571 986 1659; x_wconf 81' lang='lat' dir='ltr'><strong>observabant,</strong></span> <span class='ocrx_word' id='word_1_173' title='bbox 1008 1601 1182 1664; x_wconf 90' lang='lat' dir='ltr'><strong>quam</strong></span> <span class='ocrx_word' id='word_1_174' title='bbox 1200 1581 1318 1642; x_wconf 89' lang='lat' dir='ltr'><strong>illis</strong></span> <span class='ocrx_word' id='word_1_175' title='bbox 1340 1580 1440 1662; x_wconf 93' lang='lat' dir='ltr'><strong>qui</strong></span> <span class='ocrx_word' id='word_1_176' title='bbox 1464 1579 1709 1642; x_wconf 90' lang='lat' dir='ltr'><strong>minime</strong></span> <span class='ocrx_word' id='word_1_177' title='bbox 1727 1577 2143 1657; x_wconf 79' lang='lat' dir='ltr'><strong>observabant,</strong></span> <span class='ocrx_word' id='word_1_178' title='bbox 2168 1594 2400 1657; x_wconf 79' lang='lat' dir='ltr'><strong>pacem,</strong></span> <span class='ocrx_word' id='word_1_179' title='bbox 2427 1573 3034 1656; x_wconf 88' lang='lat' dir='ltr'><strong>communionemque</strong></span> <span class='ocrx_word' id='word_1_180' title='bbox 3056 1573 3227 1636; x_wconf 90' lang='lat' dir='ltr'><strong>tstius</strong></span> <span class='ocrx_word' id='word_1_181' title='bbox 3247 1572 3530 1636; x_wconf 68' lang='lat' dir='ltr'><strong>Ecclesiae</strong></span> <span class='ocrx_word' id='word_1_182' title='bbox 3569 1571 3804 1634; x_wconf 85' lang='lat' dir='ltr'><strong>retinen</strong></span> 
     </span>
    </p>
   </div>
   <div class='ocr_carea' id='block_1_27' title="bbox 526 1748 3749 1924">
    <p class='ocr_par' dir='ltr' id='par_1_27' title="bbox 526 1748 3749 1924">
     <span class='ocr_line' id='line_1_27' title="bbox 526 1748 3749 1924; baseline -0.004 -16"><span class='ocrx_word' id='word_1_183' title='bbox 526 1843 704 1908; x_wconf 88' lang='lat' dir='ltr'><strong>Aliud</strong></span> <span class='ocrx_word' id='word_1_184' title='bbox 730 1845 953 1909; x_wconf 90' lang='lat' dir='ltr'><strong>dictum</strong></span> <span class='ocrx_word' id='word_1_185' title='bbox 985 1861 1058 1906; x_wconf 85' lang='lat' dir='ltr'><strong>ex</strong></span> <span class='ocrx_word' id='word_1_186' title='bbox 1086 1841 1350 1924; x_wconf 89' lang='lat' dir='ltr'><strong>Epistola</strong></span> <span class='ocrx_word' id='word_1_187' title='bbox 1369 1840 1441 1903; x_wconf 88' lang='lat' dir='ltr'><strong>ad</strong></span> <span class='ocrx_word' id='word_1_188' title='bbox 1473 1838 1800 1912; x_wconf 83' lang='lat' dir='ltr'><strong>Victorem,</strong></span> <span class='ocrx_word' id='word_1_189' title='bbox 1831 1748 2183 1919; x_wconf 41' lang='lat' dir='ltr'><strong>excerptiiYn&#39;</strong></span> <span class='ocrx_word' id='word_1_190' title='bbox 2207 1856 2241 1900; x_wconf 94' lang='lat' dir='ltr'><strong>e</strong></span> <span class='ocrx_word' id='word_1_191' title='bbox 2271 1837 2524 1924; x_wconf 64' lang='lat' dir='ltr'><strong>Maximo</strong></span> <span class='ocrx_word' id='word_1_192' title='bbox 2553 1837 2684 1918; x_wconf 68' lang='lat'><strong>(36)</strong></span> <span class='ocrx_word' id='word_1_193' title='bbox 2710 1855 2892 1900; x_wconf 91' lang='lat' dir='ltr'><strong>serm.</strong></span> <span class='ocrx_word' id='word_1_194' title='bbox 2925 1837 2962 1901; x_wconf 87' lang='lat'><strong>7</strong></span> <span class='ocrx_word' id='word_1_195' title='bbox 2993 1836 3069 1900; x_wconf 92' lang='lat' dir='ltr'><strong>de</strong></span> <span class='ocrx_word' id='word_1_196' title='bbox 3090 1837 3484 1918; x_wconf 81' lang='lat' dir='ltr'><strong>eleemosyna,</strong></span> <span class='ocrx_word' id='word_1_197' title='bbox 3521 1845 3663 1898; x_wconf 93' lang='lat' dir='ltr'><strong>tom.</strong></span> <span class='ocrx_word' id='word_1_198' title='bbox 3699 1834 3749 1896; x_wconf 86' lang='lat' dir='ltr'><strong>ll</strong></span> 
     </span>
    </p>
   </div>
   <div class='ocr_carea' id='block_1_28' title="bbox 442 1673 621 1737">
    <p class='ocr_par' dir='ltr' id='par_1_28' title="bbox 442 1673 621 1737">
     <span class='ocr_line' id='line_1_28' title="bbox 442 1673 621 1737; baseline -0.017 0"><span class='ocrx_word' id='word_1_199' title='bbox 442 1673 621 1737; x_wconf 91' lang='lat' dir='ltr'><strong>tibus.</strong></span> 
     </span>
    </p>
   </div>
   <div class='ocr_carea' id='block_1_29' title="bbox 1823 1936 2261 1999">
    <p class='ocr_par' dir='ltr' id='par_1_29' title="bbox 1823 1936 2261 1999">
     <span class='ocr_line' id='line_1_29' title="bbox 1823 1936 2261 1999; baseline -0.002 -19"><span class='ocrx_word' id='word_1_200' title='bbox 1823 1938 2092 1999; x_wconf 87' lang='lat' dir='ltr'><strong>operum,</strong></span> <span class='ocrx_word' id='word_1_201' title='bbox 2129 1936 2261 1999; x_wconf 84' lang='lat' dir='ltr'><strong>pag.</strong></span> 
     </span>
    </p>
   </div>
   <div class='ocr_carea' id='block_1_30' title="bbox 528 2011 2156 2098">
    <p class='ocr_par' dir='ltr' id='par_1_30' title="bbox 528 2011 2156 2098">
     <span class='ocr_line' id='line_1_30' title="bbox 528 2011 2156 2098; baseline -0.004 -18"><span class='ocrx_word' id='word_1_202' title='bbox 528 2015 802 2091; x_wconf 87' lang='lat' dir='ltr'><strong>Quandiu</strong></span> <span class='ocrx_word' id='word_1_203' title='bbox 858 2015 992 2098; x_wconf 91' lang='lat' dir='ltr'><strong>quis</strong></span> <span class='ocrx_word' id='word_1_204' title='bbox 1035 2015 1100 2078; x_wconf 91' lang='lat' dir='ltr'><strong>in</strong></span> <span class='ocrx_word' id='word_1_205' title='bbox 1155 2013 1433 2077; x_wconf 83' lang='lat' dir='ltr'><strong>facultate</strong></span> <span class='ocrx_word' id='word_1_206' title='bbox 1465 2011 1668 2088; x_wconf 89' lang='lat' dir='ltr'><strong>habet,</strong></span> <span class='ocrx_word' id='word_1_207' title='bbox 1695 2018 1762 2073; x_wconf 90' lang='lat' dir='ltr'><strong>ut</strong></span> <span class='ocrx_word' id='word_1_208' title='bbox 1809 2011 2096 2092; x_wconf 81' lang='lat' dir='ltr'><strong>proximis</strong></span> <span class='ocrx_word' id='word_1_209' title='bbox 2120 2037 2156 2086; x_wconf 73' lang='grc' dir='ltr'><strong>Β</strong></span> 
     </span>
    </p>
   </div>
   <div class='ocr_carea' id='block_1_31' title="bbox 449 2099 2095 2185">
    <p class='ocr_par' dir='ltr' id='par_1_31' title="bbox 449 2099 2095 2185">
     <span class='ocr_line' id='line_1_31' title="bbox 449 2099 2095 2185; baseline -0.004 -16"><span class='ocrx_word' id='word_1_210' title='bbox 449 2106 806 2182; x_wconf 84' lang='lat' dir='ltr'><strong>benefaciat,</strong></span> <span class='ocrx_word' id='word_1_211' title='bbox 836 2123 950 2167; x_wconf 91' lang='lat' dir='ltr'><strong>nec</strong></span> <span class='ocrx_word' id='word_1_212' title='bbox 977 2102 1141 2185; x_wconf 82' lang='lat' dir='ltr'><strong>facit,</strong></span> <span class='ocrx_word' id='word_1_213' title='bbox 1175 2103 1404 2166; x_wconf 89' lang='lat' dir='ltr'><strong>alienus</strong></span> <span class='ocrx_word' id='word_1_214' title='bbox 1425 2121 1460 2164; x_wconf 87' lang='lat' dir='ltr'><strong>a</strong></span> <span class='ocrx_word' id='word_1_215' title='bbox 1498 2099 1742 2163; x_wconf 92' lang='lat' dir='ltr'><strong>Domini</strong></span> <span class='ocrx_word' id='word_1_216' title='bbox 1773 2099 2095 2162; x_wconf 91' lang='lat' dir='ltr'><strong>dilectione</strong></span> 
     </span>
    </p>
   </div>
   <div class='ocr_carea' id='block_1_32' title="bbox 443 2193 854 2258">
    <p class='ocr_par' dir='ltr' id='par_1_32' title="bbox 443 2193 854 2258">
     <span class='ocr_line' id='line_1_32' title="bbox 443 2193 854 2258; baseline -0.01 0"><span class='ocrx_word' id='word_1_217' title='bbox 443 2193 854 2258; x_wconf 64' lang='lat' dir='ltr'><strong>astimabitur.</strong></span> 
     </span>
    </p>
   </div>
   <div class='ocr_carea' id='block_1_33' title="bbox 2304 1918 2444 1982">
    <p class='ocr_par' dir='ltr' id='par_1_33' title="bbox 2304 1918 2444 1982">
     <span class='ocr_line' id='line_1_33' title="bbox 2304 1918 2444 1982; baseline -0.029 0"><span class='ocrx_word' id='word_1_218' title='bbox 2304 1918 2444 1982; x_wconf 72' lang='lat'><strong>554.</strong></span> 
     </span>
    </p>
   </div>
   <div class='ocr_carea' id='block_1_34' title="bbox 2261 2009 3816 2090">
    <p class='ocr_par' dir='ltr' id='par_1_34' title="bbox 2261 2009 3816 2090">
     <span class='ocr_line' id='line_1_34' title="bbox 2261 2009 3816 2090; baseline -0.001 -21"><span class='ocrx_word' id='word_1_219' title='bbox 2261 2013 2352 2070; x_wconf 89' lang='grc' dir='ltr'>Ἐν</span> <span class='ocrx_word' id='word_1_220' title='bbox 2409 2012 2455 2086; x_wconf 86' lang='grc' dir='ltr'>ᾦ</span> <span class='ocrx_word' id='word_1_221' title='bbox 2497 2011 2558 2067; x_wconf 85' lang='grc' dir='ltr'><strong>ἃν</strong></span> <span class='ocrx_word' id='word_1_222' title='bbox 2599 2033 2680 2076; x_wconf 91' lang='grc' dir='ltr'><strong>τις</strong></span> <span class='ocrx_word' id='word_1_223' title='bbox 2734 2009 2940 2068; x_wconf 77' lang='grc' dir='ltr'>δύναιτο</span> <span class='ocrx_word' id='word_1_224' title='bbox 2991 2011 3048 2067; x_wconf 80' lang='grc' dir='ltr'>εὖ</span> <span class='ocrx_word' id='word_1_225' title='bbox 3091 2023 3270 2068; x_wconf 83' lang='grc' dir='ltr'>ποιεῖν</span> <span class='ocrx_word' id='word_1_226' title='bbox 3316 2024 3436 2074; x_wconf 78' lang='grc' dir='ltr'>τοῖς</span> <span class='ocrx_word' id='word_1_227' title='bbox 3463 2009 3712 2090; x_wconf 74' lang='grc' dir='ltr'>πλησίον,</span> <span class='ocrx_word' id='word_1_228' title='bbox 3747 2031 3816 2067; x_wconf 78' lang='grc' dir='ltr'>κα</span> 
     </span>
    </p>
   </div>
   <div class='ocr_carea' id='block_1_35' title="bbox 2178 2097 3840 2180">
    <p class='ocr_par' dir='ltr' id='par_1_35' title="bbox 2178 2097 3840 2180">
     <span class='ocr_line' id='line_1_35' title="bbox 2178 2097 3840 2180; baseline -0.002 -22"><span class='ocrx_word' id='word_1_229' title='bbox 2178 2102 2237 2158; x_wconf 75' lang='grc' dir='ltr'>οὗ</span> <span class='ocrx_word' id='word_1_230' title='bbox 2287 2113 2459 2176; x_wconf 76' lang='grc' dir='ltr'>ποιεῖ,</span> <span class='ocrx_word' id='word_1_231' title='bbox 2519 2097 2790 2180; x_wconf 80' lang='grc' dir='ltr'>ἀλλότριος</span> <span class='ocrx_word' id='word_1_232' title='bbox 2820 2102 2917 2168; x_wconf 75' lang='grc' dir='ltr'><strong>της</strong></span> <span class='ocrx_word' id='word_1_233' title='bbox 2959 2100 3174 2180; x_wconf 82' lang='grc' dir='ltr'>ἀγάπης</span> <span class='ocrx_word' id='word_1_234' title='bbox 3225 2106 3319 2156; x_wconf 84' lang='grc' dir='ltr'>τοῦ</span> <span class='ocrx_word' id='word_1_235' title='bbox 3352 2101 3537 2178; x_wconf 79' lang='grc' dir='ltr'>Κυρίου</span> <span class='ocrx_word' id='word_1_236' title='bbox 3567 2100 3840 2174; x_wconf 75' lang='grc' dir='ltr'>νομισθή-</span> 
     </span>
    </p>
   </div>
   <div class='ocr_carea' id='block_1_36' title="bbox 2179 2211 2350 2253">
    <p class='ocr_par' dir='ltr' id='par_1_36' title="bbox 2179 2211 2350 2253">
     <span class='ocr_line' id='line_1_36' title="bbox 2179 2211 2350 2253; baseline 0.006 -7"><span class='ocrx_word' id='word_1_237' title='bbox 2179 2211 2350 2253; x_wconf 79' lang='grc' dir='ltr'>σεται.</span> 
     </span>
    </p>
   </div>
   <div class='ocr_carea' id='block_1_37' title="bbox 547 2285 3732 2462">
    <p class='ocr_par' dir='ltr' id='par_1_37' title="bbox 547 2285 3732 2462">
     <span class='ocr_line' id='line_1_37' title="bbox 547 2285 3732 2462; baseline -0.003 -18"><span class='ocrx_word' id='word_1_238' title='bbox 547 2383 688 2444; x_wconf 70' lang='lat'><strong>549</strong></span> <span class='ocrx_word' id='word_1_239' title='bbox 718 2381 1139 2462; x_wconf 83' lang='lat' dir='ltr'><strong>Fragmentum</strong></span> <span class='ocrx_word' id='word_1_240' title='bbox 1169 2377 1474 2442; x_wconf 89' lang='lat' dir='ltr'><strong>Sermonis</strong></span> <span class='ocrx_word' id='word_1_241' title='bbox 1506 2377 1718 2444; x_wconf 65' lang='lat' dir='ltr'><strong>Irenaei</strong></span> <span class='ocrx_word' id='word_1_242' title='bbox 1747 2379 1821 2440; x_wconf 87' lang='lat' dir='ltr'><strong>de</strong></span> <span class='ocrx_word' id='word_1_243' title='bbox 1849 2377 1970 2438; x_wconf 81' lang='lat' dir='ltr'><strong>fide</strong></span> <span class='ocrx_word' id='word_1_244' title='bbox 2002 2285 2259 2456; x_wconf 46' lang='lat'><strong>(37):.”</strong></span> <span class='ocrx_word' id='word_1_245' title='bbox 2292 2373 2562 2454; x_wconf 87' lang='lat' dir='ltr'><strong>ejusdem</strong></span> <span class='ocrx_word' id='word_1_246' title='bbox 2602 2373 2838 2437; x_wconf 84' lang='lat' dir='ltr'><strong>Maximi</strong></span> <span class='ocrx_word' id='word_1_247' title='bbox 2870 2381 3015 2437; x_wconf 91' lang='lat' dir='ltr'><strong>tom.</strong></span> <span class='ocrx_word' id='word_1_248' title='bbox 3048 2373 3101 2437; x_wconf 89' lang='lat' dir='ltr'><strong>II</strong></span> <span class='ocrx_word' id='word_1_249' title='bbox 3128 2375 3411 2455; x_wconf 90' lang='lat' dir='ltr'><strong>Operum,</strong></span> <span class='ocrx_word' id='word_1_250' title='bbox 3444 2391 3578 2454; x_wconf 92' lang='lat' dir='ltr'><strong>pag.</strong></span> <span class='ocrx_word' id='word_1_251' title='bbox 3617 2373 3732 2436; x_wconf 73' lang='lat'><strong>152</strong></span> 
     </span>
    </p>
   </div>
   <div class='ocr_carea' id='block_1_38' title="bbox 526 2469 2096 2554">
    <p class='ocr_par' dir='ltr' id='par_1_38' title="bbox 526 2469 2096 2554">
     <span class='ocr_line' id='line_1_38' title="bbox 526 2469 2096 2554; baseline -0.004 -18"><span class='ocrx_word' id='word_1_252' title='bbox 526 2476 812 2539; x_wconf 85' lang='lat' dir='ltr'><strong>Voluntas</strong></span> <span class='ocrx_word' id='word_1_253' title='bbox 843 2483 902 2537; x_wconf 93' lang='lat' dir='ltr'><strong>et</strong></span> <span class='ocrx_word' id='word_1_254' title='bbox 931 2471 1196 2554; x_wconf 89' lang='lat' dir='ltr'><strong>operatio</strong></span> <span class='ocrx_word' id='word_1_255' title='bbox 1227 2471 1336 2534; x_wconf 90' lang='lat' dir='ltr'><strong>Dei</strong></span> <span class='ocrx_word' id='word_1_256' title='bbox 1367 2472 1631 2534; x_wconf 77' lang='lat' dir='ltr'><strong>etfectrix</strong></span> <span class='ocrx_word' id='word_1_257' title='bbox 1681 2479 1772 2534; x_wconf 92' lang='lat' dir='ltr'><strong>est</strong></span> <span class='ocrx_word' id='word_1_258' title='bbox 1800 2479 1858 2533; x_wconf 93' lang='lat' dir='ltr'><strong>et</strong></span> <span class='ocrx_word' id='word_1_259' title='bbox 1893 2469 2096 2552; x_wconf 82' lang='lat' dir='ltr'><strong>provi-</strong></span> 
     </span>
    </p>
   </div>
   <div class='ocr_carea' id='block_1_39' title="bbox 445 2561 2099 2644">
    <p class='ocr_par' dir='ltr' id='par_1_39' title="bbox 445 2561 2099 2644">
     <span class='ocr_line' id='line_1_39' title="bbox 445 2561 2099 2644; baseline -0.004 -16"><span class='ocrx_word' id='word_1_260' title='bbox 445 2567 595 2630; x_wconf 88' lang='lat' dir='ltr'><strong>dens</strong></span> <span class='ocrx_word' id='word_1_261' title='bbox 616 2583 792 2628; x_wconf 83' lang='lat' dir='ltr'><strong>causa</strong></span> <span class='ocrx_word' id='word_1_262' title='bbox 821 2563 1016 2626; x_wconf 87' lang='lat' dir='ltr'><strong>omnis</strong></span> <span class='ocrx_word' id='word_1_263' title='bbox 1060 2563 1372 2644; x_wconf 90' lang='lat' dir='ltr'><strong>temporis,</strong></span> <span class='ocrx_word' id='word_1_264' title='bbox 1406 2563 1544 2642; x_wconf 90' lang='lat' dir='ltr'><strong>loci,</strong></span> <span class='ocrx_word' id='word_1_265' title='bbox 1581 2569 1638 2623; x_wconf 91' lang='lat' dir='ltr'><strong>et</strong></span> <span class='ocrx_word' id='word_1_266' title='bbox 1665 2561 1891 2642; x_wconf 64' lang='lat' dir='ltr'><strong>seculi,</strong></span> <span class='ocrx_word' id='word_1_267' title='bbox 1921 2564 2099 2622; x_wconf 89' lang='lat' dir='ltr'><strong>item-</strong></span> 
     </span>
    </p>
   </div>
   <div class='ocr_carea' id='block_1_40' title="bbox 441 2649 2104 2737">
    <p class='ocr_par' dir='ltr' id='par_1_40' title="bbox 441 2649 2104 2737">
     <span class='ocr_line' id='line_1_40' title="bbox 441 2649 2104 2737; baseline -0.005 -19"><span class='ocrx_word' id='word_1_268' title='bbox 441 2673 560 2737; x_wconf 75' lang='lat' dir='ltr'><strong>que</strong></span> <span class='ocrx_word' id='word_1_269' title='bbox 592 2664 819 2717; x_wconf 58' lang='lat' dir='ltr'><strong>natura;</strong></span> <span class='ocrx_word' id='word_1_270' title='bbox 849 2651 1068 2714; x_wconf 91' lang='lat' dir='ltr'><strong>omnis.</strong></span> <span class='ocrx_word' id='word_1_271' title='bbox 1097 2652 1381 2714; x_wconf 88' lang='lat' dir='ltr'><strong>Voluntas</strong></span> <span class='ocrx_word' id='word_1_272' title='bbox 1416 2659 1505 2714; x_wconf 92' lang='lat' dir='ltr'><strong>est</strong></span> <span class='ocrx_word' id='word_1_273' title='bbox 1527 2649 1712 2712; x_wconf 89' lang='lat' dir='ltr'><strong>animi</strong></span> <span class='ocrx_word' id='word_1_274' title='bbox 1732 2650 2104 2714; x_wconf 84' lang='lat' dir='ltr'><strong>intellectua-</strong></span> 
     </span>
    </p>
   </div>
   <div class='ocr_carea' id='block_1_41' title="bbox 443 2739 2100 2822">
    <p class='ocr_par' dir='ltr' id='par_1_41' title="bbox 443 2739 2100 2822">
     <span class='ocr_line' id='line_1_41' title="bbox 443 2739 2100 2822; baseline -0.004 -16"><span class='ocrx_word' id='word_1_275' title='bbox 443 2743 518 2806; x_wconf 90' lang='lat' dir='ltr'><strong>lis</strong></span> <span class='ocrx_word' id='word_1_276' title='bbox 547 2745 696 2806; x_wconf 90' lang='lat' dir='ltr'><strong>ratio</strong></span> <span class='ocrx_word' id='word_1_277' title='bbox 727 2743 790 2804; x_wconf 90' lang='lat' dir='ltr'><strong>in</strong></span> <span class='ocrx_word' id='word_1_278' title='bbox 819 2741 996 2803; x_wconf 91' lang='lat' dir='ltr'><strong>nobis</strong></span> <span class='ocrx_word' id='word_1_279' title='bbox 1021 2740 1155 2822; x_wconf 86' lang='lat' dir='ltr'><strong>sita;</strong></span> <span class='ocrx_word' id='word_1_280' title='bbox 1189 2741 1410 2821; x_wconf 91' lang='lat' dir='ltr'><strong>quippe</strong></span> <span class='ocrx_word' id='word_1_281' title='bbox 1440 2759 1575 2802; x_wconf 89' lang='lat' dir='ltr'><strong>cum</strong></span> <span class='ocrx_word' id='word_1_282' title='bbox 1598 2741 1674 2801; x_wconf 87' lang='lat' dir='ltr'><strong>sit</strong></span> <span class='ocrx_word' id='word_1_283' title='bbox 1704 2739 1947 2802; x_wconf 87' lang='lat' dir='ltr'><strong>facultas</strong></span> <span class='ocrx_word' id='word_1_284' title='bbox 1969 2741 2100 2820; x_wconf 87' lang='lat' dir='ltr'><strong>ejus</strong></span> 
     </span>
    </p>
   </div>
   <div class='ocr_carea' id='block_1_42' title="bbox 442 2829 2094 2914">
    <p class='ocr_par' dir='ltr' id='par_1_42' title="bbox 442 2829 2094 2914">
     <span class='ocr_line' id='line_1_42' title="bbox 442 2829 2094 2914; baseline -0.001 -20"><span class='ocrx_word' id='word_1_285' title='bbox 442 2833 633 2896; x_wconf 89' lang='lat' dir='ltr'><strong>libera</strong></span> <span class='ocrx_word' id='word_1_286' title='bbox 662 2839 952 2914; x_wconf 89' lang='lat' dir='ltr'><strong>potestate</strong></span> <span class='ocrx_word' id='word_1_287' title='bbox 983 2829 1249 2910; x_wconf 72' lang='lat' dir='ltr'><strong>praedita.</strong></span> <span class='ocrx_word' id='word_1_288' title='bbox 1271 2829 1557 2892; x_wconf 85' lang='lat' dir='ltr'><strong>Voluntas</strong></span> <span class='ocrx_word' id='word_1_289' title='bbox 1588 2837 1678 2890; x_wconf 89' lang='lat' dir='ltr'><strong>est</strong></span> <span class='ocrx_word' id='word_1_290' title='bbox 1710 2847 1878 2892; x_wconf 90' lang='lat' dir='ltr'><strong>mens</strong></span> <span class='ocrx_word' id='word_1_291' title='bbox 1906 2847 2094 2910; x_wconf 87' lang='lat' dir='ltr'><strong>appe-</strong></span> 
     </span>
    </p>
   </div>
   <div class='ocr_carea' id='block_1_43' title="bbox 443 2919 2092 3001">
    <p class='ocr_par' dir='ltr' id='par_1_43' title="bbox 443 2919 2092 3001">
     <span class='ocr_line' id='line_1_43' title="bbox 443 2919 2092 3001; baseline -0.001 -19"><span class='ocrx_word' id='word_1_292' title='bbox 443 2921 608 2984; x_wconf 89' lang='lat' dir='ltr'><strong>tendi</strong></span> <span class='ocrx_word' id='word_1_293' title='bbox 639 2921 756 2982; x_wconf 90' lang='lat' dir='ltr'><strong>vim</strong></span> <span class='ocrx_word' id='word_1_294' title='bbox 786 2919 1038 2995; x_wconf 86' lang='lat' dir='ltr'><strong>habens,</strong></span> <span class='ocrx_word' id='word_1_295' title='bbox 1073 2928 1130 2981; x_wconf 93' lang='lat' dir='ltr'><strong>et</strong></span> <span class='ocrx_word' id='word_1_296' title='bbox 1158 2921 1456 3001; x_wconf 78' lang='lat' dir='ltr'><strong>appetitus</strong></span> <span class='ocrx_word' id='word_1_297' title='bbox 1483 2920 1772 2981; x_wconf 91' lang='lat' dir='ltr'><strong>rationem</strong></span> <span class='ocrx_word' id='word_1_298' title='bbox 1811 2935 2092 3000; x_wconf 86' lang='lat' dir='ltr'><strong>sequens,</strong></span> 
     </span>
    </p>
   </div>
   <div class='ocr_carea' id='block_1_44' title="bbox 442 3007 1444 3092">
    <p class='ocr_par' dir='ltr' id='par_1_44' title="bbox 442 3007 1444 3092">
     <span class='ocr_line' id='line_1_44' title="bbox 442 3007 1444 3092; baseline -0.002 -20"><span class='ocrx_word' id='word_1_299' title='bbox 442 3011 505 3072; x_wconf 92' lang='lat' dir='ltr'><strong>in</strong></span> <span class='ocrx_word' id='word_1_300' title='bbox 535 3009 596 3072; x_wconf 91' lang='lat' dir='ltr'><strong>id</strong></span> <span class='ocrx_word' id='word_1_301' title='bbox 626 3008 784 3092; x_wconf 89' lang='lat' dir='ltr'><strong>quod</strong></span> <span class='ocrx_word' id='word_1_302' title='bbox 813 3011 1132 3089; x_wconf 83' lang='lat' dir='ltr'><strong>expetitur,</strong></span> <span class='ocrx_word' id='word_1_303' title='bbox 1169 3007 1444 3070; x_wconf 72' lang='lat' dir='ltr'><strong>tendens.</strong></span> 
     </span>
    </p>
   </div>
   <div class='ocr_carea' id='block_1_45' title="bbox 2266 2467 3835 2548">
    <p class='ocr_par' dir='ltr' id='par_1_45' title="bbox 2266 2467 3835 2548">
     <span class='ocr_line' id='line_1_45' title="bbox 2266 2467 3835 2548; baseline -0.001 -23"><span class='ocrx_word' id='word_1_304' title='bbox 2266 2468 2492 2536; x_wconf 82' lang='grc' dir='ltr'>Θέλησις</span> <span class='ocrx_word' id='word_1_305' title='bbox 2550 2469 2638 2526; x_wconf 84' lang='grc' dir='ltr'>καὶ</span> <span class='ocrx_word' id='word_1_306' title='bbox 2679 2468 2913 2546; x_wconf 74' lang='grc' dir='ltr'>ὲνέργεια</span> <span class='ocrx_word' id='word_1_307' title='bbox 2958 2469 3089 2524; x_wconf 86' lang='grc' dir='ltr'><strong>Θεοῦ</strong></span> <span class='ocrx_word' id='word_1_308' title='bbox 3131 2467 3273 2524; x_wconf 69' lang='grc' dir='ltr'>ἔστιν</span> <span class='ocrx_word' id='word_1_309' title='bbox 3319 2469 3354 2536; x_wconf 78' lang='grc' dir='ltr'>ἡ</span> <span class='ocrx_word' id='word_1_310' title='bbox 3385 2469 3586 2530; x_wconf 79' lang='grc' dir='ltr'>παντὸς</span> <span class='ocrx_word' id='word_1_311' title='bbox 3617 2468 3835 2548; x_wconf 68' lang='grc' dir='ltr'>χρόνον,</span> 
     </span>
    </p>
   </div>
   <div class='ocr_carea' id='block_1_46' title="bbox 2180 2559 3839 2638">
    <p class='ocr_par' dir='ltr' id='par_1_46' title="bbox 2180 2559 3839 2638">
     <span class='ocr_line' id='line_1_46' title="bbox 2180 2559 3839 2638; baseline -0.001 -21"><span class='ocrx_word' id='word_1_312' title='bbox 2180 2562 2270 2618; x_wconf 79' lang='grc' dir='ltr'>καὶ</span> <span class='ocrx_word' id='word_1_313' title='bbox 2325 2561 2514 2636; x_wconf 80' lang='grc' dir='ltr'>τόπου,</span> <span class='ocrx_word' id='word_1_314' title='bbox 2573 2560 2664 2616; x_wconf 84' lang='grc' dir='ltr'>καὶ</span> <span class='ocrx_word' id='word_1_315' title='bbox 2707 2561 2921 2638; x_wconf 69' lang='grc' dir='ltr'>αἰῶνος,</span> <span class='ocrx_word' id='word_1_316' title='bbox 2970 2560 3060 2615; x_wconf 70' lang='grc' dir='ltr'><strong>καὶ</strong></span> <span class='ocrx_word' id='word_1_317' title='bbox 3113 2561 3294 2626; x_wconf 73' lang='grc' dir='ltr'>πάσης</span> <span class='ocrx_word' id='word_1_318' title='bbox 3337 2559 3540 2638; x_wconf 77' lang='grc' dir='ltr'>φύσεως</span> <span class='ocrx_word' id='word_1_319' title='bbox 3584 2561 3839 2628; x_wconf 77' lang='grc' dir='ltr'>ποιητικὴ</span> 
     </span>
    </p>
   </div>
   <div class='ocr_carea' id='block_1_47' title="bbox 2183 2647 3838 2729">
    <p class='ocr_par' dir='ltr' id='par_1_47' title="bbox 2183 2647 3838 2729">
     <span class='ocr_line' id='line_1_47' title="bbox 2183 2647 3838 2729; baseline -0.001 -22"><span class='ocrx_word' id='word_1_320' title='bbox 2183 2671 2239 2707; x_wconf 88' lang='grc' dir='ltr'><strong>τε</strong></span> <span class='ocrx_word' id='word_1_321' title='bbox 2293 2650 2383 2706; x_wconf 78' lang='grc' dir='ltr'>καὶ</span> <span class='ocrx_word' id='word_1_322' title='bbox 2425 2650 2755 2729; x_wconf 80' lang='grc' dir='ltr'>προνοητικὴ</span> <span class='ocrx_word' id='word_1_323' title='bbox 2803 2649 2966 2711; x_wconf 72' lang='grc' dir='ltr'>αἰτία,</span> <span class='ocrx_word' id='word_1_324' title='bbox 3037 2647 3263 2715; x_wconf 80' lang='grc' dir='ltr'>Θέλησίς</span> <span class='ocrx_word' id='word_1_325' title='bbox 3335 2647 3445 2705; x_wconf 80' lang='grc' dir='ltr'>ἐστι</span> <span class='ocrx_word' id='word_1_326' title='bbox 3501 2653 3598 2716; x_wconf 78' lang='grc' dir='ltr'>τῆς</span> <span class='ocrx_word' id='word_1_327' title='bbox 3655 2655 3838 2728; x_wconf 81' lang='grc' dir='ltr'>νοερᾶς</span> 
     </span>
    </p>
   </div>
   <div class='ocr_carea' id='block_1_48' title="bbox 2183 2734 3837 2820">
    <p class='ocr_par' dir='ltr' id='par_1_48' title="bbox 2183 2734 3837 2820">
     <span class='ocr_line' id='line_1_48' title="bbox 2183 2734 3837 2820; baseline -0.003 -24"><span class='ocrx_word' id='word_1_328' title='bbox 2183 2744 2368 2820; x_wconf 70' lang='grc' dir='ltr'>ψυχῆς</span> <span class='ocrx_word' id='word_1_329' title='bbox 2401 2741 2429 2795; x_wconf 80' lang='grc' dir='ltr'>ὁ</span> <span class='ocrx_word' id='word_1_330' title='bbox 2463 2737 2546 2818; x_wconf 77' lang='grc' dir='ltr'><strong>ἐφ’</strong></span> <span class='ocrx_word' id='word_1_331' title='bbox 2573 2739 2710 2812; x_wconf 74' lang='grc' dir='ltr'>ἡμῖν</span> <span class='ocrx_word' id='word_1_332' title='bbox 2740 2735 2924 2816; x_wconf 83' lang='grc' dir='ltr'>λόγος,</span> <span class='ocrx_word' id='word_1_333' title='bbox 2982 2738 3054 2801; x_wconf 78' lang='grc' dir='ltr'>ὡς</span> <span class='ocrx_word' id='word_1_334' title='bbox 3105 2734 3438 2818; x_wconf 40' lang='grc' dir='ltr'>αὖτεξοῦσιος.</span> <span class='ocrx_word' id='word_1_335' title='bbox 3461 2737 3626 2804; x_wconf 73' lang='grc' dir='ltr'><strong>ᾳῦτῆς</strong></span> <span class='ocrx_word' id='word_1_336' title='bbox 3656 2739 3837 2817; x_wconf 82' lang='grc' dir='ltr'><strong>ὑπάρ-</strong></span> 
     </span>
    </p>
   </div>
   <div class='ocr_carea' id='block_1_49' title="bbox 2183 2824 3843 2908">
    <p class='ocr_par' dir='ltr' id='par_1_49' title="bbox 2183 2824 3843 2908">
     <span class='ocr_line' id='line_1_49' title="bbox 2183 2824 3843 2908; baseline -0.002 -22"><span class='ocrx_word' id='word_1_337' title='bbox 2183 2851 2357 2908; x_wconf 81' lang='grc' dir='ltr'>χουσα</span> <span class='ocrx_word' id='word_1_338' title='bbox 2413 2825 2656 2902; x_wconf 76' lang='grc' dir='ltr'>δύναμις,</span> <span class='ocrx_word' id='word_1_339' title='bbox 2721 2824 2944 2892; x_wconf 79' lang='grc' dir='ltr'>Θὲλησίς</span> <span class='ocrx_word' id='word_1_340' title='bbox 3017 2828 3130 2882; x_wconf 69' lang='grc' dir='ltr'>εστι</span> <span class='ocrx_word' id='word_1_341' title='bbox 3204 2835 3322 2889; x_wconf 83' lang='grc' dir='ltr'>νοῦς</span> <span class='ocrx_word' id='word_1_342' title='bbox 3389 2828 3680 2906; x_wconf 79' lang='grc' dir='ltr'>ὃρεκτικὸς,</span> <span class='ocrx_word' id='word_1_343' title='bbox 3748 2838 3843 2893; x_wconf 73' lang='grc' dir='ltr'>καὶ</span> 
     </span>
    </p>
   </div>
   <div class='ocr_carea' id='block_1_50' title="bbox 2182 2911 3574 2994">
    <p class='ocr_par' dir='ltr' id='par_1_50' title="bbox 2182 2911 3574 2994">
     <span class='ocr_line' id='line_1_50' title="bbox 2182 2911 3574 2994; baseline -0.002 -20"><span class='ocrx_word' id='word_1_344' title='bbox 2182 2916 2496 2984; x_wconf 78' lang='grc' dir='ltr'>διανοητικὴ</span> <span class='ocrx_word' id='word_1_345' title='bbox 2526 2912 2714 2994; x_wconf 78' lang='grc' dir='ltr'>ὄρεξις,</span> <span class='ocrx_word' id='word_1_346' title='bbox 2748 2917 2879 2994; x_wconf 80' lang='grc' dir='ltr'>πρὸς</span> <span class='ocrx_word' id='word_1_347' title='bbox 2904 2915 2965 2971; x_wconf 85' lang='grc' dir='ltr'>τὸ</span> <span class='ocrx_word' id='word_1_348' title='bbox 2994 2911 3213 2982; x_wconf 81' lang='grc' dir='ltr'>θεληθὲν</span> <span class='ocrx_word' id='word_1_349' title='bbox 3243 2913 3574 2978; x_wconf 71' lang='grc' dir='ltr'>ἐπινεύουσα,</span> 
     </span>
    </p>
   </div>
   <div class='ocr_carea' id='block_1_51' title="bbox 1231 3102 3040 3278">
    <p class='ocr_par' dir='ltr' id='par_1_51' title="bbox 1231 3102 3040 3278">
     <span class='ocr_line' id='line_1_51' title="bbox 1231 3102 3040 3278; baseline -0.006 -20"><span class='ocrx_word' id='word_1_350' title='bbox 1231 3195 1410 3258; x_wconf 86' lang='lat' dir='ltr'><strong>Aliud</strong></span> <span class='ocrx_word' id='word_1_351' title='bbox 1439 3195 1835 3274; x_wconf 80' lang='lat' dir='ltr'><strong>fragmentum</strong></span> <span class='ocrx_word' id='word_1_352' title='bbox 1870 3102 2488 3278; x_wconf 58' lang='lat' dir='ltr'><strong>ejusderYiISermonis</strong></span> <span class='ocrx_word' id='word_1_353' title='bbox 2516 3189 2590 3252; x_wconf 86' lang='lat' dir='ltr'><strong>ad</strong></span> <span class='ocrx_word' id='word_1_354' title='bbox 2645 3187 3040 3253; x_wconf 89' lang='lat' dir='ltr'><strong>Demetrium.</strong></span> 
     </span>
    </p>
   </div>
   <div class='ocr_carea' id='block_1_52' title="bbox 515 3280 3828 3370">
    <p class='ocr_par' dir='ltr' id='par_1_52' title="bbox 515 3280 3828 3370">
     <span class='ocr_line' id='line_1_52' title="bbox 515 3280 3828 3370; baseline -0.003 -17"><span class='ocrx_word' id='word_1_355' title='bbox 515 3291 850 3354; x_wconf 89' lang='lat' dir='ltr'><strong>Immensus</strong></span> <span class='ocrx_word' id='word_1_356' title='bbox 871 3307 1004 3351; x_wconf 92' lang='lat' dir='ltr'><strong>cum</strong></span> <span class='ocrx_word' id='word_1_357' title='bbox 1036 3288 1111 3349; x_wconf 91' lang='lat' dir='ltr'><strong>sit</strong></span> <span class='ocrx_word' id='word_1_358' title='bbox 1132 3287 1310 3365; x_wconf 89' lang='lat' dir='ltr'><strong>Deus,</strong></span> <span class='ocrx_word' id='word_1_359' title='bbox 1343 3296 1400 3350; x_wconf 88' lang='lat' dir='ltr'><strong>et</strong></span> <span class='ocrx_word' id='word_1_360' title='bbox 1423 3287 1631 3350; x_wconf 89' lang='lat' dir='ltr'><strong>mundi</strong></span> <span class='ocrx_word' id='word_1_361' title='bbox 1659 3288 1880 3368; x_wconf 87' lang='lat' dir='ltr'><strong>opifex,</strong></span> <span class='ocrx_word' id='word_1_362' title='bbox 1906 3294 2084 3370; x_wconf 87' lang='lat' dir='ltr'><strong>atque</strong></span> <span class='ocrx_word' id='word_1_363' title='bbox 2104 3302 2143 3351; x_wconf 92' lang='lat' dir='ltr'>C</span> <span class='ocrx_word' id='word_1_364' title='bbox 2168 3287 2418 3350; x_wconf 89' lang='lat' dir='ltr'><strong>excitata</strong></span> <span class='ocrx_word' id='word_1_365' title='bbox 2473 3291 2614 3346; x_wconf 91' lang='lat' dir='ltr'><strong>sunt</strong></span> <span class='ocrx_word' id='word_1_366' title='bbox 2667 3291 2728 3346; x_wconf 90' lang='lat' dir='ltr'><strong>et</strong></span> <span class='ocrx_word' id='word_1_367' title='bbox 2781 3290 2939 3358; x_wconf 85' lang='lat' dir='ltr'><strong>nata,</strong></span> <span class='ocrx_word' id='word_1_368' title='bbox 2972 3280 3136 3344; x_wconf 92' lang='lat' dir='ltr'><strong>nullo</strong></span> <span class='ocrx_word' id='word_1_369' title='bbox 3165 3280 3340 3343; x_wconf 91' lang='lat' dir='ltr'><strong>modo</strong></span> <span class='ocrx_word' id='word_1_370' title='bbox 3372 3283 3433 3345; x_wconf 85' lang='lat' dir='ltr'><strong>in</strong></span> <span class='ocrx_word' id='word_1_371' title='bbox 3459 3280 3828 3364; x_wconf 88' lang='lat' dir='ltr'><strong>aliud,quam</strong></span> 
     </span>
    </p>
   </div>
   <div class='ocr_carea' id='block_1_53' title="bbox 439 3375 2091 3460">
    <p class='ocr_par' dir='ltr' id='par_1_53' title="bbox 439 3375 2091 3460">
     <span class='ocr_line' id='line_1_53' title="bbox 439 3375 2091 3460; baseline -0.001 -18"><span class='ocrx_word' id='word_1_372' title='bbox 439 3381 840 3460; x_wconf 90' lang='lat' dir='ltr'><strong>omnipotens,</strong></span> <span class='ocrx_word' id='word_1_373' title='bbox 876 3379 1258 3454; x_wconf 91' lang='lat' dir='ltr'><strong>immensa,et</strong></span> <span class='ocrx_word' id='word_1_374' title='bbox 1288 3376 1497 3438; x_wconf 89' lang='lat' dir='ltr'><strong>mundi</strong></span> <span class='ocrx_word' id='word_1_375' title='bbox 1523 3375 1737 3458; x_wconf 79' lang='lat' dir='ltr'><strong>opifice</strong></span> <span class='ocrx_word' id='word_1_376' title='bbox 1758 3386 1934 3458; x_wconf 91' lang='lat' dir='ltr'><strong>atque</strong></span> <span class='ocrx_word' id='word_1_377' title='bbox 1955 3397 2091 3440; x_wconf 88' lang='lat' dir='ltr'><strong>om-</strong></span> 
     </span>
    </p>
   </div>
   <div class='ocr_carea' id='block_1_54' title="bbox 437 3466 2094 3548">
    <p class='ocr_par' dir='ltr' id='par_1_54' title="bbox 437 3466 2094 3548">
     <span class='ocr_line' id='line_1_54' title="bbox 437 3466 2094 3548; baseline -0.001 -17"><span class='ocrx_word' id='word_1_378' title='bbox 437 3467 730 3548; x_wconf 91' lang='lat' dir='ltr'><strong>nipotenti</strong></span> <span class='ocrx_word' id='word_1_379' title='bbox 783 3466 1106 3543; x_wconf 85' lang='lat' dir='ltr'><strong>voluntate,</strong></span> <span class='ocrx_word' id='word_1_380' title='bbox 1162 3473 1218 3527; x_wconf 94' lang='lat' dir='ltr'><strong>et</strong></span> <span class='ocrx_word' id='word_1_381' title='bbox 1255 3466 1471 3529; x_wconf 79' lang='lat' dir='ltr'><strong>etfectu</strong></span> <span class='ocrx_word' id='word_1_382' title='bbox 1516 3485 1693 3543; x_wconf 88' lang='lat' dir='ltr'><strong>novo,</strong></span> <span class='ocrx_word' id='word_1_383' title='bbox 1731 3473 2004 3546; x_wconf 88' lang='lat' dir='ltr'><strong>potenter</strong></span> <span class='ocrx_word' id='word_1_384' title='bbox 2035 3477 2094 3530; x_wconf 93' lang='lat' dir='ltr'><strong>et</strong></span> 
     </span>
    </p>
   </div>
   <div class='ocr_carea' id='block_1_55' title="bbox 439 3553 2094 3637">
    <p class='ocr_par' dir='ltr' id='par_1_55' title="bbox 439 3553 2094 3637">
     <span class='ocr_line' id='line_1_55' title="bbox 439 3553 2094 3637; baseline -0.002 -16"><span class='ocrx_word' id='word_1_385' title='bbox 439 3555 758 3621; x_wconf 78' lang='lat' dir='ltr'><strong>efﬁcaciter</strong></span> <span class='ocrx_word' id='word_1_386' title='bbox 787 3555 949 3630; x_wconf 86' lang='lat' dir='ltr'><strong>fecit;</strong></span> <span class='ocrx_word' id='word_1_387' title='bbox 1005 3563 1065 3616; x_wconf 92' lang='lat' dir='ltr'><strong>ut</strong></span> <span class='ocrx_word' id='word_1_388' title='bbox 1109 3555 1309 3616; x_wconf 91' lang='lat' dir='ltr'><strong>omnia</strong></span> <span class='ocrx_word' id='word_1_389' title='bbox 1368 3553 1678 3635; x_wconf 91' lang='lat' dir='ltr'><strong>plenitudo</strong></span> <span class='ocrx_word' id='word_1_390' title='bbox 1721 3574 1927 3618; x_wconf 91' lang='lat' dir='ltr'><strong>eorum</strong></span> <span class='ocrx_word' id='word_1_391' title='bbox 1963 3574 2094 3637; x_wconf 74' lang='lat' dir='ltr'><strong>quae</strong></span> 
     </span>
    </p>
   </div>
   <div class='ocr_carea' id='block_1_56' title="bbox 441 3643 2092 3720">
    <p class='ocr_par' dir='ltr' id='par_1_56' title="bbox 441 3643 2092 3720">
     <span class='ocr_line' id='line_1_56' title="bbox 441 3643 2092 3720; baseline -0.001 -12"><span class='ocrx_word' id='word_1_392' title='bbox 441 3658 580 3708; x_wconf 88' lang='lat' dir='ltr'><strong>nata</strong></span> <span class='ocrx_word' id='word_1_393' title='bbox 610 3652 770 3718; x_wconf 90' lang='lat' dir='ltr'><strong>sunt,</strong></span> <span class='ocrx_word' id='word_1_394' title='bbox 805 3645 862 3705; x_wconf 90' lang='lat' dir='ltr'><strong>in</strong></span> <span class='ocrx_word' id='word_1_395' title='bbox 895 3650 1090 3704; x_wconf 92' lang='lat' dir='ltr'><strong>ortum</strong></span> <span class='ocrx_word' id='word_1_396' title='bbox 1120 3643 1409 3720; x_wconf 84' lang='lat' dir='ltr'><strong>venirent,</strong></span> <span class='ocrx_word' id='word_1_397' title='bbox 1449 3662 1581 3705; x_wconf 88' lang='lat' dir='ltr'><strong>cum</strong></span> <span class='ocrx_word' id='word_1_398' title='bbox 1614 3651 1790 3707; x_wconf 88' lang='lat' dir='ltr'><strong>antea</strong></span> <span class='ocrx_word' id='word_1_399' title='bbox 1822 3663 1939 3706; x_wconf 94' lang='lat' dir='ltr'><strong>non</strong></span> <span class='ocrx_word' id='word_1_400' title='bbox 1992 3663 2092 3706; x_wconf 92' lang='lat' dir='ltr'><strong>es-</strong></span> 
     </span>
    </p>
   </div>
   <div class='ocr_carea' id='block_1_57' title="bbox 439 3731 2096 3813">
    <p class='ocr_par' dir='ltr' id='par_1_57' title="bbox 439 3731 2096 3813">
     <span class='ocr_line' id='line_1_57' title="bbox 439 3731 2096 3813; baseline -0.001 -17"><span class='ocrx_word' id='word_1_401' title='bbox 439 3740 596 3808; x_wconf 88' lang='lat' dir='ltr'><strong>sent,</strong></span> <span class='ocrx_word' id='word_1_402' title='bbox 624 3731 914 3813; x_wconf 90' lang='lat' dir='ltr'><strong>quidquid</strong></span> <span class='ocrx_word' id='word_1_403' title='bbox 945 3731 1175 3794; x_wconf 90' lang='lat' dir='ltr'><strong>scilicet</strong></span> <span class='ocrx_word' id='word_1_404' title='bbox 1199 3731 1306 3794; x_wconf 92' lang='lat' dir='ltr'><strong>sub</strong></span> <span class='ocrx_word' id='word_1_405' title='bbox 1337 3741 1644 3813; x_wconf 89' lang='lat' dir='ltr'><strong>aspectum</strong></span> <span class='ocrx_word' id='word_1_406' title='bbox 1678 3752 1799 3796; x_wconf 92' lang='lat' dir='ltr'><strong>non</strong></span> <span class='ocrx_word' id='word_1_407' title='bbox 1831 3733 2011 3809; x_wconf 90' lang='lat' dir='ltr'><strong>cadit,</strong></span> <span class='ocrx_word' id='word_1_408' title='bbox 2040 3743 2096 3796; x_wconf 93' lang='lat' dir='ltr'><strong>et</strong></span> 
     </span>
    </p>
   </div>
   <div class='ocr_carea' id='block_1_58' title="bbox 436 3820 2098 3906">
    <p class='ocr_par' dir='ltr' id='par_1_58' title="bbox 436 3820 2098 3906">
     <span class='ocr_line' id='line_1_58' title="bbox 436 3820 2098 3906; baseline -0.002 -20"><span class='ocrx_word' id='word_1_409' title='bbox 436 3821 724 3906; x_wconf 87' lang='lat' dir='ltr'><strong>quidquid</strong></span> <span class='ocrx_word' id='word_1_410' title='bbox 771 3821 962 3884; x_wconf 91' lang='lat' dir='ltr'><strong>oculis</strong></span> <span class='ocrx_word' id='word_1_411' title='bbox 1003 3820 1341 3900; x_wconf 89' lang='lat' dir='ltr'><strong>subjicitur.</strong></span> <span class='ocrx_word' id='word_1_412' title='bbox 1376 3823 1571 3902; x_wconf 88' lang='lat' dir='ltr'><strong>Atque</strong></span> <span class='ocrx_word' id='word_1_413' title='bbox 1621 3823 1772 3884; x_wconf 85' lang='lat' dir='ltr'><strong>adeo</strong></span> <span class='ocrx_word' id='word_1_414' title='bbox 1833 3823 2098 3886; x_wconf 91' lang='lat' dir='ltr'><strong>continet</strong></span> 
     </span>
    </p>
   </div>
   <div class='ocr_carea' id='block_1_59' title="bbox 435 3909 2091 3992">
    <p class='ocr_par' dir='ltr' id='par_1_59' title="bbox 435 3909 2091 3992">
     <span class='ocr_line' id='line_1_59' title="bbox 435 3909 2091 3992; baseline -0.001 -17"><span class='ocrx_word' id='word_1_415' title='bbox 435 3912 695 3991; x_wconf 90' lang='lat' dir='ltr'><strong>singula,</strong></span> <span class='ocrx_word' id='word_1_416' title='bbox 720 3917 780 3972; x_wconf 93' lang='lat' dir='ltr'><strong>et</strong></span> <span class='ocrx_word' id='word_1_417' title='bbox 801 3909 873 3971; x_wconf 91' lang='lat' dir='ltr'><strong>ad</strong></span> <span class='ocrx_word' id='word_1_418' title='bbox 893 3909 1198 3991; x_wconf 90' lang='lat' dir='ltr'><strong>proprium</strong></span> <span class='ocrx_word' id='word_1_419' title='bbox 1235 3910 1512 3991; x_wconf 87' lang='lat' dir='ltr'><strong>perducit</strong></span> <span class='ocrx_word' id='word_1_420' title='bbox 1530 3912 1778 3987; x_wconf 82' lang='lat' dir='ltr'><strong>exitum,</strong></span> <span class='ocrx_word' id='word_1_421' title='bbox 1805 3911 1881 3974; x_wconf 91' lang='lat' dir='ltr'><strong>ob</strong></span> <span class='ocrx_word' id='word_1_422' title='bbox 1913 3931 2091 3992; x_wconf 90' lang='lat' dir='ltr'><strong>quem</strong></span> 
     </span>
    </p>
   </div>
   <div class='ocr_carea' id='block_1_60' title="bbox 519 4039 1722 4124">
    <p class='ocr_par' dir='ltr' id='par_1_60' title="bbox 519 4039 1722 4124">
     <span class='ocr_line' id='line_1_60' title="bbox 519 4039 1722 4124; baseline -0.002 -23"><span class='ocrx_word' id='word_1_423' title='bbox 519 4043 639 4124; x_wconf 68' lang='lat'><strong>(34)</strong></span> <span class='ocrx_word' id='word_1_424' title='bbox 716 4048 832 4100; x_wconf 83' lang='grc' dir='ltr'><strong>Τῶν</strong></span> <span class='ocrx_word' id='word_1_425' title='bbox 915 4043 1016 4120; x_wconf 83' lang='grc' dir='ltr'>πρὸ</span> <span class='ocrx_word' id='word_1_426' title='bbox 1037 4119 1059 4124; x_wconf 83' lang='lat'>_</span> <span class='ocrx_word' id='word_1_427' title='bbox 1104 4041 1259 4124; x_wconf 67' lang='grc' dir='ltr'>ειξότοῦ</span> <span class='ocrx_word' id='word_1_428' title='bbox 1341 4039 1722 4124; x_wconf 77' lang='grc' dir='ltr'>πρεσϐυτέρων,</span> 
     </span>
    </p>
   </div>
   <div class='ocr_carea' id='block_1_61' title="bbox 433 4119 1274 4202">
    <p class='ocr_par' dir='ltr' id='par_1_61' title="bbox 433 4119 1274 4202">
     <span class='ocr_line' id='line_1_61' title="bbox 433 4119 1274 4202; baseline -0.005 -21"><span class='ocrx_word' id='word_1_429' title='bbox 433 4119 539 4194; x_wconf 74' lang='grc' dir='ltr'><strong>τὴν</strong></span> <span class='ocrx_word' id='word_1_430' title='bbox 564 4124 665 4202; x_wconf 76' lang='grc' dir='ltr'><strong>πρὸ</strong></span> <span class='ocrx_word' id='word_1_431' title='bbox 705 4124 858 4197; x_wconf 77' lang='grc' dir='ltr'>ἡμῶν</span> <span class='ocrx_word' id='word_1_432' title='bbox 889 4119 1274 4202; x_wconf 75' lang='grc' dir='ltr'>πρεσϐυτέρων,</span> 
     </span>
    </p>
   </div>
   <div class='ocr_carea' id='block_1_62' title="bbox 1207 4204 1219 4222">
    <p class='ocr_par' dir='ltr' id='par_1_62' title="bbox 1207 4204 1219 4222">
     <span class='ocr_line' id='line_1_62' title="bbox 1207 4204 1219 4222; baseline 0 0"><span class='ocrx_word' id='word_1_433' title='bbox 1207 4204 1219 4222; x_wconf 77' lang='grc'><strong><em>1</em></strong></span> 
     </span>
    </p>
   </div>
   <div class='ocr_carea' id='block_1_63' title="bbox 519 4203 1232 4282">
    <p class='ocr_par' dir='ltr' id='par_1_63' title="bbox 519 4203 1232 4282">
     <span class='ocr_line' id='line_1_63' title="bbox 519 4203 1232 4282; baseline -0.006 -23"><span class='ocrx_word' id='word_1_434' title='bbox 519 4203 644 4281; x_wconf 81' lang='grc'><strong>(35)</strong></span> <span class='ocrx_word' id='word_1_435' title='bbox 729 4203 1121 4282; x_wconf 80' lang='grc' dir='ltr'>Παρεχώρησεν</span> <span class='ocrx_word' id='word_1_436' title='bbox 1204 4204 1232 4282; x_wconf 63' lang='grc' dir='ltr'><strong>ο</strong></span> 
     </span>
    </p>
   </div>
   <div class='ocr_carea' id='block_1_64' title="bbox 1811 4042 2084 4130">
    <p class='ocr_par' dir='ltr' id='par_1_64' title="bbox 1811 4042 2084 4130">
     <span class='ocr_line' id='line_1_64' title="bbox 1811 4042 2084 4130; baseline 0.022 -24"><span class='ocrx_word' id='word_1_437' title='bbox 1811 4042 2084 4130; x_wconf 88' lang='lat' dir='ltr'><strong>Niceph.,</strong></span> 
     </span>
    </p>
   </div>
   <div class='ocr_carea' id='block_1_65' title="bbox 1319 4193 2090 4288">
    <p class='ocr_par' dir='ltr' id='par_1_65' title="bbox 1319 4193 2090 4288">
     <span class='ocr_line' id='line_1_65' title="bbox 1319 4193 2090 4288; baseline 0.009 -29"><span class='ocrx_word' id='word_1_438' title='bbox 1319 4193 1591 4288; x_wconf 61' lang='grc' dir='ltr'><strong>ῑΑνίιιιηίιτος</strong></span> <span class='ocrx_word' id='word_1_439' title='bbox 1683 4207 1782 4273; x_wconf 73' lang='grc' dir='ltr'>τὴν</span> <span class='ocrx_word' id='word_1_440' title='bbox 1865 4210 2090 4288; x_wconf 66' lang='grc' dir='ltr'>εὔχαρι-</span> 
     </span>
    </p>
   </div>
   <div class='ocr_carea' id='block_1_66' title="bbox 2177 3371 3826 3458">
    <p class='ocr_par' dir='ltr' id='par_1_66' title="bbox 2177 3371 3826 3458">
     <span class='ocr_line' id='line_1_66' title="bbox 2177 3371 3826 3458; baseline -0.004 -20"><span class='ocrx_word' id='word_1_441' title='bbox 2177 3376 2342 3458; x_wconf 88' lang='lat' dir='ltr'><strong>prius</strong></span> <span class='ocrx_word' id='word_1_442' title='bbox 2372 3383 2584 3437; x_wconf 90' lang='lat' dir='ltr'><strong>natura</strong></span> <span class='ocrx_word' id='word_1_443' title='bbox 2613 3372 2826 3445; x_wconf 88' lang='lat' dir='ltr'><strong>fuerat,</strong></span> <span class='ocrx_word' id='word_1_444' title='bbox 2853 3371 3489 3434; x_wconf 70' lang='lat' dir='ltr'><strong>transmutatamNam</strong></span> <span class='ocrx_word' id='word_1_445' title='bbox 3520 3374 3826 3454; x_wconf 89' lang='lat' dir='ltr'><strong>proprium</strong></span> 
     </span>
    </p>
   </div>
   <div class='ocr_carea' id='block_1_67' title="bbox 2176 3459 3830 3545">
    <p class='ocr_par' dir='ltr' id='par_1_67' title="bbox 2176 3459 3830 3545">
     <span class='ocr_line' id='line_1_67' title="bbox 2176 3459 3830 3545; baseline -0.004 -17"><span class='ocrx_word' id='word_1_446' title='bbox 2176 3467 2289 3528; x_wconf 90' lang='lat' dir='ltr'><strong>hoc</strong></span> <span class='ocrx_word' id='word_1_447' title='bbox 2315 3472 2404 3528; x_wconf 90' lang='lat' dir='ltr'><strong>est</strong></span> <span class='ocrx_word' id='word_1_448' title='bbox 2427 3463 2789 3545; x_wconf 90' lang='lat' dir='ltr'><strong>operationis</strong></span> <span class='ocrx_word' id='word_1_449' title='bbox 2809 3461 2939 3539; x_wconf 93' lang='lat' dir='ltr'><strong>Dei,</strong></span> <span class='ocrx_word' id='word_1_450' title='bbox 2976 3479 3098 3524; x_wconf 90' lang='lat' dir='ltr'><strong>non</strong></span> <span class='ocrx_word' id='word_1_451' title='bbox 3126 3463 3188 3524; x_wconf 93' lang='lat' dir='ltr'><strong>in</strong></span> <span class='ocrx_word' id='word_1_452' title='bbox 3210 3459 3563 3524; x_wconf 84' lang='lat' dir='ltr'><strong>infinitatem</strong></span> <span class='ocrx_word' id='word_1_453' title='bbox 3614 3480 3830 3525; x_wconf 88' lang='lat' dir='ltr'><strong>sensus</strong></span> 
     </span>
    </p>
   </div>
   <div class='ocr_carea' id='block_1_68' title="bbox 2176 3550 3832 3634">
    <p class='ocr_par' dir='ltr' id='par_1_68' title="bbox 2176 3550 3832 3634">
     <span class='ocr_line' id='line_1_68' title="bbox 2176 3550 3832 3634; baseline -0.003 -17"><span class='ocrx_word' id='word_1_454' title='bbox 2176 3562 2403 3617; x_wconf 91' lang='lat' dir='ltr'><strong>tantum</strong></span> <span class='ocrx_word' id='word_1_455' title='bbox 2433 3551 2738 3634; x_wconf 82' lang='lat' dir='ltr'><strong>progredi,</strong></span> <span class='ocrx_word' id='word_1_456' title='bbox 2769 3559 2872 3613; x_wconf 88' lang='lat' dir='ltr'><strong>aut</strong></span> <span class='ocrx_word' id='word_1_457' title='bbox 2925 3559 3185 3614; x_wconf 90' lang='lat' dir='ltr'><strong>mcntem</strong></span> <span class='ocrx_word' id='word_1_458' title='bbox 3245 3551 3422 3612; x_wconf 85' lang='lat' dir='ltr'><strong>etiam</strong></span> <span class='ocrx_word' id='word_1_459' title='bbox 3471 3550 3832 3632; x_wconf 79' lang='lat' dir='ltr'><strong>transgredi,</strong></span> 
     </span>
    </p>
   </div>
   <div class='ocr_carea' id='block_1_69' title="bbox 2175 3639 3836 3721">
    <p class='ocr_par' dir='ltr' id='par_1_69' title="bbox 2175 3639 3836 3721">
     <span class='ocr_line' id='line_1_69' title="bbox 2175 3639 3836 3721; baseline -0.002 -15"><span class='ocrx_word' id='word_1_460' title='bbox 2175 3645 2494 3719; x_wconf 88' lang='lat' dir='ltr'><strong>rationem,</strong></span> <span class='ocrx_word' id='word_1_461' title='bbox 2525 3651 2585 3704; x_wconf 91' lang='lat' dir='ltr'><strong>et</strong></span> <span class='ocrx_word' id='word_1_462' title='bbox 2611 3643 2967 3716; x_wconf 90' lang='lat' dir='ltr'><strong>orationem,</strong></span> <span class='ocrx_word' id='word_1_463' title='bbox 2990 3649 3245 3721; x_wconf 87' lang='lat' dir='ltr'><strong>tempus,</strong></span> <span class='ocrx_word' id='word_1_464' title='bbox 3277 3646 3334 3700; x_wconf 93' lang='lat' dir='ltr'><strong>et</strong></span> <span class='ocrx_word' id='word_1_465' title='bbox 3356 3639 3642 3715; x_wconf 87' lang='lat' dir='ltr'><strong>locum,et</strong></span> <span class='ocrx_word' id='word_1_466' title='bbox 3657 3657 3836 3702; x_wconf 91' lang='lat' dir='ltr'><strong>omne</strong></span> 
     </span>
    </p>
   </div>
   <div class='ocr_carea' id='block_1_70' title="bbox 2177 3729 3834 3812">
    <p class='ocr_par' dir='ltr' id='par_1_70' title="bbox 2177 3729 3834 3812">
     <span class='ocr_line' id='line_1_70' title="bbox 2177 3729 3834 3812; baseline -0.002 -16"><span class='ocrx_word' id='word_1_467' title='bbox 2177 3752 2391 3811; x_wconf 66' lang='lat' dir='ltr'><strong>aevum;</strong></span> <span class='ocrx_word' id='word_1_468' title='bbox 2417 3750 2619 3794; x_wconf 90' lang='lat' dir='ltr'><strong>verum</strong></span> <span class='ocrx_word' id='word_1_469' title='bbox 2654 3731 2832 3793; x_wconf 89' lang='lat' dir='ltr'><strong>etiam</strong></span> <span class='ocrx_word' id='word_1_470' title='bbox 2879 3730 3170 3792; x_wconf 89' lang='lat' dir='ltr'><strong>excedere</strong></span> <span class='ocrx_word' id='word_1_471' title='bbox 3191 3729 3580 3792; x_wconf 83' lang='lat' dir='ltr'><strong>substantiam</strong></span> <span class='ocrx_word' id='word_1_472' title='bbox 3613 3738 3672 3792; x_wconf 85' lang='lat' dir='ltr'><strong>et</strong></span> <span class='ocrx_word' id='word_1_473' title='bbox 3697 3729 3834 3812; x_wconf 91' lang='lat' dir='ltr'><strong>ple-</strong></span> 
     </span>
    </p>
   </div>
   <div class='ocr_carea' id='block_1_71' title="bbox 2177 3819 3166 3900">
    <p class='ocr_par' dir='ltr' id='par_1_71' title="bbox 2177 3819 3166 3900">
     <span class='ocr_line' id='line_1_71' title="bbox 2177 3819 3166 3900; baseline -0.004 -14"><span class='ocrx_word' id='word_1_474' title='bbox 2177 3821 2541 3896; x_wconf 89' lang='lat' dir='ltr'><strong>nitudinem,</strong></span> <span class='ocrx_word' id='word_1_475' title='bbox 2577 3837 2683 3883; x_wconf 93' lang='lat' dir='ltr'><strong>seu</strong></span> <span class='ocrx_word' id='word_1_476' title='bbox 2717 3819 3166 3900; x_wconf 87' lang='lat' dir='ltr'><strong>perfectionem.</strong></span> 
     </span>
    </p>
   </div>
   <div class='ocr_carea' id='block_1_72' title="bbox 2174 4025 3832 4133">
    <p class='ocr_par' dir='ltr' id='par_1_72' title="bbox 2174 4025 3832 4133">
     <span class='ocr_line' id='line_1_72' title="bbox 2174 4025 3832 4133; baseline -0.002 -26"><span class='ocrx_word' id='word_1_477' title='bbox 2174 4044 2352 4133; x_wconf 63' lang='lat' dir='ltr'><strong>simul</strong></span> <span class='ocrx_word' id='word_1_478' title='bbox 2382 4025 2917 4133; x_wconf 64' lang='lat' dir='ltr'><strong>communicarent,</strong></span> <span class='ocrx_word' id='word_1_479' title='bbox 2943 4040 3680 4133; x_wconf 69' lang='lat' dir='ltr'><strong>quemadmodumscribit</strong></span> <span class='ocrx_word' id='word_1_480' title='bbox 3704 4041 3832 4122; x_wconf 91' lang='lat' dir='ltr'><strong>ipse</strong></span> 
     </span>
    </p>
   </div>
   <div class='ocr_carea' id='block_1_73' title="bbox 2175 4122 3828 4190">
    <p class='ocr_par' dir='ltr' id='par_1_73' title="bbox 2175 4122 3828 4190">
     <span class='ocr_line' id='line_1_73' title="bbox 2175 4122 3828 4190; baseline -0.005 0"><span class='ocrx_word' id='word_1_481' title='bbox 2175 4126 2426 4190; x_wconf 84' lang='lat' dir='ltr'><strong>Florens</strong></span> <span class='ocrx_word' id='word_1_482' title='bbox 2456 4123 2697 4187; x_wconf 89' lang='lat' dir='ltr'><strong>ibidem.</strong></span> <span class='ocrx_word' id='word_1_483' title='bbox 2731 4122 2848 4186; x_wconf 90' lang='lat' dir='ltr'><strong>Sed</strong></span> <span class='ocrx_word' id='word_1_484' title='bbox 2881 4133 2941 4186; x_wconf 93' lang='lat' dir='ltr'><strong>et</strong></span> <span class='ocrx_word' id='word_1_485' title='bbox 2963 4122 3028 4184; x_wconf 89' lang='lat' dir='ltr'><strong>in</strong></span> <span class='ocrx_word' id='word_1_486' title='bbox 3051 4123 3298 4185; x_wconf 91' lang='lat' dir='ltr'><strong>concilio</strong></span> <span class='ocrx_word' id='word_1_487' title='bbox 3330 4123 3662 4187; x_wconf 89' lang='lat' dir='ltr'><strong>Arelatensi</strong></span> <span class='ocrx_word' id='word_1_488' title='bbox 3694 4140 3828 4184; x_wconf 85' lang='lat' dir='ltr'><strong>can.</strong></span> 
     </span>
    </p>
   </div>
   <div class='ocr_carea' id='block_1_74' title="bbox 2174 4202 3834 4286">
    <p class='ocr_par' dir='ltr' id='par_1_74' title="bbox 2174 4202 3834 4286">
     <span class='ocr_line' id='line_1_74' title="bbox 2174 4202 3834 4286; baseline 0 -20"><span class='ocrx_word' id='word_1_489' title='bbox 2174 4206 2275 4279; x_wconf 73' lang='lat'><strong>20,</strong></span> <span class='ocrx_word' id='word_1_490' title='bbox 2307 4206 2614 4286; x_wconf 78' lang='lat' dir='ltr'><strong>decretum</strong></span> <span class='ocrx_word' id='word_1_491' title='bbox 2647 4213 2756 4280; x_wconf 91' lang='lat' dir='ltr'><strong>est,</strong></span> <span class='ocrx_word' id='word_1_492' title='bbox 2790 4212 2852 4266; x_wconf 79' lang='lat' dir='ltr'><strong>vt</strong></span> <span class='ocrx_word' id='word_1_493' title='bbox 2881 4203 3193 4284; x_wconf 81' lang='lat' dir='ltr'><strong>peregrino</strong></span> <span class='ocrx_word' id='word_1_494' title='bbox 3225 4202 3504 4286; x_wconf 91' lang='lat' dir='ltr'><strong>episcopo</strong></span> <span class='ocrx_word' id='word_1_495' title='bbox 3535 4203 3702 4265; x_wconf 91' lang='lat' dir='ltr'><strong>locus</strong></span> <span class='ocrx_word' id='word_1_496' title='bbox 3731 4221 3834 4266; x_wconf 86' lang='lat' dir='ltr'><strong>sa-</strong></span> 
     </span>
    </p>
   </div>
   <div class='ocr_carea' id='block_1_75' title="bbox 433 4279 2706 4354">
    <p class='ocr_par' dir='ltr' id='par_1_75' title="bbox 433 4279 2706 4354">
     <span class='ocr_line' id='line_1_75' title="bbox 433 4279 2706 4354; baseline 0.002 -13"><span class='ocrx_word' id='word_1_497' title='bbox 433 4279 1150 4354; x_wconf 59' lang='grc' dir='ltr'>σείανζΗυιιοὴοοοιέιη,</span> <span class='ocrx_word' id='word_1_498' title='bbox 1177 4279 1451 4343; x_wconf 80' lang='lat' dir='ltr'><strong>observat</strong></span> <span class='ocrx_word' id='word_1_499' title='bbox 1471 4281 1764 4353; x_wconf 84' lang='lat' dir='ltr'><strong>Valesius,</strong></span> <span class='ocrx_word' id='word_1_500' title='bbox 1796 4279 2092 4350; x_wconf 73' lang='lat' dir='ltr'><strong>Anicetus</strong></span> <span class='ocrx_word' id='word_1_501' title='bbox 2119 4334 2156 4354; x_wconf 65' lang='grc' dir='ltr'><strong>η</strong></span> <span class='ocrx_word' id='word_1_502' title='bbox 2176 4284 2480 4349; x_wconf 86' lang='lat' dir='ltr'><strong>criticandi</strong></span> <span class='ocrx_word' id='word_1_503' title='bbox 2511 4283 2706 4347; x_wconf 89' lang='lat' dir='ltr'><strong>detur.</strong></span> 
     </span>
    </p>
   </div>
   <div class='ocr_carea' id='block_1_76' title="bbox 439 4359 2086 4448">
    <p class='ocr_par' dir='ltr' id='par_1_76' title="bbox 439 4359 2086 4448">
     <span class='ocr_line' id='line_1_76' title="bbox 439 4359 2086 4448; baseline 0.003 -25"><span class='ocrx_word' id='word_1_504' title='bbox 439 4361 700 4448; x_wconf 71' lang='lat' dir='ltr'><strong>pontifex</strong></span> <span class='ocrx_word' id='word_1_505' title='bbox 714 4364 1026 4448; x_wconf 65' lang='lat' dir='ltr'><strong>Romanus</strong></span> <span class='ocrx_word' id='word_1_506' title='bbox 1035 4359 1240 4422; x_wconf 86' lang='lat' dir='ltr'><strong>habuit</strong></span> <span class='ocrx_word' id='word_1_507' title='bbox 1259 4362 1583 4448; x_wconf 74' lang='lat' dir='ltr'><strong>venerabili</strong></span> <span class='ocrx_word' id='word_1_508' title='bbox 1603 4367 1732 4425; x_wconf 91' lang='lat' dir='ltr'><strong>seni</strong></span> <span class='ocrx_word' id='word_1_509' title='bbox 1748 4365 1844 4426; x_wconf 89' lang='lat' dir='ltr'><strong>Pol</strong></span> <span class='ocrx_word' id='word_1_510' title='bbox 1851 4386 2086 4448; x_wconf 69' lang='lat' dir='ltr'><strong>ycarpo,</strong></span> 
     </span>
    </p>
   </div>
   <div class='ocr_carea' id='block_1_77' title="bbox 437 4441 2088 4526">
    <p class='ocr_par' dir='ltr' id='par_1_77' title="bbox 437 4441 2088 4526">
     <span class='ocr_line' id='line_1_77' title="bbox 437 4441 2088 4526; baseline 0.001 -20"><span class='ocrx_word' id='word_1_511' title='bbox 437 4441 502 4506; x_wconf 80' lang='lat' dir='ltr'><strong>ut</strong></span> <span class='ocrx_word' id='word_1_512' title='bbox 531 4442 694 4504; x_wconf 92' lang='lat' dir='ltr'><strong>illum</strong></span> <span class='ocrx_word' id='word_1_513' title='bbox 720 4443 780 4504; x_wconf 88' lang='lat' dir='ltr'><strong>in</strong></span> <span class='ocrx_word' id='word_1_514' title='bbox 812 4441 1068 4526; x_wconf 77' lang='lat' dir='ltr'><strong>ecclesia</strong></span> <span class='ocrx_word' id='word_1_515' title='bbox 1091 4459 1274 4526; x_wconf 89' lang='lat' dir='ltr'><strong>sacra_</strong></span> <span class='ocrx_word' id='word_1_516' title='bbox 1290 4441 1485 4504; x_wconf 86' lang='lat' dir='ltr'><strong>facere</strong></span> <span class='ocrx_word' id='word_1_517' title='bbox 1516 4444 1828 4526; x_wconf 79' lang='lat' dir='ltr'><strong>si_neret,et</strong></span> <span class='ocrx_word' id='word_1_518' title='bbox 1849 4441 2088 4526; x_wconf 77' lang='lat' dir='ltr'><strong>quidem</strong></span> 
     </span>
    </p>
   </div>
   <div class='ocr_carea' id='block_1_78' title="bbox 437 4520 2091 4603">
    <p class='ocr_par' dir='ltr' id='par_1_78' title="bbox 437 4520 2091 4603">
     <span class='ocr_line' id='line_1_78' title="bbox 437 4520 2091 4603; baseline 0.002 -19"><span class='ocrx_word' id='word_1_519' title='bbox 437 4531 731 4603; x_wconf 58' lang='lat' dir='ltr'><strong>prasente</strong></span> <span class='ocrx_word' id='word_1_520' title='bbox 762 4540 848 4603; x_wconf 83' lang='lat' dir='ltr'><strong>se,</strong></span> <span class='ocrx_word' id='word_1_521' title='bbox 870 4520 1028 4602; x_wconf 85' lang='lat' dir='ltr'><strong>quod</strong></span> <span class='ocrx_word' id='word_1_522' title='bbox 1061 4521 1382 4603; x_wconf 80' lang='lat' dir='ltr'><strong>notandum</strong></span> <span class='ocrx_word' id='word_1_523' title='bbox 1416 4531 1524 4584; x_wconf 90' lang='lat' dir='ltr'><strong>est.</strong></span> <span class='ocrx_word' id='word_1_524' title='bbox 1551 4522 1648 4586; x_wconf 89' lang='lat' dir='ltr'><strong>Sic</strong></span> <span class='ocrx_word' id='word_1_525' title='bbox 1679 4520 1883 4588; x_wconf 71' lang='lat' dir='ltr'><strong>Irenaei</strong></span> <span class='ocrx_word' id='word_1_526' title='bbox 1914 4527 2091 4588; x_wconf 89' lang='lat' dir='ltr'><strong>verba</strong></span> 
     </span>
    </p>
   </div>
   <div class='ocr_carea' id='block_1_79' title="bbox 353 4600 2087 4684">
    <p class='ocr_par' dir='ltr' id='par_1_79' title="bbox 353 4600 2087 4684">
     <span class='ocr_line' id='line_1_79' title="bbox 353 4600 2087 4684; baseline 0.002 -20"><span class='ocrx_word' id='word_1_527' title='bbox 353 4651 356 4655; x_wconf 92' lang='lat'><strong>.</strong></span> <span class='ocrx_word' id='word_1_528' title='bbox 435 4600 494 4666; x_wconf 85' lang='lat' dir='ltr'><strong>et</strong></span> <span class='ocrx_word' id='word_1_529' title='bbox 525 4600 908 4684; x_wconf 34' lang='lat' dir='ltr'><strong>ﬂufﬁnus,’et</strong></span> <span class='ocrx_word' id='word_1_530' title='bbox 937 4601 1136 4662; x_wconf 75' lang='lat' dir='ltr'><strong>caeteri</strong></span> <span class='ocrx_word' id='word_1_531' title='bbox 1168 4600 1524 4684; x_wconf 87' lang='lat' dir='ltr'><strong>interpretes</strong></span> <span class='ocrx_word' id='word_1_532' title='bbox 1553 4615 1937 4684; x_wconf 87' lang='lat' dir='ltr'><strong>acceperunt.</strong></span> <span class='ocrx_word' id='word_1_533' title='bbox 1972 4607 2087 4670; x_wconf 92' lang='lat' dir='ltr'><strong>Scd</strong></span> 
     </span>
    </p>
   </div>
   <div class='ocr_carea' id='block_1_80' title="bbox 433 4682 2090 4762">
    <p class='ocr_par' dir='ltr' id='par_1_80' title="bbox 433 4682 2090 4762">
     <span class='ocr_line' id='line_1_80' title="bbox 433 4682 2090 4762; baseline 0.002 -17"><span class='ocrx_word' id='word_1_534' title='bbox 433 4684 784 4746; x_wconf 87' lang='lat' dir='ltr'><strong>Franciscus</strong></span> <span class='ocrx_word' id='word_1_535' title='bbox 819 4682 1088 4762; x_wconf 60' lang='lat' dir='ltr'><strong>l’lorens,</strong></span> <span class='ocrx_word' id='word_1_536' title='bbox 1132 4691 1469 4762; x_wconf 65' lang='lat' dir='ltr'><strong>sntecc.&lt;sor</strong></span> <span class='ocrx_word' id='word_1_537' title='bbox 1496 4682 1963 4762; x_wconf 83' lang='lat' dir='ltr'><strong>Aurelianensis,</strong></span> <span class='ocrx_word' id='word_1_538' title='bbox 2004 4689 2090 4748; x_wconf 86' lang='lat' dir='ltr'><strong>vir</strong></span> 
     </span>
    </p>
   </div>
   <div class='ocr_carea' id='block_1_81' title="bbox 435 4759 2096 4842">
    <p class='ocr_par' dir='ltr' id='par_1_81' title="bbox 435 4759 2096 4842">
     <span class='ocr_line' id='line_1_81' title="bbox 435 4759 2096 4842; baseline 0.002 -17"><span class='ocrx_word' id='word_1_539' title='bbox 435 4765 665 4835; x_wconf 91' lang='lat' dir='ltr'><strong>doctus,</strong></span> <span class='ocrx_word' id='word_1_540' title='bbox 702 4764 828 4824; x_wconf 70' lang='lat' dir='ltr'><strong>haec</strong></span> <span class='ocrx_word' id='word_1_541' title='bbox 860 4759 1066 4842; x_wconf 60' lang='lat' dir='ltr'><strong>Irenzei</strong></span> <span class='ocrx_word' id='word_1_542' title='bbox 1110 4761 1486 4842; x_wconf 79' lang='lat' dir='ltr'><strong>verbaaliter</strong></span> <span class='ocrx_word' id='word_1_543' title='bbox 1543 4764 1928 4842; x_wconf 81' lang='lat' dir='ltr'><strong>intelligenda</strong></span> <span class='ocrx_word' id='word_1_544' title='bbox 1948 4759 2096 4829; x_wconf 83' lang='lat' dir='ltr'><strong>esse</strong></span> 
     </span>
    </p>
   </div>
   <div class='ocr_carea' id='block_1_82' title="bbox 432 4839 2095 4924">
    <p class='ocr_par' dir='ltr' id='par_1_82' title="bbox 432 4839 2095 4924">
     <span class='ocr_line' id='line_1_82' title="bbox 432 4839 2095 4924; baseline 0.002 -19"><span class='ocrx_word' id='word_1_545' title='bbox 432 4844 760 4924; x_wconf 81' lang='lat' dir='ltr'><strong>contendit,</strong></span> <span class='ocrx_word' id='word_1_546' title='bbox 784 4842 842 4902; x_wconf 91' lang='lat' dir='ltr'><strong>in</strong></span> <span class='ocrx_word' id='word_1_547' title='bbox 870 4840 1146 4924; x_wconf 84' lang='lat' dir='ltr'><strong>Tractatu</strong></span> <span class='ocrx_word' id='word_1_548' title='bbox 1176 4840 1247 4924; x_wconf 70' lang='lat' dir='ltr'><strong>ad</strong></span> <span class='ocrx_word' id='word_1_549' title='bbox 1271 4839 1502 4924; x_wconf 79' lang='lat' dir='ltr'><strong>titulum</strong></span> <span class='ocrx_word' id='word_1_550' title='bbox 1529 4843 1562 4903; x_wconf 82' lang='lat'><strong>7</strong></span> <span class='ocrx_word' id='word_1_551' title='bbox 1580 4839 2095 4924; x_wconf 76' lang='lat' dir='ltr'><strong>Decretalium,De</strong></span> 
     </span>
    </p>
   </div>
   <div class='ocr_carea' id='block_1_83' title="bbox 435 4919 2094 5008">
    <p class='ocr_par' dir='ltr' id='par_1_83' title="bbox 435 4919 2094 5008">
     <span class='ocr_line' id='line_1_83' title="bbox 435 4919 2094 5008; baseline 0.003 -24"><span class='ocrx_word' id='word_1_552' title='bbox 435 4933 472 4984; x_wconf 86' lang='grc' dir='ltr'><strong>ιι</strong></span> <span class='ocrx_word' id='word_1_553' title='bbox 492 4923 830 5008; x_wconf 73' lang='lat' dir='ltr'><strong>anslatiene</strong></span> <span class='ocrx_word' id='word_1_554' title='bbox 871 4919 1158 5008; x_wconf 77' lang='lat' dir='ltr'><strong>episcopi.</strong></span> <span class='ocrx_word' id='word_1_555' title='bbox 1195 4919 1332 5008; x_wconf 73' lang='lat' dir='ltr'><strong>vult</strong></span> <span class='ocrx_word' id='word_1_556' title='bbox 1389 4922 1896 5008; x_wconf 20' lang='lat' dir='ltr'><strong>enimAAnicctum</strong></span> <span class='ocrx_word' id='word_1_557' title='bbox 1955 4919 2094 5008; x_wconf 84' lang='lat' dir='ltr'><strong>por-</strong></span> 
     </span>
    </p>
   </div>
   <div class='ocr_carea' id='block_1_84' title="bbox 431 4999 2096 5084">
    <p class='ocr_par' dir='ltr' id='par_1_84' title="bbox 431 4999 2096 5084">
     <span class='ocr_line' id='line_1_84' title="bbox 431 4999 2096 5084; baseline 0.003 -19"><span class='ocrx_word' id='word_1_558' title='bbox 431 5004 658 5065; x_wconf 86' lang='lat' dir='ltr'><strong>rexisse</strong></span> <span class='ocrx_word' id='word_1_559' title='bbox 690 4999 1430 5084; x_wconf 71' lang='lat' dir='ltr'><strong>duntaxateucharistiam</strong></span> <span class='ocrx_word' id='word_1_560' title='bbox 1469 5005 1807 5084; x_wconf 79' lang='lat' dir='ltr'><strong>Polycarpo,</strong></span> <span class='ocrx_word' id='word_1_561' title='bbox 1843 4999 1966 5068; x_wconf 79' lang='lat' dir='ltr'><strong>non</strong></span> <span class='ocrx_word' id='word_1_562' title='bbox 1994 5028 2096 5070; x_wconf 85' lang='lat' dir='ltr'><strong>au-</strong></span> 
     </span>
    </p>
   </div>
   <div class='ocr_carea' id='block_1_85' title="bbox 433 5079 2084 5162">
    <p class='ocr_par' dir='ltr' id='par_1_85' title="bbox 433 5079 2084 5162">
     <span class='ocr_line' id='line_1_85' title="bbox 433 5079 2084 5162; baseline 0.004 -18"><span class='ocrx_word' id='word_1_563' title='bbox 433 5093 549 5144; x_wconf 92' lang='lat' dir='ltr'><strong>tem</strong></span> <span class='ocrx_word' id='word_1_564' title='bbox 583 5079 1063 5162; x_wconf 69' lang='lat' dir='ltr'><strong>concessissejlli</strong></span> <span class='ocrx_word' id='word_1_565' title='bbox 1091 5079 1387 5162; x_wconf 79' lang='lat' dir='ltr'><strong>jussacra</strong></span> <span class='ocrx_word' id='word_1_566' title='bbox 1417 5079 1695 5162; x_wconf 77' lang='lat' dir='ltr'><strong>mysteria</strong></span> <span class='ocrx_word' id='word_1_567' title='bbox 1715 5079 2084 5151; x_wconf 81' lang='lat' dir='ltr'><strong>celebrandi.</strong></span> 
     </span>
    </p>
   </div>
   <div class='ocr_carea' id='block_1_86' title="bbox 431 5158 2088 5249">
    <p class='ocr_par' dir='ltr' id='par_1_86' title="bbox 431 5158 2088 5249">
     <span class='ocr_line' id='line_1_86' title="bbox 431 5158 2088 5249; baseline 0.004 -25"><span class='ocrx_word' id='word_1_568' title='bbox 431 5163 656 5249; x_wconf 84' lang='lat' dir='ltr'><strong>_Verum</strong></span> <span class='ocrx_word' id='word_1_569' title='bbox 689 5160 738 5222; x_wconf 91' lang='lat' dir='ltr'><strong>si</strong></span> <span class='ocrx_word' id='word_1_570' title='bbox 768 5161 928 5249; x_wconf 73' lang='lat' dir='ltr'><strong>hunc</strong></span> <span class='ocrx_word' id='word_1_571' title='bbox 956 5158 1170 5249; x_wconf 72' lang='lat' dir='ltr'><strong>Ireneei</strong></span> <span class='ocrx_word' id='word_1_572' title='bbox 1195 5160 1388 5249; x_wconf 42' lang='lat' dir='ltr'><strong>lacum</strong></span> <span class='ocrx_word' id='word_1_573' title='bbox 1419 5158 1497 5222; x_wconf 77' lang='lat' dir='ltr'><strong>ita</strong></span> <span class='ocrx_word' id='word_1_574' title='bbox 1529 5163 1928 5249; x_wconf 77' lang='lat' dir='ltr'><strong>intelligimus.</strong></span> <span class='ocrx_word' id='word_1_575' title='bbox 1950 5170 2088 5249; x_wconf 86' lang='lat' dir='ltr'><strong>quid</strong></span> 
     </span>
    </p>
   </div>
   <div class='ocr_carea' id='block_1_87' title="bbox 431 5239 2089 5322">
    <p class='ocr_par' dir='ltr' id='par_1_87' title="bbox 431 5239 2089 5322">
     <span class='ocr_line' id='line_1_87' title="bbox 431 5239 2089 5322; baseline -0.005 -16"><span class='ocrx_word' id='word_1_576' title='bbox 431 5243 678 5306; x_wconf 89' lang='lat' dir='ltr'><strong>honoris</strong></span> <span class='ocrx_word' id='word_1_577' title='bbox 708 5241 992 5303; x_wconf 89' lang='lat' dir='ltr'><strong>tributum</strong></span> <span class='ocrx_word' id='word_1_578' title='bbox 1022 5239 1199 5322; x_wconf 73' lang='lat' dir='ltr'><strong>fuerit</strong></span> <span class='ocrx_word' id='word_1_579' title='bbox 1221 5239 1544 5322; x_wconf 80' lang='lat' dir='ltr'><strong>Polycarpo</strong></span> <span class='ocrx_word' id='word_1_580' title='bbox 1567 5243 1642 5306; x_wconf 86' lang='lat' dir='ltr'><strong>ab</strong></span> <span class='ocrx_word' id='word_1_581' title='bbox 1661 5239 1912 5308; x_wconf 75' lang='grc' dir='ltr'>Αῇἰοριυ</span> <span class='ocrx_word' id='word_1_582' title='bbox 1936 5239 2089 5312; x_wconf 71' lang='grc' dir='ltr'><strong>γΗοε</strong></span> 
     </span>
    </p>
   </div>
   <div class='ocr_carea' id='block_1_88' title="bbox 435 5318 2086 5410">
    <p class='ocr_par' dir='ltr' id='par_1_88' title="bbox 435 5318 2086 5410">
     <span class='ocr_line' id='line_1_88' title="bbox 435 5318 2086 5410; baseline -0.007 -24"><span class='ocrx_word' id='word_1_583' title='bbox 435 5323 595 5410; x_wconf 82' lang='lat' dir='ltr'><strong>enim</strong></span> <span class='ocrx_word' id='word_1_584' title='bbox 627 5321 1040 5410; x_wconf 78' lang='lat' dir='ltr'><strong>disertenotat</strong></span> <span class='ocrx_word' id='word_1_585' title='bbox 1071 5318 1350 5396; x_wconf 57' lang='lat' dir='ltr'><strong>Irenwus&#39;,</strong></span> <span class='ocrx_word' id='word_1_586' title='bbox 1387 5318 1506 5410; x_wconf 82' lang='lat' dir='ltr'><strong>tum</strong></span> <span class='ocrx_word' id='word_1_587' title='bbox 1540 5324 1642 5410; x_wconf 80' lang='lat' dir='ltr'><strong>illo</strong></span> <span class='ocrx_word' id='word_1_588' title='bbox 1687 5328 1867 5410; x_wconf 78' lang='lat' dir='ltr'><strong>verbo</strong></span> <span class='ocrx_word' id='word_1_589' title='bbox 1917 5353 2086 5410; x_wconf 68' lang='grc' dir='ltr'>παρε-</span> 
     </span>
    </p>
   </div>
   <div class='ocr_carea' id='block_1_89' title="bbox 431 5399 2084 5484">
    <p class='ocr_par' dir='ltr' id='par_1_89' title="bbox 431 5399 2084 5484">
     <span class='ocr_line' id='line_1_89' title="bbox 431 5399 2084 5484; baseline 0.01 -30"><span class='ocrx_word' id='word_1_590' title='bbox 431 5406 652 5484; x_wconf 68' lang='grc' dir='ltr'>χώρησε</span> <span class='ocrx_word' id='word_1_591' title='bbox 704 5403 865 5484; x_wconf 83' lang='lat' dir='ltr'><strong>quod</strong></span> <span class='ocrx_word' id='word_1_592' title='bbox 896 5419 961 5462; x_wconf 93' lang='lat' dir='ltr'><strong>se</strong></span> <span class='ocrx_word' id='word_1_593' title='bbox 1010 5399 1147 5484; x_wconf 80' lang='lat' dir='ltr'><strong>jure</strong></span> <span class='ocrx_word' id='word_1_594' title='bbox 1179 5402 1512 5484; x_wconf 71' lang='lat' dir='ltr'><strong>concedere</strong></span> <span class='ocrx_word' id='word_1_595' title='bbox 1561 5405 1896 5484; x_wconf 78' lang='lat' dir='ltr'><strong>signiﬁcat;</strong></span> <span class='ocrx_word' id='word_1_596' title='bbox 1960 5399 2084 5470; x_wconf 81' lang='lat' dir='ltr'><strong>tum</strong></span> 
     </span>
    </p>
   </div>
   <div class='ocr_carea' id='block_1_90' title="bbox 428 5472 2083 5564">
    <p class='ocr_par' dir='ltr' id='par_1_90' title="bbox 428 5472 2083 5564">
     <span class='ocr_line' id='line_1_90' title="bbox 428 5472 2083 5564; baseline 0.004 -21"><span class='ocrx_word' id='word_1_597' title='bbox 428 5472 546 5546; x_wconf 78' lang='lat' dir='ltr'><strong>illis</strong></span> <span class='ocrx_word' id='word_1_598' title='bbox 595 5472 812 5564; x_wconf 80' lang='lat' dir='ltr'><strong>verbis,</strong></span> <span class='ocrx_word' id='word_1_599' title='bbox 874 5472 1221 5562; x_wconf 60' lang='lat' dir='ltr'><strong>quae&#39;addit,</strong></span> <span class='ocrx_word' id='word_1_600' title='bbox 1255 5472 1378 5540; x_wconf 74' lang='grc' dir='ltr'>κατ’</span> <span class='ocrx_word' id='word_1_601' title='bbox 1407 5472 1664 5564; x_wconf 63' lang='grc' dir='ltr'>ἔντροπῆν</span> <span class='ocrx_word' id='word_1_602' title='bbox 1721 5472 1990 5564; x_wconf 66' lang='grc' dir='ltr'>δηλονὲιτι,</span> <span class='ocrx_word' id='word_1_603' title='bbox 2024 5491 2083 5551; x_wconf 87' lang='lat' dir='ltr'><strong>id</strong></span> 
     </span>
    </p>
   </div>
   <div class='ocr_carea' id='block_1_91' title="bbox 427 5563 2087 5648">
    <p class='ocr_par' dir='ltr' id='par_1_91' title="bbox 427 5563 2087 5648">
     <span class='ocr_line' id='line_1_91' title="bbox 427 5563 2087 5648; baseline 0.003 -22"><span class='ocrx_word' id='word_1_604' title='bbox 427 5563 824 5648; x_wconf 55' lang='lat' dir='ltr'><strong>eSt,_honoris</strong></span> <span class='ocrx_word' id='word_1_605' title='bbox 881 5579 1057 5648; x_wconf 84' lang='lat' dir='ltr'><strong>causa</strong></span> <span class='ocrx_word' id='word_1_606' title='bbox 1103 5569 1162 5648; x_wconf 77' lang='lat' dir='ltr'><strong>et</strong></span> <span class='ocrx_word' id='word_1_607' title='bbox 1222 5563 1745 5648; x_wconf 81' lang='lat' dir='ltr'><strong>contemplatione,</strong></span> <span class='ocrx_word' id='word_1_608' title='bbox 1795 5576 1859 5629; x_wconf 94' lang='lat' dir='ltr'><strong>ut</strong></span> <span class='ocrx_word' id='word_1_609' title='bbox 1916 5563 2087 5631; x_wconf 88' lang='lat' dir='ltr'><strong>vertit</strong></span> 
     </span>
    </p>
   </div>
   <div class='ocr_carea' id='block_1_92' title="bbox 425 5642 2085 5731">
    <p class='ocr_par' dir='ltr' id='par_1_92' title="bbox 425 5642 2085 5731">
     <span class='ocr_line' id='line_1_92' title="bbox 425 5642 2085 5731; baseline 0.002 -23"><span class='ocrx_word' id='word_1_610' title='bbox 425 5643 722 5731; x_wconf 80' lang='lat' dir='ltr'><strong>Rufﬁnus.</strong></span> <span class='ocrx_word' id='word_1_611' title='bbox 753 5645 927 5731; x_wconf 80' lang='lat' dir='ltr'><strong>Certe</strong></span> <span class='ocrx_word' id='word_1_612' title='bbox 955 5642 1474 5731; x_wconf 30' lang='lat' dir='ltr'><strong>sieucharistiam;</strong></span> <span class='ocrx_word' id='word_1_613' title='bbox 1503 5642 1740 5731; x_wconf 83' lang='lat' dir='ltr'><strong>tantum</strong></span> <span class='ocrx_word' id='word_1_614' title='bbox 1765 5649 2085 5731; x_wconf 73' lang='lat' dir='ltr'><strong>Polycarpo</strong></span> 
     </span>
    </p>
   </div>
   <div class='ocr_carea' id='block_1_93' title="bbox 429 5722 2080 5806">
    <p class='ocr_par' dir='ltr' id='par_1_93' title="bbox 429 5722 2080 5806">
     <span class='ocr_line' id='line_1_93' title="bbox 429 5722 2080 5806; baseline 0.004 -21"><span class='ocrx_word' id='word_1_615' title='bbox 429 5723 786 5806; x_wconf 77' lang='lat' dir='ltr'><strong>porrexisset</strong></span> <span class='ocrx_word' id='word_1_616' title='bbox 813 5723 1124 5802; x_wconf 60' lang='lat' dir='ltr'><strong>Anicetus,</strong></span> <span class='ocrx_word' id='word_1_617' title='bbox 1157 5722 1386 5806; x_wconf 80' lang='lat' dir='ltr'><strong>nullum</strong></span> <span class='ocrx_word' id='word_1_618' title='bbox 1419 5723 1472 5786; x_wconf 90' lang='lat' dir='ltr'><strong>ei</strong></span> <span class='ocrx_word' id='word_1_619' title='bbox 1497 5722 2080 5806; x_wconf 55' lang='lat' dir='ltr'><strong>praecipuum&#39;hono-</strong></span> 
     </span>
    </p>
   </div>
   <div class='ocr_carea' id='block_1_94' title="bbox 425 5802 2084 5891">
    <p class='ocr_par' dir='ltr' id='par_1_94' title="bbox 425 5802 2084 5891">
     <span class='ocr_line' id='line_1_94' title="bbox 425 5802 2084 5891; baseline 0.005 -25"><span class='ocrx_word' id='word_1_620' title='bbox 425 5802 552 5891; x_wconf 71' lang='lat' dir='ltr'><strong>rem</strong></span> <span class='ocrx_word' id='word_1_621' title='bbox 583 5803 916 5891; x_wconf 76' lang='lat' dir='ltr'><strong>detulisset,</strong></span> <span class='ocrx_word' id='word_1_622' title='bbox 947 5820 1087 5891; x_wconf 75' lang='lat' dir='ltr'><strong>cum</strong></span> <span class='ocrx_word' id='word_1_623' title='bbox 1117 5802 1396 5864; x_wconf 90' lang='lat' dir='ltr'><strong>omnibus</strong></span> <span class='ocrx_word' id='word_1_624' title='bbox 1427 5802 1759 5891; x_wconf 80' lang='lat' dir='ltr'><strong>peregrinis</strong></span> <span class='ocrx_word' id='word_1_625' title='bbox 1787 5807 2084 5891; x_wconf 84' lang='lat' dir='ltr'><strong>episcopis</strong></span> 
     </span>
    </p>
   </div>
   <div class='ocr_carea' id='block_1_95' title="bbox 427 5881 2085 5968">
    <p class='ocr_par' dir='ltr' id='par_1_95' title="bbox 427 5881 2085 5968">
     <span class='ocr_line' id='line_1_95' title="bbox 427 5881 2085 5968; baseline 0.004 -23"><span class='ocrx_word' id='word_1_626' title='bbox 427 5885 483 5946; x_wconf 90' lang='lat' dir='ltr'><strong>id</strong></span> <span class='ocrx_word' id='word_1_627' title='bbox 517 5884 740 5968; x_wconf 90' lang='lat' dir='ltr'><strong>passim</strong></span> <span class='ocrx_word' id='word_1_628' title='bbox 782 5881 966 5945; x_wconf 88' lang='lat' dir='ltr'><strong>tribui</strong></span> <span class='ocrx_word' id='word_1_629' title='bbox 995 5882 1236 5963; x_wconf 85' lang='lat' dir='ltr'><strong>soleret,</strong></span> <span class='ocrx_word' id='word_1_630' title='bbox 1271 5891 1336 5944; x_wconf 90' lang='lat' dir='ltr'><strong>ut</strong></span> <span class='ocrx_word' id='word_1_631' title='bbox 1361 5881 1498 5945; x_wconf 81' lang='lat' dir='ltr'><strong>cum</strong></span> <span class='ocrx_word' id='word_1_632' title='bbox 1531 5881 1806 5967; x_wconf 83' lang='lat' dir='ltr'><strong>episcopo</strong></span> <span class='ocrx_word' id='word_1_633' title='bbox 1825 5881 2085 5963; x_wconf 71' lang='lat' dir='ltr'><strong>civitatis</strong></span> 
     </span>
    </p>
   </div>
   <div class='ocr_carea' id='block_1_96' title="bbox 2259 4354 3836 4446">
    <p class='ocr_par' dir='ltr' id='par_1_96' title="bbox 2259 4354 3836 4446">
     <span class='ocr_line' id='line_1_96' title="bbox 2259 4354 3836 4446; baseline 0.001 -20"><span class='ocrx_word' id='word_1_634' title='bbox 2259 4365 2383 4446; x_wconf 83' lang='lat'>(36)</span> <span class='ocrx_word' id='word_1_635' title='bbox 2404 4361 3127 4446; x_wconf 62' lang='lat' dir='ltr'><strong>Excerptumedlaxirpo.</strong></span> <span class='ocrx_word' id='word_1_636' title='bbox 3161 4354 3454 4446; x_wconf 82' lang='lat' dir='ltr'><strong>Eamdem</strong></span> <span class='ocrx_word' id='word_1_637' title='bbox 3477 4363 3836 4446; x_wconf 62' lang='lat' dir='ltr'><strong>lrenaeisen-</strong></span> 
     </span>
    </p>
   </div>
   <div class='ocr_carea' id='block_1_97' title="bbox 2177 4443 3834 4510">
    <p class='ocr_par' dir='ltr' id='par_1_97' title="bbox 2177 4443 3834 4510">
     <span class='ocr_line' id='line_1_97' title="bbox 2177 4443 3834 4510; baseline 0 -4"><span class='ocrx_word' id='word_1_638' title='bbox 2177 4443 2419 4510; x_wconf 83' lang='lat' dir='ltr'><strong>tentiam</strong></span> <span class='ocrx_word' id='word_1_639' title='bbox 2453 4463 2520 4506; x_wconf 84' lang='lat' dir='ltr'><strong>ex</strong></span> <span class='ocrx_word' id='word_1_640' title='bbox 2533 4443 2995 4507; x_wconf 81' lang='lat' dir='ltr'><strong>Claromontano</strong></span> <span class='ocrx_word' id='word_1_641' title='bbox 3015 4443 3466 4508; x_wconf 82' lang='lat' dir='ltr'><strong>Paratlelorum</strong></span> <span class='ocrx_word' id='word_1_642' title='bbox 3483 4445 3834 4507; x_wconf 88' lang='lat' dir='ltr'><strong>Damasceni</strong></span> 
     </span>
    </p>
   </div>
   <div class='ocr_carea' id='block_1_98' title="bbox 2174 4524 3838 4604">
    <p class='ocr_par' dir='ltr' id='par_1_98' title="bbox 2174 4524 3838 4604">
     <span class='ocr_line' id='line_1_98' title="bbox 2174 4524 3838 4604; baseline -0.001 -17"><span class='ocrx_word' id='word_1_643' title='bbox 2174 4526 2311 4588; x_wconf 91' lang='lat' dir='ltr'><strong>cod.</strong></span> <span class='ocrx_word' id='word_1_644' title='bbox 2347 4526 2434 4586; x_wconf 93' lang='lat' dir='ltr'><strong>lit.</strong></span> <span class='ocrx_word' id='word_1_645' title='bbox 2471 4526 2542 4601; x_wconf 90' lang='lat' dir='ltr'><strong>E,</strong></span> <span class='ocrx_word' id='word_1_646' title='bbox 2603 4527 2695 4588; x_wconf 89' lang='lat' dir='ltr'><strong>tit.</strong></span> <span class='ocrx_word' id='word_1_647' title='bbox 2728 4524 3222 4604; x_wconf 10' lang='lat' dir='ltr'><strong>l13,7excerptam</strong></span> <span class='ocrx_word' id='word_1_648' title='bbox 3282 4525 3465 4587; x_wconf 91' lang='lat' dir='ltr'><strong>edidit</strong></span> <span class='ocrx_word' id='word_1_649' title='bbox 3509 4524 3838 4588; x_wconf 85' lang='lat' dir='ltr'><strong>Halloixius</strong></span> 
     </span>
    </p>
   </div>
   <div class='ocr_carea' id='block_1_99' title="bbox 2173 4602 3828 4687">
    <p class='ocr_par' dir='ltr' id='par_1_99' title="bbox 2173 4602 3828 4687">
     <span class='ocr_line' id='line_1_99' title="bbox 2173 4602 3828 4687; baseline -0.001 -19"><span class='ocrx_word' id='word_1_650' title='bbox 2173 4607 2231 4687; x_wconf 86' lang='lat' dir='ltr'><strong>in</strong></span> <span class='ocrx_word' id='word_1_651' title='bbox 2275 4605 2404 4669; x_wconf 78' lang='lat' dir='ltr'><strong>Vita</strong></span> <span class='ocrx_word' id='word_1_652' title='bbox 2423 4605 2647 4687; x_wconf 57' lang='lat' dir='ltr'><strong>frenat</strong></span> <span class='ocrx_word' id='word_1_653' title='bbox 2673 4624 2732 4686; x_wconf 92' lang='lat' dir='ltr'><strong>p.</strong></span> <span class='ocrx_word' id='word_1_654' title='bbox 2753 4602 2893 4668; x_wconf 73' lang='lat'><strong>499.</strong></span> <span class='ocrx_word' id='word_1_655' title='bbox 2912 4602 3111 4687; x_wconf 81' lang='lat' dir='ltr'><strong>Exstat</strong></span> <span class='ocrx_word' id='word_1_656' title='bbox 3133 4623 3390 4687; x_wconf 90' lang='lat' dir='ltr'><strong>quoque,</strong></span> <span class='ocrx_word' id='word_1_657' title='bbox 3417 4604 3634 4687; x_wconf 86' lang='lat' dir='ltr'><strong>Grabio</strong></span> <span class='ocrx_word' id='word_1_658' title='bbox 3655 4613 3828 4687; x_wconf 85' lang='lat' dir='ltr'><strong>teste,</strong></span> 
     </span>
    </p>
   </div>
   <div class='ocr_carea' id='block_1_100' title="bbox 2171 4685 3826 4748">
    <p class='ocr_par' dir='ltr' id='par_1_100' title="bbox 2171 4685 3826 4748">
     <span class='ocr_line' id='line_1_100' title="bbox 2171 4685 3826 4748; baseline 0.001 -2"><span class='ocrx_word' id='word_1_659' title='bbox 2171 4685 2228 4747; x_wconf 92' lang='lat' dir='ltr'><strong>in</strong></span> <span class='ocrx_word' id='word_1_660' title='bbox 2263 4687 2378 4747; x_wconf 88' lang='lat' dir='ltr'><strong>alia</strong></span> <span class='ocrx_word' id='word_1_661' title='bbox 2407 4685 2774 4748; x_wconf 83' lang='lat' dir='ltr'><strong>Collectione</strong></span> <span class='ocrx_word' id='word_1_662' title='bbox 2807 4685 3232 4746; x_wconf 87' lang='lat' dir='ltr'><strong>sententiarum</strong></span> <span class='ocrx_word' id='word_1_663' title='bbox 3272 4685 3360 4747; x_wconf 12' lang='lat' dir='ltr'><strong>fex</strong></span> <span class='ocrx_word' id='word_1_664' title='bbox 3393 4686 3662 4748; x_wconf 89' lang='lat' dir='ltr'><strong>Patribus</strong></span> <span class='ocrx_word' id='word_1_665' title='bbox 3693 4685 3826 4748; x_wconf 79' lang='lat' dir='ltr'><strong>cod.</strong></span> 
     </span>
    </p>
   </div>
   <div class='ocr_carea' id='block_1_101' title="bbox 2186 4764 3832 4852">
    <p class='ocr_par' dir='ltr' id='par_1_101' title="bbox 2186 4764 3832 4852">
     <span class='ocr_line' id='line_1_101' title="bbox 2186 4764 3832 4852; baseline -0.002 -22"><span class='ocrx_word' id='word_1_666' title='bbox 2186 4767 2318 4852; x_wconf 42' lang='lat'><strong>143&#39;,</strong></span> <span class='ocrx_word' id='word_1_667' title='bbox 2355 4765 2600 4852; x_wconf 37' lang='lat' dir='ltr'><strong>BAarocc.</strong></span> <span class='ocrx_word' id='word_1_668' title='bbox 2633 4766 2746 4852; x_wconf 85' lang='lat' dir='ltr'><strong>fo_l_._</strong></span> <span class='ocrx_word' id='word_1_669' title='bbox 2779 4767 2894 4852; x_wconf 43' lang='grc'><strong>(7,-</strong></span> <span class='ocrx_word' id='word_1_670' title='bbox 2915 4785 2975 4845; x_wconf 90' lang='lat' dir='ltr'><strong>p.</strong></span> <span class='ocrx_word' id='word_1_671' title='bbox 3007 4771 3060 4840; x_wconf 83' lang='lat' dir='ltr'><strong>t,</strong></span> <span class='ocrx_word' id='word_1_672' title='bbox 3098 4773 3154 4852; x_wconf 82' lang='lat' dir='ltr'><strong>et</strong></span> <span class='ocrx_word' id='word_1_673' title='bbox 3181 4765 3314 4852; x_wconf 63' lang='lat' dir='ltr'><strong>cod.</strong></span> <span class='ocrx_word' id='word_1_674' title='bbox 3338 4766 3487 4852; x_wconf 80' lang='lat'><strong>_2_38_</strong></span> <span class='ocrx_word' id='word_1_675' title='bbox 3516 4767 3578 4826; x_wconf 91' lang='lat' dir='ltr'><strong>in</strong></span> <span class='ocrx_word' id='word_1_676' title='bbox 3607 4764 3832 4852; x_wconf 76' lang='lat' dir='ltr'><strong>biblio-</strong></span> 
     </span>
    </p>
   </div>
   <div class='ocr_carea' id='block_1_102' title="bbox 2178 4844 3836 4910">
    <p class='ocr_par' dir='ltr' id='par_1_102' title="bbox 2178 4844 3836 4910">
     <span class='ocr_line' id='line_1_102' title="bbox 2178 4844 3836 4910; baseline -0.001 -2"><span class='ocrx_word' id='word_1_677' title='bbox 2178 4844 2351 4908; x_wconf 74' lang='lat' dir='ltr'><strong>theca</strong></span> <span class='ocrx_word' id='word_1_678' title='bbox 2379 4845 2650 4910; x_wconf 83' lang='lat' dir='ltr'><strong>Caeserea</strong></span> <span class='ocrx_word' id='word_1_679' title='bbox 2685 4844 3154 4910; x_wconf 82' lang='lat' dir='ltr'><strong>Vindobonensi.</strong></span> <span class='ocrx_word' id='word_1_680' title='bbox 3187 4846 3305 4907; x_wconf 92' lang='lat' dir='ltr'><strong>Sed</strong></span> <span class='ocrx_word' id='word_1_681' title='bbox 3337 4847 3628 4910; x_wconf 81' lang='lat' dir='ltr'><strong>Maximus</strong></span> <span class='ocrx_word' id='word_1_682' title='bbox 3669 4845 3836 4908; x_wconf 86' lang='lat' dir='ltr'><strong>solus</strong></span> 
     </span>
    </p>
   </div>
   <div class='ocr_carea' id='block_1_103' title="bbox 2181 4925 3843 5008">
    <p class='ocr_par' dir='ltr' id='par_1_103' title="bbox 2181 4925 3843 5008">
     <span class='ocr_line' id='line_1_103' title="bbox 2181 4925 3843 5008; baseline -0.004 -20"><span class='ocrx_word' id='word_1_683' title='bbox 2181 4927 2372 4990; x_wconf 92' lang='lat' dir='ltr'><strong>locum</strong></span> <span class='ocrx_word' id='word_1_684' title='bbox 2405 4927 2546 4988; x_wconf 87' lang='lat' dir='ltr'><strong>citat</strong></span> <span class='ocrx_word' id='word_1_685' title='bbox 2569 4925 2730 5008; x_wconf 83' lang='lat' dir='ltr'><strong>unde</strong></span> <span class='ocrx_word' id='word_1_686' title='bbox 2747 4934 2980 5008; x_wconf 86' lang='lat' dir='ltr'><strong>sumpta</strong></span> <span class='ocrx_word' id='word_1_687' title='bbox 2997 4933 3110 5008; x_wconf 82' lang='lat' dir='ltr'><strong>est,</strong></span> <span class='ocrx_word' id='word_1_688' title='bbox 3135 4944 3352 5008; x_wconf 71' lang='lat' dir='ltr'><strong>nempe</strong></span> <span class='ocrx_word' id='word_1_689' title='bbox 3383 4927 3443 4983; x_wconf 82' lang='grc' dir='ltr'>ἐκ</span> <span class='ocrx_word' id='word_1_690' title='bbox 3470 4933 3568 4996; x_wconf 80' lang='grc' dir='ltr'>τῆς</span> <span class='ocrx_word' id='word_1_691' title='bbox 3599 4929 3726 5008; x_wconf 68' lang='grc' dir='ltr'>πρὸς</span> <span class='ocrx_word' id='word_1_692' title='bbox 3755 4928 3843 4983; x_wconf 82' lang='grc' dir='ltr'><strong>Βί-</strong></span> 
     </span>
    </p>
   </div>
   <div class='ocr_carea' id='block_1_104' title="bbox 2179 5005 3576 5086">
    <p class='ocr_par' dir='ltr' id='par_1_104' title="bbox 2179 5005 3576 5086">
     <span class='ocr_line' id='line_1_104' title="bbox 2179 5005 3576 5086; baseline 0.004 -21"><span class='ocrx_word' id='word_1_693' title='bbox 2179 5031 2356 5086; x_wconf 80' lang='grc' dir='ltr'>κτωρα</span> <span class='ocrx_word' id='word_1_694' title='bbox 2383 5006 2695 5080; x_wconf 73' lang='grc' dir='ltr'>ἐπιστολῆς,</span> <span class='ocrx_word' id='word_1_695' title='bbox 2731 5024 2808 5086; x_wconf 68' lang='lat' dir='ltr'><strong>ea;</strong></span> <span class='ocrx_word' id='word_1_696' title='bbox 2843 5005 3103 5086; x_wconf 70' lang='lat' dir='ltr'><strong>epistola</strong></span> <span class='ocrx_word' id='word_1_697' title='bbox 3133 5007 3210 5086; x_wconf 74' lang='lat' dir='ltr'><strong>ad</strong></span> <span class='ocrx_word' id='word_1_698' title='bbox 3260 5005 3576 5086; x_wconf 70' lang='lat' dir='ltr'><strong>Victorem.</strong></span> 
     </span>
    </p>
   </div>
   <div class='ocr_carea' id='block_1_105' title="bbox 2257 5084 3844 5179">
    <p class='ocr_par' dir='ltr' id='par_1_105' title="bbox 2257 5084 3844 5179">
     <span class='ocr_line' id='line_1_105' title="bbox 2257 5084 3844 5179; baseline -0.003 -28"><span class='ocrx_word' id='word_1_699' title='bbox 2257 5084 2394 5179; x_wconf 83' lang='lat'><strong>(37)_</strong></span> <span class='ocrx_word' id='word_1_700' title='bbox 2413 5087 2731 5179; x_wconf 43' lang='lat' dir='ltr'><strong>Sermonis</strong></span> <span class='ocrx_word' id='word_1_701' title='bbox 2773 5084 3085 5179; x_wconf 26' lang='lat' dir='ltr'><strong>Ireh‘wide</strong></span> <span class='ocrx_word' id='word_1_702' title='bbox 3113 5085 3254 5179; x_wconf 59' lang='lat' dir='ltr'><strong>ﬁde.</strong></span> <span class='ocrx_word' id='word_1_703' title='bbox 3282 5085 3844 5179; x_wconf 49' lang='lat' dir='ltr'><strong>ilocfragmentum</strong></span> 
     </span>
    </p>
   </div>
   <div class='ocr_carea' id='block_1_106' title="bbox 2176 5165 3838 5248">
    <p class='ocr_par' dir='ltr' id='par_1_106' title="bbox 2176 5165 3838 5248">
     <span class='ocr_line' id='line_1_106' title="bbox 2176 5165 3838 5248; baseline -0.004 -19"><span class='ocrx_word' id='word_1_704' title='bbox 2176 5165 2277 5230; x_wconf 46' lang='lat' dir='ltr'><strong>ita&#39;</strong></span> <span class='ocrx_word' id='word_1_705' title='bbox 2322 5165 2460 5230; x_wconf 88' lang='lat' dir='ltr'><strong>citat</strong></span> <span class='ocrx_word' id='word_1_706' title='bbox 2487 5168 2773 5248; x_wconf 85' lang='lat' dir='ltr'><strong>Maximus</strong></span> <span class='ocrx_word' id='word_1_707' title='bbox 2804 5165 2960 5228; x_wconf 91' lang='lat' dir='ltr'><strong>dicto</strong></span> <span class='ocrx_word' id='word_1_708' title='bbox 2991 5165 3163 5227; x_wconf 90' lang='lat' dir='ltr'><strong>loco:</strong></span> <span class='ocrx_word' id='word_1_709' title='bbox 3204 5175 3306 5225; x_wconf 80' lang='grc' dir='ltr'><strong>Τοῦ</strong></span> <span class='ocrx_word' id='word_1_710' title='bbox 3351 5169 3502 5246; x_wconf 80' lang='grc' dir='ltr'>ἁγίου</span> <span class='ocrx_word' id='word_1_711' title='bbox 3535 5169 3838 5248; x_wconf 53' lang='grc' dir='ltr'>ἓὶῖρηναίυν,</span> 
     </span>
    </p>
   </div>
   <div class='ocr_carea' id='block_1_107' title="bbox 2173 5238 3831 5326">
    <p class='ocr_par' dir='ltr' id='par_1_107' title="bbox 2173 5238 3831 5326">
     <span class='ocr_line' id='line_1_107' title="bbox 2173 5238 3831 5326; baseline -0.002 -20"><span class='ocrx_word' id='word_1_712' title='bbox 2173 5249 2464 5306; x_wconf 78' lang='grc' dir='ltr'>ἐπισκόπου</span> <span class='ocrx_word' id='word_1_713' title='bbox 2516 5245 2880 5326; x_wconf 82' lang='grc' dir='ltr'>Δουγδούνων,</span> <span class='ocrx_word' id='word_1_714' title='bbox 2953 5249 3195 5320; x_wconf 75' lang='grc' dir='ltr'>μαθητοῦ</span> <span class='ocrx_word' id='word_1_715' title='bbox 3232 5247 3324 5306; x_wconf 75' lang='grc' dir='ltr'><strong>τοῦ</strong></span> <span class='ocrx_word' id='word_1_716' title='bbox 3356 5238 3508 5326; x_wconf 46' lang='grc' dir='ltr'>ἀνίου</span> <span class='ocrx_word' id='word_1_717' title='bbox 3567 5238 3831 5324; x_wconf 65' lang='grc' dir='ltr'>Ἰωάννου,</span> 
     </span>
    </p>
   </div>
   <div class='ocr_carea' id='block_1_108' title="bbox 2170 5325 3831 5408">
    <p class='ocr_par' dir='ltr' id='par_1_108' title="bbox 2170 5325 3831 5408">
     <span class='ocr_line' id='line_1_108' title="bbox 2170 5325 3831 5408; baseline 0 -22"><span class='ocrx_word' id='word_1_718' title='bbox 2170 5336 2262 5386; x_wconf 83' lang='grc' dir='ltr'><strong>τοῦ</strong></span> <span class='ocrx_word' id='word_1_719' title='bbox 2323 5325 2649 5384; x_wconf 74' lang='grc' dir='ltr'>ἀποστόλου</span> <span class='ocrx_word' id='word_1_720' title='bbox 2677 5329 2766 5384; x_wconf 72' lang='grc' dir='ltr'>καὶ</span> <span class='ocrx_word' id='word_1_721' title='bbox 2803 5325 3199 5406; x_wconf 63' lang='grc' dir='ltr'>εὐάγγελιστοῦ,</span> <span class='ocrx_word' id='word_1_722' title='bbox 3251 5328 3313 5385; x_wconf 71' lang='grc' dir='ltr'><strong>ἐκ</strong></span> <span class='ocrx_word' id='word_1_723' title='bbox 3362 5325 3470 5384; x_wconf 77' lang='grc' dir='ltr'>τῶν</span> <span class='ocrx_word' id='word_1_724' title='bbox 3525 5330 3655 5408; x_wconf 83' lang='grc' dir='ltr'>πρὸς</span> <span class='ocrx_word' id='word_1_725' title='bbox 3711 5336 3831 5394; x_wconf 89' lang='grc' dir='ltr'><strong>Δη-</strong></span> 
     </span>
    </p>
   </div>
   <div class='ocr_carea' id='block_1_109' title="bbox 2169 5406 3829 5489">
    <p class='ocr_par' dir='ltr' id='par_1_109' title="bbox 2169 5406 3829 5489">
     <span class='ocr_line' id='line_1_109' title="bbox 2169 5406 3829 5489; baseline -0.001 -25"><span class='ocrx_word' id='word_1_726' title='bbox 2169 5411 2414 5489; x_wconf 72' lang='grc' dir='ltr'>μητριον,</span> <span class='ocrx_word' id='word_1_727' title='bbox 2464 5406 2710 5464; x_wconf 80' lang='grc' dir='ltr'>διάκονον</span> <span class='ocrx_word' id='word_1_728' title='bbox 2769 5408 3007 5481; x_wconf 69' lang='grc' dir='ltr'>Βιαίνης,</span> <span class='ocrx_word' id='word_1_729' title='bbox 3064 5409 3182 5486; x_wconf 84' lang='grc' dir='ltr'>περὶ</span> <span class='ocrx_word' id='word_1_730' title='bbox 3251 5409 3478 5472; x_wconf 78' lang='grc' dir='ltr'>πίστεως</span> <span class='ocrx_word' id='word_1_731' title='bbox 3509 5406 3709 5486; x_wconf 83' lang='grc' dir='ltr'>λόγων,</span> <span class='ocrx_word' id='word_1_732' title='bbox 3769 5406 3829 5464; x_wconf 84' lang='grc' dir='ltr'><strong>οὗ</strong></span> 
     </span>
    </p>
   </div>
   <div class='ocr_carea' id='block_1_110' title="bbox 2166 5485 3821 5568">
    <p class='ocr_par' dir='ltr' id='par_1_110' title="bbox 2166 5485 3821 5568">
     <span class='ocr_line' id='line_1_110' title="bbox 2166 5485 3821 5568; baseline 0.001 -24"><span class='ocrx_word' id='word_1_733' title='bbox 2166 5493 2212 5568; x_wconf 14' lang='grc' dir='ltr'><strong>ἡκ</strong></span> <span class='ocrx_word' id='word_1_734' title='bbox 2233 5485 2408 5568; x_wconf 64' lang='grc' dir='ltr'>ἀρχήί</span> <span class='ocrx_word' id='word_1_735' title='bbox 2431 5491 2614 5556; x_wconf 75' lang='grc' dir='ltr'>Ζητῶν</span> <span class='ocrx_word' id='word_1_736' title='bbox 2657 5489 2748 5542; x_wconf 84' lang='grc' dir='ltr'>τὸν</span> <span class='ocrx_word' id='word_1_737' title='bbox 2805 5489 2935 5543; x_wconf 81' lang='grc' dir='ltr'>Θεὸν</span> <span class='ocrx_word' id='word_1_738' title='bbox 2993 5485 3149 5543; x_wconf 75' lang='grc' dir='ltr'>ἄκουε</span> <span class='ocrx_word' id='word_1_739' title='bbox 3193 5496 3282 5544; x_wconf 85' lang='grc' dir='ltr'>νοῠ</span> <span class='ocrx_word' id='word_1_740' title='bbox 3323 5485 3496 5545; x_wconf 62' lang='grc' dir='ltr'>Δαυλιδ</span> <span class='ocrx_word' id='word_1_741' title='bbox 3549 5485 3821 5567; x_wconf 77' lang='grc' dir='ltr'>λέγοντος,</span> 
     </span>
    </p>
   </div>
   <div class='ocr_carea' id='block_1_111' title="bbox 2167 5565 3832 5648">
    <p class='ocr_par' dir='ltr' id='par_1_111' title="bbox 2167 5565 3832 5648">
     <span class='ocr_line' id='line_1_111' title="bbox 2167 5565 3832 5648; baseline -0.001 -16"><span class='ocrx_word' id='word_1_742' title='bbox 2167 5565 2278 5632; x_wconf 87' lang='lat' dir='ltr'><strong>Ubi</strong></span> <span class='ocrx_word' id='word_1_743' title='bbox 2300 5565 2566 5630; x_wconf 73' lang='lat' dir='ltr'><strong>Tremens</strong></span> <span class='ocrx_word' id='word_1_744' title='bbox 2587 5566 2830 5632; x_wconf 82' lang='lat' dir='ltr'><strong>Joannis</strong></span> <span class='ocrx_word' id='word_1_745' title='bbox 2862 5565 3115 5648; x_wconf 87' lang='lat' dir='ltr'><strong>apostoli</strong></span> <span class='ocrx_word' id='word_1_746' title='bbox 3147 5576 3206 5628; x_wconf 92' lang='lat' dir='ltr'><strong>et</strong></span> <span class='ocrx_word' id='word_1_747' title='bbox 3230 5565 3832 5647; x_wconf 32' lang='lat' dir='ltr'><strong>evangelista—disci-</strong></span> 
     </span>
    </p>
   </div>
   <div class='ocr_carea' id='block_1_112' title="bbox 2172 5647 3836 5730">
    <p class='ocr_par' dir='ltr' id='par_1_112' title="bbox 2172 5647 3836 5730">
     <span class='ocr_line' id='line_1_112' title="bbox 2172 5647 3836 5730; baseline 0 -20"><span class='ocrx_word' id='word_1_748' title='bbox 2172 5648 2344 5730; x_wconf 90' lang='lat' dir='ltr'><strong>pulus</strong></span> <span class='ocrx_word' id='word_1_749' title='bbox 2375 5665 2685 5730; x_wconf 87' lang='lat' dir='ltr'><strong>perperam</strong></span> <span class='ocrx_word' id='word_1_750' title='bbox 2717 5647 2982 5730; x_wconf 81' lang='lat' dir='ltr'><strong>vocatur.</strong></span> <span class='ocrx_word' id='word_1_751' title='bbox 3015 5647 3273 5730; x_wconf 76' lang='lat' dir='ltr'><strong>Consule</strong></span> <span class='ocrx_word' id='word_1_752' title='bbox 3299 5667 3431 5730; x_wconf 78' lang='lat' dir='ltr'><strong>quae</strong></span> <span class='ocrx_word' id='word_1_753' title='bbox 3487 5649 3575 5730; x_wconf 81' lang='lat' dir='ltr'><strong>de</strong></span> <span class='ocrx_word' id='word_1_754' title='bbox 3593 5649 3731 5730; x_wconf 89' lang='lat' dir='ltr'><strong>hoc,</strong></span> <span class='ocrx_word' id='word_1_755' title='bbox 3764 5665 3836 5730; x_wconf 81' lang='lat' dir='ltr'><strong>ac</strong></span> 
     </span>
    </p>
   </div>
   <div class='ocr_carea' id='block_1_113' title="bbox 2167 5726 3835 5809">
    <p class='ocr_par' dir='ltr' id='par_1_113' title="bbox 2167 5726 3835 5809">
     <span class='ocr_line' id='line_1_113' title="bbox 2167 5726 3835 5809; baseline -0.001 -17"><span class='ocrx_word' id='word_1_756' title='bbox 2167 5726 2440 5809; x_wconf 80' lang='lat' dir='ltr'><strong>sequenti</strong></span> <span class='ocrx_word' id='word_1_757' title='bbox 2469 5726 3088 5809; x_wconf 10' lang='lat' dir='ltr'><strong>fragmentoidiximus</strong></span> <span class='ocrx_word' id='word_1_758' title='bbox 3109 5726 3364 5809; x_wconf 74' lang='lat' dir='ltr'><strong>Dissert.</strong></span> <span class='ocrx_word' id='word_1_759' title='bbox 3399 5729 3458 5806; x_wconf 74' lang='lat'><strong>2,</strong></span> <span class='ocrx_word' id='word_1_760' title='bbox 3492 5727 3522 5808; x_wconf 85' lang='lat'><strong>§</strong></span> <span class='ocrx_word' id='word_1_761' title='bbox 3553 5727 3652 5807; x_wconf 87' lang='lat'><strong>60,</strong></span> <span class='ocrx_word' id='word_1_762' title='bbox 3690 5726 3746 5791; x_wconf 76' lang='lat' dir='ltr'><strong>et</strong></span> <span class='ocrx_word' id='word_1_763' title='bbox 3774 5729 3835 5791; x_wconf 88' lang='lat' dir='ltr'><strong>in</strong></span> 
     </span>
    </p>
   </div>
   <div class='ocr_carea' id='block_1_114' title="bbox 2165 5807 3449 5890">
    <p class='ocr_par' dir='ltr' id='par_1_114' title="bbox 2165 5807 3449 5890">
     <span class='ocr_line' id='line_1_114' title="bbox 2165 5807 3449 5890; baseline 0.002 -18"><span class='ocrx_word' id='word_1_764' title='bbox 2165 5807 2650 5872; x_wconf 81' lang='lat' dir='ltr'><strong>Admonitionem</strong></span> <span class='ocrx_word' id='word_1_765' title='bbox 2681 5809 2774 5871; x_wconf 88' lang='lat' dir='ltr'><strong>his</strong></span> <span class='ocrx_word' id='word_1_766' title='bbox 2803 5807 3154 5888; x_wconf 85' lang='lat' dir='ltr'><strong>fragmentis</strong></span> <span class='ocrx_word' id='word_1_767' title='bbox 3183 5808 3449 5890; x_wconf 67' lang='lat' dir='ltr'><strong>praefixa.</strong></span> 
     </span>
    </p>
   </div>
  </div>
