4148 6412
403 467 565 534 1235

1644 473 1704 531 S.
1752 472 2041 536 lRENzEI
2083 473 2582 539 FRAGMENTA.

3635 473 3792 537 i236

397 601 558 666 enim
588 611 1077 685 corrumpuntur,
1105 610 1165 667 at
1192 622 1314 666 non
1374 609 1652 685 pereunt;
1694 611 1852 666 terra
1894 602 2055 665 enim

2140 627 2330 681 καμεν.
2396 607 2454 664 Εἰ
2498 607 2596 686 γάρ
2638 608 2727 665 καὶ
2768 608 3053 689 φθείρεται,
3102 604 3224 665 ἀλλ’
3285 612 3380 667 οὐκ
3446 605 3739 665 ἀπόλλυται
3775 625 3790 641 ⁸

396 708 605 755 eorum
625 699 909 773 exceptas
937 692 1222 774 reliquias
1252 692 1666 766 servat,instar
1679 692 2058 774 opimisemi-

395 779 492 843 nis
510 799 648 844 cum
701 781 999 863 opimiore
1028 789 1192 846 terra
1241 781 1797 845 commisti.Rursus
1823 781 1909 844 uti
1939 800 2058 845 nu-

396 867 540 932 dum
569 886 818 949 granum
866 870 1109 953 seritur,
1141 878 1202 934 et
1252 869 1385 947 Dei,
1439 870 1542 953 qui
1594 870 1839 949 creavit,
1886 872 2059 953 jussu

395 959 763 1036 germinans,
787 960 1068 1023 vestitum
1101 978 1169 1023 ac
1213 959 1595 1042 splendidum
1641 963 1918 1041 resurgit,
1950 960 2057 1024 sed

394 1046 553 1109 haud
586 1047 755 1128 prius
779 1049 971 1130 {quam
1002 1055 1304 1113 mortuum
1335 1048 1667 1111 resolutum
1702 1049 1800 1130 sit,
1834 1068 1903 1112 ac
1934 1057 2057 1112 ter-

398 1153 484 1198 ra
512 1135 896 1199 commistum
928 1158 945 1199 :
980 1136 1061 1199 ita
1085 1136 1595 1201 resurrectionem
1628 1138 1901 1219 corporis
1939 1158 2059 1201 non

403 1230 639 1288 temere
670 1225 1060 1289 credidimus.
1088 1225 1311 1289 Verum
1333 1228 1440 1289 etsi
1469 1224 1793 1290 revolvitur
1815 1227 1888 1289 ad
1914 1237 2057 1289 tem-

394 1331 529 1395 pus,
562 1321 808 1395 propter
860 1314 1027 1377 illam
1077 1334 1210 1396 qua
1239 1334 1274 1378 a
1305 1314 1602 1397 principio
1659 1315 1791 1397 fuit,
1845 1317 2055 1380 inobe-

394 1400 701 1484 dientiam,
734 1402 795 1464 in
828 1410 1003 1467 terra;
1061 1404 1223 1467 velut
1278 1404 1626 1467 conﬂatorio
1684 1405 2062 1468 constituitur

396 1490 595 1553 denuo
624 1490 1098 1574 reformandum;
1123 1510 1244 1555 non
1268 1492 1381 1553 hoc
1408 1492 1931 1574 corruptibile,sed
1957 1512 2058 1575 pu-

395 1598 555 1654 rum,
589 1597 701 1643 nec
729 1580 986 1662 amplius
1015 1580 1408 1663 corruptibile
1434 1598 1448 1643 :
1476 1580 1634 1643 sicut
1662 1600 1771 1643 sua
1819 1582 2060 1645 unicui-

400 1686 518 1750 que
547 1668 786 1750 corpori
815 1669 1015 1731 anima
1043 1669 1483 1745 restituetur,et
1514 1669 1619 1732 illo
1653 1670 1859 1733 induta
1891 1672 2064 1734 mini-

393 1758 558 1820 nime
586 1757 952 1838 lugebit,sed
983 1758 1282 1821 letabitur
1311 1777 1458 1839 pura
1484 1777 2060 1841 permanens,spon-

397 1865 532 1908 sum
557 1847 789 1928 justum
820 1856 880 1910 et
910 1866 1029 1911 non
1062 1847 1374 1909 inimicum
1407 1847 1722 1925 comitans,
1763 1848 1826 1911 in
1856 1850 2055 1911 omni-

2139 694 2340 751 τούτων
2396 695 2496 774 γὰρ
2538 696 2605 752 τα
2647 694 2875 773 λείψανα
2930 702 3002 775 γῆ
3045 694 3411 773 ὑποδεξαμένη
3459 710 3617 776 τηρεῖ
3645 694 3796 764 δίκην

2140 783 2339 862 σπόρου
2394 784 2742 861 πιαινομένου
2797 786 2885 841 καὶ
2927 787 2988 842 τὸ
3038 790 3141 864 γῆς
3190 782 3536 864 λιπαρωτέρῳ
3565 784 3798 862 συμπλε-

2139 872 2387 948 κομένου,
2436 876 2589 939 Αὖθις
2638 874 2816 953 ὥσπερ
2871 874 3066 940 κόκκος
3123 876 3321 953 γυμνὸς
3373 874 3657 942 σπείρεται,
3706 875 3797 931 καὶ

2142 960 2457 1037 κελεύσματι
2544 970 2637 1021 τοῦ
2740 962 3230 1043 δημιουργήσαντος
3348 970 3478 1020 Θεοῦ
3560 962 3791 1035 θάλλων,

2139 1050 2500 1129 ἠμφιεσμένος
2559 1054 2648 1109 καὶ
2705 1051 2909 1119 ἔνδοξος
2965 1052 3246 1132 ἐγείρεται,
3315 1054 3374 1110 οὒ
3441 1053 3692 1131 πρότερον
3750 1062 3796 1115 εἰ

2141 1140 2220 1215 μὴ
2277 1140 2556 1197 ἀποθανὼν
2640 1140 2793 1219 λυθῇ,
2879 1143 2965 1199 καὶ
3024 1147 3091 1219 τῇ
3152 1147 3391 1219 συμμιγῇ
3425 1156 3439 1170 ⁵
3503 1140 3639 1198 ὥστε
3696 1141 3795 1208 τὴν

2141 1228 2425 1285 ἀνάστασιν
2493 1240 2589 1289 τοῦ
2671 1230 2918 1306 σώματος
2977 1230 3036 1287 οὒ
3107 1230 3283 1306 μάτην
3341 1230 3790 1304 πεπιστεύκαμεν.

2143 1316 2292 1374 Ἀλλ’
2337 1319 2381 1375 εἰ
2423 1321 2511 1375 καὶ
2552 1318 2730 1376 λύεται
2773 1321 2903 1398 πρὸς
2964 1320 3146 1399 καιρὸν
3211 1318 3296 1376 διὰ
3336 1317 3437 1386 τὴν
3480 1319 3574 1375 ἀπ’
3618 1318 3796 1398 ἀρχῆς

2144 1406 2439 1487 γενομένην
2494 1410 2793 1488 παρακοὴν,
2853 1412 2925 1474 ὡς
2987 1411 3060 1472 εἰς
3116 1410 3477 1490 χωνευτήριον
3534 1413 3632 1475 τῆς
3692 1412 3794 1485 γῆς

2142 1497 2468 1571 καθίσταται,
2559 1497 2720 1554 πάλιν
2799 1497 3366 1574 ἀναπλασθησόμενον,
3447 1498 3508 1554 οὔ
3556 1503 3795 1553 τοιοῦτον

2142 1586 2504 1665 φθειρόμενον,
2590 1585 2728 1645 ἀλλά
2795 1588 3043 1666 καθαρὸν,
3103 1590 3191 1645 καὶ
3269 1585 3464 1663 μηκέτι
3523 1587 3797 1666 φθειρόμε-

2143 1658 2231 1729 νον
2260 1658 2281 1703 ⁷⁸
2324 1658 2412 1739 ’ὡς
2457 1658 2669 1749 ἑκάστῳ
2712 1658 2999 1751 σώμθτιΙὴ
3043 1675 3144 1733 ἰδία
3204 1658 3358 1757 ψυχὴ
3386 1658 3793 1748 ἀποδοθήσεται,

2142 1764 2231 1819 καὶ
2283 1773 2440 1822 τοῦτο
2482 1763 2805 1839 ἐνδυσαμένη
2846 1769 2941 1823 οὒκ
2985 1764 3347 1840 ἀνιαθήσεται,
3381 1763 3516 1820 ἀλλὰ
3562 1766 3797 1844 χαρήσε-

2141 1871 2226 1906 ται
2290 1852 2491 1930 καθαρά
2573 1854 2965 1931 παραμείνασα,
3043 1853 3249 1932 νυμφίῳ
3303 1850 3489 1927 δικαίῳ
3547 1850 3791 1908 συνοδεύ-

396 1934 511 1997 bus
531 1953 598 1998 se
620 1934 854 2000 habens
875 1954 1011 1999 cum
1043 1934 1562 2017 omni...Recipiet
1590 1955 1709 1998 non
1731 1936 2053 2015 demutata,

2140 1960 2300 2019 σασα,
2360 1941 2449 1995 καὶ
2492 1940 2569 2015 μὴ
2611 1938 2896 2021 ἐπιϐούλῳ,
2943 1941 2997 1996 ὲν
3044 1948 3204 1998 πᾶσιν
3262 1941 3463 2020 ἔχουσα
3506 1942 3640 2015 μετά
3683 1941 3793 1997 πά-

399 2041 594 2104 neque
625 2026 1027 2087 commotione
1048 2024 1232 2085 animi
1262 2032 1363 2087 aut
1391 2023 1603 2086 morbo
1636 2024 1907 2104 liberata,
1941 2047 2050 2089 ne-

2140 2050 2316 2094 σης...
2408 2026 2745 2105 ἀπολήψεται
2821 2032 2915 2087 οὐκ
2989 2028 3368 2104 ἀλλοιωθέντα,
3427 2027 3544 2086 οὔδε
3600 2030 3795 2093 πάθους

395 2127 514 2189 que
562 2110 707 2172 item
765 2111 1029 2191 gloriosa
1085 2112 1339 2193 recipiet
1391 2130 1684 2193 corpora;
1738 2114 1845 2177 sed
1877 2115 1962 2176 uti
1993 2115 2055 2178 in

2140 2116 2173 2184 ἢ
2229 2117 2384 2174 νόσου
2472 2110 2829 2194 μεταστάντα,
2892 2117 3007 2179 οὖόὲ
3084 2116 3262 2184 ἔνδοξα
3320 2118 3661 2193 ἀπολήψεται
3731 2119 3797 2174 τα

396 2200 658 2281 peccatis
686 2208 788 2262 aut
812 2207 980 2263 recte
1008 2200 1177 2263 factis
1200 2200 1483 2275 obierint;
1506 2209 1565 2262 et
1582 2202 1783 2282 qualia
1810 2202 2050 2280 fuerint,

2140 2205 2386 2280 σώματα,
2448 2204 2569 2263 ἀλλ’
2632 2208 2705 2271 ὡς
2766 2206 2820 2263 ἐν
2870 2208 3247 2286 ἁμαρτήμασιν
3309 2206 3346 2275 ἢ
3395 2207 3794 2285 κατορθώμασιν

394 2287 537 2350 talia
568 2287 632 2350 in
658 2290 1104 2353 resurrectione
1132 2289 1384 2353 induent
1421 2307 1436 2353 :
1469 2296 1529 2353 et
1559 2290 1710 2353 sicut
1732 2290 1795 2353 in
1826 2291 2054 2355 inﬁde-

2140 2292 2423 2350 ἐτελεύτων
2456 2310 2469 2324 ’
2546 2296 2634 2351 καὶ
2705 2295 2872 2353 ὃποϊα
2955 2299 3046 2375 ἦν,
3143 2294 3359 2351 τοιλῦτα
3428 2292 3796 2351 ἀναϐιώσαντα

393 2376 565 2441 litate
594 2376 840 2455 fuerint,
871 2378 962 2443 sic
991 2378 1249 2441 ﬁdeliter
1267 2378 1720 2460 judicabuntur.

2140 2383 2530 2467 ὲπενδύσονται,
2644 2388 2731 2444 καὶ
2815 2389 2981 2444 ὁποῖα
3091 2386 3144 2443 ἐν

2140 2482 2357 2534 τοιαῦτα
2399 2482 2602 2541 πιστῶς
2631 2478 2990 2556 κριθήσονται.

1995 2563 2154 2629 ΧΠΙ.

398 2656 577 2719 Aliud
632 2657 1023 2737 fragmentum
1080 2655 1154 2718 ab
1186 2656 1533 2721 (Ecumenio
1585 2657 1648 2719 in
1682 2656 2015 2721 Comment.
2063 2657 2137 2720 ad
2170 2657 2196 2720 Ι
2225 2657 2387 2721 Petri
2414 2659 2736 2741 Epistolam
2783 2679 2913 2742 cap.
2946 2679 3035 2739 in,
3073 2680 3205 2743 pag.
3240 2661 3390 2737 498,
3449 2660 3793 2739 allegatum.

479 2755 628 2816 Cum
645 2750 806 2813 enim
824 2749 1019 2813 Grieci
1041 2768 1247 2813 servos
1270 2751 1739 2814 Christianorum
1763 2750 1823 2812 in
1843 2750 2057 2813 divinis

2226 2760 2552 2831 Χριστιανῶν
2604 2756 2705 2835 γὰρ
2749 2756 2871 2834 (45)
2937 2757 3355 2836 κατηχουμένων
3398 2753 3613 2818 δούλους
3659 2744 3674 2765 ²
3698 2753 3797 2811 Ελ-

404 2838 703 2920 mysteriis
729 2837 1078 2901 edoctorum
1116 2841 1681 2921 apprehendissent,
1704 2840 1922 2905 deinde
1943 2840 2057 2901 vim

2144 2839 2301 2908 ληνες
2364 2841 2739 2915 συλλαϐόντες,
2778 2845 2900 2902 εἶτα
2949 2848 3141 2921 μαθεῖν
3183 2868 3239 2902 τι
3270 2845 3413 2925 παρά
3454 2843 3652 2899 τούτων
3694 2841 3796 2908 δῆ-

400 2927 719 3003 inferrent,
747 2935 814 2989 ut
838 2926 1117 2990 videlicet
1146 2947 1432 2992 arcanum
1489 2929 1796 3011 quidpiam
1850 2929 1924 2992 ab
1968 2929 2057 2993 his

2143 2933 2230 2985 θεν
2297 2929 2596 3009 ἀπόῤῥητον
2681 2936 2799 3012 περὶ
2869 2940 3194 3013 Χριστιανῶν
3271 2933 3673 3011 ἀναγγάζοντες.
3750 2933 3797 2987 οἱ

399 3016 475 3079 de
506 3015 860 3080 Christianis
911 3015 1214 3080 discerent
1243 3038 1257 3081 :
1292 3017 1448 3081 servi
1481 3019 1590 3095 illi,
1625 3037 1746 3080 non
1770 3018 2057 3081 habentes

2146 3017 2320 3076 δοῦλοι
2365 3023 2529 3101 οὗτοι,
2591 3024 2667 3099 μὴ
2724 3022 2940 3102 ἔχοντες
2997 3023 3113 3087 πῶς
3159 3022 3216 3080 τὰ
3272 3035 3389 3088 τοῖς
3445 3021 3797 3099 ἀναγκάζουσι

399 3104 700 3186 quomodo
722 3105 835 3167 vim
848 3104 1247 3169 inferentibus
1257 3106 1331 3169 ad
1355 3108 2053 3189 placitumloquerentur,

2140 3106 2254 3164 καθ’
2310 3106 2408 3176 ἡδο
2448 3109 2461 3128 “
2579 3110 2602 3166 ἒ
2928 3112 2939 3133 ’
3390 3117 3416 3127 “
3708 3115 3729 3124 “

2412 3132 2507 3177 νην
2607 3123 2743 3191 ρεϊν,
2804 3134 3036 3191 παροσον
3100 3111 3294 3179 ἤκουον
3349 3133 3456 3167 τωδ
3499 3109 3792 3181 δεσποτῶν,

398 3200 620 3277 praeter
645 3193 708 3257 id
739 3194 900 3276 quod
930 3213 966 3257 a
996 3194 1257 3257 dominis
1277 3195 1877 3277 audierant,divinam
1900 3214 2057 3258 com-

2140 3196 2236 3263 τὴν
2277 3197 2419 3255 θείαν
2477 3198 2781 3275 μετάληψιν
2828 3201 2971 3275 αἷμα
3021 3201 3110 3257 καὶ
3165 3201 3320 3275 σῶμα
3363 3203 3501 3256 εἶναι
3547 3206 3790 3278 Χριστοῦ,

396 3287 747 3349 munionem
780 3305 916 3349 esse
936 3287 1285 3364 sanguinem
1303 3296 1363 3349 et
1386 3306 1602 3367 corpus
1631 3287 1874 3361 Christi;
1906 3288 2057 3350 exis-

2140 3286 2283 3342 αὐτοὶ
2341 3288 2649 3361 νομίσαντες
2706 3296 2782 3363 τῷ
2852 3288 2963 3345 ὄντι
3020 3293 3159 3364 αἷμα
3239 3291 3326 3345 καὶ
3399 3289 3567 3365 σάρκα
3629 3300 3791 3362 εἶναι,

401 3375 681 3438 timentes
711 3374 1018 3456 ipsi,quod
1047 3392 1189 3438 vere
1220 3376 1460 3456 sanguis
1488 3384 1551 3440 et
1575 3394 1712 3438 caro
1742 3385 1921 3452 esset,
1945 3377 2056 3438 hoc

2140 3385 2293 3433 τοῦτο
2330 3373 2543 3442 ἒξετπον
2604 3391 2721 3442 τοῖς
2777 3378 3105 3449 ἐκζητοῦσιν,
3173 3381 3232 3436 Οἱ
3302 3376 3358 3433 δὲ
3414 3375 3665 3441 λαϐόντες
3721 3379 3795 3441 ὡς

398 3462 845 3543 responderunt
874 3463 1340 3544 inquirentibus.
1374 3464 1469 3527 Illi
1495 3482 1635 3525 vero
1665 3464 1727 3526 id
1756 3466 1841 3527 ita
1894 3464 2056 3526 acci-

2140 3464 2462 3543 αύτόχρημα
2541 3474 2695 3523 τοῦτο
2774 3466 3041 3523 τελεῖσθαι
3114 3466 3478 3543 Χριστιανοῖς,
3550 3466 3640 3522 καὶ
3726 3463 3791 3532 δὴ

404 3551 662 3631 pientes,
695 3569 766 3612 ac
811 3551 862 3613 si
891 3553 1091 3630 reipsa
1138 3552 1253 3613 hoc
1287 3561 1669 3632 perageretur
1696 3573 1729 3612 a
1764 3551 2055 3616 Christia-

2140 3555 2293 3610 τοῦτο
2349 3567 2467 3618 τοῖς
2537 3555 2718 3620 ἄλλοις
2766 3547 3037 3624 ’Ἐλλησιν
3099 3555 3482 3633 ὲξεπόμπευον,
3542 3555 3631 3610 καὶ
3675 3554 3794 3618 τοὺς

402 3639 644 3719 nis,hoc
674 3638 806 3701 aliis
836 3658 1072 3720 quoque
1101 3639 1554 3702 manifestabant
1575 3639 1886 3709 Grmcis.et
1906 3658 2057 3702 mar-

2140 3642 2404 3722 μάρτυρας
2484 3645 2723 3723 Σάγκτον
2810 3647 2898 3702 καὶ
2957 3642 3239 3701 Βλανδίναν
3312 3642 3643 3722 ὁμολογῆσαι
3714 3640 3797 3697 διὰ

397 3734 558 3808 tyres
601 3730 885 3791 Sanctum
931 3737 990 3790 et
1044 3728 1395 3792 Blandinam
1425 3729 1486 3791 id
1521 3730 1691 3792 fateri
1745 3729 2055 3792 tormentis

2140 3732 2381 3807 βασάνων
2434 3733 2756 3811 ἠνάγκαζον.
2839 3737 2938 3796 Οἷς
3014 3733 3288 3812 εὒστύχως
3345 3730 3596 3788 Βλανδίνα
3641 3729 3797 3808 ἐπαρ-

401 3816 715 3896 cogebant.
749 3814 979 3890 Quibus
1008 3818 1156 3879 scite
1186 3836 1254 3880 ac
1284 3817 1478 3880 libere
1495 3818 1788 3881 Blandina
1806 3836 2057 3899 respon-

2140 3820 2452 3897 ρησιάσατο,
2518 3843 2549 3879 ε
2586 3829 2702 3886 Πῶς
2735 3823 2821 3903 ἂν,
2856 3824 3097 3895 εἰποῦσα,
3130 3824 3328 3895 τούτῳν
3379 3822 3701 3901 ἀνάσχοιντο
3751 3823 3797 3875 οἱ

392 3903 501 3981 dit,
535 3904 782 3969 dicens:
817 3928 854 3963 ε.
879 3903 1294 3978 Quomomodo
1348 3907 1473 3969 haec
1521 3908 1771 3985 ferrent,
1804 3908 1924 3989 _qui
1977 3905 2053 3967 ob

2140 3908 2274 3984 μηδὲ
2356 3917 2462 3966 τῶν
2532 3912 2821 3992 ἔφειμένων
2905 3917 3072 3991 κρεῶν
3157 3909 3227 3966 δι’
3316 3910 3540 3977 ἄσκησιν
3655 3908 3796 3964 ἀπο-

400 4010 633 4055 sacram
666 3994 1153 4059 exercitationem
1177 3994 1252 4057 de
1274 3999 1574 4059 concessis
1592 3996 1834 4078 quidem
1867 3997 2061 4060 carni-
2142 3997 2389 4065 λαύοντες
2427 4017 2442 4074 ;
2476 4019 2504 4058 ι

400 4081 512 4144 bus
540 4092 862 4147 vescuntur
880 4083 913 4145 ‘I
932 4103 964 4146 ι

3232 2385 3448 2459 ἀπιστία
3520 2387 3791 2466 γίνωνται,

2007 4181 2173 4245 XIV.

398 4265 578 4355 Aliud
609 4264 819 4329 Irenmi
851 4265 1358 4355 fragmen_t_un_i__ab
1395 4229 1709 4355 Anastasio
1741 4269 1968 4355 Sinaita
1995 4229 2337 4355 sil-gegetum,
2371 4272 2476 4337 lib.
2510 4291 2547 4335 χ
2590 4276 3065 4355 Anagogicarum
3113 4273 3683 4355 contemplationum
3737 4273 3797 4334 in

479 4348 893 4410 Hexaemeron
929 4357 1073 4409 tom.
1106 4347 1183 4410 IX
1206 4349 1589 4413 Bibliotheca!
1618 4350 1733 4412 PP.
1758 4350 1901 4415 edit.
1937 4351 2057 4430 Lug

479 4425 641 4489 2253
669 4426 1053 4490 bibliothecae
1081 4427 1443 4491 Colbertinae

2140 4347 2213 4416 in.
2259 4347 2431 4429 1677,
2467 4372 2624 4416 nunc
2655 4347 2914 4436 primum
2962 4354 3166 4420 Graece
3195 4347 3421 4416 editum
3442 4373 3475 4416 e
3505 4354 3642 4417 cod.
3678 4373 3794 4415 ms.

470 4518 558 4583 Et
568 4518 747 4612 dixit
769 4536 1021 4612 serpens
1043 4521 1301 4612 mulieri
1327 4544 1347 4585 :
1379 4522 1512 4586 Cur
1538 4524 1703 4587 dixit
1721 4524 1880 4587 Deus
1914 4545 1928 4587 :
1961 4524 2054 4587 Ne

2222 4529 2320 4586 Καὶ
2375 4529 2532 4585 εἶπεν
2590 4533 2617 4587 ὁ
2676 4530 2793 4612 ὄφις
2851 4537 2920 4607 τῇ
2964 4529 3188 4608 γυναικί
3245 4528 3367 4608 (46)
3404 4547 3419 4564 ⁸
3479 4530 3538 4586 Τί
3591 4526 3670 4584 ὅτι
3702 4529 3795 4584 εῖ-

394 4607 921 4699 πιαιιάιισαυενίιίε
939 4628 1018 4699 εξ
1053 4612 1225 4674 omni
1253 4610 1423 4699 ligno
1445 4614 1764 4692 paradisi?
1790 4613 1877 4675 Et
1899 4613 2057 4676 dixit

2140 4638 2239 4683 πεν
2294 4620 2321 4673 ὁ
2377 4620 2531 4694 Θεὸς,
2598 4643 2625 4675 ι
2673 4607 2745 4681 Οξ)
2808 4622 2885 4697 μὴ
2953 4607 3161 4699 φάγητε
3222 4607 3327 4674 ἀπὸ
3388 4620 3586 4679 παντὸς
3646 4615 3799 4683 ξύλου

394 4695 622 4789 mulier
632 4698 899 4789 serpenti
921 4714 935 4760 :
960 4697 1065 4761 Ea:
1083 4700 1248 4789 omni
1268 4698 1467 4789 ligno,
1490 4707 1582 4761 etc
1611 4701 1692 4763 Et
1713 4703 1887 4763 eritis
1905 4703 2057 4764 sicut

2141 4713 2236 4763 τοῦ
2303 4706 2359 4762 ἐν
2414 4712 2492 4782 τῷ
2550 4695 2890 4789 παραδείσῲ;
2939 4695 2977 4770 »⁷
3043 4695 3143 4766 Καὶ
3218 4708 3370 4763 εἶπεν
3427 4708 3462 4773 ἡ
3522 4707 3654 4784 γυνῆ
3722 4713 3800 4781 τῷ

397 4785 768 4873 dii,scientes
783 4786 1003 4849 bonum
1017 4795 1076 4849 et
1088 4787 1509 4860 malumwﬂic
1520 4788 1761 4870 quidem
1775 4808 2059 4852 sensuum
2144 4792 2259 4873 ὅφει
2296 4811 2309 4825 ·

394 4872 1123 4956 pelagus,obscurumque
1139 4873 1510 4952 barathrum,
1539 4876 1697 4957 quod
1719 4896 1922 4940 eorum
1954 4878 2057 4960 qui

386 4964 515 5042 jam
536 4961 1301 5042 trajecerunt,intellectum
1333 4966 1606 5041 excedat,
1640 4965 1814 5028 nobis
1845 4985 2059 5049 prepo-

394 5051 577 5113 situm
608 5067 767 5126 esse,
801 5059 1070 5113 nostrum
1103 5071 1224 5114 non
1256 5061 1346 5115 est
1375 5054 1581 5117 dicere
1608 5072 1622 5118 :
1664 5054 1722 5117 id
1743 5056 1903 5117 enim
1929 5057 2053 5119 cla-

2374 4792 2509 4852 ’Λπό
2579 4801 2775 4862 παντὸς
2866 4796 3017 4864 ξύλου
3104 4818 3158 4854 κ.
3234 4817 3286 4856 τ.
3345 4792 3398 4852 λ.
3465 4797 3562 4852 Καὶ
3620 4793 3798 4851 ἔσεσθε

2144 4885 2217 4948 ὡς
2271 4887 2377 4942 θεοὶ
2440 4887 2787 4965 γινώσκοντες
2873 4886 3038 4944 καλὸν
3121 4886 3209 4941 καὶ
3305 4883 3558 4962 πονηρόν,
3667 4872 3797 4941 ”Οτι

2139 4973 2236 5047 μὲν
2320 4974 2554 5053 πέλαγος
2648 4976 2779 5052 ἡμῖν
2876 4976 3094 5033 ἑνταῦθα
3161 4974 3249 5029 καὶ
3328 4973 3481 5048 βυθὸς
3564 4971 3794 5052 ἀφανὴς,

2135 5061 2264 5141 υπὲρ
2350 5065 2473 5128 τοὺς
2553 5062 2655 5131 ἤδη
2712 5062 3211 5144 διαπεραιωθέντας,
3258 5061 3531 5139 πρόκειται
3590 5062 3795 5136 νοημά-

396 5145 521 5201 mat
550 5138 855 5232 prOposita
884 5140 984 5232 hic
1004 5140 1393 5232 oratio.Hanc
1427 5145 1527 5225 qui
1559 5144 1841 5207 historice
1862 5146 2056 5226 potius

2140 5138 2265 5231 των,
2338 5154 2441 5232 οὐχ
2498 5155 2657 5228 ἡμῶν
2725 5156 2786 5210 τὸ
2843 5138 3016 5232 λεγειν
3055 5167 3068 5179 ·
3116 5138 3309 5206 nardo.
3335 5149 3434 5228 γὰρ
3476 5149 3512 5215 ἡ
3566 5146 3703 5213 λέξις
3766 5151 3795 5217 ἓ,

394 5245 575 5310 quam
632 5227 1046 5309 spiritualiter,
1071 5231 1213 5292 544
1233 5231 1432 5294 verbis
1480 5233 1860 5311 inhaerentes,
1894 5235 2056 5298 acci-

2140 5239 2471 5315 παοκειμένη
2533 5249 2689 5299 τοῦτο
2742 5243 2865 5317 βοᾷ.
2944 5231 3057 5297 ’Ἦν
3115 5241 3162 5296 οἱ
3226 5241 3503 5316 ἱστορικῶς
3558 5238 3646 5292 καὶ
3718 5238 3797 5310 μὴ

394 5317 800 5399 piunt,nescio
822 5336 935 5401 qua
949 5319 1179 5382 ratlone
1200 5320 1412 5385 Irenmi
1427 5321 1710 5385 adversus
1751 5341 1855 5385 eos
1871 5341 2052 5403 argu-

2140 5325 2341 5401 μᾶλλον
2428 5336 2798 5403 πνευματικῶς
2890 5327 3341 5405 ἐκλαμϐάνοντες,
3427 5322 3563 5379 ἀλλά
3649 5324 3794 5389 155v.-

399 5413 601 5497 menta
621 5406 854 5497 solvere
878 5407 1288 5473 valeant.Nam
1311 5408 1457 5471 dicit
1476 5411 1756 5474 adversus
1781 5413 2049 5494 impuro-

2140 5418 2439 5497 τηροῦντες,
2488 5421 2583 5476 οὐκ
2655 5415 2778 5474 οἶδα
2834 5417 2979 5481 ὅπως
3052 5417 3146 5478 τὰς
3191 5416 3294 5470 ὑπὸ
3338 5412 3615 5491 Εἱρηναίου
3660 5415 3793 5491 πρὸς

397 5512 533 5557 rum
556 5493 917 5575 Ophitarum
932 5497 1413 5562 haeresiarcbiam
1436 5493 1893 5574 decertanszQui
1916 5500 2047 5565 ﬁeri

2140 5493 2318 5570 αὐτοὺς
2413 5493 2691 5587 προτάσεις
2776 5506 3102 5566 ἐπιλύονται.
3190 5505 3391 5560 Φάσκει
3474 5504 3573 5582 γὰρ
3655 5504 3794 5559 κατὰ

470 5622 524 5669 ω
553 5627 708 5692 Gen.
738 5643 826 5703 III,
862 5628 892 5691 1
930 5646 1103 5711 seqq.

471 5770 595 5856 (45_
632 5779 955 5856 Χριστιανῶν
996 5775 1120 5856 γάρ.
1182 5775 1269 5840 De
1324 5775 1417 5838 bis
1444 5779 1688 5843 consule
1743 5781 1850 5848 cit.
1909 5781 2044 5846 Dis-

384 5779 602 5915 “15:52
632 5779 955 5917 Xgatggawiv
996 5779 1120 5856 γάρ.
1182 5779 1269 5840 De
1324 5779 1417 5838 his
1444 5779 1688 5843 consule
1743 5781 1850 5848 cit.
1909 5781 2044 5846 Dis-

2208 5788 2338 5867 (46)
2378 5789 2476 5844 Καὶ
2516 5787 2670 5844 εἶπεν
2714 5791 2743 5845 ὁ
2786 5788 2904 5869 ὄφις
2932 5796 3000 5866 τῇ
3045 5787 3271 5867 γυναικί.
3326 5780 3481 5861 Lege
3512 5779 3788 5862 praeviam

2140 5862 2623 5917 Admnnitirmem,

513 5897 527 5915 ο
565 5897 625 5930 ⁸,
656 5897 820 5930 ιννο

2128 5862 2627 5931 Admonitionem.
