4148 6468
383 466 535 530 1‘237

1594 472 1653 532 S.
1703 472 1881 532 IREN
1895 471 1988 531 [ΕΙ
2034 470 2530 532 FRAGMENTA.

3622 468 3642 530 1
3656 467 3774 534 238

374 598 473 666 τῆς
544 600 649 655 τῶν
724 608 928 679 μιαρῶν
996 599 1219 682 Ὀφιτῶν
1294 603 1655 682 αἶρεσιαρχίας
1735 600 2025 678 ὁπλιζόμε-

2116 608 2398 682 potest,ut
2411 608 2751 683 serpentem
2768 608 2979 663 natura
2997 610 3225 663 mutum
3241 601 3556 663 etrationis
3567 617 3776 681 exper-

376 693 477 751 νῶς
506 705 524 724 ⁸
588 694 709 753 Πῶς
754 687 971 745 δυνατὸν
1027 692 1119 745 τὸν
1178 691 1325 769 φύσει
1369 689 1562 768 ἄλογον
1608 692 1696 748 καὶ
1740 690 1893 747 ἄνουν
1934 693 2034 747 ὑπὸ

376 782 510 832 Θεοῦ
584 781 869 855 γενόμενον
927 778 1045 858 ὅφιν
1100 778 1316 857 λογικὸν
1376 781 1460 836 καὶ
1516 780 1747 846 λαλητὸν
1810 782 2030 856 εἷπεϊν;

377 866 435 921 El
493 866 590 941 μὲν
665 869 1021 946 αύτουργικῶς
1108 869 1279 943 ἑαυτῴ
1350 869 1443 924 τὸν
1512 867 1697 948 λόγον,
1777 870 1867 925 καὶ
1934 869 2033 936 τὴν

373 950 651 1031 διάκρισιν,
710 956 797 1012 καὶ
837 957 934 1023 τὴν
985 956 1213 1031 σύνεσιν,
1274 958 1363 1013 καὶ
1431 956 1710 1035 ἀπόκρισιν
1766 964 1874 1013 τῶν
1929 958 2032 1013 ὑπὸ

373 1046 476 1109 τῆς
506 1044 755 1120 γυναικὸς
800 1041 1104 1121 λεγομένων
1146 1046 1421 1124 ἐχρήσατο
1453 1061 1469 1077 ⁸
1529 1043 1626 1123 ἄρα
1656 1044 1744 1101 οὖν
1800 1046 1887 1101 καὶ
1926 1052 2031 1108 πᾶς

373 1128 493 1210 ὄφις
550 1138 702 1187 τοῦτο
755 1145 934 1188 ποιεῖν
994 1133 1052 1188 ού
1123 1132 1414 1196 κεκώλυτο.
1483 1135 1542 1191 Εἰ
1597 1131 1652 1189 δὲ
1698 1132 1860 1191 πάλιν
1918 1157 2031 1215 φη-

374 1241 527 1275 σουσι
597 1222 732 1277 κατὰ
790 1222 929 1279 θείαν
978 1221 1176 1297 βουλὴν
1250 1224 1337 1278 καὶ
1382 1222 1683 1297 οἰκονομίαν
1730 1224 2030 1302 ἀνθρωπίνῃ

374 1315 523 1387 φωνῇ
598 1314 666 1385 τῇ
732 1310 839 1383 Εὕα
922 1310 1107 1367 τοῦτον
1178 1311 1653 1390 προσφθέγγεσθαι,
1736 1312 1828 1367 τὸν
1901 1313 2032 1368 Θεὸν

372 1399 555 1453 ἱστῶσι
612 1399 709 1467 τῆς
768 1400 1026 1478 ἁμαρτίας
1070 1399 1268 1462 αἴτιον,
1325 1399 1473 1456 Ἀλλ’
1522 1399 1639 1456 οὒδέ
1682 1403 1760 1475 τῴ
1814 1405 2033 1479 πονηρῷ

372 1484 580 1561 δαίμονι
624 1487 737 1553 ἐξὸν
795 1489 856 1544 ἐκ
913 1496 1003 1545 τοῦ
1062 1491 1138 1563 μὴ
1197 1488 1348 1551 ὄντος
1405 1491 1479 1552 εἷς
1536 1489 1598 1544 τὰ
1664 1490 1807 1545 εἶναι
1852 1487 2032 1566 ἀλόγῳ

373 1576 523 1653 φύσει
581 1576 738 1655 λόγον
823 1578 1144 1657 χαρίσασθαι
1177 1594 1190 1608 ⁸
1252 1580 1367 1634 ἐπεὶ
1442 1580 1502 1634 οῦ
1588 1578 1845 1635 παύσαιτό
1903 1599 2030 1635 ποτε

371 1668 505 1742 πρὸς
576 1666 787 1733 ἀπάτην
844 1664 914 1722 δι’
984 1665 1177 1746 ὄφεων,
1245 1668 1335 1723 καὶ
1375 1668 1592 1748 θηρίων,
1638 1669 1726 1723 καὶ
1780 1675 2034 1724 πετεινῶν

372 1767 490 1818 τοῖς
546 1756 840 1823 ἀνθρώποις
911 1754 1284 1834 διαλεγόμενος
1327 1758 1413 1812 καὶ
1458 1756 1697 1816 πλανῶν.
1732 1758 1896 1813 Πόθεν
1951 1754 2027 1831 δὲ,

2118 695 2237 750 tem
2262 707 2296 750 a
2325 689 2448 751 Deo
2479 697 2832 760 creatum,et
2857 690 3088 752 ratione
3110 697 3168 752 et
3188 689 3471 771 loquendi
3494 689 3773 751 facultate

2117 778 2431 857 praeditum
2451 780 2750 842 dicamus?
2767 778 2829 843 Si
2858 779 3100 860 quidem
3128 796 3164 840 a
3184 797 3250 839 se
3275 779 3404 859 ipso
3425 780 3540 841 vim
3567 776 3776 839 habuit

2118 866 2425 949 loquendi,
2461 866 2869 945 discernendi,
2891 865 3288 947 intelligendi,
3318 875 3377 928 et
3403 866 3769 948 reSponden-

2115 954 2177 1016 di
2204 956 2279 1017 iis
2308 975 2441 1037 qum
2469 976 2504 1019 a
2534 957 2785 1018 muliere
2833 956 3189 1019 dicebantur
3221 976 3235 1014 :
3266 954 3419 1017 nihil
3451 973 3593 1033 ergo
3625 973 3771 1037 pro-

2115 1042 2425 1120 hibuisset,
2457 1046 2779 1127 quominus
2826 1063 3076 1126 serpens
3106 1043 3363 1123 quilibet
3413 1045 3523 1106 hoc
3573 1043 3771 1124 ipsum

2114 1142 2337 1211 ageret.
2374 1132 2437 1195 Si
2467 1141 2663 1197 autem
2710 1133 3156 1215 responderint,
3214 1133 3316 1195 Dei
3368 1132 3664 1194 voluntate
3713 1139 3778 1195 et

2114 1220 2561 1302 dispensatione
2580 1225 2738 1285 hunc
2762 1226 3021 1285 humana
3036 1241 3185 1285 voce
3214 1224 3391 1284 Evam
3414 1221 3599 1283 fuisse
3615 1222 3769 1284 allo-

2115 1319 2318 1372 cutum
2344 1332 2357 1374 :
2378 1312 2503 1391 jam
2534 1312 2720 1373 Deum
2750 1313 3119 1374 constituunt
3173 1318 3481 1375 auctorem
3515 1310 3765 1391 peccati.

2116 1398 2229 1462 Sed
2255 1406 2447 1481 neque
2471 1401 2754 1481 possibile
2775 1410 2903 1463 erat
2924 1401 3077 1463 malo
3099 1401 3444 1482 daemoni,ei
3471 1400 3766 1482 loquelam

2113 1487 2429 1568 impertiri,
2454 1490 2553 1570 qui
2586 1498 2793 1552 natura
2824 1499 3023 1551 mutus
3070 1499 3217 1565 erat,
3243 1498 3307 1551 ut
3334 1489 3394 1551 id
3417 1496 3576 1552 esset
3607 1488 3768 1568 quod

2113 1585 2288 1638 antea
2316 1596 2434 1638 non
2467 1587 2631 1641 erat:
2667 1578 2891 1659 alioqui
2921 1578 3374 1663 nondesiisset,
3408 1577 3772 1641 uthomines

2117 1664 2178 1726 in
2192 1684 2458 1728 errorem
2484 1667 3005 1748 induceret,opera
3023 1668 3766 1749 serpentum,etferarum,

2118 1763 2174 1815 et
2202 1755 2507 1817 volucrum
2541 1775 2676 1817 cum
2700 1756 2775 1817 iis
2797 1757 3019 1819 habere
3042 1774 3637 1838 sermonem,eosque
3660 1755 3770 1818 cir-

372 1847 462 1900 καὶ
518 1846 695 1922 θηρίον
753 1846 852 1918 ὢν,
907 1843 1102 1912 ἤκουσε
1178 1845 1276 1913 τῆς
1333 1844 1550 1912 ἐντολῆς
1601 1850 1700 1912 τῆς
1757 1847 1858 1901 ὑπὸ
1902 1853 2032 1902 Θεοῦ

2116 1843 2516 1906 cumscribere
2559 1844 2726 1908 Unde
2755 1862 2892 1906 vero
2923 1847 3023 1924 qui
3054 1845 3180 1906 fera
3208 1853 3359 1921 erat,
3385 1844 3609 1906 audivit
3627 1862 3774 1925 prae-

372 1936 451 2007 τῴ
508 1933 788 2012 ἀνθρώπῳ,
837 1935 924 1990 καὶ
991 1934 1161 2008 μόνῳ,
1242 1941 1509 2010 μυστικῶς
1574 1932 1837 2008 δοθείσης,
1901 1933 2026 2010 μηδ’

376 2021 539 2087 αὖτῆς
623 2022 722 2090 τῆς
780 2024 1027 2100 γυναικὸς
1087 2029 1241 2079 τοῦτο
1300 2023 1613 2102 μαθούσηςς
1686 2025 1784 2079 Διὰ
1838 2025 1888 2079 τί
1952 2024 2029 2098 μὴ

377 2109 580 2185 μᾶλλον
621 2117 699 2185 τῷ
759 2111 1037 2190 ἂνθρώπῳ,
1097 2113 1184 2168 καὶ
1232 2114 1292 2168 ού
1318 2117 1387 2187 τῇ
1419 2110 2026 2190 γυναικὶ,,προσὲϐαλε;

376 2198 483 2257 Κᾶν
542 2201 618 2275 μὴ
680 2199 806 2281 (47)
853 2200 1041 2277 εἴπῃς,
1088 2203 1162 2265 ὡς
1206 2201 1576 2280 ἀσθενεστέρας
1635 2203 1833 2269 ταύτης
1876 2201 2032 2258 κατέ-

376 2287 538 2368 δραμε
565 2308 582 2323 ⁸
626 2290 921 2348 τοῦναντίον
954 2288 1308 2369 ἀνδρειοτέρα,
1340 2292 1415 2354 ὡς
1464 2292 1656 2366 βοηθὸς
1698 2298 1793 2347 τοῦ
1824 2292 2031 2364 ἀνθρώ-

374 2401 477 2434 που
508 2377 675 2458 ἐφάνη
720 2378 773 2435 ἐν
825 2385 895 2455 τῇ
948 2377 1241 2457 παραϐάσει
1288 2385 1387 2448 τῆς
1434 2379 1678 2447 ἐντολῆς.
1731 2378 1877 2447 Αὕτη
1932 2381 2031 2461 γὰρ

375 2468 464 2523 καὶ
520 2468 749 2548 ἀνταίρει
807 2468 945 2543 μόνη
1002 2473 1079 2541 τῷ
1127 2468 1268 2549 ὄφει,
1323 2471 1411 2525 καὶ
1439 2470 1575 2545 μετά
1603 2492 1747 2531 τινος
1794 2470 2029 2534 στάσεως

377 2559 463 2613 καὶ
517 2557 839 2638 φιλονεικίας
897 2563 1488 2637 καταπανουργηθετσα,
1554 2558 1645 2615 τοῦ
1705 2558 1856 2624 ξύλου
1898 2558 2030 2637 ἔφα-

375 2668 467 2723 γεν
501 2666 514 2681 ’
562 2650 590 2703 ὁ
646 2645 700 2702 δὲ
744 2645 916 2723 Ἀδὰμ
974 2646 1119 2706 οῦδὲν
1178 2647 1317 2710 ὅλως
1374 2649 1777 2728 μαχεσάμενος,
1810 2648 1845 2716 ἢ
1876 2648 2029 2704 am-

377 2733 553 2815 λέξας,
609 2744 703 2793 τοῦ
758 2744 962 2815 καρποῦ
1042 2737 1337 2816 μετελήφει
1416 2736 1654 2802 δοθέντος
1724 2738 1867 2815 παρά
1933 2742 2030 2803 τῆς

378 2826 622 2902 γυναικός
659 2839 673 2854 ⁸
734 2824 864 2905 ὅπερ
907 2826 1174 2891 ἀσθενείας
1219 2825 1505 2888 παντελοῦς
1566 2829 1654 2884 καὶ
1701 2829 1820 2890 νοὸς
1872 2826 2030 2886 ἀνάν-

379 2912 497 2991 δρου
547 2913 684 2969 ἐστὶν
726 2912 1011 2980 ἀπόδειξις,
1073 2905 1139 2971 Ἡ
1196 2916 1293 2992 μὲν
1336 2917 1434 2993 γὰρ
1491 2915 1647 2994 γννὴ,
1690 2916 1791 2970 ὑπὸ
1837 2912 2026 2991 δαίμο-

380 3023 465 3067 νος
514 3002 1030 3075 καταπαλαισθεϊσα,
1078 3004 1393 3082 συγγνωστὴ
1455 3004 1681 3084 ὅπάρχει
1715 3022 1732 3040 ο
1768 3005 1796 3059 ὁ
1827 3002 1882 3060 δὲ
1927 3002 2027 3060 Ἀ-

379 3088 505 3168 δᾶμ,
551 3094 626 3155 ὡς
682 3094 783 3149 ὑπὸ
842 3095 1089 3171 γυναικὸς
1146 3095 1392 3161 ἡττηθεὶς
1422 3093 1793 3172 ἆσύγγνωστος
1854 3092 2023 3166 ἔσται,

2114 1941 2350 2012 ceptum
2382 1933 2631 2007 homini,
2666 1935 2841 2014 eique
2871 1934 2980 1994 soli
3012 1941 3242 1996 secreto
3278 1934 3503 2010 datum,
3538 1951 3615 1995 ne
3643 1933 3774 2014 ipsa

2114 2021 2354 2101 quidem
2387 2023 2630 2083 conscia
2652 2022 2938 2084 muliere?
2958 2026 3077 2087 Cur
3093 2042 3211 2084 non
3235 2022 3540 2085 hominem
3572 2020 3773 2102 potius

2113 2128 2428 2189 aggressus
2442 2118 2720 2191 estquam
2744 2111 3093 2173 mulierem?
3108 2110 3170 2174 Si
3194 2111 3416 2173 dixeris
3440 2110 3773 2191 mihi,hanc

2113 2206 2393 2280 tanquam
2425 2197 2879 2261 imbecilliorem
2913 2208 3329 2281 oppugnatam:
3358 2199 3626 2277 quinimo
3642 2199 3771 2260 for-

2113 2286 2251 2368 tior,
2290 2296 2493 2367 utpote
2536 2287 2869 2350 auxiliatrix
2885 2289 3168 2364 hominis,
3197 2290 3469 2371 apparuit
3487 2289 3550 2350 in
3576 2295 3772 2351 trans-

2113 2377 2423 2454 gressione
2456 2376 2909 2455 praeceptiﬂaac
2934 2378 3096 2439 enim
3130 2378 3258 2440 sola
3284 2377 3772 2458 restititserpen-

2114 2465 2181 2539 ti;
2213 2473 2272 2526 et
2304 2463 2405 2525 ubi
2433 2465 2781 2546 aliquandiu
2810 2468 3153 2543 restitisset,
3184 2466 3766 2547 cdntendisssetque,

2114 2553 2252 2614 dolo
2305 2554 2715 2616 circumventa
2746 2572 2780 2616 e
2810 2555 2954 2634 ligni
3012 2556 3204 2617 fructu
3243 2555 3507 2619 comedit
3536 2576 3550 2615 :
3579 2555 3770 2617 Adam

2113 2660 2252 2703 vero
2275 2642 2435 2703 nullo
2448 2660 2697 2723 prorsus
2720 2644 2866 2704 inito
2896 2643 3410 2719 certamine,haud
3433 2661 3771 2723 repugnan-

2117 2738 2206 2791 ter
2236 2740 2573 2811 porrectum
2605 2750 2639 2792 a
2672 2731 2928 2793 muliere
2983 2732 3236 2794 fructum
3298 2731 3531 2813 accepit
3559 2752 3577 2806 ;
3607 2732 3766 2812 quod

2114 2838 2362 2881 summae
2394 2820 2823 2882 imbecillitatis
2845 2828 2905 2882 et
2935 2821 3119 2884 animi
3150 2819 3412 2883 imbellis
3440 2836 3769 2899 argumen-

2111 2916 2234 2970 tum
2269 2908 2457 2969 est.Et
2488 2917 2649 2970 certe
2673 2910 2891 2972 mulier
2918 2929 2953 2971 a
2982 2910 3254 2972 damone
3293 2916 3613 2991 prostrata,
3658 2924 3766 2969 ve-

2115 2996 2214 3059 nia
2244 2996 2423 3075 digna
2457 2998 2588 3078 fuit,
2617 2997 2779 3059 nulla
2806 3016 2948 3060 vero
2980 2999 3194 3079 dignus
3241 2999 3454 3074 Adam,
3489 3007 3553 3060 ut
3596 2996 3705 3078 qui
3733 3015 3768 3059 a

2113 3085 2363 3148 muliere
2391 3096 2703 3166 superatus
2728 3088 2825 3150 sit.
2861 3086 3121 3169 Ipsemet
3149 3086 3309 3149 enim
3342 3094 3704 3169 praeceptum
3735 3103 3771 3147 a

380 3183 453 3245 ὡς
483 3182 906 3259 αὒτοπροσώπως
948 3184 1045 3249 τὴν
1106 3181 1329 3249 ἐντολὴν
1380 3185 1535 3247 αὐτὸς
1567 3184 1672 3240 ἀπὸ
1701 3191 1833 3239 Θεου
1862 3204 2027 3257 κομι-

2117 3173 2236 3236 Deo
2268 3185 2618 3256 acceperat:
2656 3175 2875 3238 mulier
2902 3184 3098 3238 autem
3135 3176 3480 3239 mandatum
3520 3174 3771 3237 audiens

381 3271 609 3345 σάμενος
642 3287 660 3303 ⁸
727 3273 763 3339 ἡ
807 3272 906 3347 μὲν
963 3273 1065 3349 γὰρ
1133 3272 1291 3350 γυνή,
1336 3273 1425 3327 καὶ
1480 3272 1605 3351 παρ’
1663 3272 1821 3330 αὐτοῦ
1866 3269 2035 3346 Ἀδὰμ

379 3363 477 3424 τῆς
537 3359 755 3428 ἐντολῆς
826 3359 1115 3433 ἀκούσασα,
1193 3361 1652 3441 εὐκαταφρόνητος
1696 3360 1944 3440 διέκειτο,
1996 3360 2033 3429 ἢ

382 3449 455 3511 ὡς
513 3448 589 3524 μή
634 3447 917 3514 ἀξιωθεῖσα
943 3451 1034 3505 τὸν
1092 3450 1222 3505 Θεὸν
1269 3450 1550 3525 καὶταύτῃ
1595 3448 1850 3524 λαλῆσαι,
1883 3451 1919 3519 ἢ
1948 3451 2037 3508 καὶ

382 3538 453 3601 ὡς
495 3537 801 3609 διστάζουσα
850 3536 985 3601 ἴσως
1042 3540 1131 3594 καὶ
1180 3538 1461 3609 νομίζουσα
1505 3536 1715 3595 οἴκοθεν
1744 3540 1835 3594 τὸν
1868 3537 2037 3613 Ἀδὰμ

381 3627 478 3693 τὴν
535 3626 754 3693 ἐντολὴν
797 3627 933 3695 αύτῆ
989 3625 1226 3695 δοθῆναι.
1289 3629 1425 3706 Πρὸς
1489 3628 1684 3695 ἑαυτὴν
1744 3626 2038 3699 ἰδιάζουσαν

383 3717 526 3795 εὗρεν
583 3719 610 3772 ὁ
654 3715 794 3797 ὄφις,
841 3715 934 3772 ἵνα
975 3714 1171 3793 δυνηθῇ
1218 3717 1335 3772 κατ’
1368 3714 1497 3773 ἰδίαν
1530 3721 1663 3793 αὐτῇ
1693 3715 2033 3796 προσομι)ἧ-

383 3827 521 3865 σαιι
555 3806 860 3864 Ἐσθίουσαν
918 3804 972 3861 δέ
1016 3806 1180 3873 αὐτὴν
1223 3806 1283 3862 ἐκ
1322 3813 1428 3861 τῶν
1475 3804 1641 3871 ξύλων
1673 3805 1816 3878 ἰδὼν,
1864 3828 2035 3876 προσ·-

384 3892 570 3951 έϐαλλε
627 3896 725 3967 τὴν
779 3897 976 3974 βρῶσιν
1030 3902 1122 3950 τοῦ
1178 3894 1351 3967 ξύλου,
1411 3895 1447 3963 ἢ
1505 3896 1583 3970 μὴ
1616 3895 1903 3956 ἐσθίουσαν,
1940 3897 2039 3952 Καὶ

383 3985 429 4038 εἰ
461 3985 554 4059 μέν
612 3985 905 4056 ἐσθίουσαν,
969 3983 1257 4063 πρόδηλον,
1316 3982 1395 4039 ὅτι
1454 3988 1541 4040 καὶ
1572 3985 1625 4039 ἐν
1656 3989 1866 4065 φθαρτῷ
1925 3984 2036 4041 σώ-

2117 3262 2192 3324 ab
2213 3263 2463 3337 Adamo,
2497 3265 2882 3346 contempsit,
2916 3265 3007 3327 vel
3052 3265 3210 3346 quod
3230 3264 3473 3345 dignam
3506 3282 3627 3324 non
3656 3264 3769 3325 ha-

2121 3351 2349 3413 buisset
2377 3351 2557 3427 Deus,
2591 3371 2768 3433 quam
2811 3354 3208 3435 slloqueretur
3256 3353 3409 3434 ipse,
3460 3352 3553 3413 vel
3611 3350 3771 3433 quod

2120 3439 2436 3515 dubitaret,
2493 3442 2613 3503 imo
2671 3443 2823 3505 forte
2874 3443 3262 3505 existimaret.
3306 3443 3498 3506 Adam
3527 3438 3770 3522 proprio

2123 3536 2284 3590 motu
2343 3541 2704 3612 praeceptum
2745 3530 2860 3592 sibi
2916 3532 3296 3612 imposuisse,
3329 3533 3598 3611 Cumque
3648 3527 3774 3590 sola

2121 3636 2390 3680 seorsum
2424 3628 2646 3699 ageret,
2675 3621 2827 3682 hanc
2858 3640 3109 3702 serpens
3136 3621 3387 3697 invenit,
3420 3619 3502 3681 ita
3530 3625 3596 3680 ut
3629 3633 3775 3698 pos-

2121 3716 2214 3770 set
2235 3708 2502 3787 privatim
2530 3728 2663 3770 cum
2697 3728 2768 3771 ea
2790 3710 3378 3773 confabulari.l’orro
3398 3707 3487 3771 vel
3521 3726 3554 3769 e
3576 3706 3774 3787 ligno-

2120 3813 2253 3857 rum
2301 3796 2591 3859 fructibus
2642 3798 3057 3863 comedentem
3106 3799 3341 3879 videns,
3375 3795 3520 3877 ligni
3552 3795 3772 3875 (vetiti)

2120 3884 2376 3947 fructum
2402 3886 2644 3966 objecit,
2676 3887 2769 3947 vel
2803 3906 2918 3949 non
2936 3889 3374 3950 comedentem.
3431 3885 3505 3948 Et
3546 3884 3599 3945 si
3636 3881 3776 3964 qui-

2120 3973 2259 4036 dem
2293 3976 2899 4050 comedentem,haud
2933 3977 3179 4039 dubium
3211 3974 3535 4056 quinetiam
3571 3990 3772 4034 corru.

386 4096 512 4148 ματι
571 4076 730 4131 οὖσαν
767 4093 781 4108 ·
828 4079 936 4135 Πᾶς
981 4075 1081 4151 γὰρ
1131 4076 1192 4129 τὸ
1246 4062 1321 4136 εἷς
1377 4074 1435 4129 τὸ
1499 4062 1680 4148 στόμα*
1730 4062 2034 4152 εἰσερχόμε-

2122 4062 2309 4144 ptioni
2363 4063 2601 4125 obnoxii
2641 4066 2911 4144 corporis
2960 4065 3308 4146 participem
3342 4081 3357 4126 :
3394 4062 3777 4152 omnigeni";

386 4185 473 4219 νον
516 4164 586 4227 εἷς
629 4160 898 4243 ἀφεδρῶνα
959 4174 1157 4241 χωρεῖ.
1196 4164 1252 4219 Εἰ
1295 4164 1399 4218 ωὗν
1457 4163 1682 4241 φθαρτὴ,
1744 4160 2034 4241 πρόδηλον,

2120 4153 2279 4232 quod
2309 4153 2373 4213 in
2398 4169 2462 4214 os
2492 4153 2867 4235 ingreditur,
2904 4156 2962 4216 t'o
2988 4171 3282 4216 secessum
3304 4151 3527 4215 abit“.
3547 4147 3612 4212 Si
3635 4167 3776 4243 ergo

383 4254 468 4308 ὃτι
538 4256 626 4309 καὶ
678 4253 869 4319 θνητή.
932 4253 989 4307 lui.
1046 4249 1101 4306 δὲ
1151 4253 1343 4331 θνητὴ,
1404 4252 1577 4308 οῦκέτι
1636 4253 1859 4331 κατάρα,
1924 4249 2034 4307 οὐδὲ

2121 4242 2488 4320 corruptioni
2520 4240 2798 4317 obnoxia,
2832 4242 3208 4305 manifestum
3241 4243 3379 4323 quia
3412 4249 3471 4303 et
3502 4237 3777 4301 morti.Si

382 4341 646 4420 ἀπόφασις
701 4341 766 4408 ἦν
810 4341 1012 4419 ἐκείνη,
1058 4341 1092 4407 ἡ
1138 4341 1412 4419 φάσκουσα
1453 4343 1583 4418 πρὸς
1628 4343 1719 4396 τὸν
1769 4339 2034 4418 ἄνθρωπον

2122 4349 2259 4394 vero
2291 4330 2469 4393 morti
2499 4331 2776 4405 obnoxia,
2800 4332 2926 4412 jam
2960 4351 3079 4394 non
3109 4332 3460 4407 exsecratio,
3494 4346 3607 4391 nec
3625 4345 3775 4389 sen-

380 4432 530 4509 ςρωνη
590 4437 743 4508 Θεοῦ,
806 4427 889 4484 ὅτι
946 4433 1018 4504 γῆ
1074 4428 1128 4485 εἶ
1175 4431 1264 4486 καὶ
1294 4431 1365 4492 εἷς
1410 4435 1511 4506 γῆν
1555 4428 1845 4507 ἁπελεύσῃ,
1903 4430 2034 4485 καθα

2122 4419 2307 4482 tentia
2338 4429 2462 4481 erat
2493 4438 2599 4480 vox
2631 4421 2735 4482 illa
2775 4421 2905 4499 Dei,
2940 4441 3056 4503 qua
3083 4422 3230 4485 dixit
3259 4420 3491 4484 homini
3521 4436 3535 4481 :
3588 4417 3779 4509 Terra

380 4518 497 4597 ἔχει
567 4520 601 4585 ἡ
660 4526 764 4573 tim
824 4519 1153 4595 πραγμάτων
1210 4516 1455 4585 ἀλήθεια.
1513 4521 1570 4576 Εἰ
1627 4516 1680 4573 δὲ
1738 4517 1898 4574 πάλιν
1945 4522 2034 4576 οὒκ

2121 4529 2203 4590 es,
2229 4516 2285 4571 et
2316 4512 2386 4600 ἐκ
2413 4517 2640 4572 terram
2672 4514 2997 4575 reverteris
3016 4511 3102 4589 61,
3132 4521 3195 4573 ιιι
3224 4530 3290 4572 se
3344 4510 3521 4571 habet
3558 4504 3781 4600 veritas

381 4608 648 4664 ἐσθίουσαν
708 4609 736 4663 ὁ
793 4605 911 4686 ὄφις
971 4608 1068 4673 τὴν
1139 4619 1367 4683 γυναῖκα
1434 4608 1708 4686 ἐθεάσατο,
1796 4613 1909 4668 πῶς
1964 4608 2034 4669 εἷς

2121 4587 2519 4670 rerum.Quod
2543 4598 2591 4659 si
2616 4618 2825 4661 rursus
2848 4619 2968 4662 non
2999 4587 3430 4665 concedentem
3463 4595 3780 4686 mulierem

382 4697 576 4771 βρῶσιν
631 4696 903 4773 μετήγαγε
946 4696 1044 4762 τὴν
1095 4694 1341 4751 οὐδεποτε
1399 4702 1668 4774 φαγοῦσαν
1705 4714 1719 4766 ;
1764 4697 1852 4759 Τίς
1896 4693 1951 4750 δὲ
2012 4696 2034 4750 ὁ

2122 4686 2266 4749 vidit
2289 4705 2558 4768 serpens,
2586 4689 2885 4768 quomodo
2912 4690 2987 4752 ad
3015 4687 3457 4753 comedendum
3516 4681 3775 4774 induxit,

384 4786 624 4859 μηνύσας
693 4787 771 4840 (αἱ
828 4785 997 4859 τούτῳ
1049 4790 1127 4856 τῷ
1184 4792 1410 4862 φονευτῇ
1443 4783 1761 4859 παλαμναίῳ
1791 4783 1931 4863 ὄφει,
1970 4785 2034 4848 ὡς

2125 4794 2255 4858 quae
2285 4793 2583 4857 nunquam
2617 4778 3010 4841 comederat?
3058 4779 3201 4853 Quis
3248 4786 3443 4840 autem
3496 4771 3783 4863 indicavit

383 4876 477 4931 οῦκ
534 4877 606 4939 εἰς
664 4873 827 4953 πέρας
887 4872 1013 4950 ἔλθη
1070 4876 1104 4940 ἡ
1163 4875 1294 4952 πρὸς
1364 4873 1548 4936 αὖτοὺς
1608 4872 1667 4929 ἐκ
1737 4880 1869 4929 Θεοῦ
1925 4874 2034 4949 περῖ

2126 4866 2266 4928 huic
2296 4865 2610 4927 homicidae
2637 4867 2928 4930 scelerato
2950 4869 3235 4950 serpenti,
3263 4867 3485 4929 exitnm
3518 4880 3637 4924 non
3669 4860 3781 4922 ha-

383 4964 604 5019 θανάτου
661 4961 950 5042 ἀπόφασις,
1027 4962 1265 5025 εῖτ-ἐόντος
1301 4981 1314 4995 ’
1378 4950 1444 5031 VH
1495 4960 1540 5016 δ’
1608 4963 1669 5018 ἂν
1714 4961 1885 5039 ἡμέρᾳ
1935 4962 2034 5041 φά-

2129 4954 2387 5017 bituram
2421 4972 2577 5029 eam,
2601 4974 2778 5037 quam
2804 4957 2865 5019 in
2891 4976 2995 5021 eos
3025 4960 3263 5034 tulerat,
3299 4954 3506 5018 mortis
3528 4957 3778 5014 senten-

383 5074 537 5129 γητε,
600 5052 811 5123 θανάτῳ
867 5051 1233 5130 ἀποθανεῒτες
1290 5052 1386 5108 Καὶ
1446 5053 1505 5108 οὗ
1553 5052 1738 5130 μόνον,
1784 5048 1904 5106 ἀλλ’
1964 5048 2034 5111 ὅτε

2132 5044 2270 5105 tiam
2303 5042 2482 5119 Deus,
2509 5044 2738 5107 dicens:
2765 5046 2906 5123 Qua
2921 5048 3020 5111 die
3042 5046 3781 5130 manducaveritis,morte

385 5144 477 5196 σὺν
521 5147 589 5217 τῇ
645 5141 864 5220 ἀθρηξία
912 5139 1035 5220 (48)
1089 5141 1177 5195 καὶ
1221 5129 1433 5196 τούτων
1478 5129 1943 5219 διανοιχθγῆσοδται
2000 5150 2034 5201 οἶ

2131 5133 2578 5196 moriemini”?
2596 5137 2720 5198 Nec
2748 5136 2807 5198 id
2838 5136 3255 5215 duntaxat,sed
3285 5136 3463 5198 etiam
3485 5129 3643 5220 quod
3662 5129 3783 5220 img

384 5232 668 5310 ὀφθαλμοὶ,
714 5218 783 5285 Vol
823 5234 884 5285 το
923 5218 1068 5307 πρὶν
1125 5226 1474 5292 ἀϐλεποῦντες
1510 5248 1526 5309 ;
1599 5218 1770 5304 1:38;;
1814 5225 2034 5304 λεγομέ-

2131 5222 2414 5284 mortales
2460 5222 2622 5299 facti,
2657 5243 2861 5288 eorum
2889 5226 3204 5309 aperiendi
3234 5231 3437 5288 essent
3466 5219 3650 5293 oculi,
3678 5218 3783 5310 qui

385 5343 452 5396 νη
496 5318 747 5385 διανοίξει
792 5322 890 5386 τὴν
922 5316 1129 5375 εἴσοδον
1159 5324 1236 5391 τῷ
1276 5320 1485 5392 θανάτῳ
1513 5321 1861 5388 ποιήσαντες.

2133 5313 2296 5392 prius
2317 5330 2436 5372 non
2467 5312 2778 5376 videbant?
2809 5307 2978 5378 Dicta
3008 5334 3149 5379 vero
3180 5316 3490 5378 oculorum
3515 5307 3781 5390 apertio-

2131 5420 2206 5463 ne
2230 5400 2455 5462 aditum
2491 5403 2664 5463 morti
2688 5402 2984 5468 fecerunt.

459 5528 514 5571 ⁸ο
548 5529 750 5591 Matth.
787 5546 887 5604 xv,
925 5528 1018 5589 i7.
1108 5524 1162 5569 δ’
1191 5527 1341 5590 Gen.
1378 5542 1466 5602 Ill,
1501 5528 1595 5587 19.
1683 5525 1737 5569 69
1769 5525 1917 5588 Gen.
1952 5541 2018 5599 Il,
2054 5524 2152 5585 17.

464 5680 583 5760 (47)
620 5680 726 5760 ᾕᾶν
896 5679 1047 5760 [:eg._
1072 5675 1169 5733 κᾶν
1201 5700 1311 5753 μοι.
1654 5756 1667 5760 _
1928 5753 1941 5760 Δ

2122 5668 2222 5760 qui
2268 5668 2721 5760 hos-Anastasii
2776 5672 2961 5760 libros
2999 5675 3057 5735 in
3115 5673 3383 5760 Latinum
3442 5683 3787 5760 sermonem

468 5749 586 5839 (48')
620 5749 883 5840 Ἀθρηξὶᾳ.
915 5749 1177 5827 Βεῇ·ὶ)ειι·ιι
1203 5749 1340 5840 vox,
1374 5773 1549 5840 quam
1584 5756 1707 5840 sola
1739 5753 2043 5840 peperisse
2125 5749 2457 5840 transtulit:
2504 5752 2676 5813 vertit
2708 5755 2893 5836 enim,
2923 5772 3061 5818 cum
3113 5773 3178 5819 ρο
3206 5753 3366 5838 quod
3394 5755 3586 5815 morte
3615 5764 3785 5809 care-

384 5829 616 5902 vid‘etur
644 5829 971 5901 scribarum
1019 5829 1337 5917 imperitia.
1391 5829 2042 5917 Legendum'sligvaalq.
2126 5829 2291 5893 bunt.

387 5919 697 6001 Quidpiam
732 5919 925 5981 simile
988 5913 1211 5997 legisse
1241 5913 1563 5978 videtur’in
1614 5937 1719 5981 suo
1750 5916 1953 5980 codice
1999 5913 2046 5972 is
