4148 6466
380 452 551 579 12ίὲ

1639 513 1698 574 S.
1750 510 2034 577 ΙΒΕΝᾸΩΙ
2076 511 2577 576 FRAGMENTA.

3625 504 3780 570 1246

2001 642 2193 704 XXX.

475 720 539 788 Ἠ
595 729 744 799 ἀξίνη
801 733 928 809 πρὸς
985 732 1082 801 τὴν
1137 733 1302 810 ῥίζαν,
1361 735 1491 813 φησί
1525 752 1537 766 ⁶
1597 731 1862 814 διεγείρων
1918 736 2050 815 πρὸς

2214 735 2459 799 Securis
2489 737 2569 799 ad
2612 736 2882 799 radicem
2910 735 2996 810 76,
3031 735 3132 804 ait,
3169 733 3435 797 excitans
3462 732 3536 795 ad
3566 730 3780 813 cogni-

386 818 677 898 ἒπίγνωσιν
732 820 830 888 τῆς
876 819 1149 891 ἀληθείας,
1201 824 1289 879 καὶ
1318 830 1395 898 τῷ
1426 820 1575 904 φόϐῳ
1618 825 1900 904 καθαίρων,
1958 824 2051 882 καί

2140 824 2361 883 tionem
2395 823 2743 899 veritatis,et
2775 832 2935 885 metu
2968 822 3208 885 incusso
3235 839 3509 902 purgans,
3532 838 3781 901 parans-

388 910 809 982 παρασκευάζων
836 914 1038 990 καρπὸν
1069 912 1269 991 ὥριμον
1302 913 1500 993 φέρειν,

2139 930 2255 992 que
2279 911 2354 972 ad
2384 910 2696 975 ferendum
2729 912 2988 975 fructum
3019 919 3339 973 maturum.

1994 1007 2214 1069 XXXI.

469 1091 650 1155 Aliud
678 1090 892 1154 [renati
921 1091 1339 1174 fragmentum,
1374 1114 1443 1158 ex
1475 1096 1985 1163 ms.nibliotbecaa
2014 1097 2214 1177 Regia;
2245 1097 2465 1160 Catena
2493 1097 2556 1158 in
2586 1096 2828 1174 Lucam,
2854 1096 2987 1159 cod.
3026 1096 3205 1171 1879,
3233 1094 3337 1157 fol.
3375 1094 3510 1175 139,
3543 1113 3702 1155 nunc

1710 1177 1953 1241 demum
1984 1178 2189 1241 Graace
2221 1177 2467 1241 editum.

475 1254 588 1323 ’Ἱδε
638 1267 832 1332 κόγκος
880 1268 1005 1350 (68)
1051 1271 1314 1335 σινάπεως
1356 1270 1441 1329 διὰ
1487 1270 1797 1353 παραϐολῆς
1838 1272 2047 1331 δεικνύ-

2213 1272 2361 1334 Vide
2389 1280 2586 1333 autem
2614 1289 2719 1352 per
2746 1289 2993 1351 granum
3026 1271 3303 1352 sinapeos
3322 1270 3383 1319 7'7
3413 1270 3473 1332 in
3507 1267 3783 1350 parabola

386 1375 544 1429 μενος
591 1358 677 1412 καὶ
758 1356 917 1436 λόγον
988 1360 1313 1438 ὲνουράνιον,
1400 1362 1701 1441 σπέρματος
1786 1360 1949 1441 δίκην
1993 1363 2048 1418 ἐν

2138 1360 2457 1438 signiﬁcari
2486 1368 2545 1421 et
2573 1361 2874 1422 ccelestem
2908 1360 3264 1433 doctrinam,
3298 1359 3359 1420 in
3390 1359 3502 1420 hoc
3534 1356 3777 1431 mundo,

381 1444 594 1519 κόσμῳ,
654 1447 728 1509 ὡς
772 1446 827 1503 ἐν
871 1448 1040 1529 ἀγρῷ,
1082 1452 1455 1529 σπειρόμενον,
1517 1451 1740 1531 ἔχοντος
1791 1452 1845 1507 έν
1876 1454 2047 1526 ἐαυτῷ

2138 1456 2407 1530 tanquam
2430 1448 2490 1510 in
2512 1448 2870 1528 agro,instar
2898 1449 3145 1510 seminis
3167 1457 3376 1523 satam,
3396 1450 3511 1509 vim
3538 1447 3775 1525 igneam

382 1534 446 1589 τὸ
516 1536 766 1612 πυρικαὲς
835 1538 923 1593 καὶ
979 1538 1241 1616 αὒστηρὺν
1297 1541 1397 1606 τῆς
1479 1539 1772 1617 δυνάμεως.
1850 1542 2045 1620 Κριτής

2138 1546 2303 1619 atque
2332 1547 2625 1600 austeram
2655 1539 2715 1599 in
2747 1556 2811 1599 se
2844 1536 3354 1599 habentis.l‘otius
3377 1539 3539 1599 enim
3574 1533 3781 1597 mundi

384 1621 486 1701 γὰρ
539 1625 634 1680 τοῦ
690 1627 888 1689 παντὸς
947 1626 1147 1702 κόσμου
1220 1627 1544 1706 ἐκηρύσσετο
1580 1649 1591 1662 ·
1660 1632 1811 1694 οὗτος
1868 1630 1921 1686 ἐν
1976 1636 2045 1707 τῇ

386 1709 571 1784 καρδίᾳ
623 1714 723 1779 τῆς
779 1719 908 1792 γῆς,
972 1715 1024 1771 έν
1083 1738 1302 1795 χώματι
1359 1716 1587 1798 κρυόεὶς,
1645 1720 1733 1775 καὶ
1774 1719 2044 1798 τριημέρῳ

388 1799 642 1877 μέγιστον
696 1800 901 1883 δένδρον
972 1807 1268 1882 γεννηθεὶς,
1355 1805 1574 1872 ἐξέτεινε
1649 1808 1768 1872 τοὺς
1858 1810 2044 1867 ἑαυτοῦ

390 1888 614 1954 κλάδους
658 1893 729 1957 εἰς
781 1893 847 1948 τὰ
889 1893 1090 1973 πέρατα
1146 1895 1244 1963 τῆς
1288 1901 1413 1974 γῆς.
1464 1897 1559 1954 Ἐκ
1600 1898 1786 1955 τούτου
1843 1899 2040 1976 προκύ-

390 1982 587 2055 ψαντες
617 1982 664 2037 οἱ
694 1979 894 2039 δώδεκα
938 1982 1245 2064 ἀπόστολοι,
1292 1984 1475 2043 κλάδοι
1518 1989 1709 2066 ὡραῖοι
1768 1989 1856 2043 καὶ
1885 1990 2041 2046 εὐθα-

388 2066 506 2132 λεῖς
565 2071 893 2148 γενηθέντες,
968 2072 1141 2141 σκέπη
1227 2074 1556 2152 ἐγενήθησαν
1641 2090 1758 2140 τοῖς
1814 2076 2040 2148 ἔθνεσιν,

388 2160 461 2220 ὡς
512 2173 786 2225 πετεινοῖς
830 2164 1071 2242 οὐρανοῦ,
1133 2162 1216 2241 ὑφ’
1276 2166 1350 2221 ὧν
1394 2163 1601 2221 κλάδων
1660 2165 2044 2229 σκεπασθέντες

321 2264 327 2269 ·
387 2248 436 2303 οἱ
484 2248 703 2323 πάντες,
736 2250 809 2314 ὡς
836 2248 990 2328 ὄρνεα
1054 2252 1155 2307 ὑπὸ
1209 2251 1399 2309 καλιὰν
1456 2252 1791 2327 συνελθόντα,
1825 2253 2047 2330 μετέλαο

389 2332 480 2392 ὄον
538 2337 634 2404 τῆς
678 2338 729 2403 ἐξ
774 2342 944 2397 αὐτῶν
988 2341 1393 2420 προερχομένης
1443 2340 1698 2418 ὶδωδίμου
1753 2348 1840 2402 καὶ
1887 2343 2048 2401 ἐπου-

393 2425 566 2495 ρανίου
594 2427 792 2506 τροφῆς
804 2468 820 2485 .

2121 1627 2303 1707 judex
2335 1627 2719 1689 annuntiatur
2754 1645 2767 1689 :
2804 1628 2903 1708 qui
2934 1627 2994 1688 in
3026 1626 3206 1688 corde
3239 1635 3431 1703 terrae,
3457 1626 3519 1687 in
3552 1624 3779 1686 tumulo

2126 1715 2666 1791 occultatus,tridui
2697 1716 2888 1796 spatio
2918 1715 2979 1776 in
3012 1715 3331 1777 maximam
3362 1715 3638 1776 arborem
3672 1730 3778 1774 ex-

2127 1805 2331 1880 crevit,
2390 1823 2589 1867 ramos
2638 1823 2776 1866 suos
2808 1805 2883 1867 ad
2918 1814 3214 1867 extremos
3247 1813 3421 1865 terrae
3448 1803 3597 1865 fines
3634 1820 3776 1882 pro-

2128 1894 2402 1958 tendens.
2464 1893 2543 1955 Ex
2577 1894 2679 1956 illo
2737 1894 3095 1975 pullulantes
3148 1891 3465 1954 duodecim
3500 1890 3776 1972 apostoli,

2125 1983 2277 2045 rami
2306 1983 2509 2045 ﬂoridi
2558 1991 2736 2064 atque
2782 1981 3001 2044 uberes
3057 1982 3218 2061 facti,
3278 1980 3577 2061 gentibus,
3609 1980 3780 2061 quasi

2123 2071 2466 2134 volucribus
2496 2071 2654 2152 cmli,
2685 2079 2922 2149 tegmen
2971 2070 3281 2152 praebuere
3309 2085 3322 2131 :
3358 2068 3572 2151 quibus
3600 2068 3782 2130 ramis

2128 2180 2337 2223 omnes
2398 2160 2757 2241 ohumbrati,
2808 2170 3091 2241 tanquam
3154 2159 3422 2220 volucres
3461 2157 3521 2218 in
3573 2158 3779 2219 nidum

2129 2250 2497 2330 congregati,
2554 2250 2708 2331 ejus,
2742 2269 2916 2329 quem
2954 2248 3352 2330 proferebant,
3387 2247 3643 2327 succosi,
3675 2265 3779 2308 ac-

2131 2339 2401 2401 cmtestis
2434 2337 2553 2400 cibi
2578 2337 2898 2419 participes
2928 2345 3066 2399 sunt
3086 2337 3252 2401 facti.

1959 2524 2211 2587 XXXII.

474 2610 652 2676 Aliud
685 2611 895 2675 Irenaai
926 2612 1350 2697 fragmentum,
1382 2633 1456 2678 ex
1492 2634 1605 2679 ms.
1638 2616 2023 2710 bibliothecae
2054 2614 2257 2756 Regii?
2286 2619 2509 2678 Catena
2538 2614 2600 2676 in
2632 2617 2879 2690 Lucam,
2906 2612 3041 2675 cod.
3074 2610 3257 2693 2440,
3281 2610 3382 2673 fol.
3415 2610 3513 2686 30,
3545 2628 3703 2672 nunc

1819 2716 2076 2756 nmmum
2119 2714 2152 2756 e
2198 2714 2370 2756 tum.

1817 2716 2076 2779 primum
2119 2714 2370 2758 emtum.

474 2793 578 2843 Νῦν
620 2784 699 2863 δὲ,
761 2787 939 2865 ὥσπερ
992 2786 1076 2846 διὰ
1132 2789 1229 2856 τῆς
1288 2792 1563 2869 παρακοῆς
1630 2798 1721 2847 τοῦ
1774 2793 1891 2857 ἐνὸς
1949 2794 2045 2849 ἁν-

2170 2842 2173 2845 .
2213 2790 2338 2850 Jam
2372 2805 2532 2863 vero,
2559 2788 2717 2849 sicut
2738 2804 2852 2867 per
2880 2785 3365 2848 inobedientiam
3386 2785 3568 2845 unius
3588 2782 3782 2845 homi-

391 2873 626 2952 θρώπου,
683 2883 775 2933 τοῦ
832 2877 1056 2953 πρώτως
1115 2878 1175 2934 ἐκ
1231 2882 1334 2955 γῆς
1394 2877 1713 2957 ἂνεργάστου
1739 2879 2051 2957 πεπλασμέ-

390 2984 504 3032 νου,
553 2962 855 3037 ἁμαρτωλοὶ
915 2965 1249 3033 κατέστησαν
1314 2967 1360 3023 οἱ
1445 2965 1659 3041 πολλοὶ,
1744 2970 1833 3025 καὶ
1915 2968 2050 3025 ἀπέ-

390 3048 555 3109 ϐαλον
584 3053 681 3120 τὴν
723 3055 867 3124 ζωήν
906 3070 921 3086 ⁸
971 3054 1136 3118 οὕτως
1211 3053 1312 3110 ἔδει
1368 3056 1455 3112 καὶ
1513 3053 1580 3111 δι’
1637 3057 1875 3123 ὑπακοῆς
1933 3058 2050 3121 ἐνὸς

392 3140 691 3223 ἀνθρώπου,
761 3150 854 3201 τοῦ
921 3144 1144 3223 πρώτως
1214 3146 1275 3200 ὲκ
1331 3142 1590 3222 Παρθένου
1634 3145 2046 3224 γεγεννημένου,

391 3225 734 3300 δικαιωθῆναι
819 3231 1078 3308 πολλοὺς,
1168 3234 1255 3290 καὶ
1330 3230 1623 3290 ἀπολαϐεῖν
1698 3236 1795 3302 τὴν
1863 3257 2050 3303 σωτη-

391 3317 528 3396 ρίαν,

2133 2875 2363 2956 nis,qui
2395 2874 2650 2955 primum
2685 2894 2753 2935 ex
2786 2873 2920 2936 rudi
2948 2882 3107 2934 terra
3138 2872 3421 2933 formatus
3436 2879 3544 2946 est,
3568 2888 3778 2949 pecca-

2134 2971 2293 3027 tores
2327 2965 2636 3026 constituti
2664 2970 2802 3026 sunt
2829 2962 3030 3041 multi,
3065 2968 3125 3022 et
3168 2960 3344 3021 vitam
3403 2959 3730 3021 amiserunt
3765 2978 3778 3020 :

2134 3059 2219 3115 sic
2264 3051 2577 3134 Oportebat
2607 3060 2665 3114 et
2690 3070 2800 3133 per
2847 3050 3251 3113 obeditionem
3280 3050 3465 3111 unius
3490 3048 3779 3120 hominis,

2134 3141 2236 3223 qui
2268 3140 2523 3222 primum
2551 3158 2622 3203 ex
2650 3140 2895 3220 Virgine
2925 3137 3158 3219 genitus
3189 3144 3300 3216 est,
3326 3140 3521 3217 iustos
3550 3138 3783 3199 consti-

2136 3233 2226 3294 tui
2246 3230 2466 3294 multos
2494 3231 2578 3307 73,
2615 3238 2673 3291 et
2707 3229 2985 3309 accipere
3016 3227 3295 3289 salutem.

866 3506 1153 3587 Pericope
1188 3508 1453 3587 quaedam
1487 3506 1721 3585 Irenaei,
1757 3527 1791 3572 e
1823 3418 2362 3587 οοὰῗζέἔέδδοιοε.
2399 3506 2780 3570 bibliotheca;
2824 3503 3329 3567 Vindobonensis.
3382 3566 3383 3569 η

480 3599 744 3668 Ἰώσηπός
799 3623 983 3679 φησιν,
1032 3600 1112 3657 ὅτι
1170 3603 1329 3671 ἠνίκα
1373 3603 1427 3658 ἐν
1485 3602 1772 3680 βασιλείοις
1816 3604 2051 3684 ἐτρέφετο

2220 3598 2521 3679 Josephus
2550 3599 2632 3662 ait
2652 3599 2735 3680 79,
2769 3596 2925 3679 quod
2955 3596 3193 3677 quando
3215 3596 3276 3657 in
3299 3596 3449 3676 rgali
3481 3594 3615 3684 aula
3637 3594 3788 3657 edu-

402 3696 660 3770 Μωϋσης,
705 3692 1003 3769 στρατηγὸς
1061 3693 1456 3771 χειροτονηθεὶς
1514 3693 1650 3748 κατὰ
1713 3700 1817 3750 τῶν
1873 3683 2051 3749 Αἰθιό-

2141 3687 2386 3751 cabatur
2440 3687 2693 3769 Moyses,
2727 3688 2842 3748 dux
2878 3686 3173 3757 exercitus
3221 3693 3427 3747 contra
3481 3683 3792 3764 Ethiopes

397 3800 534 3851 πων,
598 3780 684 3835 καὶ
742 3780 988 3853 νικήσας,
1034 3782 1271 3858 ἠγάγετο
1312 3782 1415 3848 τὴν
1444 3791 1537 3840 τοῦ
1565 3780 1827 3858 βασιλέως
1861 3782 2051 3840 ἐκείνου

2143 3778 2388 3853 electus,
2423 3785 2482 3839 et
2513 3778 2698 3839 victor
2728 3775 3007 3848 evadens,
3040 3774 3219 3836 filiam
3252 3776 3408 3853 regis
3440 3773 3597 3834 illius
3639 3791 3791 3833 uxo—

396 3866 657 3946 θυγατέρα
695 3885 710 3898 ’
771 3866 985 3949 ἐπείπερ
1043 3870 1189 3943 πόθῳ
1231 3872 1291 3925 τὸ
1362 3871 1493 3947 πρὸς
1540 3872 1695 3927 αὗτὸν
1750 3869 2051 3951 προδίδωσιν

2140 3884 2267 3928 rem
2291 3866 2528 3929 duxerit
2558 3890 2574 3927 :
2606 3864 2900 3946 siquidem
2936 3882 3005 3925 ex
3035 3880 3237 3924 amore
3260 3881 3398 3941 erga
3427 3861 3622 3942 ipsum
3652 3860 3793 3923 civi-

392 3961 537 4031 αότῷ
563 3958 659 4025 τὴν
705 3955 884 4019 πόλιν,
1793 3948 1802 3951 ⁷

2144 3963 2321 4017 talem
2349 3955 2402 4017 ei
2432 3955 2776 4017 tradiderat.
3430 3948 3439 3953 ’

473 4046 533 4103 Τί
588 4044 815 4125 δήποτε,
861 4052 970 4102 τῶν
1013 4043 1102 4102 δύο
1162 4044 1612 4128 λοιδορησάντων,
1677 4047 1852 4116 ἐκείνη
1912 4046 2051 4115 δίκας

2218 4044 2480 4107 548Cur
2495 4045 2902 4120 demum,cum
2920 4039 3094 4103 ambo
3110 4043 3176 4122 (A
3188 4057 3343 4102 arcu
3355 4046 3412 4102 et
3425 4040 3647 4109 Maria)
3658 4056 3793 4128 pro:

395 4133 571 4208 ’ξιτ-ἤθη
631 4135 773 4210 μόνη
808 4154 824 4215 ;
865 4140 1099 4215 Πρῶτον,
1150 4126 1337 4203 ἒπειδή
1368 4144 1555 4212 μεῖζον
1585 4126 1649 4205 ἧν
1680 4142 1779 4204 τῆς
1807 4139 2051 4215 γυναικὸς

2138 4131 2245 4194 bro
2266 4133 2606 4196 aﬁ‘ecissent
2624 4133 2951 4212 (Mog/sem),
2975 4131 3100 4219 baac
3132 4129 3254 4219 sola
3270 4147 3484 4219 poenas
3509 4126 3795 4219 dedit80?

397 4224 458 4279 τὸ
510 4221 890 4300 πλημμέλημα
925 4240 940 4255 ⁸
986 4232 1064 4299 τῷ
1107 4223 1278 4303 ἄῤῥενι
1322 4228 1422 4304 γὰρ
1452 4226 1540 4282 καὶ
1588 4228 1622 4293 ἠ
1681 4227 1831 4307 φύσις
1883 4228 1971 4284 καὶ
2027 4229 2051 4282 6

2140 4220 2404 4283 Primum
2431 4223 2571 4303 quia
2600 4221 2793 4302 majus
2816 4217 3793 4307 eratmulieriﬁsdelictum:quippe

398 4332 559 4386 νομος
587 4312 870 4369 ὑποτάττει
920 4314 981 4368 τὸ
1020 4311 1153 4379 θῆλυ
1180 4331 1194 4346 ⁸
1242 4312 1337 4379 ἥτε
1370 4313 1499 4393 εἶχέ
1524 4335 1641 4370 τινα
1672 4304 1884 4394 μετρίαν
1928 4337 2051 4393 συγ⁴

2143 4318 2511 4388 etnatura,et
2534 4310 2626 4372 lex
2645 4310 2926 4371 feminam
2951 4306 3097 4368 mari
3119 4305 3381 4386 subjicit.
3414 4305 3528 4368 Aut
3559 4304 3791 4366 facilio-

400 4399 624 4477 γνώμην
668 4403 697 4457 6
758 4399 989 4481 Ἀαρὼν,
1043 4403 1115 4464 ὡς
1172 4408 1249 4476 τῷ
1306 4402 1487 4481 χρόνῳ
1558 4401 1926 4482 πρεσϐύτερος,
1973 4406 2060 4460 καὶ

399 4490 473 4552 ὡς
518 4489 919 4568 ἀρχιερωσύνης
963 4488 1259 4564 ἠξιωμένος
1330 4491 1469 4569 Πρὸς
1532 4489 1586 4546 δὲ
1656 4492 1889 4567 τούτοις,
1950 4491 2062 4550 ἐπεὶ

400 4576 773 4655 ἀκάθαρτοςοό
848 4577 1044 4657 λεπρὸς
1111 4576 1287 4635 ἀδόκει
1347 4579 1490 4635 εἶναι
1533 4581 1673 4636 κασᾶ
1730 4581 1820 4638 τὸν
1874 4581 2060 4660 νόμον,

396 4665 510 4742 ῥίζα
565 4664 621 4722 δὲ
664 4672 771 4723 τῶν
808 4667 992 4745 ἱερέων
1052 4669 1139 4724 καὶ
1182 4671 1378 4741 κρηπὶς
1440 4671 1506 4736 ἦν
1567 4671 1593 4724 ὁ
1647 4669 1852 4749 Ἀαρών
1889 4687 1902 4701 ⁶
1962 4669 2056 4726 ἵνα

398 4754 477 4828 μὴ
512 4756 585 4819 εἷς
615 4754 756 4813 ἅπαν
789 4754 945 4833 διαϐῇ
973 4762 1035 4813 τὸ
1067 4756 1219 4835 γένος
1280 4758 1341 4813 τὸ
1399 4754 1617 4826 ὄνειδος,
1663 4758 1763 4825 τήν
1806 4756 1935 4825 ἴσην
1964 4759 2060 4816 οὒκ

398 4842 672 4923 ἐπήγαγεν
702 4846 846 4919 αὒτῷ
876 4847 1153 4924 τιμωρίαν,
1187 4844 1323 4901 ἀλλὰ
1354 4843 1437 4900 διὰ
1488 4852 1592 4917 τῆς
1650 4844 1880 4925 ἀδελφῆς
1926 4848 2057 4924 ἑφό-

398 4929 564 4999 6ησεν
608 4936 743 5009 ὁμοῦ
793 4956 849 4989 τε
909 4938 995 4990 καὶ
1036 4933 1360 4995 ἐπαίδευσεν.
1422 4933 1572 4992 Οὕτω
1630 4936 1730 5013 γὰρ
1788 4935 1941 4992 αὐτὸν
2000 4940 2059 4991 τὸ

399 5019 563 5084 πάθος
610 5024 848 5090 ἠνίασεν.
897 5020 982 5079 ὅτι
1048 5024 1265 5101 πρώτης
1326 5032 1484 5081 τοῦτο
1536 5020 1847 5098 δεξαμένης,
1904 5026 2060 5087 αὺτὸς

399 5110 491 5164 τὸν
571 5108 898 5186 ἠδικημένον
971 5112 1232 5167 ἱκέτευσεν
1321 5109 1473 5166 λῦσαι
1529 5116 1597 5186 τῇ
1652 5109 1902 5190 πρεσϐείᾳ
1962 5113 2061 5179 τήν

401 5200 694 5278 συμφοράν.
760 5191 818 5257 Ὀ
848 5200 903 5255 δὲ
947 5200 1040 5257 οὒκ
1090 5198 1385 5275 ἠμέλησεν,
1432 5197 1553 5255 ἀλλ’
1616 5200 1799 5256 αὐτίκα
1829 5201 1926 5267 τήν
1956 5201 2062 5257 ἱκε-

2142 4414 2279 4460 rem'
2294 4400 2524 4461 veniam
2554 4396 2885 4479 accipiebat
2913 4396 3307 4471 Aaron,velut
3338 4404 3509 4456 aetate
3543 4411 3795 4474 provec-

2146 4488 2350 4568 tior,et
2395 4488 2719 4569 pontiﬁcali
2776 4486 3066 4564 dignitate
3118 4482 3616 4545 ornatus.Pra3ter
3645 4483 3796 4563 haec,

2147 4576 2632 4657 quandoquidem
2659 4574 3110 4656 leprosusjuxta
3132 4573 3321 4651 legem
3359 4589 3462 4650 pro
3492 4570 3798 4632 immundo

2139 4664 2492 4741 habebatur;
2510 4666 2569 4727 in
2587 4665 2820 4727 Aarone
2849 4680 3048 4724 autem
3074 4663 3236 4741 radix
3261 4668 3319 4722 et
3348 4658 3798 4722 fundamentum

2140 4754 2461 4817 sacerdotii
2512 4756 2690 4817 situm
2734 4762 2898 4815 erat:
2930 4770 3005 4814 ne
3028 4751 3307 4833 probrum
3341 4749 3496 4810 istud
3531 4749 3590 4809 in
3621 4767 3800 4811 omne

2141 4843 2557 4919 (sacerdotum)
2583 4861 2775 4923 genus
2800 4839 3314 4914 transiret,(Deus)
3340 4837 3505 4899 illum
3534 4838 3689 4899 haud
3713 4836 3801 4898 si-

2142 4932 2267 4993 mili
2299 4934 2494 4994 aﬂ‘ecit
2524 4952 2717 5014 poena,
2753 4930 2857 4993 sed
2888 4948 2993 5010 per
3017 4947 3285 4991 sororem
3329 4946 3463 4989 eum
3498 4936 3802 5006 perterre-

2144 5021 2285 5089 fecit
2300 5021 2519 5102 pariter
2537 5041 2605 5084 ac
2618 5018 3038 5099 castigavitJla
3059 5018 3216 5079 enim
3240 5018 3318 5078 de
3338 5034 3510 5096 poena
3528 5015 3798 5097 (il/ariae)

2144 5109 2335 5171 doluit
2371 5132 2385 5173 :
2423 5111 2742 5192 siquidem,
2791 5127 2925 5171 cum
2958 5126 3087 5169 eam
3141 5105 3333 5186 prima
3382 5104 3667 5179 dedisset,
3703 5104 3804 5183 ip-

2146 5216 2213 5259 se
2241 5199 2459 5279 injuria
2486 5201 2763 5261 allectum
2818 5199 3144 5278 (Moysem)
3177 5194 3424 5275 rogavit,
3455 5202 3519 5254 ut
3568 5210 3675 5253 sua
3704 5192 3807 5253 in-

399 5292 586 5365 ττ,ρίαν
627 5291 1017 5368 προσήνεγκεν,
1067 5290 1203 5345 Εἶτα
1249 5291 1276 5344 6
1319 5286 1684 5367 φιλάνθρωπος
1744 5289 1926 5368 Κύριος
1959 5286 2051 5345 ἐδί-

2149 5288 2513 5350 tercessione
2547 5290 2766 5351 malum
2801 5288 3079 5369 pelleret.
3108 5283 3243 5364 Ipse
3289 5301 3428 5344 vero
3453 5284 3653 5369 (rem)
3686 5300 3805 5369 non

399 5372 573 5454 δαξεν,
630 5378 703 5442 ὡς
770 5377 830 5434 οὗ
890 5376 1345 5441 καταδικαστικῶς
1380 5376 1566 5452 αὒτήν,
1597 5375 1735 5433 ἀλλὰ
1792 5384 2051 5453 πατρικῶς

2151 5376 2547 5455 neglexit,sed
2582 5378 2777 5439 statim
2806 5368 3280 5457 supplicationes
3311 5371 3485 5433 fudit.
3509 5368 3680 5434 Unde
3694 5368 3808 5431 Do-

400 5461 731 5528 ἐπαίδευσεν.
771 5456 925 5547 ’Ἐφη
962 5467 1061 5546 γὰρ
1094 5485 1106 5499 ·
1171 5468 1230 5524 Εἰ
1289 5468 1316 5523 6
1373 5466 1551 5535 πατὴρ
1610 5466 1777 5532 αὖτῆς
1828 5466 2051 5541 ἐμπαίωη

2151 5466 2351 5527 minus
2398 5467 2709 5530 hominum
2742 5456 2950 5529 amans
2977 5458 3324 5533 declaravit,
3357 5458 3517 5539 quod
3550 5476 3669 5547 non
3701 5475 3805 5547 se-

399 5550 676 5612 ἑνέπαισεν
764 5545 874 5620 εἰς-
912 5558 975 5613 τὸ
1038 5545 1345 5634 πρόσωπον
1405 5554 1595 5635 αὐτῆς,
1650 5556 1744 5612 οὔκ
1802 5556 2051 5636 ἑντραπή·

2153 5554 2275 5617 veri
2300 5555 2547 5635 judicis,
2573 5556 2676 5620 sed
2694 5554 2886 5619 Patris
2908 5552 3095 5614 instar
3114 5566 3243 5612 eam
3276 5545 3675 5627 castigaverit.
3711 5546 3776 5607 Ai

477 5681 541 5732 ⁷6
566 5684 778 5747 Matth.
809 5699 897 5759 In,
935 5683 1034 5750 10.
1093 5684 1153 5732 ’Π
1184 5683 1326 5746 Luc.
1362 5699 1490 5753 xm,
1527 5682 1622 5747 19.
1683 5683 1747 5733 ⁷8
1773 5685 1952 5747 Rom.
1985 5701 2047 5761 ν,

2138 5685 2182 5749 ὶ.
2245 5684 2309 5736 79
2338 5685 2471 5750 Lib.
2502 5703 2545 5748 ιι
2574 5687 2806 5769 Antiq.,
2835 5702 2965 5765 cap.
3000 5681 3059 5743 5.
3114 5681 3185 5738 80
3216 5678 3393 5743 Num.
3427 5697 3533 5762 xu,
3573 5686 3595 5739 1
3629 5696 3804 5760 seqq.

473 5843 609 5925 (68)
651 5835 797 5903 "18s
828 5845 1049 5909 κόκκος.
1097 5845 1222 5908 Hoc
1258 5844 1652 5925 fragmentum
1680 5846 1802 5923 jam
1846 5844 2051 5909 Latine

2138 5844 2364 5910 diderat
2400 5846 2723 5911 Corderius
2751 5846 2814 5910 in
2844 5844 3085 5909 Catena.
