4148 6418
386 411 542 476 1265

1624 413 2097 476 FRAGMENTA
2141 414 2248 478 GN
2251 415 2542 481 OSTICA.
2644 496 2649 500 ἢ

3620 425 3778 492 1266

567 548 1042 626 Fragmentum
1073 545 1226 608 libri
1269 562 1449 610 xxm.
1482 580 1560 593 —
1588 546 1690 608 Ea:
1720 544 2071 610 Clementis
2094 542 2534 612 Alexandrini
2562 551 2937 618 Stromatum
2972 554 3079 617 lib.
3116 570 3204 637 1v,
3232 573 3392 637 pag.
3428 555 3567 621 506.

458 680 769 749 Βασιλείδης
813 679 867 738 δὲ
916 682 970 737 ἐν
1026 688 1105 757 τῷ
1162 684 1386 757 είκοστῷ
1444 683 1603 763 τρίτῳ
1643 689 1749 739 τῶν
1802 680 2038 759 Ἐξηγη-

2143 765 2156 770 _
2204 681 2494 770 Basilides
2516 692 2711 747 autem
2730 687 2789 748 in
2807 687 3092 750 vicesimo
3115 689 3297 751 tertio
3312 690 3783 770 Exegelicorum

373 771 559 851 τικῶν,
619 773 735 850 περὶ
805 776 912 827 τῶν
967 771 1106 827 κατὰ
1157 772 1217 827 τὸ
1277 772 1559 851 μαρτύριον
1638 770 2035 847 καλαζομὲνων,

374 864 567 924 αὐταῖς
597 858 767 927 λέξεσι
810 857 933 916 τάδε
976 858 1096 940 ἔχει
1131 875 1145 890 ⁸
1200 883 1230 914 ιι
1275 862 1424 936 Φημὶ
1450 862 1550 940 γὰρ
1578 862 1662 936 τὸ,
1696 860 1883 917 ὁπόσοι
1913 861 2039 915 ὑπο-

372 950 622 1007 πίπτουσι
666 963 793 1013 ταῖς
853 947 1169 1027 λεγομέναις
1235 948 1496 1026 θλίψεσιν,
1551 948 1671 1017 ἤτοι
1713 948 2037 1029 ἡμαρτηκό-

371 1060 461 1103 τες
516 1041 573 1094 ἓν
629 1036 813 1103 ἄλλοις
885 1036 1230 1101 λανθάνοντες
1304 1038 1651 1117 πταίσμασιν,
1741 1039 1814 1103 εἷς
1883 1039 2038 1094 τοῦτο

372 1126 591 1207 ἄγονται
632 1129 695 1184 τὸ
723 1128 918 1205 ἀγαθὸν
950 1127 1289 1207 χρηστότητι
1320 1135 1414 1185 τοῦ
1442 1128 1811 1207 περιάγοντος*
1846 1125 1982 1183 ἄλλα
2012 1123 2034 1166 ί

371 1216 428 1282 ἐξ
471 1214 651 1274 ἄλλων
682 1215 852 1281 ὅντως
895 1215 1301 1295 ἐγκαλούμενοι,
1354 1215 1447 1273 ἵνα
1492 1216 1569 1292 μὴ
1623 1218 1698 1279 ὡς
1754 1213 2034 1273 κατάδικοι

371 1305 460 1363 ἐπὶ
514 1319 708 1372 κακοῖς
780 1304 1231 1383 ὁμολογουμένοις
1288 1307 1493 1363 πάθωσι
1528 1322 1544 1338 ⁸
1586 1305 1721 1381 μηδὲ
1764 1303 2034 1383 λοιδορού-

372 1417 522 1471 μενοι
579 1396 654 1459 ὼς
703 1394 731 1450 ὃ
777 1395 976 1475 μοιχὸς
1020 1394 1057 1463 ἢ
1100 1397 1128 1451 ὃ
1162 1394 1372 1474 φονεὺς,
1420 1392 1539 1451 ἀλλ’
1598 1394 1678 1450 ὅτι
1735 1396 2034 1474 Χριστιανοὶ

370 1488 661 1565 πεφυκότες
697 1498 711 1515 ⁸
749 1481 878 1562 ὅπερ
908 1483 1095 1547 αὐτοὺς
1127 1484 1518 1563 παρῆγορήσει,
1551 1480 1579 1524 9
1635 1481 1771 1559 μηδέ
1799 1482 2034 1563 πάσχειν

371 1570 573 1633 δοκεῖν.
643 1569 753 1629 Κᾶν
795 1572 873 1647 μὴ
914 1573 1240 1649 ἡμαρτηκὼς
1300 1569 1347 1626 δ’
1406 1570 1545 1634 ὅλως
1579 1594 1659 1634 τις
1704 1570 1793 1628 ἐπὶ
1837 1573 1898 1628 τὸ
1929 1593 2034 1627 πα-

364 1663 491 1717 θεῖν
550 1658 797 1737 γένηται⁹
872 1661 1093 1717 σπάνιον
1178 1658 1297 1739 μὲν,
1361 1658 1480 1716 ἀλλ’
1541 1657 1656 1717 οὐδὲ
1713 1660 1863 1723 οὗτος
1920 1658 2039 1716 κατ’

371 1746 664 1816 ἐπιϐουλὴν
721 1746 996 1826 δυνάμεως
1063 1771 1113 1805 τι
1158 1749 1421 1830 πείσεται,
1478 1747 1616 1806 ἀλλὰ
1657 1751 1917 1828 πείσεται,
1965 1749 2038 1813 ὡς

370 1837 581 1918 ἔπασχε
607 1840 706 1894 καὶ
749 1839 811 1894 τὸ
840 1839 1034 1908 νήπιον
1082 1840 1143 1894 τὸ
1186 1836 1370 1896 δοκοῦν
1415 1842 1519 1918 οὐχ
1575 1838 1967 1915 ἡμαρτηκέναι.
2008 1859 2032 1895 ι

376 1924 494 1984 Εἶθ’
556 1923 781 2002 ὑποϐὰς,
816 1925 978 1984 πάλιν
1008 1925 1243 2006 ἐπιφέρει
1278 1946 1295 1962 ⁸
1333 1949 1361 1982 α
1397 1918 1489 1990 (Ως
1524 1929 1610 1983 οὖν
1656 1929 1718 1983 τὸ
1760 1928 1950 1997 νήπιον
1979 1924 2038 1981 οὒ

372 2016 819 2095 προημαρτηκὸς,
879 2017 915 2085 ἢ
957 2015 1182 2095 ἐνεργῶς
1241 2017 1341 2093 μὲν
1371 2020 1475 2096 οὔχ
1505 2017 1816 2094 ἡμαρτηκὸς
1860 2013 2029 2089 οὐδὲν,

371 2107 432 2161 ἓν
482 2105 652 2179 ἑαυτῷ
697 2102 803 2183 [τῷ
830 2102 876 2182 ³]
935 2102 991 2160 δὲ
1034 2107 1095 2162 τὸ
1152 2105 1452 2184 ἆμαρτῆσαι
1495 2104 1652 2185 ἕχον,
1713 2105 1843 2164 ἐπὰν
1898 2106 2037 2160 ὕπο-

373 2192 550 2270 ϐληθῇ
591 2197 670 2267 τῷ
710 2196 925 2269 παθεῖν,
988 2195 1345 2275 εὑεργετεῖταί
1398 2215 1481 2273 τε,
1539 2193 1715 2251 πολλᾶ
1763 2191 2038 2273 κερδαῖνον

372 2280 603 2338 δύσκολα
637 2300 652 2316 ⁸
702 2282 894 2339 οὑτωσὶ
946 2282 1034 2359 δὴ,
1081 2281 1180 2339 κᾶν
1234 2282 1438 2345 τέλειος
1484 2279 1651 2358 μηδὲν
1709 2282 2039 2360 ἡμαρτηκὼς

371 2370 515 2450 ἔργῳ
543 2371 711 2451 τύχῃ,
745 2371 938 2452 πάσχῃ
960 2370 1016 2428 δὲ
1073 2373 1163 2428 καὶ
1189 2372 1356 2448 πάθῃ,
1390 2370 1550 2431 ταύτὸ
1580 2369 1767 2427 ἔπαθεν
1796 2371 2040 2451 ἐμφερῶς

370 2466 451 2536 τῷ
479 2461 655 2534 νηπίῳ
683 2478 698 2494 ⁸
733 2458 879 2539 ἔχων
910 2460 1006 2537 μὲν
1035 2460 1089 2517 ἐν
1122 2461 1293 2537 ἑαυτῷ
1334 2462 1396 2517 τὸ
1421 2459 1810 2539 ἁμαρτητικὸν,
1870 2459 2042 2538 ἀφορ-

372 2550 481 2627 μὴν
524 2547 581 2605 δὲ
636 2549 767 2629 πρὸς
824 2550 884 2605 τὸ
940 2549 1312 2628 ἡμαρτηκέναι
1370 2550 1447 2625 μὴ
1495 2546 1695 2625 λαϐὼν,
1723 2548 1829 2628 οὔχ
1852 2548 2034 2627 ἡμάρ-

369 2659 531 2695 τανεν
567 2654 584 2670 ⁸
645 2636 780 2695 ὥστ’
811 2638 917 2719 οὐχ
968 2639 1111 2715 αὒτῷ
1152 2640 1213 2695 τὸ
1257 2639 1333 2715 μὴ
1390 2639 1695 2718 ἆμαρτῆσαι
1737 2635 2032 2715 λογιστέον,

377 2719 472 2793 Ὠς
523 2727 625 2805 γὰρ
683 2728 712 2784 ὁ
784 2733 1044 2807 μιχεῦσαι
1116 2726 1280 2785 θέλων
1342 2727 1541 2807 μοιχός
1609 2729 1746 2800 ἔστι,
1806 2723 1904 2782 κᾶν
1944 2731 2039 2782 τοῦ

373 2823 664 2896 μοιχεῦσαι
724 2816 801 2891 μὴ
852 2817 1111 2897 ἐπιτύχῃ,
1176 2818 1264 2872 καὶ
1319 2818 1347 2873 ὃ
1393 2818 1616 2883 ποιῆσαι
1673 2816 1830 2894 φόνον
1871 2812 2038 2871 θέλων

371 2903 691 2986 ἀνδροφόνος
721 2904 853 2980 ἐστὶ,
883 2904 981 2962 κᾶν
1007 2907 1085 2983 μὴ
1128 2904 1349 2973 δύνηται
1381 2911 1624 2986 φονεῦσαι
1660 2922 1675 2937 ⁸
1737 2903 1926 2960 οὖτωσὶ
1983 2901 2038 2959 δὲ

371 2995 461 3051 καὶ
513 2996 605 3050 τὸν
635 2994 1008 3073 ἀναμάρτητον
1038 2996 1097 3051 ὃν
1138 2993 1307 3074 λέγω,
1337 2994 1426 3051 ἐὰν
1459 2991 1560 3049 ἴδω
1588 2994 1893 3073 πάσχοντα,
1940 2990 2038 3052 κᾶν

378 3080 547 3158 μηδὲν
578 3082 614 3159 ᾗ
656 3084 821 3141 κακὸν
865 3084 1187 3165 πεπραχὼς,
1220 3085 1385 3142 κακὸν
1413 3082 1516 3163 ἐρῶ
1543 3087 1619 3157 τῷ
1646 3080 1816 3139 θέλειν
1858 3081 2038 3162 ἆμαρ-

375 3172 576 3235 τάνειν,
622 3170 786 3230 Πάντ’
817 3171 921 3253 ἐρῶ
962 3173 1062 3253 γὰρ
1133 3171 1360 3249 μᾶλλον,
1423 3172 1459 3241 ἢ
1507 3172 1671 3229 κακὸν
1699 3172 1760 3230 τὸ
1788 3183 2039 3249 προνοεῖν

2124 765 2199 827 de
2227 767 2301 830 iis
2330 772 2433 851 qui
2465 775 2744 855 martyrio
2778 776 3123 856 puniuntur,
3158 777 3252 841 his
3297 765 3493 841 verbis
3521 780 3647 841 haec
3679 778 3777 841 di-

2124 856 2204 946 cit
2227 876 2240 920 :
2274 883 2299 912 «
2321 858 2462 924 Dico
2495 863 3028 946 enim,quicunque
3048 866 3320 928 incidunt
3341 868 3401 928 in
3422 867 3518 929 dic
3533 875 3620 929 tas
3636 867 3784 929 afﬂi-

2124 944 2371 1035 ctiones,
2406 950 2608 1031 utique
2647 944 2777 1014 cum
2836 944 3250 1035 imprudentes
3282 955 3342 1016 in
3390 955 3505 1018 alia
3535 963 3783 1035 peccata

2123 1032 2272 1113 lapsi
2300 1035 2547 1116 fuerint,
2582 1041 2653 1101 ad
2690 1043 2802 1104 hoc
2825 1032 3046 1104 bonum
3071 1043 3474 1118 deducuntur,
3508 1032 3782 1123 benigni-

2123 1129 2239 1184 tate
2270 1128 2398 1201 ejus
2418 1128 2519 1207 qui
2539 1128 2802 1191 adducit.
2829 1131 2947 1194 Sed
2972 1131 3216 1194 omnino
3240 1132 3414 1195 aliam
3438 1132 3513 1195 ob
3538 1151 3779 1195 causam

2118 1209 2178 1270 in
2206 1214 2303 1291 jus
2356 1224 2658 1298 vocantur,
2688 1238 2761 1280 ne
2804 1220 3103 1299 patiantur
3143 1229 3207 1282 ut
3229 1220 3458 1302 judicio
3516 1221 3780 1283 damnati

2119 1311 2367 1392 propter
2418 1324 2487 1367 ea
2517 1325 2645 1388 qua:
2678 1310 2831 1371 mala
2885 1328 3018 1372 esse
3048 1320 3273 1372 certum
3306 1318 3400 1374 est
3433 1330 3449 1392 ;
3486 1329 3681 1391 neque
3716 1318 3784 1372 ut

2121 1390 2273 1479 male
2303 1393 2611 1458 audientes
2642 1397 2891 1476 perinde
2921 1407 3095 1479 atque
3118 1398 3374 1474 adulter,
3414 1390 3499 1461 vel
3531 1390 3782 1460 homici-

2117 1477 2214 1549 da,
2246 1482 2349 1543 sed
2381 1483 2536 1564 quod
2569 1484 2686 1545 sint
2709 1495 2916 1548 natura
2940 1477 3259 1549 Christiani
3287 1508 3302 1547 :
3337 1487 3495 1564 quod
3531 1486 3773 1567 quidem

2119 1583 2221 1628 eos
2250 1569 2331 1631 ita
2360 1572 2681 1654 recreabit,
2719 1583 2776 1637 ut
2810 1593 2886 1636 ne
2915 1575 3230 1637 videantur
3257 1575 3501 1655 quidem
3535 1575 3677 1653 pati.
3712 1575 3778 1637 Si

2123 1675 2260 1719 vero
2290 1660 2348 1720 in
2379 1661 2659 1742 aliquem,
2694 1664 2793 1744 qui
2824 1666 3063 1727 omnino
3097 1684 3216 1726 non
3246 1663 3600 1745 peccaverit,
3636 1681 3780 1744 per-

2126 1748 2431 1826 pessiones
2454 1750 2819 1823 incumbant,
2851 1754 3004 1834 quod
3038 1753 3279 1835 quidem
3312 1762 3401 1816 est
3420 1771 3663 1829 rarum;
3702 1760 3778 1814 ta-

2124 1853 2263 1897 men
2294 1855 2371 1900 ne
2417 1838 2468 1900 is
2498 1840 2738 1920 quidem
2795 1841 3016 1922 aliquid
3053 1842 3330 1922 patietur,
3390 1861 3461 1903 ex
3493 1842 3714 1921 paratis
3744 1860 3780 1903 a

2059 1984 2098 2033 B
2125 1926 2467 2033 magistratu
2491 1928 2751 2033 insidiis,
2776 1929 2880 1991 sed
2908 1931 3159 2033 patietur
3176 1940 3244 2031 ut
3257 1949 3468 2033 passus
3485 1938 3580 2031 est
3602 1948 3773 2033 puer,

2120 2015 2218 2094 qui
2238 2016 2546 2078 videbatur
2562 2018 2710 2081 nihil
2730 2019 3313 2098 peccasse.»Deinde
3337 2019 3510 2100 paulo
3532 2018 3785 2081 inferius

2120 2103 2462 2185 subjungit:
2503 2131 2529 2163 ι
2566 2107 2727 2171 Sicut
2760 2125 2898 2187 ergo
2922 2126 3069 2188 puer
3097 2109 3390 2189 quiantea
3418 2126 3536 2169 non
3570 2124 3780 2187 pecca-

2121 2193 2335 2265 vit,aut
2364 2203 2496 2277 actu
2525 2195 2763 2277 quidem
2796 2196 2948 2259 nihil
2980 2195 3381 2277 peccavit,sed
3414 2194 3592 2277 habet
3622 2195 3696 2277 in
3715 2214 3783 2258 se

2125 2276 2408 2355 peccandi
2444 2275 2817 2356 potestatem,
2851 2275 2997 2338 cum'
3015 2277 3075 2337 in
3106 2276 3521 2358 perpessioues
3542 2275 3782 2339 incide-

2122 2363 2222 2436 rit,
2257 2364 2510 2426 afﬁcitur
2535 2365 2923 2438 beneﬁcio,ut
2943 2365 3043 2447 qui
3066 2365 3254 2428 multa
3271 2365 3536 2428 lucretur
3556 2365 3774 2428 ardua:

2124 2452 2206 2514 ita
2235 2456 2434 2535 etiam,
2469 2454 2519 2516 si
2543 2456 2843 2536 perfectus
2873 2473 3110 2536 quoque
3135 2453 3236 2536 qui
3266 2462 3397 2515 actu
3447 2453 3596 2515 nihil
3627 2452 3780 2516 forte

2122 2543 2477 2622 peccaverit,
2503 2545 2791 2623 patiatur
2820 2550 2878 2607 et
2899 2561 3106 2624 passus
3126 2542 3328 2618 fuerit,
3351 2560 3558 2623 passus
3581 2549 3670 2604 est
3690 2542 3779 2604 si-

2122 2629 2345 2692 militer
2374 2639 2551 2713 atque
2573 2651 2740 2713 puer;
2775 2631 2836 2693 in
2867 2651 2932 2694 se
2961 2631 3205 2713 quidem
3237 2631 3467 2693 habens
3493 2630 3785 2713 peccandi

2123 2728 2497 2799 potestatem,
2516 2731 2574 2785 et
2592 2728 2790 2783 tamen
2806 2740 2924 2783 non
2939 2728 3185 2802 accepta
3202 2720 3514 2783 occasione
3534 2738 3784 2802 peccan-

2121 2810 2203 2885 di,
2240 2828 2358 2871 non
2394 2811 2689 2891 peccavit:
2724 2810 2873 2872 adeo
2908 2818 2977 2872 ut
3004 2811 3117 2891 ipsi
3163 2816 3475 2891 acceptum
3505 2808 3780 2872 referen-

2122 2899 2262 2961 dum
2296 2918 2413 2961 non
2445 2899 2540 2975 sit,
2562 2899 2722 2980 quod
2748 2919 2863 2961 non
2884 2899 3239 2982 peccaverit.
3264 2898 3775 2972 Quemadmodum

2123 2989 2282 3049 enim
2333 2989 2435 3070 qui
2465 2989 2587 3051 vult
2633 2989 2990 3051 adulterium
3021 2988 3359 3069 admittere,
3404 2996 3494 3049 est
3520 2987 3784 3074 adulter,

2124 3078 2354 3140 etiamsi
2381 3097 2496 3140 non
2522 3086 2921 3160 consequatur
2935 3078 3218 3155 eﬂ‘ectus;
3246 3085 3306 3139 et
3328 3083 3503 3138 τις»
3531 3077 3635 3158 qui
3657 3076 3781 3138 vult

2123 3169 2344 3230 caedem
2379 3168 2598 3243 facere,
2632 3166 2955 3249 homicida,
2983 3166 3215 3229 etiamsi
3249 3184 3367 3228 non
3398 3165 3583 3247 possit
3611 3165 3778 3228 occi-

384 3259 505 3340 ἐρῶ.
537 3280 567 3320 ι
629 3262 748 3318 Εἶθ’
805 3259 1029 3342 ὑποϐὰς,
1087 3264 1175 3319 καὶ
1223 3262 1342 3342 περὶ
1382 3262 1476 3319 τοῦ
1530 3260 1714 3339 Κυρίου
1769 3257 2033 3340 ἄντικρυς,

2123 3258 2307 3320 dere:
2343 3256 2422 3319 ita
2446 3257 2623 3319 etiam
2684 3276 2819 3319 eum
2852 3275 3029 3338 quem
3060 3255 3194 3318 dico
3228 3273 3349 3317 non
3397 3272 3694 3336 peccasse,
3731 3263 3789 3325 si

383 3352 455 3413 ὡς
508 3351 624 3426 περὶ
683 3350 960 3430 ἀνθρώπου
989 3350 1134 3430 λέγει
1172 3365 1187 3382 ⁸
1228 3373 1258 3407 α
1304 3348 1432 3409 Ἐὰν
1482 3350 1686 3427 μέντοι,
1718 3348 2035 3429 παραλιπὼν

380 3438 593 3503 τούτους
625 3436 863 3506 ἅπαντας
904 3440 1027 3504 τοὺς
1071 3439 1288 3520 λόγους,
1331 3436 1490 3506 ἔλθης
1538 3440 1626 3496 ἐπὶ
1666 3440 1727 3495 τὸ
1776 3437 2041 3520 δυσωπεῖν

378 3549 472 3605 με,
504 3527 590 3584 διὰ
646 3528 948 3608 προσώπων
988 3517 1171 3606 τινῶν,
1233 3517 1282 3587 εί
1306 3529 1487 3609 τύχοι,
1532 3526 1705 3607 λέγων
1737 3544 1752 3559 ⁸
1792 3517 1849 3586 Ὀ
1894 3524 2045 3584 δεῖνα

378 3620 468 3674 οὖν
510 3616 771 3693 ἥμαρτεν,
831 3618 992 3675 ἔπαθε
1035 3620 1135 3698 γὰρ
1187 3621 1215 3676 ὁ
1244 3617 1397 3675 δεῖνα
1431 3637 1449 3655 ⁸
1481 3616 1569 3678 ἐὰν
1601 3616 1697 3693 μὲν
1727 3614 2040 3694 ἐπιτρέπῃς,

380 3706 485 3784 ἐρῶ
516 3724 534 3743 ⁸
582 3708 699 3787 Οὐχ
740 3705 945 3787 ἥμαρτε
987 3706 1108 3789 μὲν,
1138 3706 1323 3784 ὅμοιος
1353 3705 1408 3763 δὲ
1444 3711 1511 3776 ἦν
1540 3708 1617 3782 τῷ
1644 3706 1910 3785 πάσχοντι
1942 3727 2043 3771 νη-

379 3796 510 3871 πίῳ.
583 3797 643 3853 Εἰ
713 3794 894 3872 μέντοι
967 3795 1311 3878 σφοδρότερον
1368 3793 1642 3852 ἐκϐιάσαιο
1696 3796 1788 3850 τὸν
1857 3791 2039 3870 λόγον,

380 3884 505 3965 ἐρῶ,
552 3881 847 3964 ἄνθρωπον,
898 3883 1065 3943 ὅντιν’
1099 3885 1161 3941 ἂν
1204 3884 1503 3961 ὀνομάσης,
1556 3882 1829 3963 ἄνθρωπον
1872 3881 2040 3956 εἶναι,

380 3972 582 4030 δίκαιον
635 3972 691 4030 δὲ
748 3975 851 4031 τὸν
915 3976 1045 4031 Θεὸν
1083 3994 1096 4008 ⁸
1163 3974 1401 4053 Καθαρὸς
1456 3974 1557 4054 γὰρ
1630 3970 1819 4047 οὐδεὶς,
1865 3969 2043 4049 ὥσπερ

383 4063 508 4120 εἶπε
539 4084 647 4143 τις,
679 4063 785 4121 ἀπὸ
828 4062 1011 4141 ῥύπου.
1049 4085 1072 4119 ι

2120 3347 2325 3409 videro
2356 3346 2659 3428 quidpiam
2713 3345 2853 3427 pati,
2889 3345 3120 3407 etiamsi
3174 3344 3323 3406 nihil
3358 3343 3494 3405 mali
3550 3343 3780 3420 fecerit,

2125 3439 2343 3499 malum
2367 3437 2586 3513 dicam,
2608 3454 2677 3497 eo
2700 3435 2854 3517 quod
2887 3434 3030 3498 velit
3048 3452 3321 3516 peccare.
3346 3432 3592 3506 Quidvis
3624 3432 3783 3495 enim

2126 3527 2317 3588 dicam
2338 3527 2552 3605 potius,
2576 3542 2750 3606 quam
2775 3524 2990 3586 malam
3014 3521 3471 3604 providentiam.
3502 3545 3526 3577 ιι
3552 3520 3785 3584 Deinde

2126 3616 2398 3696 inferius,
2430 3622 2633 3694 aperte
2665 3631 2901 3694 quoque
2930 3613 3005 3673 de
3030 3612 3304 3674 .Domino
3336 3610 3482 3673 dicit
3509 3618 3787 3691 tauquam

2130 3705 2204 3767 de
2235 3705 2478 3765 homine
2502 3720 2515 3764 :
2540 3727 2565 3758 α
2600 3700 2704 3764 Sin
2726 3710 2923 3764 autem
2948 3702 3041 3763 his
3063 3701 3341 3763 omnibus
3364 3698 3782 3779 praetermissis

2125 3792 2360 3855 veneris
2391 3801 2454 3853 ut
2486 3809 2578 3851 me
2610 3790 2837 3871 pudore
2868 3790 3222 3864 confundas,
3256 3788 3561 3851 adducens
3590 3797 3784 3849 certas

2127 3899 2436 3964 personas,
2461 3879 2623 3941 verbi
2650 3898 2824 3940 causa
2849 3896 2863 3941 ξ
2890 3878 2998 3940 Hic
3021 3896 3162 3958 ergo
3189 3876 3476 3959 peccavit,
3505 3876 3601 3964 hic
3623 3877 3785 3938 enim

2126 3963 2215 4033 est
2246 3988 2451 4051 passus
2479 3989 2495 4045 ;
2528 3968 2576 4029 si
2609 3968 2910 4048 permittas
2931 3968 3195 4049 quidem,
3222 3965 3415 4028 dicam
3443 3985 3458 4025 :
3485 3963 3613 4026 Non
3638 3982 3784 4045 pec-

2125 4061 2275 4123 cavit
2304 4057 2570 4139 quidem,
2604 4057 2707 4119 sed
2740 4066 2867 4118 erat
2897 4056 3113 4118 similis
3146 4073 3356 4137 puero,
3389 4057 3488 4135 qui
3524 4053 3783 4135 patieba.

387 4159 504 4213 tur.
539 4149 657 4214 Sed
688 4150 740 4213 si
766 4151 1182 4215 vehementius
1212 4170 1450 4231 urgeas,
1482 4150 1701 4223 dicam,
1734 4165 2153 4233 quemcunque
2188 4149 2491 4211 hominem
2516 4145 2941 4222 nominaveris,
2976 4164 3113 4208 eum
3147 4164 3279 4207 esse
3315 4143 3645 4220 hominem,
3689 4144 3789 4224 ju-

383 4248 539 4302 stum
571 4247 767 4303 autem
797 4240 1027 4303 Deum:
1064 4242 1286 4307 Nullus
1331 4242 1497 4305 enim
1528 4246 1614 4303 est
1643 4238 1939 4321 mundus,
1972 4248 2036 4302 ut
2066 4240 2210 4303 dixit
2238 4238 2555 4319 quispiam,
2591 4254 2629 4298 α
2658 4235 2885 4303 sordet.
2929 4260 2952 4293 ι

381 4377 584 4441 Aliud
611 4375 924 4441 Basilidis
951 4376 1435 4458 fragmentum.
1470 4410 1551 4458 -_—_-
1579 4375 1684 4437 Ea:
1716 4373 2157 4458 Origenislib:
2187 4390 2224 4435 ν
2255 4369 2702 4458 Qomment._i_u
2747 4370 2941 4450 Epist.
2976 4371 3055 4435 ad
3076 4372 3283 4446 Rom,
3329 4385 3474 4451 cap.
3508 4383 3575 4448 v,
3623 4374 3782 4430 tom.

1475 4456 1531 4519 II
1556 4473 1712 4538 pag.
1746 4452 1889 4535 530,
1924 4454 2073 4517 edit.
2110 4452 2494 4516 Basileensis
2522 4453 2702 4515 1571.

465 4563 612 4644 Ego,
646 4564 1164 4647 iuquit(Pau1us),
1198 4573 1465 4628 mortuus
1498 4582 1631 4625 sum
1656 4581 1671 4626 :
1698 4559 2047 4642 cmpitenim
2068 4552 3792 4647 Dquit,Apostolus,quiaergovivebnmsinelegedliquan.

386 4653 533 4715 mihi
547 4654 673 4734 jam
690 4656 955 4735 reputari
985 4662 1291 4736 peccatum
1305 4653 1446 4718 .Sed
1464 4654 1591 4716 haec
1613 4649 1903 4717 Basilides
1922 4666 2044 4710 non

387 4742 705 4806 advertens
733 4744 809 4805 de
838 4745 970 4824 lege
995 4743 1255 4806 naturali
1283 4743 1507 4806 debere
1536 4737 1897 4821 intelligi,ad
1919 4737 2045 4799 ine-

382 4839 518 4912 ptas
539 4840 599 4894 et
626 4833 839 4912 impias
871 4832 1104 4895 fabulas
1119 4851 1462 4896 sermonem
1492 4829 1883 4912 apostolicum
1919 4834 2044 4888 tra—

2125 4649 2345 4712 dozhoc
2375 4654 2487 4717 est,
2523 4653 2846 4724 antequam
2874 4647 2938 4705 in
2962 4643 3122 4706 istud
3143 4660 3364 4725 corpus
3392 4641 3693 4709 venirem.
3726 4643 3794 4705 in

2126 4756 2255 4802 eam
2276 4736 2534 4817 speciem
2553 4734 2824 4814 corporis
2853 4734 3009 4806 visci,
3038 4750 3173 4814 quae
3189 4731 3297 4795 sub
3317 4732 3447 4813 lege
3471 4748 3595 4794 non
3615 4739 3793 4806 esset,

2124 4826 2366 4909 pecudis
2400 4823 2650 4906 sciliret,
2681 4827 2775 4887 vel
2805 4827 2963 4887 uvis.
3013 4823 3131 4885 Sed
3166 4841 3285 4885 non
3317 4822 3580 4902 respexit
3627 4820 3703 4883 ad
3733 4821 3793 4882 id

382 4921 490 4996 xit,
525 4920 589 4982 in
622 4921 1077 5003 Pythagoricum
1109 4922 1325 5003 dogma
1354 4945 1369 4981 :
1395 4921 1453 4983 id
1486 4927 1597 4993 est,
1632 4917 1792 5000 quod
1831 4915 2048 4978 animae
2132 4914 2288 4998 quod
2312 4914 2668 4994 sequitur,id
2696 4921 2785 4975 est
2806 4914 2945 4978 :Sed
2966 4913 3071 4976 ubi
3090 4913 3251 4975 venit
3271 4912 3796 4991 mandatum,pec-

381 5010 449 5073 in
476 5009 592 5073 alia
620 5019 799 5093 atque
838 5011 955 5075 alia
1001 5030 1254 5094 corpora
1298 5008 1787 5075 transfundantur
1831 5024 1903 5069 ex
1933 5005 2050 5067 hoc
2133 5014 2341 5072 catum
2372 5005 2599 5066 revixit
2631 5004 2685 5079 5,
2717 5011 2834 5065 etc.

384 5099 657 5183 Apostoli
685 5100 847 5165 dicto
878 5108 1129 5166 conatur
1157 5110 1452 5166 astruere.
1510 5098 1689 5164 Dixit
1731 5096 1920 5173 enim,
1951 5094 2051 5155 in-

1609 5290 2092 5359 FRAGMENTA
2135 5287 2474 5354 EPIPHAN
2481 5290 2570 5352 IS.

722 5433 827 5496 Ea:
859 5433 969 5499 lib.
1003 5439 1092 5502 De
1128 5435 1403 5519 justitia,
1434 5452 1543 5517 ap.
1592 5430 1983 5496 Clementem
2014 5422 2229 5503 Aleae,
2275 5423 2381 5487 lib.
2415 5440 2480 5487 III
2513 5426 2833 5507 Stromat.,
2863 5441 3017 5507 pag.
3052 5421 3168 5485 428
3198 5428 3258 5484 et
3283 5438 3456 5502 seqq.

475 5564 631 5644 Λέγει
678 5568 831 5631 οὗτος
880 5568 934 5625 ἐν
992 5578 1070 5647 τῷ
1132 5572 1258 5649 Περὶ
1300 5566 1658 5638 δικαιοσύνης,
1703 5561 1801 5631 τὴν
1844 5557 2055 5617 δικαιο-

2221 5555 2958 5638 Is(Epht'phanes)dicitin
2974 5555 3126 5618 libro
3136 5553 3483 5634 Dejmtilia
3494 5602 3504 5616 .
3512 5551 3801 5636 justitiam

473 5724 495 5769 ί
525 5725 703 5806 Lege,
738 5723 896 5788 ἀλλὰ.
985 5726 1017 5779 3
1042 5728 1240 5803 Adde,
1274 5729 1436 5790 ὥστε.
1523 5724 1551 5770 ³
1578 5721 1725 5789 Dele
1756 5719 1917 5783 hunc
1947 5724 2037 5781 art

2123 5716 2285 5781 Ilum.
2373 5717 2401 5762 ι
2431 5718 2538 5782 Job
2570 5735 2691 5797 xxv,
2725 5720 2784 5795 4,
2816 5720 2983 5800 juxta
3041 5716 3191 5783 LXX
3299 5718 3332 5769 ⁵
3391 5716 3569 5780 Rom.
3602 5730 3702 5789 vn,
3736 5712 3798 5778 9.
