4148 6430
351 407 504 471 1267
1250 406 1641 470 APPENDIX
1686 407 1788 469 AD
1831 401 2172 479 QUINQUE
2237 399 2527 462 lRENxEI
2570 398 2860 461 LIBROS.
3591 391 3752 456 4268

1336 545 1474 598 italo
1493 533 2248 598 oommunionem.Am3vnv
2301 540 2394 590 τοῦ
2437 540 2568 590 Θεοῦ
2635 531 2913 591 κοινωνίαν
2969 530 3087 588 τινα
3129 534 3270 588 εἶναι
3323 531 3442 598 μετ’
3475 531 3749 598 ἰσότητος.

349 545 455 607 Dei
483 564 617 608 esse
640 546 955 628 quamdam
981 564 1116 608 cum
1139 545 1474 626 aequalitate
1493 544 1978 606 communionem

357 657 381 692 ι
418 635 664 714 Equale
685 635 926 714 quidem
951 642 1114 696 certe
1139 635 1356 698 coelum
1379 634 1987 714 undequaqueexten‘

2111 533 2248 601 nivnv
2301 540 2394 590 τοῦ
2437 540 2568 590 Θεοῦ
2635 531 2913 591 κοινωνίαν
2969 531 3087 588 τινα
3129 534 3270 588 εἶναι
3323 531 3442 606 μετ’
3475 531 3749 598 ἰσότητος.

2111 647 2117 661 ν
2156 612 2312 686 ’Ὶσὸς
2341 645 2404 702 γε
2423 644 2506 679 τοι
2537 623 2874 702 πανταχόθεν
2904 619 3137 686 ἐκταθεὶς
3169 621 3411 698 οὖρανὸς,
3442 619 3628 694 κύκλῳ
3655 621 3749 689 τὴν

357 657 381 692 ι
418 652 664 715 [isquale
685 652 926 717 quidem
951 652 1114 696 certe
1139 652 1356 698 costum
1379 652 1995 714 unuequaqueexten-

357 742 504 777 sum-
539 732 716 777 totam
762 732 978 777 terram
1009 724 1264 777 oireuitu
1316 741 1424 777 suo
1455 722 1910 777 complectitur:
1948 730 1995 777 et

2111 652 2117 661 ’
2198 652 2310 686 [σος
2341 652 2404 702 γε
2423 652 2506 679 τοι
2537 652 2874 702 παπαχυυεν
2904 652 3136 686 ικιῐιυιις
3169 652 3411 698 υυρανυς,
3443 652 3628 694 κυλΛψ
3655 652 3749 689 ἰην

2111 714 2191 777 (ἦν
2234 710 2472 777 περιέγει
2527 716 2702 767 πᾶσαν
2736 729 2751 744 ·
2799 711 2886 766 καὶ
2935 709 3139 773 πάντας
3181 709 3218 777 ἡ
3249 705 3336 773 νὺξ
3379 707 3568 775 ἐπίσης
3625 707 3749 764 ἐπι-

350 742 506 805 sum,
539 732 718 786 totam
762 732 978 785 terram
1009 724 1266 787 circuitu
1316 741 1424 785 suo
1455 722 1910 804 complectitur:
1948 738 1988 785 ei

351 831 464 874 nox
513 832 584 874 ex
619 832 785 876 renuo
815 814 1018 874 stellas
1072 831 1282 874 omnes
1317 812 1607 874 ostendit:
1657 817 1716 874 et
1744 811 1865 873 diei
1896 831 1988 872 au-

2115 722 2191 777 νῆν
2234 722 2472 790 περιέχει
2527 722 2702 767 πᾶσαν
2736 729 2751 744 ·
2799 722 2886 766 καί
2935 722 3139 773 πάντας
3181 722 3218 777 ὴ
3249 722 3336 773 νυς
3379 722 3568 775 επίσης
3625 722 3750 764 επι-

2115 799 2347 856 ἰείκνυται
2378 800 2498 861 τοὺς
2555 798 2776 876 ἀστέρας
2809 817 2825 834 ⁸
2875 799 2967 854 τὸν
2996 795 3051 854 δέ
3083 802 3181 864 τῆς
3213 796 3415 876 ἡμέρας
3447 795 3622 854 αἴτιον
3665 798 3753 853 καὶ

351 831 464 874 nox
513 832 584 874 ex
619 832 785 894 aequo
815 814 1018 874 stellas
1072 831 1282 874 omnes
1317 812 1607 874 ostendit:
1657 817 1716 874 et
1744 812 1865 873 diei
1896 831 1989 872 au-

351 910 576 942 nini-nm
612 913 667 942 ni
696 904 842 942 Ιηιιςο
873 912 1098 942 ποι-,πη
1154 903 1337 942 οηιωη
1389 901 1543 942 “nunc
1580 921 1646 942 av
1673 902 1785 942 ailn
1819 920 1980 942 ωηιιο

2113 812 2347 856 ἱείκνυται
2378 812 2498 861 τους
2555 812 2776 878 ἀστέρας
2809 817 2825 834 ⁸
2875 812 2967 854 τὸν
2996 812 3051 854 σε
3083 812 3181 864 της
3213 812 3415 876 ἡμέρας
3447 812 3622 854 αιτιον
3665 812 3751 853 καί

2113 886 2296 942 τατέοα
2349 893 2443 942 τοῦ
2498 889 2694 942 (τρωτὸς.
2755 885 2932 942 ἰίιλιον.
2981 889 3009 942 ὁ
3081 887 3210 942 Θεὸς
3268 883 3480 942 ἐξέγεεν
3551 883 3751 942 ἄνωθεν

351 910 578 965 ctorem
612 885 842 968 etlucis
873 912 1124 985 patrem,
1153 903 1362 978 solem,
1389 901 1546 964 Deus
1579 921 1648 964 ex
1671 902 1786 965 alto
1817 920 1986 983 aequa

351 991 468 1051 lem
499 993 734 1051 diﬂ'udit
763 1011 945 1051 super
962 1001 1177 1051 terram
1213 994 1270 1051 iu
1303 1009 1512 1051 omnes
1541 991 1643 1051 aui
1664 1001 1908 1051 possunt
1929 991 1989 1051 vi

2111 886 2296 967 πατέρα
2349 893 2443 945 τοῦ
2498 889 2694 968 φωτὸς,
2755 885 2932 965 ἥλιον,
2981 889 3009 942 ὁ
3081 887 3210 949 Θεὸς
3268 885 3480 966 ἐξέχεεν
3551 885 3749 942 ἄνωθεν

2111 973 2212 1031 ἴσον
2257 977 2344 1032 ἐπὶ
2399 977 2500 1051 γῆς
2564 973 2728 1032 ἅπασι
2773 987 2890 1037 τοῖς
2947 972 3164 1051 βλέπειν
3220 971 3552 1049 δυναμένοις·
3615 975 3664 1030 οἱ
3694 971 3749 1028 δέ

351 991 468 1053 lem
499 993 734 1054 diffudit
763 1011 945 1074 super
962 1001 1177 1055 terram
1213 994 1270 1054 iu
1303 1009 1512 1054 omnes
1541 991 1643 1072 qui
1663 1001 1908 1072 possunt
1929 991 1989 1053 vi

351 1080 496 1142 dere
528 1081 633 1156 (illi
664 1091 860 1143 autem
892 1099 1100 1142 omnes
1131 1080 1525 1142 communiter
1552 1079 1804 1161 vident),
1853 1099 1989 1162 quo-

2108 991 2212 1031 ίσον
2259 991 2344 1032 επι
2399 997 2500 1054 γης
2564 991 2728 1032 ἅπασι
2773 991 2890 1037 τοῖς
2947 991 3164 1051 βλεπειν
3220 991 3552 1049 ουναμενοις·
3615 991 3664 1030 οι
3694 991 3746 1028 οε

2108 1070 2242 1140 ιοινῇ
2297 1065 2490 1128 πάντες
2545 1063 2828 1142 βλέπουσιν
2863 1080 2876 1092 ·
2925 1061 3040 1120 ἐπεὶ
3071 1063 3149 1140 μὴ
3191 1060 3440 1142 διακρίνει
3471 1063 3746 1142 πλούσιον,

351 1080 496 1142 dere
528 1081 633 1156 (illi
664 1091 860 1143 autem
892 1099 1100 1142 omnes
1131 1080 1525 1142 communiter
1552 1080 1804 1161 vident),
1853 1099 1989 1162 quo-

351 1169 510 1230 niam
544 1190 660 1230 non
691 1170 983 1230 discernit
1011 1170 1276 1230 divitem.
1310 1169 1400 1230 vel
1433 1169 1874 1230 oauoerem-vel
1908 1188 1989 1230 oo-

2111 1086 2242 1140 ιοινῃ
2297 1080 2490 1128 πάντες
2545 1080 2828 1142 βλέπουσιν
2863 1080 2876 1092 ·
2925 1080 3040 1120 ἐπεί
3071 1086 3149 1140 μη
3191 1080 3440 1142 οιακρίνει
3471 1080 3747 1142 πΛοῡσιον,

2111 1155 2123 1222 ἱ
2174 1152 2400 1228 πένητα,
2471 1154 2508 1222 ἢ
2566 1151 2736 1228 δήμου
2792 1150 3053 1230 ἄρχοντα,
3099 1149 3328 1230 ἄφρονάς
3381 1172 3439 1208 τε
3497 1151 3585 1206 καὶ
3625 1151 3749 1214 τοὺς

351 1169 510 1231 niam
535 1154 660 1233 non
691 1170 983 1233 discernit
1011 1170 1276 1243 divitem,
1310 1169 1400 1230 vel
1433 1154 1989 1250 pauperem,vel'po-

351 1259 472 1303 nuli
510 1260 838 1303 nrinninnm
873 1259 1224 1303 inciniantpn
1254 1270 1306 1303 at
1332 1258 1630 1303 caninntac
1661 1258 1914 1303 faminnu
1947 1269 1989 1303 nl

2107 1155 2123 1222 ³.
2174 1154 2400 1228 πένητα,
2471 1154 2508 1222 ἢ
2566 1154 2736 1228 δήμου
2792 1154 3053 1232 ἄρχοντα,
3099 1154 3328 1230 ἄφρονάς
3381 1172 3439 1208 τε
3497 1154 3585 1206 καὶ
3625 1154 3745 1214 τοὺς

2107 1249 2428 1303 φρονοῦντας.
2488 1241 2729 1303 θηλείας.
2787 1239 3034 1303 ἄρσενας,
3107 1239 3433 1303 ἒλευθέρους.
3480 1237 3698 1303 δούλους
3731 1253 3745 1268 ⁶

350 1259 475 1341 puli
510 1259 1224 1340 principem,insipientes
1254 1241 1922 1339 etsapientes,feminas
1947 1270 1988 1320 el

350 1349 667 1410 masculos.
695 1349 942 1410 liberos.
965 1367 1168 1410 servos
1198 1369 1214 1410 :
1239 1347 1344 1409 sed
1373 1366 1564 1410 neuue
1577 1366 1750 1410 secus
1774 1348 1913 1410 facit
1941 1349 1988 1410 ir

2113 1249 2428 1318 ιρονοῦντας,
2488 1241 2729 1322 θηλείας,
2787 1241 3034 1320 ἄρσενας,
3107 1241 3433 1318 ἐλευθέρους,
3480 1241 3698 1303 δούλους
3731 1253 3746 1268 ⁸

2113 1329 2203 1388 ιλλ⁹
2265 1329 2380 1390 οὐδέ
2423 1337 2528 1388 τῶν
2559 1329 2773 1408 ἀλόγων
2814 1330 2958 1410 παρὰ
3005 1335 3164 1386 τοῦτο
3194 1342 3434 1386 ποιεῖται
3475 1349 3552 1388 τι.
3615 1333 3751 1384 Πᾶσι

349 1349 667 1429 masculos,
695 1349 942 1423 liberos,
965 1367 1168 1410 servos
1198 1369 1214 1423 ;
1239 1347 1344 1409 sed
1373 1366 1564 1428 neque
1577 1366 1750 1410 secus
1774 1348 1913 1410 facit
1941 1349 1987 1410 ir

350 1437 562 1497 brutis.
617 1441 760 1497 Cum
805 1447 1003 1497 autem
1057 1438 1117 1497 in
1147 1437 1344 1497 omnia
1378 1438 1723 1497 animantia.
1758 1437 1914 1497 bona
1945 1455 1987 1497 ei

2109 1347 2200 1388 ιΛΛ”
2265 1347 2380 1390 οὐδε
2423 1353 2528 1388 των
2559 1347 2773 1408 ἀλόγων
2814 1351 2958 1410 παρα
3005 1351 3164 1386 τουτο
3194 1347 3434 1386 ποιεῖται
3475 1349 3552 1388 τι.
3615 1347 3747 1384 nam

2109 1421 2142 1476 ἱέ
2201 1418 2390 1487 ἐπίσης
2447 1433 2566 1484 τοῖς
2624 1420 2780 1491 ζώοις
2838 1419 3016 1476 κοινὸν
3077 1417 3232 1477 αὖτόν
3283 1415 3481 1497 ἐκχέας
3528 1415 3747 1497 ἄνωθεν,

350 1437 562 1500 brutis.
617 1441 760 1503 Cum
805 1447 1003 1500 autem
1057 1438 1117 1499 in
1147 1437 1344 1499 omnia
1378 1438 1723 1514 animantia,
1758 1437 1914 1501 bona
1945 1452 1988 1502 e1

351 1529 604 1590 mala-ex
623 1545 793 1590 aauuo
811 1529 1003 1590 ipsum
1026 1527 1726 1590 communem'diﬂ‘lderit
1749 1529 1988 1590 :ﬁrman

2109 1437 2142 1476 με
2201 1437 2390 1487 επίσης
2447 1437 2566 1484 τοῖς
2624 1437 2780 1491 ζώοις
2838 1437 3016 1476 κοινον
3077 1437 3232 1477 αὐτον
3285 1437 3481 1497 εκχεας
3528 1437 3747 1497 ανωυεν,

2109 1512 2308 1588 ιγαθοῖς
2352 1531 2410 1566 τε
2463 1511 2542 1566 κεὶ
2592 1508 2836 1590 φαύλοις,
2869 1506 3205 1576 δικαιοσύνην
3234 1505 3485 1584 ἐμπεδοῖ,
3519 1503 3747 1582 μηδενὸς

351 1529 604 1609 mala,ex
623 1545 793 1608 aequo
811 1529 1003 1608 ipsum
1026 1527 1726 1604 communemjdiﬂ‘lderit
1749 1529 1989 1594 :ﬁrman

351 1634 416 1678 ac
445 1616 692 1678 solidam
728 1617 908 1678 efﬁcit
938 1616 1246 1678 iustitiam.
1293 1635 1428 1677 cum
1460 1635 1635 1678 nemo
1663 1617 1847 1678 possit
1875 1617 1989 1678 olus

2107 1527 2308 1588 ιγαυοῖς
2352 1531 2410 1566 τε
2463 1527 2542 1566 κει
2592 1527 2836 1590 φαυΛοις,
2869 1527 3205 1576 οικαιοσυνην
3234 1527 3485 1584 εμπεοοῖ,
3519 1527 3745 1582 μηοενος

2107 1598 2373 1675 ῑυναμένου
2425 1598 2615 1656 πλεῖον
2658 1597 2829 1678 ἔχειν,
2892 1595 3028 1674 μηδέ
3079 1597 3416 1677 ἀφαιρεῖσθαι
3460 1598 3550 1652 τὸν
3598 1594 3745 1661 πλε,-

347 1634 416 1678 ac
445 1616 692 1678 solidam
728 1617 908 1678 efﬁcit
931 1616 1246 1697 justitiam,
1293 1635 1428 1677 cum
1460 1635 1635 1678 nemo
1663 1617 1847 1697 possit
1875 1617 1985 1698 plu:

347 1705 589 1766 habere.
625 1723 822 1766 neuue
845 1706 1079 1766 auferre
1109 1725 1142 1766 a
1171 1705 1536 1766 proximo-ut
1562 1704 1690 1766 inse
1721 1707 1880 1766 illius
1911 1708 1985 1766 lui

2101 1616 2373 1675 ιυναμενου
2425 1616 2615 1656 πλεῖον
2659 1616 2829 1678 εχειν,
2892 1616 3028 1674 μηοε
3079 1616 3416 1677 αφαιρεῖσυαι
3460 1617 3550 1652 τον
3598 1616 3739 1661 πιαι-

2101 1689 2222 1764 τίιν,
2264 1685 2338 1743 ἵν’
2397 1689 2553 1753 αὐτὸς
2609 1689 2670 1744 τὸ
2738 1687 2982 1744 κάκείνου
3037 1693 3148 1766 φῶς
3206 1684 3556 1748 διπλασιάσας
3609 1683 3739 1763 ἔχῃ,

347 1705 589 1781 habere,
625 1723 822 1787 neque
845 1706 1079 1768 auferre
1109 1725 1142 1768 a
1171 1705 1536 1787 proximo,ut
1562 1705 1690 1786 ipse
1721 1707 1880 1768 illius
1911 1708 1985 1769 lui

348 1813 480 1856 cem
507 1793 721 1856 habeat
743 1795 1130 1857 duolicatam.
1155 1792 1256 1857 Sol
1275 1793 1412 1854 facit
1432 1793 1712 1854 omnibus
1731 1795 1985 1856 animan-

2101 1705 2222 1764 τίεν,
2266 1705 2335 1743 ἰν·
2397 1705 2553 1753 αυτὸς
2609 1705 2670 1744 το
2738 1705 2982 1744 κακεινου
3037 1707 3148 1766 φώς
3206 1705 3556 1748 οιπΑασιασας
3611 1706 3739 1763 εχῃ,

2101 1766 2292 1841 μΗλιος
2349 1777 2530 1839 κοινὰς
2574 1776 2771 1857 τροφὰς
2823 1775 2976 1847 ζώοις
3009 1773 3202 1832 ἅπασιν
3233 1771 3538 1830 ἀνατέλλειν
3566 1770 3614 1852 δ,
3659 1771 3739 1827 δι-

348 1813 480 1856 cem
507 1793 721 1856 habeat
743 1795 1130 1875 duplicatam.
1155 1792 1256 1857 Sol
1275 1793 1412 1854 facit
1432 1793 1712 1854 omnibus
1731 1795 1986 1856 animan-

348 1883 511 1932 tibus
535 1885 873 1932 communia
905 1883 1120 1932 exoriri
1155 1882 1531 1932 nutrimenta-
1570 1883 1868 1932 nnmmimi
1911 1884 1986 1932 in.

2130 1792 2292 1841 ΗΛιος
2349 1792 2530 1839 κοινας
2574 1797 2771 1857 τροφας
2823 1792 2976 1847 ζώοις
3009 1792 3202 1832 απασιν
3233 1792 3538 1830 ανατεΛΛειν
3566 1792 3614 1852 υ,
3659 1792 3740 1827 οι-

2103 1867 2372 1932 ιαιοσύνης
2427 1886 2484 1921 τε
2537 1866 2634 1931 τῆς
2663 1869 2845 1932 κοινῆς
2873 1862 3074 1926 ἅπασιν
3105 1862 3290 1929 ἐπίσης
3322 1859 3557 1927 δοθείσης
3595 1879 3607 1893 ·
3654 1861 3741 1916 καὶ

347 1883 511 1944 tibus
535 1885 876 1944 communia
905 1883 1123 1945 exoriri
1155 1883 1535 1956 nutrimenta,
1570 1883 1872 1946 communi
1900 1884 1985 1964 ju-

347 1971 509 2032 stilia
535 1990 608 2032 ex
644 1991 812 2032 mauo
847 1973 983 2032 data
1041 1971 1356 2032 omnibus:
1385 1980 1445 2032 et
1472 1971 1543 2032 ad
1587 1991 1655 2032 ea
1711 1992 1842 2032 oua:
1869 1992 1978 2032 sun

2099 1883 2372 1932 καιοσυνης
2427 1886 2484 1921 τε
2537 1887 2634 1931 της
2663 1885 2845 1932 itotan
2873 1885 3074 1926 απασιν
3105 1883 3290 1929 επισης
3322 1883 3557 1927 οουεισης
3595 1883 3607 1893 ·
3654 1883 3737 1916 και

2099 1955 2163 2017 εἷς
2219 1956 2285 2010 τὰ
2354 1955 2566 2011 τοιοῦτα
2619 1955 2758 2030 βοῶν
2781 1952 2931 2032 γένος
2956 1953 3154 2029 ὁμοίως
3184 1953 3380 2030 γίνεται
3411 1953 3484 2015 ὡς
3517 1951 3567 2006 αἱ
3595 1949 3737 2026 βόες’

347 1971 509 2034 stitia
535 1990 608 2035 ex
644 1991 812 2053 aequo
847 1973 983 2034 data
1041 1971 1356 2034 omnibus:
1385 1980 1445 2033 et
1472 1971 1543 2034 ad
1587 1991 1655 2033 ea
1711 1992 1842 2054 quae
1869 1992 1978 2034 sun

347 2061 688 2121 huiusmodi
717 2061 997 2121 similiter
1013 2081 1076 2121 se
1109 2061 1288 2121 habet
1310 2079 1496 2121 genus
1518 2061 1697 2121 boum
1717 2071 1778 2121 ut
1800 2063 1979 2121 boves

2101 1971 2163 2017 είς
2219 1971 2285 2010 τα
2354 1975 2566 2011 τοιουτα
2619 1971 2758 2030 μοων
2781 1975 2931 2032 γενος
2956 1971 3154 2029 ομοίως
3184 1971 3380 2030 γίνεται
3411 1971 3484 2015 ως
3517 1971 3567 2006 αι
3595 1971 3737 2026 ροες-

2101 2045 2176 2100 ιαὶ
2219 2043 2380 2118 συῶν,
2413 2045 2486 2107 ὡς
2517 2045 2565 2099 οἱ
2613 2045 2731 2106 σύες
2769 2060 2782 2074 ·
2833 2043 2922 2099 καὶ
2949 2039 3253 2121 προϐάτων,
3284 2041 3356 2106 ὼς
3383 2039 3450 2095 τὰ
3478 2037 3739 2117 πρόϐατα,

347 2061 688 2141 hujusmodi
717 2061 997 2124 similiter
1013 2081 1076 2124 se
1109 2061 1288 2124 habet
1310 2079 1496 2140 genus
1518 2061 1697 2123 boum
1717 2071 1778 2124 ut
1800 2063 1979 2126 boves

350 2157 409 2208 et
437 2168 610 2208 suum
643 2159 706 2208 ut
765 2169 917 2208 sues-
976 2159 1034 2208 et
1087 2151 1282 2208 ovium
1337 2159 1401 2208 ut
1453 2169 1614 2208 oves.
1664 2162 1724 2208 ut
1775 2153 1985 2208 reliou:

2103 2066 2176 2100 ιαι
2219 2065 2380 2118 συων,
2413 2061 2486 2107 ώς
2517 2061 2565 2099 οι
2613 2061 2731 2106 συες
2769 2061 2782 2074 ·
2833 2061 2922 2099 και
2949 2061 3253 2121 προοατων,
3284 2061 3356 2106 ως
3383 2061 3450 2095 τα
3478 2061 3740 2117 προοατα,

2103 2135 2174 2190 ιαὶ
2217 2133 2283 2189 τὰ
2339 2131 2501 2190 λοιπὰ
2548 2130 2719 2189 πάντα
2753 2147 2767 2162 ⁸
2824 2130 3132 2197 δικαιοσύνη
3177 2129 3276 2208 γὰρ
3309 2128 3362 2184 ἐν
3394 2128 3582 2191 αὐτοῖς
3612 2126 3741 2183 ἀνα-

350 2157 409 2212 et
437 2168 610 2211 suum
643 2159 706 2211 ut
765 2169 918 2234 sues,
976 2159 1034 2213 et
1087 2151 1282 2212 ovium
1337 2159 1401 2212 ut
1453 2169 1614 2224 oves,
1664 2162 1725 2216 ut
1775 2153 1988 2234 reliqua

350 2237 568 2289 omnia,
601 2239 830 2289 Iustitia
892 2241 1050 2289 enim
1085 2239 1143 2289 in
1177 2239 1252 2289 iis
1281 2249 1525 2289 nnnarnt
1581 2242 1975 2289 communita:

2107 2151 2174 2190 ιαι
2217 2154 2283 2189 τα
2339 2151 2501 2190 Λοιπα
2548 2154 2719 2189 παντα
2753 2151 2767 2162 ·
2824 2151 3132 2197 οικαιοσυνη
3177 2151 3276 2208 γαρ
3309 2151 3362 2184 εν
3394 2151 3582 2191 αυτοις
3612 2151 3742 2183 ανα-

2107 2223 2322 2285 ραίνεται
2364 2220 2400 2289 ἡ
2445 2223 2693 2289 κοινότης
2754 2211 2996 2279 ’Ἔπειτα
3051 2219 3188 2276 κατὰ
3245 2218 3534 2283 κοινότητα
3574 2217 3745 2272 πάντα

349 2237 570 2300 omnia.
601 2239 836 2302 Justitia
892 2241 1050 2302 enim
1085 2239 1146 2300 in
1177 2239 1252 2300 iis
1281 2249 1526 2320 apparet
1581 2242 1987 2303 communitas.

349 2327 580 2390 Deinde
612 2347 722 2390 uer
761 2328 1250 2390 communitatem
1281 2329 1559 2390 similiter
1589 2330 1790 2390 omnia
1817 2331 1987 2390 semi-

2109 2237 2322 2301 ραίνεται
2364 2237 2400 2289 η
2445 2237 2693 2289 κοινοτης
2759 2237 2996 2279 Ἐπειτα
3051 2241 3188 2276 κατα
3245 2237 3534 2283 κοινότητα
3574 2237 3746 2272 παντα

2109 2312 2282 2387 ιμοίως
2327 2311 2464 2368 κατὰ
2507 2309 2658 2389 γένος
2705 2310 2970 2390 σπείρεται
3005 2327 3020 2342 ⁸
3068 2308 3236 2389 τροφή
3289 2327 3348 2363 τε
3390 2305 3543 2372 κοινὴ
3572 2305 3747 2386 χαμαὶ

349 2327 580 2392 Deinde
611 2347 722 2410 per
761 2328 1250 2392 communitatem
1281 2329 1559 2390 similiter
1589 2330 1790 2392 omnia
1817 2331 1987 2393 semi-

349 2428 567 2470 nanlnr
595 2419 922 2470 secundum
947 2437 1134 2470 orti-mm
1163 2436 1361 2470 suum:
1396 2426 1454 2470 P-l
1481 2437 1800 2470 rnmmmm
1823 2421 1976 2470 ﬂllll‘i

2104 2327 2282 2387 ιμοιως
2327 2327 2464 2368 κατα
2507 2327 2658 2389 γενος
2705 2327 2970 2390 σπείρεται
3005 2327 3020 2342 ⁸
3068 2327 3236 2389 τροφη
3289 2327 3348 2363 τε
3390 2327 3543 2372 κοινη
3572 2327 3742 2386 χαμαι

2104 2401 2397 2470 νεμομένοις
2455 2399 2661 2457 ἀνεῖται
2705 2407 2834 2457 πᾶσι
2887 2412 3004 2461 τοῖς
3053 2400 3294 2470 κτήνεσι,
3321 2397 3406 2452 καὶ
3436 2401 3596 2452 πᾶσιν
3625 2394 3742 2450 ἐπί-

347 2428 567 2478 nanlur
595 2419 922 2480 secundum
947 2437 1134 2498 genus
1163 2436 1362 2494 suum;
1396 2426 1454 2479 et
1481 2437 1800 2481 commune
1822 2421 1977 2482 nutri

349 2513 614 2568 mentum
649 2507 1004 2568 permissum
1019 2517 1109 2568 est
1129 2507 1294 2568 humi
1330 2508 1985 2568 nascentibusiumenti:

2104 2423 2397 2477 νεμομενοις
2455 2419 2661 2457 ανεῖται
2705 2422 2834 2457 πασι
2887 2419 3004 2461 τοῖς
3053 2419 3294 2470 κτηνεσι,
3321 2419 3406 2452 και
3436 2419 3596 2452 πασιν
3625 2419 3742 2450 επι-

2104 2512 2212 2562 mc,
2269 2487 2434 2550 οὐδενὶ
2477 2489 2627 2566 νόμῳ
2675 2487 3008 2568 κρατουμένη
3043 2503 3058 2516 ·
3102 2492 3162 2563 τῇ
3191 2483 3246 2541 δέ
3277 2485 3418 2564 παρὰ
3445 2491 3538 2541 τοῦ
3567 2481 3742 2540 διδόν-

349 2513 614 2568 mentum
647 2507 1004 2588 permissum
1019 2517 1109 2569 est
1129 2507 1294 2569 humi
1329 2508 1706 2586 pascentibus
1715 2509 1987 2589 jumenti:

349 2593 648 2658 omnibus.
697 2604 756 2658 et
777 2597 1052 2658 omnibus
1083 2615 1151 2658 ex
1177 2616 1346 2658 aeauo
1375 2615 1388 2658 :
1424 2605 1625 2658 utoote
1653 2598 1808 2658 auod
1843 2600 1987 2658 nulla

2105 2512 2212 2562 mc,
2269 2507 2434 2550 ουοενι
2477 2507 2627 2566 νόμῳ
2675 2509 3008 2568 κρατουμενη
3043 2507 3058 2516 ·
3102 2509 3162 2563 τῃ
3191 2507 3246 2541 οε
3277 2507 3418 2564 παρα
3445 2507 3538 2541 του
3567 2507 3743 2540 οιοον-

2105 2602 2177 2644 τος
2245 2579 2590 2642 κελεύσαντος
2661 2579 2895 2658 χορηγίᾳ
2968 2575 3262 2656 συμφώνως
3309 2571 3476 2630 ἅπασι
3535 2571 3743 2630 δικαιο-

347 2593 648 2671 omnibus,
697 2604 756 2658 et
777 2597 1052 2659 omnibus
1083 2615 1151 2658 ex
1177 2616 1346 2678 aquo
1375 2615 1388 2659 :
1424 2605 1625 2678 utpote
1653 2598 1808 2678 quod
1843 2600 1985 2662 null:

348 2685 478 2743 lege
509 2683 1025 2743 circumscriptum
1057 2685 1154 2743 sit.
1209 2687 1342 2743 eius
1372 2697 1568 2743 autem
1601 2688 1702 2743 aui
1731 2687 1910 2743 donat
1936 2708 1985 2743 ac

2107 2602 2177 2644 τος
2245 2593 2590 2642 κελευσαντος
2661 2593 2895 2659 χορηγίᾳ
2968 2593 3262 2656 συμφώνως
3309 2595 3476 2630 απασι
3535 2593 3744 2630 οικαιο-

2107 2670 2218 2736 τύνη
2270 2679 2532 2743 παροῦσα.
2610 2665 2760 2726 Ἀλλ’
2807 2665 2922 2724 οὐδέ
2977 2666 3044 2721 τὰ
3098 2668 3196 2731 τῆς
3252 2661 3510 2743 γενέσεως
3581 2662 3745 2738 νόμον

348 2685 478 2763 lege
509 2683 1025 2766 circumscriptum
1057 2685 1154 2762 sit,
1209 2687 1342 2766 ejus
1372 2697 1568 2748 autem
1601 2688 1702 2768 qui
1731 2687 1910 2749 donat
1936 2708 1986 2750 at

348 2772 514 2836 iubet
539 2772 1347 2836 liberalitate.convenienter
1369 2775 1522 2836 adsit
1549 2775 1986 2836 omnibusiusti-

2102 2683 2218 2736 τύνη
2270 2683 2532 2749 παροῦσα.
2614 2683 2759 2726 Ἀλλ’
2807 2683 2922 2724 oues
2977 2687 3044 2721 τα
3098 2685 3196 2731 της
3252 2683 3510 2743 γενεσεως
3581 2683 3740 2738 νομον

2102 2757 2205 2836 ἔχει
2261 2756 2630 2836 γεγραμμένον
2664 2775 2678 2788 ·
2742 2755 3050 2836 μετεγράφη
3095 2754 3195 2832 γὰρ
3239 2750 3301 2808 ἂν
3337 2770 3353 2786 ·
3390 2751 3660 2830 σπείρουσι
3689 2749 3740 2808 δέ

340 2772 514 2852 jubet
539 2772 1347 2854 liberalitate,convenienter
1369 2775 1522 2836 adsit
1549 2775 1825 2838 omnibus
1831 2777 2004 2856 justi-
2088 2772 2205 2870 ἕλιξι
2261 2772 2630 2858 γεῖρπμμενον
2664 2775 2678 2788 ’
2742 2772 3050 2836 μετεγραφη
3095 2774 3195 2832 γαρ
3239 2774 3301 2860 αρ’
3337 2772 3353 2786 ⁸
3390 2772 3664 2862 σπξφ⁰⁰⁶ί
3689 2772 3741 2808 οε

348 2861 449 2916 tia-
483 2861 595 2916 Sed
630 2881 824 2916 neuue
844 2882 974 2916 num
994 2863 1066 2916 ad
1090 2864 1532 2916 generationem
1567 2874 1852 2916 sne-etant-
1891 2867 2000 2916 ha-
2085 2870 2174 2904 και
2210 2869 2464 2916 γεννωσιν
2507 2845 2719 2916 ἐπίσης,
2773 2847 3058 2903 κοινωνίαν
3113 2843 3214 2898 ὑπὸ
3260 2861 3594 2906 οικαιοσυνης
3641 2861 3741 2916 εμ-

348 2861 449 2925 tia.
483 2861 597 2924 Sed
629 2881 824 2945 neque
844 2882 974 2945 qua}
994 2863 1068 2926 ad
1090 2864 1532 2944 generationem
1567 2874 1856 2945 spectant,
1891 2867 1986 2928 ha-

348 2950 492 3012 bent
521 2956 798 3012 scrintam
824 2953 1040 3012 leuem.
1073 2953 1413 3012 essetenim
1444 2953 1666 3012 abolita
1690 2975 1704 2989 ·
1743 2975 1810 3012 ex
1834 2975 1986 3012 mam

2103 2861 2174 2904 ιαί
2210 2869 2464 2927 γεννωσιν
2507 2861 2719 2918 ἐπίσης,
2773 2861 3058 2903 κοινωνίαν
3113 2861 3214 2898 οπο
3260 2861 3594 2906 οικαιοσυνης
3641 2861 3741 2916 εμ-

2103 2959 2244 3012 ρυτον
2287 2937 2534 3012 ἔχοντες.
2583 2941 2746 3012 Κοινῇ
2793 2941 2954 2992 πᾶσιν
3007 2931 3194 2998 ἐπίσης
3225 2927 3496 3009 ὀφθαλμὸν
3554 2931 3628 2994 εἰς
3682 2930 3741 2985 τὸ

345 2950 492 3012 bent
521 2956 798 3032 scriptam
824 2953 1040 3034 legem,
1073 2953 1413 3016 essetenim
1444 2953 1666 3016 abolita
1690 2975 1704 2989 ·
1743 2975 1810 3018 ex
1834 2975 1983 3037 aeqm

345 3047 542 3101 antem
567 3041 864 3102 seminant
893 3059 1104 3102 omnes
1134 3050 1190 3102 el
1211 3043 1815 3102 generant-habentes
1837 3044 1978 3102 inua

2099 2959 2244 3017 ρυτον
2287 2950 2534 3016 έχοντες.
2583 2950 2746 3012 Κοινῇ
2793 2950 2954 2992 πᾶσιν
3007 2950 3194 2998 επισης
3225 2950 3496 3009 οφυαΛμον
3554 2950 3628 2994 εις
3682 2950 3737 2985 το

2099 3025 2299 3083 Ξλέπειν
2345 3029 2372 3082 ὁ
2415 3025 2649 3092 ποιητὴς
2691 3045 2750 3080 τε
2793 3025 2882 3080 καὶ
2923 3022 3100 3100 πατὴρ
3143 3018 3378 3093 πάντων,
3432 3015 3737 3094 δικαιοσύνῃ

345 3047 542 3101 antem
567 3041 864 3102 seminant
893 3059 1104 3103 omnes
1134 3050 1190 3104 el
1211 3043 1815 3122 generant.babentes
1837 3044 1978 3105 inua

345 3138 459 3188 tam
491 3149 525 3188 a
555 3131 786 3188 iustitia
809 3133 1318 3188 communionem-
1355 3132 1436 3188 Ex
1469 3151 1638 3188 renuo
1665 3135 1983 3188 communi.

2099 3041 2299 3083 ΞΛεπειν
2345 3041 2372 3082 ο
2415 3041 2649 3092 ποιητης
2691 3045 2750 3080 τε
2793 3041 2882 3080 καί
2923 3042 3100 3100 πατηρ
3143 3041 3378 3093 παντων,
3432 3041 3737 3094 οικαιοσυνῃ

2099 3115 2447 3188 νομοθετήσας
2504 3120 2572 3188 τῇ
2619 3110 2742 3188 παρ’
2805 3114 2984 3186 αὐτοῦ,
3046 3109 3344 3188 παρέσχεν,
3376 3106 3434 3163 οὔ
3479 3104 3737 3186 διακρίνας

343 3138 459 3190 tam
491 3149 525 3192 a
547 3131 786 3211 justitia
809 3133 1318 3194 communionem.
1355 3132 1438 3195 Ex
1469 3151 1638 3213 aequo
1665 3135 1967 3196 communi

343 3227 436 3280 ter
464 3220 741 3282 omnibus
774 3221 1010 3282 oculum
1042 3221 1112 3282 ad
1137 3221 1460 3282 videndum
1494 3230 1726 3282 creator
1753 3231 1810 3282 et
1841 3233 1981 3282 nate;

2103 3131 2447 3190 νομοθετήσας
2504 3136 2572 3190 τῃ
2619 3131 2739 3193 παρ’
2805 3131 2984 3186 αὐτου,
3046 3131 3344 3188 παρεσχεν,
3376 3131 3434 3163 ου
3479 3131 3738 3186 οιακρινας

2103 3202 2306 3274 ὶήλειαν
2371 3200 2604 3282 ἅρρενος,
2671 3202 2729 3259 οὗ
2781 3200 2997 3279 λογικὸν
3053 3198 3274 3278 ἀλόγου,
3347 3197 3435 3253 καὶ
3505 3193 3741 3262 καθάπαξ

342 3227 436 3280 ter
464 3220 741 3283 omnibus
774 3221 1010 3282 oculum
1042 3221 1112 3282 ad
1137 3221 1460 3283 videndum
1494 3230 1726 3284 creator
1753 3231 1810 3284 et
1841 3233 1980 3304 pate;

343 3309 639 3365 omnium-
674 3329 781 3365 sua
811 3310 1032 3365 iustitia
1083 3311 1274 3365 legem
1307 3311 1528 3365 ferens.
1563 3311 1848 3365 nrmbnit:
1887 3333 1980 3365 nm

2098 3220 2306 3274 ἈηΛειαν
2371 3220 2604 3282 ἀρρενος,
2671 3220 2729 3259 ου
2782 3220 2997 3279 Λογικον
3053 3220 3274 3278 αΛογου,
3347 3220 3435 3253 και
3505 3220 3736 3262 κασαπας

2098 3289 2290 3357 »ὒδενὸς
2321 3289 2466 3348 οὐδέν
2501 3310 2518 3324 ·
2580 3291 2789 3358 ἰσότητι
2850 3288 2905 3345 δέ
2961 3290 3050 3345 καὶ
3104 3285 3373 3353 κοινότητι
3427 3285 3642 3365 μερίσας
3674 3287 3736 3343 τὸ

343 3309 640 3385 omnium,
674 3329 781 3372 sua
803 3310 1032 3390 justitia
1083 3311 1274 3390 legem
1307 3311 1529 3382 ferens,
1563 3311 1849 3392 praebuit;
1887 3333 1981 3375 non

343 3397 694 3458 discernens
753 3399 1035 3458 feminam
1067 3418 1100 3458 a
1131 3400 1419 3458 masculo.
1459 3417 1574 3458 non
1635 3399 1693 3458 id
1725 3403 1881 3458 ouod
1915 3421 1979 3458 es

2101 3309 2290 3357 ιυοενος
2321 3309 2466 3348 ουοεν
2501 3310 2518 3324 ·
2583 3309 2789 3358 ίσοτητι
2850 3309 2905 3345 οε
2961 3309 3050 3345 και
3104 3309 3373 3353 κοινοτητι
3427 3309 3642 3365 μερισας
3674 3309 3737 3343 το

2101 3379 2300 3437 Βλέπειν
2355 3381 2551 3456 ὁμοίως
2615 3379 2690 3436 ἐνὶ
2743 3376 3030 3455 κελεύματι
3099 3382 3227 3433 πᾶσι
3281 3375 3622 3455 κεχάρισται,
3680 3377 3739 3432 0i

341 3397 694 3460 discernens
753 3399 1035 3460 feminam
1067 3418 1100 3459 a
1131 3400 1420 3473 masculo,
1459 3417 1574 3462 non
1635 3399 1693 3462 id
1725 3403 1881 3482 quod
1915 3421 1979 3464 es

341 3487 588 3548 rationis
622 3488 921 3549 narticens
953 3497 1103 3548 ιω
1148 3487 1220 3549 ab
1274 3498 1518 3549 exnerte
1550 3490 1818 3549 rationis-
1855 3501 1911 3549 et
1943 3512 1976 3549 υ

2101 3397 2300 3437 βλεπειν
2355 3397 2551 3456 ομοίως
2615 3397 2690 3436 ενι
2743 3397 3030 3455 κεΛευματι
3099 3397 3227 3433 πασι
3281 3397 3622 3455 κεχαρισται,
3680 3397 3739 3432 υι

2101 3469 2241 3545 νόμοι
2281 3467 2359 3545 δέ,
2407 3472 2590 3549 φησὶν,
2651 3468 2938 3549 ἀνθρώπων
2994 3466 3218 3544 ἀμαθίαν
3252 3463 3490 3536 κολάζειν
3524 3464 3603 3540 μὴ
3645 3463 3739 3520 δυ-

341 3487 588 3548 rationis
622 3488 921 3569 particeps
953 3497 1103 3548 85!
1148 3487 1220 3550 ab
1274 3498 1518 3570 experte
1550 3490 1818 3565 rationis,
1855 3501 1911 3552 et
1943 3512 1976 3553 υ

341 3575 526 3638 semel
558 3576 780 3639 dicam.
815 3577 1041 3638 nullum
1071 3595 1105 3639 a
1135 3577 1331 3639 nullo.
1363 3578 1694 3639 aeaualitate
1724 3589 1920 3639 autem
1945 3598 1978 3639 e

2099 3491 2241 3545 νομοι
2281 3487 2359 3545 οε,
2407 3487 2590 3551 φησιν,
2651 3487 2938 3549 ανθρώπων
2994 3487 3218 3544 αμαυιαν
3252 3487 3490 3536 κοΛαςειν
3524 3487 3603 3540 μη
3645 3487 3737 3520 ου-

2099 3559 2328 3636 νάμενοι,
2358 3571 2689 3639 παρανομεῖν
2746 3554 2976 3622 ἐδίδαξαν
3012 3575 3026 3590 ·
3073 3558 3108 3624 ἡ
3140 3555 3240 3634 γὰρ
3269 3552 3466 3622 ἱδίοτης
3495 3557 3600 3610 τῶν
3643 3554 3737 3611 νό-

341 3575 526 3638 semel
558 3576 780 3652 dicam,
815 3577 1041 3638 nullum
1071 3595 1105 3639 a
1135 3577 1331 3654 nullo,
1363 3578 1694 3658 aequalitate
1724 3589 1920 3641 autem
1945 3598 1978 3642 e

341 3664 764 3721 communitate
795 3666 986 3721 visum
1016 3666 1296 3721 similiter
1353 3666 1648 3721 dividens-
1687 3687 1803 3721 uno
1835 3669 1976 3721 iussi

2103 3575 2328 3636 ναμενοι,
2358 3575 2689 3639 παρανομεῖν
2746 3575 2976 3622 εοιοαζαν
3012 3575 3026 3590 ·
3073 3575 3108 3624 η
3140 3577 3240 3634 γαρ
3271 3575 3466 3622 ιοιοτης
3495 3576 3600 3610 των
3643 3575 3738 3611 vo-

2103 3670 2199 3704 ιων
2240 3649 2336 3718 τὴν
2391 3650 2669 3706 κοινωνίαν
2713 3654 2808 3705 τοῦ
2849 3649 2986 3704 θείου
3043 3645 3207 3721 νόμου
3237 3642 3495 3719 κατέτεμε
3522 3645 3610 3701 καὶ
3636 3666 3741 3702 πα-

340 3664 764 3727 communitate
795 3666 987 3728 visum
1016 3666 1296 3728 similiter
1353 3666 1650 3746 dividens,
1687 3687 1803 3729 uno
1825 3669 1978 3748 jussu

340 3753 620 3812 omnibus
642 3763 728 3812 est
758 3755 1026 3812 lartzitus.
1078 3757 1267 3812 Leges
1296 3765 1517 3812 autem-
1553 3755 1742 3812 innuit
1776 3757 1978 3812 (Isido-

2103 3670 2199 3704 ιων
2240 3664 2336 3718 την
2391 3664 2669 3706 κοινωνίαν
2713 3669 2808 3705 του
2849 3664 2986 3704 θείου
3043 3668 3207 3721 νομου
3237 3665 3495 3719 κατετεμε
3522 3664 3610 3701 και
3636 3666 3741 3702 πα-

2103 3739 2340 3812 ιατρώγει
2379 3757 2394 3772 ο
2430 3740 2510 3812 μὴ
2542 3740 2732 3802 συνιεὶς
2763 3739 2824 3795 τὸ
2860 3744 2952 3794 τοῦ
2985 3733 3315 3794 Ἀποστόλου
3343 3735 3527 3812 ῥητὸν,
3561 3733 3741 3812 λέγον-

340 3753 620 3816 omnibus
642 3763 728 3816 est
758 3755 1026 3835 largitus.
1077 3757 1267 3836 Leges
1296 3765 1517 3828 autem,
1553 3755 1742 3837 inquit
1776 3757 1978 3838 (Isido-

340 3846 493 3904 rus).
554 3863 690 3904 cum
725 3847 1030 3904 hominum
1089 3847 1480 3904 ignorantiam
1543 3848 1832 3904 castigare
1881 3869 1978 3904 nm

2099 3753 2340 3818 ιατρώγει
2379 3757 2394 3772 ⁵
2430 3753 2510 3816 μη
2542 3753 2732 3802 συνιείς
2763 3753 2824 3795 τὸ
2860 3759 2952 3794 του
2990 3753 3315 3794 Ἀποστολου
3343 3753 3527 3812 ρητον,
3561 3753 3737 3812 Λεγον-

2099 3850 2172 3894 τος
2207 3846 2223 3864 ’
2287 3830 2386 3886 Διὰ
2445 3828 2610 3904 νόμου
2666 3829 2766 3896 τὴν
2835 3825 3092 3904 ἁμαρτίαν
3135 3823 3324 3904 ἔγνων.
3393 3825 3464 3880 Τὸ
3507 3821 3556 3880 τ’
3611 3823 3737 3899 έμὸν

338 3846 493 3925 rus),
554 3863 690 3907 cum
725 3847 1030 3908 hominum
1089 3847 1480 3926 ignorantiam
1543 3848 1832 3928 castigare
1879 3869 1976 3912 no:

340 3943 606 3994 nossent.
631 3944 838 3994 contra
863 3936 1022 3994 leues
1034 3936 1232 3994 facere
1255 3937 1588 3994 docuerunt
1613 3954 1626 3994 ε
1654 3937 1814 3994 leges
1838 3938 1976 3994 enin

2100 3850 2172 3894 τος
2207 3846 2223 3864 ’
2287 3846 2386 3886 Δια
2445 3846 2610 3906 νόμου
2666 3851 2766 3896 την
2835 3846 3092 3904 αμαρτιαν
3137 3847 3324 3904 εγνων.
3403 3846 3464 3880 ιο
3507 3847 3538 3880 τ
3611 3846 3738 3899 εμον

2100 3919 2173 3975 ιαὶ
2213 3920 2275 3974 τὸ
2307 3921 2400 3975 σὸν
2433 3921 2562 3994 φησὶ
2617 3917 2701 3974 διὰ
2748 3917 2855 3974 τῶν
2887 3917 3063 3993 νόμων
3091 3912 3456 3994 παρεισελθεῖν
3494 3933 3508 3947 ³
3546 3912 3738 3989 μηκέτι

340 3943 606 4017 possent,
631 3944 838 3997 contra
863 3936 1232 4016 legesfacere
1255 3937 1588 3998 docuerunt
1613 3954 1626 3999 :
1654 3937 1814 4018 leges
1838 3938 1978 4001 enin

343 4023 580 4086 privata;
636 4032 696 4086 et
748 4025 1079 4086 peculiares
1136 4025 1557 4086 dissecuerunt
1611 4027 1824 4086 divinae
1853 4029 1978 4086 legi:

2099 3936 2173 3975 ιαι
2213 3940 2275 3974 το
2307 3936 2400 3975 σον
2433 3936 2562 4001 φησι
2617 3936 2701 3974 οια
2748 3939 2855 3974 των
2887 3936 3063 3993 νομων
3091 3936 3456 3994 παρεισεΛσειν
3494 3936 3508 3947 ·
3546 3936 3737 3989 μηκετι

2099 4008 2477 4076 εἷς’κοινότητα
2512 4025 2524 4038 ⁸
2575 4008 2728 4066 κοινά
2757 4029 2816 4064 τε
2845 4007 2945 4086 γὰρ
2991 4002 3392 4085 καρπουμένων,
3445 4003 3583 4079 μήτε
3613 4001 3737 4082 γῆν,

343 4023 580 4104 privata)
636 4032 696 4086 et
745 4025 1079 4106 peculiares
1136 4025 1557 4089 dissecuerunt
1611 4027 1824 4090 divinae
1853 4029 1981 4108 legi:

343 4114 842 4178 communionem.
877 4121 936 4176 et
955 4113 1354 4177 abroserunt:
1392 4133 1510 4176 non
1542 4114 1884 4178 intelligens
1915 4118 1974 4178 di

2103 4023 2158 4071 ιίς
2187 4023 2477 4076 κοινότητα
2512 4025 2524 4038 ⁸
2575 4023 2728 4066 κοινά
2757 4029 2816 4064 τε
2845 4028 2945 4086 γαρ
2991 4025 3392 4085 καρπουμένων,
3445 4023 3583 4079 μητε
3613 4025 3738 4082 γην,

2103 4098 2224 4168 ιήτε
2280 4099 2554 4174 κτήματα,
2601 4096 2739 4154 ἀλλὰ
2787 4095 2922 4174 μηδέ
2952 4095 3124 4174 γάμον
3159 4112 3173 4126 ·
3207 4098 3362 4169 κοινῇ
3417 4093 3518 4171 γὰρ
3547 4089 3741 4149 ἅπασιν

339 4114 842 4191 communionem,
877 4121 936 4176 et
955 4114 1354 4177 abroserunt:
1392 4133 1510 4176 non
1542 4114 1884 4196 intelligens
1915 4118 1974 4178 di

339 4208 496 4248 nium
517 4201 683 4248 parili
717 4202 998 4248 dinnntic'
1031 4203 1147 4248 Dor
1164 4203 1349 4248 lanam
1368 4214 1668 4248 nonrnlqlm
1686 4209 1974 4248 ρηηηηιιίἾ

2100 4114 2224 4168 ιητε
2280 4114 2554 4174 κτηματα,
2601 4114 2739 4154 «Mat
2787 4114 2922 4174 μηοε
2952 4116 3124 4174 γαμον
3159 4114 3173 4126 ·
3207 4114 3362 4169 κοινῃ
3417 4114 3518 4171 γαρ
3547 4114 3738 4149 απασιν

2100 4187 2307 4248 ἐποίησε
2361 4189 2454 4248 τὰς
2506 4185 2803 4248 ἀμπέλους.
2865 4184 2922 4242 α’ί
2955 4184 3034 4248 μη
3065 4184 3310 4248 στρουθὸν
3341 4183 3478 4248 μήτε
3502 4181 3738 4248 κλέπτην

338 4208 496 4262 ctum
517 4184 998 4277 Pauli,dicentis:
1027 4203 1147 4266 Per
1163 4203 1349 4285 legem
1365 4214 1672 4286 peccatum
1685 4184 1929 4288 cognovi
1945 4209 1974 4257 7

338 4293 408 4350 Et
440 4307 641 4350 meum
665 4295 728 4350 et
759 4299 932 4350 tuum
956 4291 1102 4350 dicit
1127 4293 1384 4350 subiisse
1417 4313 1524 4350 uer
1545 4293 1731 4350 leues.
1763 4297 1910 4350 adeo
1941 4317 1976 4350 u

2105 4187 2307 4254 ιποίησε
2361 4189 2454 4253 τὰς
2506 4185 2803 4264 ἆμπέλους,
2865 4184 2922 4242 α’ί
2955 4184 3034 4261 μη
3065 4184 3310 4260 στρουθὸν
3341 4184 3478 4258 μήτε
3502 4184 3739 4248 κλέπτην

2105 4279 2434 4350 ιπαρνοῦνται
2467 4296 2484 4312 ⁶
2519 4279 2606 4333 καὶ
2633 4279 2726 4333 τὸν
2757 4289 2908 4334 σῖτον
2939 4276 3098 4350 οὓτω,
3133 4277 3221 4331 καὶ
3249 4273 3368 4336 τούς
3401 4270 3589 4334 ἄλλους
3619 4291 3743 4349 καρο

336 4293 408 4354 Et
440 4307 641 4353 meum
665 4295 728 4354 et
759 4299 932 4354 tuum
956 4291 1102 4353 dicit
1127 4293 1384 4355 subiisse
1417 4313 1524 4374 per
1545 4293 1731 4374 leges,
1763 4297 1910 4358 adeo
1941 4317 1974 4358 υ

339 4396 447 4446 per
496 4397 595 4440 eas
641 4381 1038 4443 communiter
1086 4381 1210 4446 iam
1241 4382 1498 4446 amplius
1550 4402 1668 4446 non
1699 4384 1874 4446 liceat
1904 4386 1974 4446 iis

2100 4291 2434 4356 κπαρνοῡνται
2467 4296 2484 4312 ⁶
2519 4291 2606 4333 καί
2633 4291 2726 4333 τον
2757 4291 2908 4334 σῖτον
2939 4297 3098 4350 ουτω,
3133 4291 3221 4331 και
3249 4291 3368 4336 τους
3401 4291 3589 4334 αλιΛους
3619 4291 3738 4349 καρ·

2100 4370 2233 4432 τούς.
2303 4359 2364 4424 Ἠ
2423 4366 2477 4424 δὲ
2532 4368 2778 4424 κοινωνία
2860 4369 3322 4445 παρανομηθεῖσα,
3386 4365 3473 4419 καὶ
3525 4362 3591 4417 τα
3639 4367 3738 4429 τῆς

339 4396 447 4461 per
496 4397 595 4440 eas
641 4381 1038 4443 communiter
1085 4381 1210 4461 jam
1241 4382 1498 4463 amplius
1550 4402 1668 4446 non
1699 4384 1874 4446 liceat
1904 4386 1974 4446 iis

339 4486 471 4518 unm
504 4469 838 4518 communia
855 4477 992 4518 sunt
1021 4477 1174 4518 terra
1189 4471 1460 4518 vidnlinpt
1497 4473 1971 4518 nnccnccinnihnc

2096 4381 2233 4432 πούς.
2319 4381 2364 4424 Η
2423 4381 2477 4424 δε
2532 4381 2778 4424 κοινωνία
2860 4381 3322 4445 παρανομηθεῖσα,
3386 4381 3473 4419 και
3525 4383 3591 4417 τα
3639 4383 3734 4429 της

2096 4457 2358 4518 ζσότητος.
2421 4457 2670 4518 ἐγέννησε
2721 4457 3034 4518 θρεμμάτων
3085 4457 3172 4512 καὶ
3201 4460 3417 4518 καρπῶν
3474 4450 3734 4518 κλέπτην,

336 4457 471 4550 quae
504 4457 1972 4553 communiasunt,terravidelicet,possessionibus

336 4567 396 4620 et
427 4559 552 4620 iDso
585 4558 963 4620 matrimonio
985 4559 1096 4620 nti.
1121 4559 1286 4620 Fecit
1308 4561 1472 4620 enim
1504 4562 1656 4620 vites
1676 4564 1974 4620 communi

2104 4457 2358 4532 σότητος,
2421 4457 2670 4535 ἐγέννησε
2721 4457 3034 4535 θρεμμάτων
3085 4457 3172 4512 καὶ
3201 4460 3417 4535 καρπῶν
3474 4457 3735 4518 κλέπτην,

2101 4554 2259 4620 Κοινῇ
2303 4547 2472 4604 τοίννν
2532 4548 2560 4602 ὁ
2605 4547 2733 4611 Θεὸς
2789 4545 2997 4604 ἅπαντα
3038 4546 3294 4620 ἀνθρώπῳ
3348 4544 3602 4617 ποιήσας,
3651 4543 3739 4600 καὶ

335 4567 396 4622 et
427 4559 552 4638 ipso
585 4558 963 4621 matrimonio
985 4559 1096 4620 nti.
1121 4559 1286 4622 Fecit
1308 4561 1472 4623 enim
1504 4562 1656 4624 vites
1676 4564 1973 4624 communi

339 4655 438 4708 ter
463 4645 765 4708 omnibus.
801 4666 932 4708 una!
986 4666 1182 4708 neuue
1213 4668 1543 4708 passerem.
1579 4670 1772 4708 neuue
1817 4652 1973 4708 furen

2098 4558 2259 4624 Κοινῇ
2303 4558 2472 4604 τοίννν
2532 4558 2560 4602 ὸ
2605 4558 2733 4611 Θεὸς
2789 4558 2997 4604 ᾶπαντα
3038 4558 3294 4624 ἀνθρώπῳ
3348 4558 3602 4617 ποιήσας,
3651 4558 3736 4600 και

2098 4639 2150 4694 τὸ
2192 4635 2324 4705 θῆλυ
2351 4641 2430 4708 τῷ
2458 4635 2629 4708 ἆῤῥενι
2658 4643 2814 4708 κοινῇ
2872 4639 3207 4708 συναγαγὼν,
3240 4636 3328 4692 καὶ
3357 4633 3509 4692 πάνθ’
3541 4635 3736 4708 ὁμοίως

339 4635 765 4724 ῑθίοπιηὶὒιιε,
801 4666 932 4729 qua
986 4666 1182 4730 neque
1213 4668 1544 4730 passerem,
1579 4670 1772 4732 neque
1817 4652 1977 4712 furen

339 4744 660 4794 resuuunt:
689 4745 746 4794 et
775 4737 1141 4794 frumentum
1167 4737 1459 4794 similiter-
1485 4747 1543 4794 et
1571 4739 1722 4794 alios
1750 4739 1976 4794 fructus

2097 4639 2150 4694 τὸ
2192 4635 2324 4705 θῆλυ
2351 4641 2430 4711 τῷ
2458 4635 2629 4716 ἆῤῥενι
2658 4643 2814 4714 κοινῇ
2872 4639 3207 4717 συναγαγὼν,
3240 4636 3328 4692 καὶ
3357 4635 3509 4692 πάνθ’
3541 4635 3735 4708 ὁμοίως

2097 4729 2152 4783 τὰ
2193 4732 2304 4794 ζῶα
2347 4719 2641 4794 κολλήσας,
2686 4727 2784 4794 τὴν
2827 4724 3164 4794 δικαιοσύνην
3221 4727 3479 4794 ἐνέφηνεν
3537 4746 3735 4781 κοινω-

335 4744 660 4816 respuunt:
689 4745 746 4797 et
775 4737 1141 4800 frumentum
1167 4737 1462 4820 similiter,
1485 4747 1543 4800 et
1571 4739 1722 4801 alios
1750 4739 1973 4802 fructus

335 4823 565 4881 Violata
589 4829 785 4881 autem
811 4825 1152 4881 communio
1179 4838 1238 4881 et
1257 4827 1560 4881 manalitas
1581 4829 1787 4881 genuit
1813 4829 1973 4881 fnron

2101 4734 2152 4783 τὰ
2193 4734 2304 4798 ζῶα
2347 4734 2641 4807 κολλήσας,
2686 4734 2784 4794 τὴν
2827 4734 3164 4794 δικαιοσύνην
3221 4734 3479 4805 ἀνέφηνεν
3537 4746 3736 4781 κοινω-

2101 4816 2200 4872 νίαν
2243 4811 2360 4881 μετ’
2402 4814 2673 4881 ἰσότητος.
2737 4819 2797 4874 Οἱ
2840 4813 2894 4872 δέ
2936 4816 3215 4881 γεγονότες
3260 4814 3419 4881 οὕτω,
3453 4813 3552 4881 τὴν
3584 4810 3739 4868 συνά-

335 4823 565 4888 Violata
589 4829 785 4886 autem
811 4825 1152 4888 communio
1179 4838 1238 4889 et
1257 4827 1560 4907 aequalitas
1581 4829 1787 4908 genuit
1811 4829 1973 4890 furen

335 4931 620 4960 nor-anlm
646 4919 705 4960 at
735 4912 1031 4960 frnnlnnm
1092 4917 1238 4960 Num
1262 4933 1402 4960 nran
1428 4919 1585 4960 hanc
1608 4917 1968 4960 nnmmnniln

2086 4823 2200 4872 νίαν
2243 4823 2360 4890 μετ’
2402 4823 2673 4881 ἰσότητος.
2737 4823 2797 4874 Οἱ
2840 4823 2894 4872 δὲ
2936 4823 3215 4895 γεγονότες
3260 4823 3419 4894 οὕτω,
3453 4823 3552 4881 τὴν
3584 4823 3710 4868 συνα

2083 4925 2280 4960 νουσαν
2349 4905 2626 4960 κοινωνίαν
2693 4905 2793 4960 τὴν
2853 4906 3059 4960 γένεσιν
3105 4907 3274 4960 αὐτῶν
3330 4905 3711 4960 ἀπηρνήθησαν

335 4931 620 4993 pecorum
646 4919 706 4974 et
735 4912 1055 4976 fructuum.
1092 4917 1240 4977 Cum
1262 4905 1402 4995 ergo
1428 4905 1968 4979 Deus'communite

335 5001 538 5062 omnia
565 5000 811 5064 fecisset
864 5002 1114 5066 homini.
1151 5012 1209 5065 et
1235 5004 1519 5066 feminam
1551 5025 1684 5066 cum
1738 5006 1973 5066 maSCUit

2099 4925 2280 4984 γουσαν
2349 4905 2626 4961 κοινωνίαν
2693 4905 2793 4972 τὴν
2853 4906 3059 4985 γένεσιν
3105 4907 3274 4963 αὐτῶν
3330 4905 3735 4984 ἀπηρνήθησαν,

2099 4985 2184 5042 Καὶ
2219 4986 2396 5064 φησίν·
2439 5008 2466 5040 α
2501 4987 2560 5044 Εἰ
2590 4985 2714 5066 μίαν
2743 4985 3030 5066 ἀγόμενος,
3063 4985 3260 5066 ἐχέτω,
3295 4984 3597 5066 δυναμένων
3625 5007 3737 5042 κοιο

335 5001 538 5062 omnia
565 5000 811 5064 fecisset
864 5002 1114 5074 homini,
1151 5012 1209 5065 et
1235 5004 1519 5066 feminam
1551 5025 1684 5067 cum
1738 5006 1973 5068 masculi

337 5088 738 5148 cemmuniler
767 5090 1195 5148 coniunxisset-
1230 5103 1287 5148 et
1315 5094 1517 5148 omnia
1555 5095 1830 5148 similiter
1857 5095 1973 5148 ani.

2091 5000 2184 5042 Καί
2219 5000 2396 5064 φησίν·
2439 5008 2466 5040 α
2502 5000 2560 5044 Et
2590 5000 2714 5060 μίαν
2743 5000 3030 5066 ἀγόμενος,
3063 5000 3260 5066 εχετω,
3295 5000 3597 5060 δυναμένων
3625 5007 3729 5042 κοι‹

2091 5079 2272 5122 νωνεῖν
2305 5066 2576 5148 ἁπάντων,
2609 5065 2806 5148 ὥσπερ*
2819 5065 3057 5148 ἀπέφηνε
3087 5069 3154 5123 τὰ
3182 5065 3343 5124 λοιπὰ
3373 5073 3476 5148 τῷν
3502 5065 3676 5136 ζώων.
3701 5087 3729 5125 ι

337 5088 738 5152 cemmuniler
767 5090 1196 5174 conjunxisset,
1230 5103 1287 5154 et
1315 5094 1518 5155 omnia
1555 5095 1830 5158 similiter
1857 5095 1975 5158 ani-

339 5179 560 5222 mantia
593 5181 1048 5222 nnnainﬁnaccnl
1113 5182 1532 5222 rlnmnnchnuuit
1561 5184 1846 5222 {notitiam
1867 5204 1975 5222 nam

2097 5088 2214 5122 nove
2227 5088 2272 5122 ιν
2305 5088 2576 5142 απαντων,
2609 5088 2789 5202 ωσπερ
2819 5088 3057 5148 απεφηνε
3087 5089 3154 5123 τα
3182 5088 3343 5124 Λοιπα
3373 5089 3476 5122 των
3503 5088 3676 5136 ςωων.
3701 5088 3730 5125 ι

2097 5153 2255 5204 Γαῦτα
2311 5147 2472 5204 εἰπὼν
2529 5147 2666 5203 κατὰ
2723 5145 2754 5202 λ
2785 5145 2884 5222 ξιν,
2925 5146 3085 5204 πάλιν
3134 5148 3332 5222 ὁμοίως
3386 5146 3570 5211 αὐταῖς
3614 5161 3735 5208 ταῖς

338 5179 565 5242 mantia
593 5181 1080 5264 conglutinassel,
1113 5182 1538 5246 demonstravit
1551 5184 1846 5266 justitiam
1867 5204 1976 5247 εδει

338 5269 817 5306 ηητηπηιιηῖηηοηι
853 5288 988 5306 lnam
1018 5272 1351 5306 mannlitntn
1397 5273 1512 5306 n..:
1547 5282 1740 5306 uno...“
1765 5273 1850 5306 -:..
1874 5283 1969 5306 “-0

2099 5179 2255 5204 ιξιυιιῐι
2311 5179 2472 5204 ιιίιων
2531 5179 2666 5203 nihil.
2723 5179 2884 5228 Αιςιν,
2925 5179 3085 5204 παΛιν
3134 5179 3330 5222 υμυιως
3386 5179 3570 5211 αυιιιιι,
3614 5179 3678 5204 ’ῖλ
3694 5179 3734 5208 ,ς

2099 5224 2280 5306 ιέξεσιν
2338 5227 2625 5306 ἐπιφέρει·
2679 5245 2708 5285 (
2741 5227 2849 5295 Τὴν
2905 5228 3006 5306 γὰρ
3048 5229 3326 5304 ἐπιθυμίαν
3386 5227 3595 5285 εῧτονον
3649 5227 3737 5284 καὶ

334 5269 818 5331 communionem
852 5288 988 5332 cum
1016 5272 1372 5352 aequalitate.
1397 5273 1517 5346 Qui
1545 5282 1741 5336 autem
1765 5273 1851 5336 sic
1874 5283 1970 5336 nat

337 5365 473 5404 sunt
536 5359 976 5404 apnprntinnnm
1011 5379 1176 5404 ειιιιπι
1209 5379 1321 5404 mm
1350 5363 1701 5404 nnnnilintnr
1731 5383 1758 5404 ρ
1806 5382 1964 5404 mmn

2099 5269 2278 5291 ww...
2338 5269 2492 5290 ...ηιμ
2527 5269 2572 5283 ε.
2680 5269 2707 5285 ς
2751 5269 2847 5295 ...ν
2942 5269 2975 5284 ..ι
3051 5269 3197 5284 ...ην
3247 5269 3325 5284 ...ν
3386 5269 3593 5285 ..-ηπ-η
3651 5269 3737 5284 η...

2099 5269 2731 5388 ιφοδροτέρανέξεποίησε
2775 5269 2932 5404 ’τοῖςί
2975 5269 3180 5388 ἓῤῥεσιν
3201 5269 3308 5370 t“si:
3349 5310 3449 5378 τὴν
3477 5313 3584 5363 τῶν
3639 5327 3737 5404 γε·

337 5365 498 5431 sunt,
535 5359 978 5438 generationem
1010 5379 1176 5424 suam
1209 5379 1326 5443 qua
1350 5363 1701 5425 conciliatur
1731 5383 1763 5426 c
1806 5382 1975 5424 mmu

339 5446 455 5490 nin,
504 5447 936 5490 nhnoaaunrnnl
993 5471 1016 5490 ιι
1049 5449 1117 5490 Et
1147 5450 1290 5490 [linit
1319 5468 1332 5481 ο
1375 5475 1401 5490 ιν
1433 5451 1492 5490 εἰ
1529 5471 1702 5490 nan
1737 5451 1965 5490 Αιηιη-ἰθ

2157 5359 2204 5363 -_
2249 5359 2327 5363 η,
2457 5359 2726 5373 -.-.----,--
2797 5359 2902 5371 η-.
2977 5359 3006 5364 _
3074 5359 3173 5364 η-.
3237 5359 3308 5370 η,
3362 5359 3442 5378 ,,,-
3490 5359 3576 5363 Ψ.
3679 5359 3698 5363 ,

2099 5359 2181 5443 »ὧν
2210 5359 2527 5468 ξταράμονὴν
2564 5407 2578 5420 ο
2634 5387 2702 5454 ἢν
2732 5385 2850 5444 οὕτε
2881 5359 3065 5469 νόμοςςζ
3113 5389 3231 5446 οὕτε
3263 5388 3399 5462 ἔθος,
3447 5388 3566 5446 οὔτε
3609 5359 3737 5444 ἄλλο

2099 5488 2117 5490 -,
2213 5469 2240 5478 "’
2329 5468 2354 5488 ν
2548 5467 2562 5490 2
2622 5487 2646 5490 μ
2685 5468 2727 5490 I,
2836 5466 2885 5490 ΘΙ
3136 5477 3171 5490 Α
3243 5479 3262 5488 υ
3364 5473 3375 5487 \
3480 5469 3494 5486 9
3644 5467 3696 5490 δῖ

338 5446 461 5552 nio,
503 5447 964 5529 abnegaverunt.
993 5471 1016 5506 ι)
1047 5449 1119 5512 Ει
1146 5450 1292 5514 dicit
1319 5468 1332 5514 :
1375 5475 1401 5507 α
1432 5451 1496 5514 Si
1529 5471 1703 5514 unam
1737 5451 1970 5514 duxerit

2359 5446 2369 5462 .
2486 5446 2498 5455 -
2659 5446 2672 5454 -
2942 5446 2954 5464 .
3029 5446 3040 5453 -
3327 5446 3398 5462 -υ

2095 5488 2126 5523 τι
2169 5446 2490 5525 τῶνδὸντων
2539 5467 2787 5547 ἀφανίσαι
2831 5446 3068 5550 ὃύναταιξ
3135 5477 3268 5528 Θεοῦ
3321 5473 3420 5552 γὰρ
3477 5469 3588 5526 ἐστι
3639 5467 3733 5524 δό-

3053 5516 3068 5550 ἳ

335 5538 570 5620 habeat;
590 5561 724 5604 cum
743 5561 950 5606 omnes
967 5545 1348 5626 possintesse
1367 5554 1813 5628 communes,ut
1827 5545 1888 5608 in
1901 5563 1996 5607 re-
2077 5569 2213 5627 γμα.
2255 5570 2278 5605 ι

413 5708 446 5760 6
470 5713 610 5790 Leg.
641 5713 940 5773 ἀνατέλλει.
1026 5713 1056 5764 7
1099 5716 1274 5780 Rom.
1307 5733 1411 5794 vu,
1447 5717 1503 5780 7.
