4148 6430
378 436 398 497 1
413 434 529 499 269

1603 434 2090 499 FRAGMENTA
2135 431 2538 494 GNOSTICA.

3620 427 3642 490 1
3657 424 3775 490 270

367 566 547 650 liquis
577 569 845 631 ostendit
875 568 1304 635 animantibus.
1349 594 1367 627 ι
1403 569 1544 633 Haec
1573 587 1711 633 cum
1742 568 1814 630 ad
1844 566 2091 630 verbum
2145 563 2415 638 dixisset,
2477 562 2782 643 subjungit
2828 581 3038 625 rursus
3069 564 3163 625 his
3192 562 3430 626 verbis:
3471 584 3494 620 α
3554 562 3773 625 Acrem

372 660 532 720 enim
560 667 622 721 et
644 660 1158 723 vehementiorem
1180 663 1551 740 ingeneravit
1578 658 1860 721 masculis
1882 654 2266 737 cupiditatem
2298 652 2370 713 ad
2397 655 2632 732 generis
2662 652 3144 734 perpetuitatem,
3170 672 3348 734 quam
3373 670 3482 715 nec
3513 652 3631 727 lex,
3664 671 3776 715 nec

372 765 525 825 mos,
560 766 673 811 nec
705 748 867 811 aliud
898 749 1122 831 aliquid
1157 756 1354 831 potest
1378 749 1620 813 abolere
1658 772 1673 811 :
1711 756 1804 812 est
1838 747 1999 810 enim
2028 743 2132 806 Dei
2162 743 2499 805 decretum.
2540 766 2563 801 ι

1629 846 1708 908 Et
1749 844 1957 927 paulo
1990 848 2157 924 post,
2188 859 2343 922 pag.
2380 840 2520 904 430.

453 923 585 993 UOtt
615 939 887 1018 θεομαχεῖ
916 937 1004 994 ὅτε
1052 939 1464 1019 Καρποκράτης,
1509 937 1589 995 ὅτ’
1634 923 1930 1018 Ἐπιιράνης
1975 923 2026 993 έν

2192 933 2358 1006 Quod
2422 953 2554 995 cum
2617 934 2737 998 Deo
2774 934 2999 996 bellum
3058 942 3221 1011 gerat
3252 936 3668 1014 Carpocrates,
3722 940 3782 995 et

372 1027 514 1100 αὗτῷ
573 1047 651 1098 τῳ
722 1026 1140 1104 πολυθρυλλήτῳ
1211 1026 1419 1103 βιϐλίῳ,
1465 1050 1542 1101 τῳ
1587 1030 1709 1107 Περὶ
1765 1026 2035 1083 δικαιοσύ-

370 1137 493 1188 νης,
541 1112 739 1193 λέγων,
804 1114 906 1172 ὧδέ
966 1139 1079 1182 πως
1138 1117 1374 1197 ἒπιφέρει
1433 1119 1569 1173 κατά
1626 1116 1788 1183 λέξιν.
1845 1107 2039 1174 ’Ἔνθεν

373 1205 447 1266 ὡς
531 1202 749 1283 γελοῖον
826 1206 1099 1286 εἰρηκότος
1157 1216 1251 1266 τοῦ
1308 1207 1616 1287 νομοθέτου,
1680 1207 1823 1287 ρῆμα
1889 1208 2041 1262 τοῦτο

373 1293 686 1369 ἀκουστέον,
752 1298 859 1354 Οὐκ
940 1297 1307 1374 ἒπιθυμήσεις,
1383 1299 1514 1376 πρὸς
1584 1298 1645 1353 τὸ
1714 1296 2041 1374 γελοιότερον

371 1384 566 1456 εἰπεῖν,
642 1386 750 1440 τῶν
807 1386 901 1441 τοῦ
959 1384 1186 1453 πλησίον
1227 1401 1241 1415 ⁸
1289 1386 1444 1450 αὒτὸς
1506 1388 1605 1467 γὰρ
1663 1390 1691 1444 6
1736 1387 1831 1454 τὴν
1859 1389 2041 1442 ἐπιθυ-

375 1472 500 1548 μίαν
560 1472 705 1549 δοὺς,
753 1475 826 1540 ὡς
885 1474 1211 1555 συνέχουσαν
1263 1476 1328 1532 τὰ
1373 1482 1473 1543 τῆς
1532 1477 1814 1555 γενέσεως,
1846 1475 2042 1541 ταύτην

366 1562 707 1642 ἀφαιρεῖσθαι
767 1562 1004 1644 καλεόει,
1094 1563 1322 1641 μηδενὸς
1393 1566 1559 1634 αὐτὴν
1613 1565 1823 1645 ἀφελὼν
1880 1566 2037 1636 ζώου.

372 1654 446 1710 Τὸ
505 1650 585 1722 δὲ,
673 1657 771 1720 τῆς
853 1660 945 1709 τοῦ
1028 1652 1256 1721 πλησίον
1316 1658 1586 1732 γυναικὸς,
1646 1653 1887 1721 ἰδιότητα
1945 1655 2037 1721 τὴν

371 1742 653 1799 κοινωνίαν
719 1743 1057 1821 ἀναγκάζων,
1144 1743 1221 1799 ἔτι
1299 1742 1631 1825 γελοιότερον
1703 1744 1851 1803 ε’ίπε.
1942 1744 2039 1801 Καὶ

369 1838 538 1886 ταῦτα
631 1832 730 1907 μὲν
816 1835 864 1888 οἱ
945 1845 1182 1912 γενναῖοι
1256 1835 1712 1913 Καρποκρατιανοὶ
1782 1831 2039 1911 δογματέ-

369 1926 544 1990 ζουσι.

2121 1024 2549 1105 Epiphanes,in
2569 1044 2638 1087 eo
2661 1027 2760 1107 qui
2782 1028 2951 1106 vulgo
2971 1028 3229 1107 jactatur
3250 1026 3499 1089 libroDe
3512 1026 3775 1107 justitia,

2126 1128 2281 1199 patet
2312 1139 2380 1180 ex
2413 1140 2482 1180 eo
2507 1120 2665 1199 quod
2684 1121 2992 1201 subjungit
3022 1120 3116 1181 his
3144 1121 3347 1182 verbis
3374 1139 3386 1184 :
3418 1120 3569 1181 Hinc
3593 1113 3784 1200 utqui

2124 1207 2442 1269 ridiculum
2468 1208 2700 1289 dixerit,
2729 1209 3084 1289 legislatoris
3116 1209 3228 1270 hoc
3257 1208 3506 1271 verbum
3530 1208 3782 1269 audien-

2126 1297 2266 1357 dum
2290 1305 2415 1359 est:
2450 1297 2588 1359 Non
2646 1301 3027 1379 concupisces
3052 1346 3066 1371 ,
3117 1307 3175 1359 et
3206 1306 3270 1359 ut
3317 1300 3504 1378 magis
3531 1297 3785 1360 ridicule

2085 1403 2093 1411 ·
2126 1385 2505 1468 diceret,res.
2530 1387 3025 1467 inquit,pro:cimi
3045 1391 3303 1468 lui.Ipse
3321 1389 3479 1449 enim
3504 1387 3786 1469 quidedit

2126 1475 2536 1556 cupiditatem.
2567 1483 2629 1536 ut
2657 1495 2789 1557 quae
2820 1476 3122 1540 contineat
3147 1495 3217 1538 ea
3259 1495 3392 1558 qua
3421 1476 3493 1538 ad
3524 1493 3780 1553 genera-

2129 1565 2347 1631 tionem
2405 1564 2688 1640 attinent,
2714 1566 2886 1646 jubet
2915 1584 3043 1627 eam
3080 1566 3341 1638 auferre,
3394 1585 3527 1627 cum
3561 1584 3590 1626 a
3622 1564 3784 1626 nullo

2128 1672 2254 1713 eam
2290 1653 2515 1714 auferat
2536 1654 2801 1716 animali.
2835 1654 2985 1716 Illud
3012 1664 3493 1735 autem,uxorem
3510 1655 3787 1735 proximi

2124 1744 2216 1804 tui
2245 1743 2296 1818 8,
2328 1743 2807 1804 communionem
2834 1744 3142 1822 cogenSad
3182 1743 3791 1825 proprietatem,dixit

2123 1831 2318 1894 adhuc
2373 1832 2556 1911 magis
2590 1833 2864 1895 ridicule.
2926 1833 2996 1895 Et
3028 1835 3155 1894 hazc
3207 1834 3449 1915 quidem
3512 1834 3787 1913 dogmata

2125 1922 2494 1982 constituunt
2526 1922 2750 2002 egregii
2793 1921 3257 2003 Carpocratiani.

1645 2101 2123 2164 FRAGMENTA
2188 2100 2496 2163 ISIDORI.

777 2191 881 2255 Ea:
914 2193 1022 2258 lib.
1058 2197 1146 2257 De
1184 2193 1413 2259 adnata
1441 2192 1672 2274 anima,
1708 2211 1818 2274 ap.
1856 2191 2246 2267 Clementem
2275 2193 2460 2255 Alcm.
2500 2193 2604 2255 lib.
2641 2210 2683 2257 11
2707 2196 3025 2277 Stromat.,
3049 2215 3207 2278 pag.
3237 2198 3378 2261 409.

462 2286 631 2351 Αὐτὸς
689 2293 814 2364 γοῦν
859 2288 886 2342 6
929 2287 1022 2344 τοῧ
1072 2286 1379 2345 Βασιλείδου
1434 2289 1544 2350 υἱὸς
1591 2284 1850 2366 Ἰσίδωρος
1881 2290 1935 2342 ἒν

2204 2284 2336 2366 Ipse
2367 2286 2524 2348 filius
2556 2288 2833 2351 Basilidis
2854 2290 3135 2359 Isidorus.
3165 2292 3223 2353 in
3257 2292 3411 2354 libro
3445 2294 3528 2354 De
3557 2291 3790 2354 adnota

372 2376 501 2455 Περὶ
559 2375 857 2455 προσφυοῦς
917 2377 1124 2457 ψυχῆς,
1213 2376 1619 2452 συναισθόμενος
1676 2384 1768 2434 τοῦ
1835 2375 2043 2454 δόγμα-

370 2486 491 2538 τος,
541 2464 663 2521 οἷον
709 2465 895 2523 ἑαυτοῦ
950 2472 1291 2546 κατηγορῶν,
1338 2467 1526 2547 γράφει
1556 2468 1695 2523 κατὰ
1723 2464 1882 2531 λέξιν·
1916 2465 2044 2523 Ἐὰν

373 2554 479 2631 γὰρ
523 2576 626 2609 τινι
681 2568 892 2631 πεῖσμα
944 2554 1072 2631 δῷς,
1118 2555 1201 2613 ὅτι
1246 2557 1322 2633 μὴ
1368 2556 1508 2613 ἔστιν
1551 2559 1586 2625 ἡ
1633 2555 1785 2636 ψυχή
1819 2576 2044 2630 μονομε-

374 2645 497 2723 ρὴς,
556 2649 624 2720 τῇ
665 2641 720 2699 δὲ
764 2645 871 2701 τῶν
930 2646 1391 2726 προσαρτημάτων
1436 2646 1522 2723 βία
1551 2648 1617 2702 τὰ
1646 2652 1752 2702 τῶν
1783 2646 2042 2725 χειρόνων

372 2732 603 2811 γίνεσθαι
646 2733 816 2809 πάθη,
880 2735 1144 2815 πρόφασιν
1188 2737 1247 2791 οὒ
1287 2735 1386 2802 τὴν
1438 2745 1707 2815 τυχοῦσαν
1763 2733 1961 2800 ἕξουσιν
1996 2739 2041 2793 οἳ

372 2824 643 2902 μοχθηροὶ
698 2829 804 2879 τῶν
854 2823 1143 2904 ἀνθρώπων
1185 2823 1359 2903 λέγειν
1390 2845 1405 2860 ·
1468 2822 1771 2899 Ἐϐισίσθην,
1831 2820 2040 2889 ἀπηνέ-

373 2915 539 2991 χθην,
597 2910 741 2967 ἄκων
799 2911 1015 2992 ἔδρασα,
1078 2914 1155 2990 μὴ
1188 2912 1511 2991 βουλόμενος
1557 2914 1829 2991 ἐνήργησα
1863 2929 1877 2943 ·
1940 2917 2037 2977 τῆς

372 3008 484 3058 τῶν
544 3008 724 3058 κακῶν
780 3004 1058 3080 ἓπιθυμίας
1146 3004 1303 3067 αότὸς
1378 3004 1750 3083 ἡγησάμενος,
1824 3003 1912 3057 καὶ
1983 3006 2041 3060 οὔ

378 3091 761 3172 μαχεσάμενος
836 3105 961 3157 ταῖς
1039 3095 1145 3148 τῶν
1204 3093 1661 3173 προσαρτημάτων
1718 3093 1882 3169 βίαις.
1948 3101 2044 3155 Δεῖ

375 3178 454 3238 δὲ.
515 3187 593 3254 τῷ
636 3178 927 3259 λογιστικῷ
996 3182 1298 3261 κρείττονας
1342 3181 1677 3261 γενομένους,
1722 3186 1822 3249 τῆς
1878 3178 2041 3237 ὲλάτ-

378 3291 531 3333 τονος
590 3269 644 3325 ἐν
686 3269 815 3339 ἡλτν
846 3272 1066 3335 κτίσεως
1098 3277 1329 3352 φανῆναι
1359 3279 1707 3341 κρατοῦντας.

2126 2376 2497 2448 anima,cum
2519 2376 2732 2453 dogma
2761 2378 3275 2443 animadvertisset
3291 2379 3519 2462 ,scribit
3541 2382 3633 2441 his
3651 2396 3787 2440 ver-

2130 2464 2240 2539 bis,
2276 2464 2452 2526 veluti
2495 2466 2757 2546 seipsnm
2792 2487 3111 2532 accusans:
3145 2472 3207 2533 Si
3240 2471 3399 2533 enim
3439 2468 3613 2531 alicui
3646 2485 3787 2549 per-

2127 2553 2389 2614 suaseris
2450 2556 2682 2616 unicam
2730 2575 2849 2617 non
2885 2577 3016 2619 esse
3046 2559 3390 2634 animam,vi
3445 2567 3640 2620 autem
3672 2577 3783 2638 ap-

2128 2641 2445 2720 pendicum
2474 2644 2603 2705 fieri
2626 2664 2725 2706 eas
2746 2665 2878 2726 quae
2896 2649 2968 2708 ad
3000 2650 3293 2711 deteriora
3322 2649 3785 2727 ferunt,pertur-

2127 2730 2417 2805 bationes,
2448 2752 2563 2793 non
2598 2734 2785 2795 levem
2807 2746 3150 2817 praetextum
3176 2738 3481 2800 habebunt
3510 2737 3786 2798 homines

2125 2819 2399 2880 scelerati
2449 2822 2715 2884 dicendi.
2775 2829 3025 2888 Coactus
3081 2846 3235 2903 sum,
3300 2827 3591 2890 abductus
3624 2843 3781 2898 sum,

2125 2916 2362 2970 coactus
2391 2909 2533 2985 feci,
2569 2930 2686 2972 non
2718 2914 2923 2976 volens
2968 2925 3246 2996 operatus
3276 2935 3405 2977 sum
3438 2934 3451 2979 ε
3488 2934 3620 2976 cum
3654 2915 3785 2996 ipse

2128 2999 2510 3077 imperaverit
2551 3001 2840 3062 malorum
2874 3004 3206 3084 cupiditati,
3241 3014 3458 3067 etcum
3490 3003 3785 3085 appendi-

2128 3105 2261 3148 cum
2293 3086 2572 3149 violentia
2594 3109 2710 3150 non
2743 3091 3117 3173 depugnarit.
3142 3093 3387 3173 Oportet
3417 3101 3785 3166 autem,cum

2130 3184 2292 3265 parte
2322 3177 2593 3238 rationali
2645 3188 3015 3259 praestemus,
3051 3191 3114 3243 ut
3147 3182 3415 3245 inferiori
3445 3200 3575 3265 qua)
3605 3190 3695 3244 est
3722 3181 3785 3244 in

2130 3264 2304 3326 nobis
2330 3276 2619 3328 creaturas
2649 3268 3048 3333 dominemur.

820 3364 925 3425 Ea:
959 3362 1312 3426 Moralibus
1350 3363 1606 3444 Isidori,
1659 3380 1765 3444 ap.
1802 3360 2191 3425 Clementem
2220 3358 2427 3440 Aleax,
2464 3360 2569 3421 lib.
2610 3377 2695 3423 III.
2730 3365 3049 3446 Stromat.,
3081 3385 3149 3447 ρ.
3187 3367 3329 3430 427.

457 3452 774 3536 Ἀντέχουθ
842 3457 1037 3533 τοίνυν,
1113 3480 1243 3537 φησι
1308 3459 1445 3514 κατὰ
1497 3456 1636 3522 λέξιν
1698 3459 1725 3512 6
1782 3453 2039 3536 Ἰσίδωρος

2204 3453 2358 3511 352
2378 3450 2680 3515 Patienter
2701 3456 2944 3533 sustine,
2970 3458 3163 3540 inquit
3190 3459 3284 3520 his
3296 3457 3497 3520 verbis
3520 3457 3785 3520 Isidorus

373 3544 429 3601 ἐν
488 3558 607 3609 τοῖς
680 3542 949 3620 Ἠθικοῖς,
1009 3548 1260 3626 μαχίμης
1315 3548 1588 3626 γυναικὸς,
1634 3546 1727 3602 Ἵνα
1770 3548 1848 3622 μὴ
1896 3546 2036 3602 ἀπο-

376 3638 618 3711 σπασθῇς
667 3634 763 3702 τῆς
814 3636 1034 3715 χάριτος
1064 3646 1157 3694 τοῦ
1187 3638 1319 3692 Θεοῦ
1355 3655 1367 3670 ⁸
1424 3637 1546 3692 τότε
1601 3641 1702 3714 πῦρ
1763 3635 2039 3713 ἀποσπερ-

376 3725 627 3805 ματίσας,
676 3724 1053 3795 εὒσυνειδήτως
1111 3727 1415 3806 προσεύχῃ.
1476 3715 1659 3787 ’Ὁταν
1690 3722 1745 3781 δὲ
1774 3726 1809 3793 ἡ
1867 3724 2040 3804 εὔχα-

377 3817 551 3893 ριστία
596 3836 714 3886 σου,
749 3817 935 3894 φησὶν,
978 3817 1050 3878 εἰς
1100 3814 1325 3883 αἴτησιν
1381 3814 1655 3891 ἀποπέσῃ,
1697 3816 1785 3870 καὶ
1816 3820 1947 3890 στῇς
1991 3811 2044 3854 ¹⁰

376 3905 438 3959 τὸ
496 3902 685 3960 λοιπὸν
745 3906 805 3961 οὗ
861 3907 1218 3985 κατορθῶσαι,
1262 3903 1398 3960 ἀλλὰ
1424 3905 1502 3979 μὴ
1534 3902 1819 3982 σφαλῆναι,
1852 3902 2038 3979 γάμη-

380 4015 498 4050 σον.
546 3990 713 4049 Ἀλλά
757 3992 872 4055 νέος
914 3994 993 4057 τίς
1049 3996 1214 4074 ἔστιν,
1275 3993 1311 4062 ἢ
1367 3993 1559 4073 πένης,
1614 3992 1650 4061 ἢ
1704 3992 2038 4071 κατωφερὴς,

380 4084 469 4138 καὶ
514 4085 572 4140 οὐ
598 4082 739 4140 θέλει
783 4088 956 4161 γῆμαι
1016 4086 1152 4140 κατὰ
1179 4086 1270 4140 τὸν
1301 4083 1482 4162 λόγον,
1517 4083 1668 4147 οὗτος
1699 4092 1790 4141 τοῦ
1819 4079 2043 4162 ἀδελφοῦ

380 4172 461 4248 μὴ
490 4173 839 4252 χωρίζέσθω⁶
899 4171 1127 4253 λεγέτω,
1173 4174 1253 4230 ὅτι
1317 4171 1643 4243 Εἶσελήλυθα
1699 4170 1807 4250 ἐγὼ
1849 4172 1921 4234 εἰς
1978 4173 2043 4229 τὰ

377 4261 531 4343 ἅγια,
592 4260 741 4319 ονῦδέν
798 4259 1019 4339 δύναμαι
1072 4266 1287 4320 παθεῖν.
1352 4260 1476 4320 Ἐὰν
1523 4260 1577 4318 δὲ
1624 4262 1875 4318 ὑπόνοιαν
1907 4258 2035 4340 ἔχῃ.

379 4352 583 4407 εἰπάτω
618 4368 633 4383 ·
697 4349 941 4431 Ἀδελφέ,
1015 4352 1187 4417 ἐπίθες
1260 4376 1352 4429 μοι
1409 4352 1507 4419 ’τὴν
1564 4364 1751 4431 χεῖρα,
1811 4349 1906 4406 ’ίνκ
1964 4352 2042 4426 μὴ

379 4442 682 4521 ἀμαρτήσω
714 4458 729 4474 ⁸
792 4442 880 4497 καὶ
931 4440 1162 4517 λήψεται
1247 4444 1494 4519 βοήθειαν
1552 4442 1639 4497 καὶ
1696 4440 1892 4508 νοητὴν
1955 4442 2044 4497 καὶ

377 4532 664 4598 αἰσθητὴν,
722 4529 1017 4597 Θελησάτω
1062 4530 1223 4608 μόνον
1266 4531 1569 4611 ἀπαρτῆσαι
1627 4529 1678 4578 Η
1726 4530 1785 4584 τὸ
1852 4527 2039 4606 καλὸν,

376 4621 469 4678 καὶ
499 4618 853 4686 ἐπιτεύξεται,
900 4618 1099 4678 Ἐνίυτε
1143 4619 1197 4677 δὲ
1241 4629 1318 4696 τῷ
1377 4620 1475 4696 μὲν
1533 4619 1758 4694 στόματι
1789 4617 2038 4700 λέγομεν,

375 4714 451 4769 Οὔ
507 4710 729 4785 θέλομεν
759 4710 1066 4789 ἀμαρτῆσαι
1102 4729 1118 4745 ο

2124 3540 2184 3600 in
2208 3540 2566 3617 litoralibus,
2593 3563 2838 3606 uxorem
2867 3558 3389 3629 contumacem,ne
3408 3548 3514 3610 Dei
3537 3548 3782 3626 gratiam

2123 3629 2356 3690 amittas
2388 3639 2445 3691 et
2495 3651 2629 3693 cum
2682 3653 2796 3695 una
2843 3654 2975 3697 cum
3024 3638 3255 3700 semine
3287 3637 3557 3699 libidinis
3607 3638 3783 3697 flam-

2126 3737 2285 3779 mam
2318 3719 2592 3798 ejeceris,
2626 3741 2758 3783 cum
2788 3722 2943 3785 bona
2963 3744 3097 3788 ores
3124 3725 3511 3790 conscientia.
3536 3724 3786 3798 Quando

2124 3817 2344 3882 autem,
2379 3808 2590 3889 inquit,
2614 3819 2711 3873 tua
2732 3814 3050 3892 gratiarum
3074 3816 3227 3878 actio
3257 3816 3561 3879 declinare
3592 3832 3789 3895 coepe-

2124 3896 2201 3956 rit
2229 3896 2288 3955 in
2324 3898 2691 3977 petitionem,
2721 3912 2778 3961 et
2793 3903 2917 3981 jam
2946 3906 3209 3967 oraveris
3233 3924 3350 3965 non
3383 3912 3497 3964 tam
3531 3911 3594 3963 ut
3624 3911 3788 3965 recte

2125 4003 2283 4064 agas,
2338 4003 2512 4064 quam
2570 3997 2634 4048 ut
2665 4008 2739 4051 ne
2770 3990 3012 4067 labaris,
3073 3993 3191 4055 duc
3239 4011 3506 4054 uxorem.
3560 3992 3668 4055 Sin
3698 3999 3789 4055 est

2124 4072 2338 4154 aliquis
2364 4074 2624 4152 juvenis,
2659 4078 2748 4139 vel
2775 4098 3019 4160 pauper,
3054 4082 3396 4147 velinﬁrma
3420 4079 3784 4160 valetudine,

2127 4173 2184 4224 et
2214 4180 2331 4223 non
2355 4164 2475 4226 vult
2506 4167 2717 4228 rationi
2751 4170 3175 4233 convenienter
3205 4189 3450 4232 uxorem
3482 4167 3787 4241 ducere,is

2126 4258 2364 4314 atratre
2412 4272 2487 4316 ne
2546 4266 2900 4334 separetur:
2964 4262 3158 4325 dicat:
3207 4262 3513 4341 Ingressus
3561 4277 3691 4319 sum
3723 4258 3788 4320 in

2128 4348 2352 4420 sancta,
2389 4342 2536 4406 nihil
2570 4365 2806 4427 possum
2836 4350 2976 4427 pati.
3012 4350 3130 4414 Sed
3156 4350 3209 4414 si
3236 4351 3310 4412 de
3340 4350 3540 4429 seipso
3567 4346 3789 4409 habeat

2128 4429 2555 4511 suspicionem,
2581 4434 2733 4497 dicat
2763 4457 2776 4497 :
2810 4438 3036 4512 Frater,
3066 4440 3305 4520 impone
3338 4438 3486 4501 mihi
3516 4455 3783 4512 manum,

2129 4533 2190 4584 ut
2220 4544 2336 4588 non
2397 4542 2638 4605 peccem
2668 4546 2683 4606 ;
2716 4537 2774 4588 et
2803 4528 3053 4609 accipiet
3104 4528 3412 4599 auxilium,
3477 4536 3592 4587 tam
3626 4524 3787 4604 quod

2126 4625 2324 4677 mente
2357 4622 2550 4696 potest
2580 4615 2832 4696 percipi,
2859 4637 3033 4697 quam
3065 4619 3314 4680 sensile.
3369 4616 3527 4678 Velit
3558 4622 3785 4675 tantum

1176 4713 1210 4779 ἡ
1241 4708 1296 4767 δὲ
1326 4709 1529 4767 διάνοια
1561 4707 1794 4787 ἔγκειται
1848 4707 1933 4765 ἐπὶ
1975 4712 2037 4766 τὸ

2128 4705 2278 4782 quod
2335 4704 2557 4765 bonum
2615 4713 2703 4764 est
2760 4708 3066 4786 perficere,
3100 4716 3157 4769 et
3213 4711 3324 4767 voti
3358 4723 3600 4786 compos
3662 4705 3781 4765 ﬁet.

379 4799 735 4876 ἁμαρτάνειν,
799 4793 857 4858 Ὀ
898 4807 1136 4864 τοιοῦτος
1193 4798 1279 4856 διὰ
1319 4798 1481 4875 φοϐον
1525 4799 1583 4855 οὐ
1627 4810 1775 4855 ποιεῖ
1816 4798 1843 4853 ὃ
1884 4795 2041 4865 θέλει,

2134 4795 2572 4875 Nonnunquam
2588 4802 2780 4855 autem
2803 4815 2905 4858 ore
2918 4798 3157 4879 quidem
3190 4798 3443 4859 dicimus
3465 4815 3479 4859 :
3500 4793 3788 4856 Nolumus

376 4889 473 4945 'lv:
516 4890 596 4965 μὴ
638 4891 673 4957 ἦ
729 4888 950 4953 κόλασις
996 4891 1140 4964 αὕτῷ
1182 4888 1467 4968 ἐλλογισθῇ
1496 4910 1509 4924 ·
1540 4890 1576 4957 ἡ
1622 4886 1676 4944 δὲ
1703 4887 2045 4966 ἀνθρωπότης

378 4976 499 5057 ἔχει
530 4978 650 5035 τινὰ
708 4977 1001 5060 ἀναγκαῖα,
1048 4981 1141 5036 καὶ
1189 4980 1383 5061 φυσικὰ
1431 4976 1567 5056 μόνα
1604 4997 1618 5013 ⁶
1654 4976 1772 5057 ἔχει
1800 4977 1861 5032 τὸ
1893 4998 2047 5056 περι-

378 5065 664 5125 εάλλεσθαι
707 5067 1006 5146 ἀναγκαΐον
1039 5069 1127 5124 καὶ
1156 5070 1374 5148 φυσικὸν
1410 5084 1423 5098 ’
1480 5067 1699 5148 φυσικὸν
1741 5063 1796 5121 δὲ
1838 5066 1900 5122 τὸ
1942 5073 2048 5122 τῶν

379 5156 724 5237 ἀφροδισίων,
755 5157 853 5213 οὒκ
882 5157 1179 5234 ἀναγκαῖον
1208 5156 1288 5220 δὲ.

2132 4882 2683 4963 peccare;cogitatio
2697 4894 2892 4947 autem
2909 4894 3105 4948 nostra
3121 4887 3312 4949 defixa
3334 4894 3424 4947 est
3437 4885 3496 4946 in
3520 4890 3782 4966 peccato.

2131 4971 2922 5055 Quiestejusmodi,pr0pter
2937 4985 3159 5039 metum
3180 4974 3337 5058 quod
3350 4975 3476 5036 vult
3492 4971 3783 5048 nonfacit,

2131 5081 2206 5123 ne
2237 5062 2290 5123 ei
2316 5060 2611 5123 inferatur
2636 5081 2830 5143 pcena.
2857 5063 3129 5127 Humana
3149 5073 3347 5127 autem
3377 5073 3587 5126 natura
3610 5060 3790 5125 habet

2132 5153 2396 5234 quaedam
2435 5153 2797 5223 necessaria,
2830 5162 2887 5216 et
2916 5155 3184 5236 quaedam
3219 5155 3413 5217 solum
3456 5152 3784 5214 naturalia:

382 5244 541 5326 quod
560 5245 821 5309 vestibus
842 5246 1150 5327 induatur,
1168 5246 1226 5307 id
1253 5244 1657 5308 necessarium
1676 5242 2017 5307 etnaturale
2039 5262 2052 5307 :
2074 5261 2171 5305 res
2191 5250 2388 5304 autem
2409 5239 2679 5303 Venerea
2701 5244 2991 5305 naturalis
3013 5254 3126 5318 est,
3152 5245 3258 5306 sed
3280 5262 3400 5306 non
3424 5241 3785 5323 necessaria;

384 5338 487 5400 Ea:
520 5338 680 5403 lib.1
730 5348 859 5402 ctu
890 5339 1365 5421 Expositionum
1425 5340 1751 5423 prophetae
1809 5337 2103 5479 Parchpr,
2157 5336 2339 5417 apud
2408 5336 2823 5418 Clementem,
2884 5338 2990 5400 lib.
3026 5353 3089 5400 v1
3120 5340 3437 5413 Stromat.,
3477 5354 3633 5417 pag.
3667 5334 3780 5398 641

1962 5436 1994 5479 e
2046 5435 2213 5479 seua.

1962 5435 2019 5480 et
2046 5435 2213 5497 seqq.

466 5512 735 5594 Ἰσίδωρος
776 5518 805 5571 6
856 5514 1163 5573 Βασιλείδου
1229 5518 1340 5581 υἱὸς
1398 5517 1509 5594 ἅμα
1562 5521 1654 5572 καὶ
1698 5514 1941 5591 μαθητὴς
1997 5512 2052 5567 ὲν

387 5611 465 5679 τῷ
494 5607 692 5683 πρώτῳ
746 5611 838 5661 τοῦ
892 5607 1165 5686 προφήτου
1224 5608 1459 5687 Παρχὼρ
1529 5603 1896 5683 Ἐξηγητικῶν
1962 5604 2050 5659 καὶ

390 5695 549 5758 αὗτὸς
593 5695 730 5751 κατά
782 5692 922 5761 λέξιν
969 5696 1157 5775 γράφει
1197 5711 1210 5725 ⁸
1271 5699 1408 5753 Φασῖ
1464 5693 1519 5752 δὲ
1563 5696 1611 5753 οἱ
1656 5693 1890 5751 Ἀττικοὶ
1945 5713 2049 5768 με-

469 5840 504 5891 8
533 5842 711 5906 Deut.
743 5857 804 5917 ν,
838 5842 904 5903 2t
925 5888 939 5903 .
1025 5843 1060 5894 9
1088 5843 1170 5906 Ex
1196 5841 1529 5927 Epiphanio
1559 5841 1720 5922 lege,
1755 5840 1974 5921 ἀνέχου.

2062 5834 2116 5879 ¹⁰
2144 5837 2323 5916 Lego,
2356 5836 2446 5894 καὶ
2473 5837 2645 5904 αὶτῆς,

2218 5507 2481 5571 Isidorus
2514 5508 2791 5571 Basilidis
2844 5511 3020 5573 simul
3053 5511 3208 5573 filius
3237 5515 3296 5571 et
3344 5507 3695 5589 discipulus,
3725 5506 3790 5569 in

2137 5598 2327 5680 primo
2359 5598 2514 5659 libt'u
2538 5598 3015 5679 Expositionum
3049 5601 3350 5681 propheta;
3374 5597 3792 5677 Parchorﬁpse

2135 5706 2371 5770 quoque
2430 5689 2637 5752 scribit
2665 5690 2738 5751 ad
2794 5690 3065 5756 verbum.
3101 5689 3320 5754 Dicunt
3360 5696 3555 5751 autem
3584 5684 3790 5767 Attici,

2732 5835 2779 5880 ¹¹
2813 5838 2956 5918 Leg.
3004 5837 3307 5918 ἀπαρτίσαι,
