4148 6412
409 415 560 476 1271

1318 419 1709 482 APPENDIX
1752 416 1852 482 AD
1896 419 2240 492 QUINQUE
2283 417 2578 480 IRENIEI
2619 371 2911 478 LIBROS.

3667 416 3687 478 1
3703 413 3820 478 272

407 545 675 626 quzedam
738 545 921 609 fuisse
951 547 1285 626 signiﬁcata
1342 547 1596 625 Socrati,
1632 549 1904 611 daemone
1937 566 2070 610 eum

2157 545 2420 623 μηνῦσθαί
2462 567 2580 601 τινα
2647 550 2724 619 τῷ
2787 546 3084 625 Σωκράτει,
3145 543 3517 625 παρεπομένου
3575 541 3822 618 δαίμονος

403 635 750 698 comitante.
777 635 932 698 Dicit
962 636 1136 698 etiam
1165 636 1540 712 Aristoteles,
1563 657 1774 700 omnes
1796 637 2073 699 homines

405 725 492 786 uti
519 725 919 807 daemonibus,
945 726 1049 808 qui
1073 744 1175 788 eos
1200 727 1563 789 comitantur
1587 747 1654 790 ex
1679 746 1752 790 eo
1779 734 2068 808 tempore,

405 833 522 894 quo
555 815 812 878 induunt
843 834 1080 896 corpus.
1120 816 1306 888 Quam
1339 834 1474 877 cum
1506 835 1538 877 a
1573 817 1883 898 prophetis
1913 833 2075 876 acce.

401 903 588 984 pisset
617 902 938 979 dotrinam,
975 912 1034 966 et
1091 905 1148 966 iu
1181 923 1323 966 suos
1352 905 1656 967 retulisset
1715 905 1923 979 libros,
1956 923 2072 965 non

401 998 602 1056 tamen
633 994 793 1056 unde
827 993 1159 1075 accepisset
1208 1013 1336 1056 eam
1371 996 1710 1058 conﬁtetur.
1765 997 1838 1059 Et
1865 1013 2074 1056 rursus

397 1081 462 1144 in
491 1083 766 1145 secundo
799 1083 1070 1163 ejusdem
1105 1083 1306 1164 aperis
1336 1084 1549 1148 scribit
1577 1103 1590 1148 :
1625 1087 1748 1148 Nec
1774 1083 2076 1147 existimet

397 1172 636 1254 aliquis,
702 1175 861 1254 quod
904 1173 1160 1236 dicimus
1193 1174 1492 1255 proprium
1551 1175 2070 1248 esse-electorum,

399 1261 514 1324 hoc
565 1263 749 1325 fuisse
805 1263 1159 1344 prazdictum
1191 1262 1263 1324 ab
1324 1263 1624 1345 aliquibus
1677 1264 2070 1344 philosophis.

397 1352 522 1414 Nec
581 1355 739 1413 enim
791 1353 900 1414 hoc
965 1371 1173 1415 eorum
1233 1362 1322 1415 est
1378 1354 1730 1425 inventum;
1766 1355 1870 1415 sed
1934 1372 2068 1414 cum

399 1440 798 1520 sumpsissent
821 1460 854 1502 a
880 1442 1206 1524 prophetis,
1237 1441 1292 1502 id
1317 1442 1650 1505 tribuerunt
1683 1442 1738 1506 ei
1769 1461 1946 1523 quem
1979 1461 2060 1504 sa-

395 1530 657 1610 pientem
693 1549 813 1591 non
842 1530 1203 1592 existimant.
1230 1531 1298 1592 Et
1321 1550 1528 1594 rursus
1549 1533 1611 1593 in
1641 1531 1850 1593 eodem
1883 1549 1896 1594 :
1926 1530 2070 1595 Mihi

397 1619 640 1700 quidem
673 1619 928 1694 videtur,
963 1628 1026 1680 ut
1059 1620 1099 1680 ii
1126 1620 1228 1701 qui
1260 1619 1375 1682 sibi
1409 1621 1849 1702 philosophiam
1883 1621 2066 1682 vindi-

395 1716 555 1790 cant,
590 1709 824 1770 discant
853 1709 995 1790 quid
1029 1709 1105 1770 sit
1135 1728 1396 1791 quercus
1449 1710 1620 1784 alata,
1659 1719 1719 1772 et
1748 1710 2070 1772 versicolor

399 1797 530 1877 ejus
565 1798 829 1879 pallium,
863 1807 924 1860 et
954 1799 1157 1860 omnia
1189 1818 1558 1880 quazcunque
1589 1799 1966 1880 Pherecydes
1995 1799 2068 1860 de

399 1864 582 1948 rebus
636 1864 854 1949 divinis
913 1864 1226 1949 disserens
1264 1864 1586 1965 allegorice
1641 1864 1846 1962 dixit:
1875 1907 2006 1968 qua:
2035 1907 2067 1951 e
2094 1864 2128 1912 Β

398 1975 607 2038 Chami
645 1975 962 2056 prophetia
994 1974 1216 2037 hausit.

2157 634 2298 709 αὑτῷ
2331 649 2346 666 ’
2403 633 2494 690 καὶ
2551 632 2926 712 Ἀριστοτέλης
2971 631 3182 710 δαίμοσι
3265 635 3563 714 κεχρῆσθαι
3614 631 3818 697 πάντας

2155 723 2457 802 ἀνθρώπους
2541 721 2705 802 λέγει,
2791 730 3205 804 συνομαρτοῦσιν
3290 725 3474 788 αὑτοῖς
3529 722 3673 802 παρὰ
3725 722 3818 778 τᾶν

2155 813 2352 894 χρόνον
2409 817 2509 880 τῆς
2563 811 3016 888 ἐνσωματώσεως,
3084 814 3419 894 Προφητικὸν
3475 819 3630 870 τοῦτο
3703 812 3814 888 μά-

2155 904 2303 978 θημὰ
2361 900 2537 960 λαϐὼν
2603 905 2691 959 καὶ
2748 901 3100 977 καταθέμενος
3159 904 3232 967 εἷς
3276 903 3342 958 τὰ
3385 902 3571 958 ἑαυτοῦ
3612 899 3811 976 βιϐλία,

2158 993 2236 1067 μὴ
2283 990 2625 1070 ὁμολογήσας
2685 992 2800 1048 ὅθεν
2850 991 3090 1072 ὑφείλετο
3131 993 3222 1048 τὸν
3266 989 3426 1069 λόγον
3469 989 3677 1048 τοῦτον.
3715 992 3814 1048 Καὶ

2158 1079 2324 1139 πάλιν
2367 1083 2424 1137 ἒν
2451 1089 2529 1156 τῷ
2559 1079 2783 1160 δευτέρῳ
2823 1086 2922 1148 τῆς
2968 1081 3132 1149 ὰῦτῆς
3185 1080 3498 1154 συντάξεως,
3540 1077 3642 1136 ὧδὲ
3699 1101 3812 1142 πως

2157 1169 2346 1251 φράιρει
2382 1187 2396 1202 ·
2449 1171 2546 1229 Καὶ
2590 1171 2666 1246 μή
2698 1192 2778 1234 τις
2823 1173 3030 1246 οἱεσθω,
3077 1171 3106 1225 ὁ
3157 1168 3330 1250 φαμὲν
3360 1167 3495 1226 ἴδιον
3539 1181 3678 1224 εῖναι
3709 1173 3814 1223 τιὶιν

2157 1257 2445 1335 ἐκλεκτῶν,
2505 1267 2660 1318 τοῦτο
2731 1260 3113 1337 προειρημένον
3161 1259 3423 1338 ὑπάρχειν
3486 1259 3588 1314 ὑπὸ
3656 1279 3814 1313 τινων

2157 1347 2460 1430 φιλοσόφων
2497 1366 2510 1379 ’
2547 1351 2607 1406 οὔ
2649 1349 2750 1428 γὰρ
2781 1348 2922 1404 ἐστιν
2966 1351 3136 1407 αὑτῶν
3169 1348 3374 1426 εὕρημα
3405 1363 3419 1376 ⁸
3455 1353 3560 1404 τῶν
3592 1345 3646 1402 δὲ
3676 1369 3812 1426 προ-

2153 1443 2335 1519 φητῶν
2379 1439 2837 1519 σφετερισάμενοι,
2895 1437 3231 1507 προσέθηκαν
3279 1443 3356 1512 τῷ
3409 1436 3488 1512 μή
3517 1437 3813 1515 ὑπάρχοντι

2151 1527 2270 1584 κατ’
2317 1528 2501 1592 αὐτοὺς
2547 1533 2716 1608 σοφῷ,
2786 1527 2940 1592 Αὖθις
2985 1549 3042 1583 τε
3086 1527 3140 1582 ἐν
3182 1533 3260 1602 τῷ
3303 1527 3446 1598 αὑτῷ
3478 1544 3492 1560 ⁶
3556 1527 3656 1583 Καὶ
3712 1527 3812 1605 γὰρ

2155 1640 2244 1694 μοι
2279 1615 2428 1674 δοκεῖ
2457 1618 2578 1677 τοὺς
2624 1616 3107 1696 προσποιούμὲνους
3158 1616 3493 1696 φιλοσοφεῖν,
3557 1613 3651 1670 ’ἕνα
3695 1620 3808 1690 μα-

2151 1710 2280 1762 θωσι
2312 1707 2360 1762 τί
2411 1705 2549 1761 ἐττιν
2606 1707 2642 1774 ἦ
2693 1705 2987 1784 ὑπόπτερος
3019 1702 3137 1781 δρῦς
3196 1703 3308 1785 (1),
3339 1705 3427 1760 καὶ
3454 1706 3516 1759 τὸ
3546 1701 3632 1759 ἐπ’
3675 1705 3809 1780 αὐτῇ

2150 1793 2560 1870 πεποικιλμένον
2593 1801 2755 1874 φᾶρος
2791 1808 2804 1822 ⁸
2853 1795 3028 1850 πάντα
3069 1793 3170 1850 ὅσα
3215 1789 3511 1872 Φερεκύδης
3563 1790 3806 1870 ἀλληγο-

2151 1887 2316 1962 ρήσας
2375 1882 2712 1962 ἐθεολόγησε,
2778 1879 2956 1938 λαϐὼν
3013 1882 3120 1938 ἀπὸ
3161 1883 3258 1951 τῆς
3304 1883 3396 1938 τοῦ
3441 1882 3564 1958 Χὰμ
3592 1903 3807 1962 προφη-

2148 1976 2309 2034 τείας.

1607 2071 2009 2133 VALENTIN
2019 2071 2042 2130 Ι
2089 2064 2588 2130 FRAGMENTA.

666 2163 1064 2239 Fragmenta
1105 2161 1536 2242 epistolarum
1574 2161 1930 2234 Valentini,
1966 2170 2088 2305 e39}:

1793 2261 1948 2316 pag.
2067 2279 2088 2301 ι

2156 2157 2422 2220 ementis
2449 2155 2851 2218 Alexandz‘m'.
2883 2155 2991 2218 lib.
3024 2170 3090 2218 III
3121 2156 3530 2236 Stromatum,

2156 2245 2193 2300 rt
2223 2253 2394 2316 seqq.

1787 2261 1948 2325 pag.
1983 2249 2104 2305 375
2135 2249 2193 2301 et
2223 2253 2394 2325 seqq.

475 2332 724 2397 Videtur
781 2342 984 2396 autem
1036 2335 1386 2398 Valentinus
1416 2355 1654 2417 quoque
1714 2337 1774 2399 in
1805 2336 2062 2420 quadam

397 2423 650 2504 epistula
681 2424 819 2486 talia
849 2423 1116 2505 quaedam
1168 2431 1367 2487 mente
1400 2427 1901 2506 apprehendisse.
1962 2425 2066 2486 His

399 2511 560 2571 enim
584 2511 780 2574 verbis
801 2512 1047 2574 scribit:
1079 2512 1668 2594 thuemadmodum
1696 2534 1762 2576 θλ
1789 2515 1889 2576 illo
1919 2513 2068 2595 plas-

397 2607 550 2661 mate
565 2609 788 2662 metum
807 2611 1216 2683 conceperunt
1229 2603 1690 2684 angeli,quando
1707 2606 1932 2685 majora
1949 2604 2069 2664 elo-

395 2696 596 2750 cutum
632 2700 747 2772 est,
781 2707 956 2772 quam
989 2711 1122 2773 qua:
1151 2691 1292 2752 555
1321 2693 1611 2754 creationi
1648 2694 2064 2763 convenirent,

394 2777 640 2841 liberius
669 2779 950 2862 loquendi
987 2790 1226 2864 sumpta
1256 2781 1757 2864 ﬂducia,pr0plnr
1800 2802 1936 2845 eum
1969 2783 2071 2864 qui

394 2868 510 2946 ipsi
547 2868 928 2933 invisibiliter
948 2871 1197 2934 dederat
1219 2891 1424 2934 semen
1453 2891 1729 2952 supernae
1749 2873 2028 2935 essentiae
2054 2898 2068 2943 :

395 2961 480 3023 ita
501 2957 680 3022 etiam
696 2959 754 3021 in
776 2960 1214 3024 mundanorum
1232 2961 1540 3023 hominum
1556 2961 2068 3043 generationibus,

398 3054 622 3108 metum
683 3050 1028 3112 auctoribus
1079 3050 1466 3112 incusserunt
1523 3069 1703 3132 opera
1735 3052 2066 3126 hominum,

397 3137 595 3216 qualia
626 3147 765 3199 sunt
785 3146 993 3201 stature
1023 3147 1083 3201 et
1111 3139 1427 3218 imagines,
1461 3149 1518 3203 et
1549 3160 1920 3222 quaecunque
1951 3160 2072 3202 ma-

399 3243 516 3286 nus
544 3225 816 3288 efﬁciunt
834 3227 892 3288 in
921 3229 1163 3292 nomine
1187 3228 1390 3293 Dei.In
1415 3231 1658 3292 nomine
1683 3231 1842 3292 enim
1867 3229 2068 3290 homi-

396 3312 490 3374 nis
521 3314 810 3377 formatus
830 3316 1046 3390 Adam,
1081 3316 1356 3379 timorem
1381 3318 1634 3398 praebuit
1657 3319 2072 3399 praeexsisten.

397 3401 474 3462 tis
512 3403 795 3477 hominis,
849 3412 916 3466 ut
941 3405 1042 3486 qui
1099 3405 1227 3487 ipse
1262 3415 1420 3468 esset
1472 3408 1532 3469 in
1565 3425 1636 3469 eo
1667 3410 2021 3470 constitutus
2055 3431 2070 3485 ;

403 3489 565 3552 unde
597 3490 1056 3575 obstupuerunt,
1090 3503 1148 3556 et
1181 3512 1334 3575 opus
1363 3495 1478 3557 cito
1509 3495 1916 3558 aboleverunt.

2231 2319 2425 2388 ’Ἐοικε
2455 2327 2510 2386 δὲ
2552 2330 2640 2386 καὶ
2685 2328 3036 2394 Οὑαλεντϊνος
3093 2329 3148 2386 ἔν
3176 2352 3278 2386 τινι
3309 2328 3565 2407 ἐπιστολῇ
3593 2336 3809 2386 τοιαῦτα

2151 2441 2266 2476 τινα
2307 2421 2364 2475 ἐν
2394 2425 2468 2493 νῷ
2507 2415 2684 2475 λαϐὼν
2720 2437 2735 2451 ·
2798 2422 2984 2482 αὑταῖς
3043 2420 3143 2498 γὰρ
3186 2419 3373 2500 γράφει
3416 2433 3538 2484 ταῖς
3581 2417 3750 2485 λέξεσι
3787 2439 3800 2456 ·

2153 2509 2251 2565 Καὶ
2307 2509 2378 2571 ὡς
2435 2505 2714 2587 περίφοϐος
2785 2505 2839 2548 η
2911 2507 2996 2564 ἐπ’
3080 2507 3279 2566 ἐκείνου
3335 2509 3428 2565 τοῦ
3482 2507 3796 2584 πλάσματος

2148 2595 2344 2675 ὑπῆρξε
2399 2610 2518 2658 τοῖς
2575 2595 2848 2676 ἀγγέλοις,
2931 2596 3020 2653 ὅτε
3077 2598 3289 2673 μείζονα
3355 2595 3635 2677 ἐφθέγξατο
3699 2603 3799 2664 τῆς

2151 2685 2424 2766 πλάσεως,
2485 2683 2569 2741 διὰ
2605 2687 2697 2741 τὸν
2726 2685 2962 2766 ἀοράτως
3011 2688 3064 2744 ἒν
3110 2688 3251 2761 αὑτῴ
3295 2686 3501 2764 σπέρμα
3539 2683 3801 2742 δεδωκότα

2154 2775 2251 2842 τῆς
2296 2774 2490 2834 ἄνωθεν
2534 2776 2738 2848 οὐσίας,
2794 2777 2881 2832 καὶ
2938 2774 3426 2854 παρρησιαζόμενον
3463 2791 3476 2805 ⁸
3539 2774 3675 2831 οὕτω
3717 2775 3805 2830 καὶ

2156 2863 2211 2920 ἐν
2265 2876 2388 2928 ταῖς
2431 2877 2644 2943 γενεαῖς
2698 2870 2805 2920 τῶν
2861 2871 3134 2936 κοσμικῶν
3177 2865 3488 2944 ἀνθρώπων,
3532 2861 3684 2944 φόϐοι
3741 2863 3808 2920 τὰ

2157 2951 2286 3032 ἔργα
2340 2960 2448 3009 τῶν
2492 2953 2778 3031 ἀνθρώπων
2821 2955 2943 3014 τοῖς
2999 2962 3238 3011 ποιοῦσιν
3299 2953 3528 3032 ἐγένετο,
3559 2953 3678 3010 οῖον
3708 2953 3807 3008 ἆν-

2154 3040 2388 3121 δριάντες
2445 3044 2532 3099 καὶ
2575 3042 2795 3115 εἱκόνες,
2852 3044 2940 3100 καὶ
2969 3044 3182 3100 πάντων
3221 3039 3276 3084 ³³
3319 3043 3371 3098 αἱ
3413 3055 3596 3122 χεῖρες
3625 3041 3810 3099 ἀνύου-

2154 3155 2236 3187 σιν
2279 3133 2352 3197 εἶς
2401 3131 2571 3208 ὄνομα
2615 3140 2768 3196 Θεοῦ,
2833 3137 2918 3199 Εἰς
2969 3135 3069 3214 γὰρ
3115 3134 3282 3210 ὄνομα
3341 3133 3612 3213 ἀνθρώπου
3666 3132 3810 3190 πλα-

2154 3223 2292 3285 σθεὶς
2364 3219 2558 3302 Ἀδὰμ,
2636 3219 2796 3302 φόϐον
2881 3223 3152 3304 παρέσχεν
3195 3221 3452 3303 προόντος
3514 3221 3808 3302 ἀνθρώπου,

2155 3313 2228 3373 ὡς
2285 3309 2350 3379 δὴ
2410 3311 2566 3368 αὑτοῦ
2611 3310 2666 3367 ἐν
2698 3313 2841 3385 αὐτῷ
2869 3314 3222 3394 καθεστῶτος,
3254 3315 3342 3369 καὶ
3369 3311 3807 3392 κατεπλάγησαν,

2156 3403 2243 3457 καὶ
2273 3403 2415 3482 ταχὺ
2443 3403 2505 3458 τὸ
2533 3400 2685 3481 ἔργον
2714 3403 2999 3483 ἠφάνισαν.

1411 3589 1512 3650 Ea:
1537 3591 1768 3670 eodem,
1806 3590 1914 3652 lib.
1951 3607 1992 3653 ιι
2027 3585 2433 3656 Stromatum,
2459 3601 2614 3664 pag.
2651 3583 2792 3648 409.

475 3674 811 3748 Quinetiam
837 3679 1187 3742 Valentinus
1207 3679 1425 3744 scribit
1453 3681 1523 3744 ad
1555 3682 1786 3763 aliquos
1817 3682 1910 3744 his
1941 3689 2128 3743 ver-C

391 3765 486 3829 bis
515 3765 590 3826 de
621 3767 1060 3848 appendicibus
1091 3790 1104 3829 :
1139 3767 1244 3832 Est
1273 3778 1467 3832 autem
1495 3789 1646 3832 unus
1683 3772 2073 3852 bonus,cujus

391 3857 773 3935 praesentiam
809 3858 1052 3920 exhibet
1083 3877 1152 3920 ea
1182 3861 1392 3940 quaatit
1425 3877 1534 3940 per
1566 3859 1778 3922 Filium
1813 3861 2069 3922 manife-

389 3943 586 4006 statio.
622 3945 696 4008 Et
727 3963 834 4027 per
853 3965 987 4008 eum
1009 3947 1206 4010 solum
1235 3954 1428 4029 potest
1451 3965 1558 4011 cor
1585 3947 1720 4011 ﬁeri
1757 3951 2067 4026 mundum,

397 4032 590 4112 ejecto
622 4051 690 4095 ex
722 4034 904 4096 corde
936 4036 1100 4098 omni
1135 4037 1396 4116 maligno
1429 4038 1669 4118 spiritu.
1712 4037 1876 4100 Mulli
1910 4039 2068 4101 enim

393 4120 459 4182 in
491 4140 562 4184 eo
595 4122 938 4188 habitantes
969 4126 1240 4207 spiritus,
1265 4127 1322 4188 id
1358 4127 1646 4188 mnndum
1681 4146 1814 4190 esse
1845 4148 1964 4189 non
1995 4133 2072 4189 si-

399 4219 570 4272 nunt.
632 4211 1056 4296 Unusquisque
1118 4224 1316 4278 autem
1353 4234 1560 4277 eorum
1620 4217 1858 4298 propria
1887 4217 2070 4286 efﬁcit

393 4315 599 4380 Opera,
627 4319 784 4382 saepe
803 4321 921 4364 non
940 4303 1439 4366 convenientibus
1463 4303 1755 4367 insultans
1782 4307 2070 4387 cupidita-

390 4387 580 4453 tibus.
612 4388 696 4452 Ac
729 4391 875 4454 mihi
907 4393 1150 4474 quidem
1182 4394 1420 4456 videtur
1463 4413 1566 4456 cor
1596 4414 1714 4456 non
1749 4413 1879 4458 esse
1909 4395 2067 4458 absi-

391 4477 536 4540 mile
559 4477 889 4543 diversorio
917 4502 931 4543 :
967 4485 1123 4545 istud
1146 4484 1308 4548 enim
1341 4483 1679 4564 perforatur
1699 4485 2065 4572 eteﬁoditur,

393 4573 454 4629 et
475 4575 738 4631 stercore
759 4589 918 4652 saepe
935 4572 1579 4654 repletur,hominibus
1600 4573 1887 4636 indecore
1910 4575 1972 4635 in
1996 4594 2066 4637 eo

391 4656 802 4741 manentibus,
839 4670 898 4724 et
927 4662 1126 4725 locum
1153 4663 1300 4725 nihil
1325 4662 1566 4724 omnino
1599 4662 1970 4739 curantibus,
1999 4671 2068 4726 ut

391 4743 495 4834 qui
526 4745 601 4806 sit
631 4747 885 4812 alienus.
912 4751 1139 4814 Eodem
1169 4753 1346 4814 modo
1379 4771 1484 4814 cor
1515 4771 1775 4833 quoque,
1803 4754 2068 4834 quandin

391 4833 558 4894 nulla
589 4836 718 4914 ejus
748 4856 894 4900 cura
924 4840 1172 4918 geritur,
1207 4850 1297 4903 est
1345 4842 1721 4903 immundum
1751 4833 2064 4904 et’inulto-

385 4939 520 5022 rum
557 4922 926 5025 daemonum
949 4929 1736 5025 habitaculuin._l’ostquam
1769 4941 1967 5025 autem
2000 4932 2059 4994 id
2085 4975 2128 5025 ο

385 5009 662 5074 inviserit
691 5015 793 5094 qui
840 5017 1001 5078 solus
1033 5027 1125 5081 est
1173 5018 1364 5081 bonus
1395 5009 1597 5095 Pater,
1633 5021 2060 5084 sanctiﬁcatum

388 5107 502 5190 est,
536 5109 597 5162 et
624 5101 761 5165 luce
793 5106 1140 5186 resplendet
1167 5129 1182 5170 :
1216 5121 1276 5171 et
1308 5107 1394 5170 sic
1439 5109 1542 5190 qui
1573 5109 1689 5172 tale
1719 5129 1823 5172 cor
1852 5110 2055 5188 habet,

385 5188 600 5253 beatus
634 5199 747 5269 est,
783 5195 1066 5276 quoniam
1097 5199 1288 5262 Deum
1322 5188 1564 5262 videbit.

2233 3673 2402 3732 Ἀλλά
2452 3678 2539 3733 καὶ
2608 3676 2984 3759 Οὒαλεντϊνος,
3047 3680 3176 3758 πρὸς
3231 3701 3379 3744 τινας
3457 3678 3803 3754 ἐπιστέλλων,

2157 3770 2346 3830 αὑταῖς
2390 3764 2561 3832 λέξεσι
2619 3769 2805 3847 γράφει
2849 3769 2966 3847 περὶ
3025 3775 3132 3825 τῶν
3173 3771 3650 3849 προσαρτημάτων⁶
3712 3773 3808 3832 Εἷς

2155 3854 2209 3911 δὲ
2254 3856 2396 3911 ἐστιν
2426 3855 2648 3937 ἀγαθὸς,
2705 3859 2765 3914 οὗ
2811 3856 3074 3937 παρῥησία
3115 3854 3192 3935 Ἃ,
3239 3859 3276 3927 ἦ
3300 3857 3383 3919 διὰ
3423 3859 3514 3916 τοῦ
3544 3861 3664 3914 Υἱοῠ
3707 3879 3809 3937 φα-

2157 3944 2398 4024 νέρωσις.
2459 3946 2556 4003 Καὶ
2605 3944 2672 4002 δι’
2703 3949 2860 4003 αὑτοῦ
2889 3947 3052 4024 μόνου
3081 3946 3288 4006 δύναιτο
3317 3947 3378 4005 ἂν
3407 3951 3441 4018 ἡ
3487 3946 3670 4028 καρδία
3705 3969 3808 4003 κα-

2153 4033 2285 4112 θαρὰ
2337 4032 2603 4112 γενέσθαι,
2657 4038 2857 4102 παντὸς
2929 4045 3162 4117 πονηροῦ
3227 4039 3525 4114 πνεύματος
3583 4036 3808 4104 ἐξωθου-

2153 4123 2313 4198 μένου
2385 4124 2483 4190 τῆς
2569 4123 2804 4204 καρδίας.
2876 4125 3056 4183 Πολλά
3137 4129 3236 4208 γὰρ
3293 4128 3593 4185 ἐνοικοῦντα
3677 4127 3808 4204 αὑτῂ

2153 4213 2425 4287 πνεύματα
2469 4215 2565 4270 οὑκ
2605 4215 2667 4287 ἐᾷ
2735 4217 3041 4295 καθαρεύει-ι
3076 4233 3090 4247 ⁸
3149 4217 3370 4274 ἕκαστον
3432 4215 3487 4273 δὲ
3529 4209 3702 4274 αὐτῶν
3742 4218 3808 4274 τὰ

2153 4300 2272 4358 ἴδια
2342 4301 2554 4359 ἐκτελεϊ
2603 4303 2754 4384 ἔργα,
2843 4303 3141 4386 πολλαχῶς
3196 4304 3566 4385 ἐνυϐριζόντων
3623 4303 3806 4362 ἐπιθυ·-

2153 4391 2298 4467 μίαις
2357 4394 2417 4448 οὑ
2474 4396 2886 4472 προσηκούσαις.
2941 4397 3040 4454 Καὶ
3085 4419 3177 4473 μοι
3227 4394 3376 4453 δοκεῖ
3405 4394 3586 4472 ὅμοιόν
3617 4417 3666 4452 τι
3697 4397 3808 4456 πά·-

2151 4503 2307 4561 σχειν
2335 4475 2412 4556 τῷ
2440 4481 2744 4563 πανδοχείῳ
2797 4485 2832 4552 ἡ
2889 4483 3075 4564 καρδία
3111 4501 3124 4516 ⁸
3187 4486 3275 4542 καὶ
3305 4487 3404 4564 γὰρ
3433 4485 3610 4542 ἐκεῖνο
3635 4507 3808 4542 κατα-

2150 4576 2386 4649 τιτρᾷταί
2442 4593 2499 4627 τε
2583 4574 2670 4629 καὶ
2754 4573 3044 4650 ὀρύττεται,
3134 4575 3226 4630 καὶ
3301 4573 3558 4639 πολλάκις
3612 4575 3810 4653 κόπρου

2150 4658 2475 4741 πίμπλαται,
2563 4659 2852 4740 ἀνθρώπων
2933 4660 3177 4740 ἀσελγῶς
3277 4661 3635 4738 ἐμμενόντων,
3723 4670 3812 4724 καὶ

2151 4743 2415 4822 μηδεμίαν
2457 4747 2708 4825 πρόνοιαν
2752 4749 3088 4824 ποιουμένων
3143 4757 3236 4806 τοῦ
3299 4750 3520 4830 χωρίου,
3579 4750 3812 4829 καθάπερ

2149 4835 2424 4914 ἀλλοτρίου
2481 4841 2814 4902 καθεστῶτος
2851 4858 2864 4873 ·
2921 4839 3012 4894 τὸν
3055 4839 3250 4918 τρόπον
3281 4847 3466 4898 τοῦτον
3495 4843 3581 4896 καὶ
3610 4840 3646 4908 ἡ
3673 4861 3809 4920 καρ-

2147 4925 2249 4996 δία,
2299 4925 2462 5005 μέχρι
2531 4927 2608 5002 μὴ
2663 4927 2908 5006 προνοίας
2965 4929 3246 5008 τυγχάνει,
3307 4929 3596 5009 ἀκάθαρτος
3655 4931 3806 5002 οὖσα,

2145 5013 2360 5073 πολλῶν
2411 5014 2542 5072 οὖσα
2585 5015 2850 5093 δαιμόνων
2904 5020 3233 5098 οἰκητήριον,
3279 5016 3524 5076 Ἐπειδὰν
3581 5018 3638 5076 δὲ
3683 5019 3806 5077 ἐπι·-

2143 5105 2408 5182 σκὲψηται
2470 5104 2636 5172 αὑτὴν
2693 5107 2722 5162 ὁ
2780 5104 2944 5181 μόνος
3001 5106 3195 5185 ἀγαθός
3258 5107 3462 5188 Πατὴρ,
3529 5110 3802 5189 ἡγίασται,

2139 5198 2230 5253 καὶ
2289 5196 2423 5274 φωτὶ
2476 5191 2812 5270 διαλάμπει·
2848 5199 2938 5254 καὶ
2985 5195 3126 5253 οὕτω
3170 5205 3512 5274 μακαρίζεται
3573 5202 3602 5256 ὁ
3660 5197 3806 5278 ἔχων

2139 5291 2239 5356 τὴν
2267 5285 2522 5353 τοιαύτην
2553 5281 2790 5365 καρδίαν,
2825 5284 2906 5342 ὅτι
2937 5285 3128 5363 ὄψεται
3157 5288 3249 5344 τὸν
3291 5289 3448 5348 Θεὸν.

476 5411 531 5455 η
557 5415 702 5494 Leg.
741 5419 968 5500 ὡσπερεὶ
997 5416 1192 5501 φόϐος.⁹
1267 5419 1322 5465 1³
1355 5421 1498 5500 Leg.
1535 5421 1729 5484 πάντα,
1817 5419 1874 5464 ﬂ
1901 5422 2046 5502 Leg,
2080 5444 2088 5475 τ

2159 5417 2340 5491 ρουσία
2352 5463 2364 5477 .

416 5545 738 5648 :_(_l:)cQ_uid
797 5550 1398 5648 Silo‘prtdlttspocmSpﬁi,
1431 5551 1670 5648 .quid‘ve
1727 5554 2054 5648 symbolice

2156 5552 2599 5648 tristOphanem
2624 5552 2694 5648 in
2727 5553 2983 5648 Αὐίζὶιιιῖἱ
3011 5552 3128 5616 Sed
3175 5572 3384 5648 parum
3429 5553 3546 5648 ﬁda
3576 5551 3820 5614 Videtur

381 5627 703 5718 signiticet,
754 5627 1141 5729 peritioribus
1169 5627 1304 5700 aliis
1327 5627 1734 5728 divinandum.
1751 5627 2050 5716 relinquo.

382 5702 640 5794 Gonjieit
664 5706 914 5794 Grabins
926 5713 1208 5794 Spwzleg.
1236 5721 1510 5781 harena.
1539 5731 1677 5778 sate.
1702 5731 1768 5794 ιι,
1791 5734 1925 5794 pag.
1949 5717 2054 5794 68,

2156 5627 2509 5774 :onjecttpra.
2530 5635 2832 5715 Totusque
2851 5633 2948 5696 hic
2968 5633 3132 5696 locus
3149 5627 3266 5696 non
3291 5635 3613 5696 admodum
3627 5651 3809 5694 sanus

2156 5733 2277 5778 esse
2308 5731 2364 5776 Vi
2409 5724 2568 5776 etnr.

382 5734 640 5786 uuujwu
664 5734 914 5773 uramlls
926 5734 1208 5797 optc‘tteg.
1236 5734 1510 5781 narem.
1539 5734 1677 5778 saec.
1702 5734 1768 5796 ιι,
1791 5734 1925 5796 pag.
1949 5734 2029 5782 οδ

381 5803 495 5867 pro
526 5785 643 5868 δρῦς
703 5787 1022 5868 legendum
1053 5813 1187 5861 esse
1240 5798 1424 5881 δρύοψ,
1473 5797 1596 5860 avis
1650 5813 1840 5876 genus
1899 5765 2057 5880 apud

2156 5734 2277 5778 3830
2308 5734 2568 5776 Vlﬂellll'.
