4148 6412
369 390 521 454 1275

1246 391 1639 456 APPENDIX
1696 396 1796 456 AD
1838 388 2175 467 QUINQUE
2219 390 2511 452 IREN/EI
2557 388 2853 451 LIBROS.

3596 390 3745 455 H276

362 523 610 600 volebat;
629 523 729 585 ille
757 542 895 587 vero
922 544 1039 587 non
1068 523 1295 586 destitit
1315 525 1615 606 persequi,
1643 525 2032 606 nequeiram.

2100 545 2199 601 γειν
2232 541 2248 597 ;
2287 521 2408 580 ἀλλ’
2438 523 2520 581 ὅτι
2569 524 2830 603 χωρήσας
2886 521 2973 579 ἐπ’
3021 524 3180 580 αὒτὸν
3212 523 3398 588 εὒθέως
3443 523 3629 582 ἔπαισε
3672 534 3749 601 τῷ

358 612 691 693 reprimere
720 614 922 676 voluit.
957 613 1027 675 Et
1057 615 1197 696 quid
1230 614 1506 696 pluribus
1555 634 1704 696 opus
1743 619 1874 677 est?
1918 613 2005 676 ir-

360 721 542 763 ruens
572 703 633 765 in
661 703 851 777 illum,
901 704 1097 784 gladio
1129 702 1325 766 statim
1373 703 1667 785 percussit
1700 725 1713 765 :
1741 705 1842 766 ille
1869 723 2009 778 vero

359 793 606 872 supplex
639 792 828 855 factus
861 794 1135 874 proximo
1167 812 1273 855 suo
1306 812 1516 855 manus
1545 794 1846 874 supplices
1879 812 2011 875 pro-

359 880 966 961 tendebat,suamque
988 891 1211 944 vestem
1246 881 1388 944 dare
1417 881 1651 944 volebat
1687 901 1700 945 :
1736 883 2013 946 obsecra-

360 968 457 1030 bat
488 977 716 1032 tantum
748 973 917 1032 vitam
952 971 1067 1033 sibi
1102 971 1710 1035 concederet.Verum
1738 972 1839 1034 ille
1861 973 2012 1035 iram

358 1078 475 1119 non
507 1059 839 1139 frangebat,
874 1079 987 1122 nec
1018 1061 1433 1123 misericordia
1483 1062 1829 1140 tangebatur
1876 1081 2016 1142 erga

358 1154 709 1226 cognatum:
737 1169 931 1230 neque
947 1150 1209 1230 seipsum
1234 1150 1293 1211 in
1325 1150 1582 1229 imagine
1603 1151 1761 1213 illius
1787 1151 2016 1214 volebat

355 1238 770 1318 contemplari,
804 1238 911 1300 sed
945 1240 1105 1300 velut
1136 1239 1417 1301 immanis
1449 1238 1648 1302 bellua
1677 1240 1875 1320 gladio
1901 1242 2013 1303 de-

355 1327 687 1388 vorandum
708 1327 1184 1407 aggrediebatur:
1212 1330 1458 1409 jamque
1492 1348 1707 1409 corpus
1723 1332 2011 1409 ejuscon-

353 1416 535 1476 simili
558 1416 815 1478 addebat
842 1417 1079 1497 corpori
1114 1436 1126 1479 :
1168 1426 1366 1479 tantus
1400 1426 1526 1481 erat
1556 1418 1721 1481 furor
1744 1422 1902 1498 ejus.
1935 1421 2017 1483 At

2092 612 2222 695 ξίφει
2260 630 2274 644 ⁸
2321 616 2349 670 ὁ
2380 611 2434 670 δὲ
2491 612 2673 681 ἱκέτης
2731 620 2808 688 τῷ
2865 612 3088 681 πλησίον
3134 614 3367 693 ἐγένετο,
3412 614 3500 672 καὶ
3555 629 3749 694 χεῖρας

2091 701 2290 767 ἱκεσίας
2356 703 2546 782 ὤρεγε,
2614 704 2701 759 καὶ
2759 703 2858 771 τὴν
2924 704 3024 779 μὲν
3068 703 3263 771 ἐσθῆτα
3317 700 3511 759 διδόναι
3569 702 3745 773 ἤθελε,

2096 792 2259 869 μόνον
2300 789 2355 848 δὲ
2383 794 2445 848 τὸ
2475 791 2571 864 ζῆν
2614 792 2763 872 ἔχειν
2791 791 2937 860 ἠξίου
2970 810 2986 827 ⁶
3022 794 3050 848 6
3101 789 3155 848 δὲ
3183 793 3278 849 οὐκ
3307 791 3552 871 ἐθραύετο
3580 789 3634 834 ιθ
3658 795 3749 848 τὸν

2093 884 2280 957 θυμὸν,
2328 879 2444 941 οὐδὲ
2503 879 2645 948 ἣλέει
2687 883 2780 937 τὸν
2831 884 3088 962 ὁμογενῆ,
3142 879 3258 938 ούδὲ
3294 882 3477 938 ἑαυτὸν
3519 879 3604 939 διὰ
3648 887 3746 948 τῆς

2096 971 2298 1035 εἰκόνος
2331 970 2558 1047 [ἐκείνου
2609 968 2825 1047 βλέπειν
2880 969 3088 1045 ἤθελεν,
3122 969 3242 1027 ἀλλ’
3290 972 3365 1035 ὡς
3413 968 3595 1050 ἄγριος
3651 972 3748 1048 θὴρ

2095 1067 2172 1135 τῷ
2215 1058 2345 1140 ξίφει
2398 1065 2495 1127 τῆς
2543 1061 2701 1139 βορᾶς
2752 1058 2957 1140 ἤρχετο
2991 1077 3007 1091 ⁶
3039 1057 3143 1127 ἤδη
3173 1057 3227 1116 δὲ
3256 1060 3346 1115 καὶ
3386 1061 3449 1116 τὸ
3490 1065 3648 1135 σῶμα
3676 1067 3753 1134 τῷ

2098 1150 2267 1226 ὁμοίῳ
2308 1148 2598 1230 προσέφερε
2649 1149 2856 1224 σώματι
2894 1168 2907 1181 '
2968 1156 3220 1215 τοσοῦτος
3248 1149 3347 1229 γὰρ
3377 1149 3444 1217 ἦν
3470 1155 3549 1224 τῷ
3575 1152 3748 1225 θυμῷ.

2094 1241 2195 1300 Καὶ
2237 1238 2303 1307 ἦν
2359 1237 2490 1296 ἰδεῖν
2532 1239 2624 1295 τὸν
2667 1239 2767 1315 μὲν
2815 1237 3161 1315 ηδικημένον,
3197 1240 3288 1297 τὸν
3315 1238 3369 1294 δὲ
3401 1237 3587 1296 λοιπὸν
3618 1261 3749 1298 σκυ-

2093 1328 2336 1403 λεύοντα,
2370 1330 2458 1385 καὶ
2501 1325 2638 1403 μηδὲ
2694 1333 2765 1407 γῇ
2813 1329 3145 1400 σκεπάζοντα
3190 1329 3252 1385 τὸ
3281 1327 3436 1405 σῶμα
3471 1345 3487 1360 ·
3520 1332 3618 1397 τῆς
3653 1329 3753 1409 γὰρ

2093 1419 2311 1483 ἐσθῆτος
2356 1417 2649 1496 ἐγύμνωσε.
2712 1418 2848 1497 Πρὸς
2906 1416 2963 1474 δὲ
3018 1420 3248 1489 τούτοις,
3281 1418 3458 1496 ἕτερος
3500 1418 3749 1495 προσῄει,

355 1513 482 1566 erat
510 1505 606 1567 hic
637 1505 844 1567 videre
866 1505 1033 1567 illum
1069 1507 1285 1587 injuste
1317 1526 1693 1588 oppressum,
1724 1510 1883 1572 hunc
1901 1528 2011 1571 au-

2100 1511 2153 1573 ὓς
2195 1510 2291 1566 τοῦ
2330 1506 2557 1575 πλησίον
2613 1520 2842 1585 γυναῖκα
2885 1507 3087 1579 παίζειν
3123 1505 3302 1581 ἤθελε,
3336 1506 3606 1587 λῃστεύων
3654 1508 3754 1585 γά-

354 1603 474 1656 tem
505 1595 802 1676 reliquum
836 1595 1291 1677 spoliantem,et
1313 1616 1389 1659 ne
1420 1604 1579 1659 terra
1609 1598 1849 1677 quidem
1873 1617 2012 1662 cor»

2100 1619 2196 1675 μον
2225 1596 2501 1676 ἀλλότριον
2536 1612 2551 1628 ⁶
2606 1597 2694 1653 καὶ
2747 1597 2835 1653 επὶ
2893 1598 3201 1676 παράνομον
3249 1598 3432 1664 κοίτην
3483 1601 3755 1677 τραπῆναι

358 1703 468 1764 pus
498 1684 1004 1765 operientem,sed
1029 1686 1238 1748 vestitu
1260 1704 1367 1747 suo
1399 1686 1840 1752 nudantem.Ad
1861 1690 2009 1765 hac,

2100 1692 2384 1766 παρορμῶν
2433 1688 2533 1743 τὸν
2570 1707 2943 1764 γεγαμηκοτα,
3003 1687 3223 1764 γνήσιον
3271 1686 3472 1764 πατέρα
3516 1686 3755 1765 γενέσθαι

348 1774 602 1836 accessit
634 1782 693 1835 et
712 1774 886 1846 alius,
912 1775 1013 1856 qui
1044 1794 1288 1837 uxorem
1320 1775 1498 1837 vicini
1530 1776 1622 1836 sui
1667 1777 1879 1839 fallere
1906 1796 2014 1839 vo-

2100 1776 2174 1853 μὴ
2231 1774 2420 1834 θέλων.
2498 1775 2768 1833 Ἐντεῦθεν
2823 1772 2876 1817 ίἿ
2936 1777 3023 1832 καὶ
3099 1788 3220 1839 ταῖς
3276 1773 3590 1854 τραγῳδίαις
3657 1799 3753 1831 πι-

353 1863 484 1937 luit,
519 1864 732 1926 alienis
764 1863 1075 1926 insidiatus
1105 1864 1329 1946 nuptiis
1356 1886 1368 1925 :
1397 1871 1456 1928 et
1487 1884 1647 1941 eum,
1678 1866 1751 1928 ad
1786 1866 2015 1945 illegiti-

2100 1866 2296 1922 στεύειν
2340 1864 2623 1944 ἠρχόμην,
2684 1866 2771 1921 καὶ
2823 1871 2976 1922 τοῦτο
3019 1863 3155 1941 ἐστι,
3188 1862 3256 1920 δι’
3285 1866 3359 1922 ὧν
3390 1864 3602 1933 ἀληθῶς
3632 1863 3753 1923 E36-

355 1972 515 2013 mum
550 1961 741 2015 torum
787 1954 1190 2017 invadendum
1253 1956 1545 2027 hortatus,
1610 1956 1714 2035 qui
1765 1974 2010 2017 uxorem

352 2044 694 2125 duxerat,ut
716 2044 1013 2124 legitimus
1032 2057 1202 2127 pater
1235 2047 1428 2127 ﬁeret,
1466 2046 1859 2109 noluit.Enim
1874 2066 2010 2108 vero

358 2132 500 2195 hinc
525 2134 821 2213 tragzediis
854 2134 1028 2196 ﬁdem
1060 2134 1352 2197 adhibere
1386 2135 1539 2214 ccepi
1574 2153 1587 2197 :
1623 2134 1823 2197 ethoc
1864 2135 2011 2197 illud

353 2230 464 2299 est,
500 2224 661 2285 unde
691 2224 983 2285 adductus
1013 2243 1167 2303 sum,
1206 2232 1265 2285 ut
1298 2243 1434 2285 vere
1466 2233 1630 2301 gesta
1661 2224 1808 2285 mihi
1840 2225 2009 2286 vide-

350 2310 779 2374 rentur.Credo
814 2314 990 2373 etiam
1042 2313 1430 2374 tumulentam
1464 2312 1735 2374 (Enomai
1773 2311 2009 2393 cupidi-

353 2408 532 2462 tatem
569 2420 585 2462 :
621 2408 674 2462 et
709 2401 951 2462 fratrum
984 2400 1142 2464 inter
1158 2420 1222 2463 se
1246 2421 1391 2463 ense
1422 2403 1866 2464 contentionem
1893 2421 2011 2464 non

355 2489 770 2554 incredibilem
805 2498 967 2571 puto.
1013 2493 1219 2571 Itaque
1250 2511 1384 2554 cum
1428 2498 1510 2553 tot
1553 2510 1621 2553 ac
1665 2492 1868 2552 talium
1904 2510 2010 2570 ego

353 2588 653 2660 spectator
684 2598 875 2641 essem
933 2580 1143 2661 factus,
1182 2581 1340 2642 unde
1372 2582 1481 2644 ista
1511 2586 1815 2643 orirentur
1859 2581 2012 2660 coepi

351 2669 720 2750 disquirere:
756 2669 926 2750 item,
972 2671 1269 2749 quodnam
1313 2671 1671 2752 principium
1733 2671 2012 2735 motionis

2093 1976 2175 2011 κει
2220 1976 2310 2029 μοι
2343 1953 2639 2032 γεγονέναι.
2675 1954 2914 2011 Πιστεύω
2964 1955 3052 2010 καὶ
3095 1958 3196 2019 τὴν
3246 1954 3505 2029 Οἰνομάου
3554 1954 3755 2033 πάροι-

2096 2067 2183 2101 νον
2256 2042 2555 2118 ἐπιθυμίαν,
2643 2043 2731 2100 καὶ
2810 2043 2908 2112 τὰν
2964 2049 3069 2099 τῶν
3125 2041 3364 2123 ἀδελφῶν
3428 2041 3512 2100 διὰ
3583 2041 3757 2123 ξίφους

2095 2130 2424 2212 φιλονεικίαν
2468 2131 2562 2187 οὒκ
2614 2131 2844 2190 ἀπιστῶ.
2893 2132 3169 2190 Τοσούτων
3212 2133 3382 2189 τοίνυν
3434 2133 3521 2189 καὶ
3576 2133 3755 2190 τοιού-

2094 2244 2201 2279 των
2251 2222 2443 2289 eam;
2503 2221 2790 2299 γενόμενος
2860 2221 2990 2301 ἐγὼ,
3065 2221 3223 2278 πόθεν
3267 2229 3429 2278 ταῦτα
3472 2221 3757 2293 ἀναζητεῖν

2095 2312 2351 2391 ἠρχόμην
2385 2325 2399 2339 ⁸
2450 2309 2529 2375 τίς
2587 2308 2641 2365 δὲ
2701 2312 2789 2367 γαὶ
2845 2313 2880 2379 ἡ
2924 2317 3024 2377 τῆς
3065 2312 3328 2381 κινήσεως
3360 2314 3530 2369 αὐτῶν
3560 2312 3759 2391 ἀρχή,

2099 2403 2195 2458 Καὶ
2236 2422 2315 2465 τις
2361 2402 2388 2456 6
2427 2406 2661 2457 τοσαῦτα
2711 2401 2846 2456 κατὰ
2893 2401 3178 2479 ἀνθρώπων
3237 2401 3751 2481 μηχανησάμενος,

2096 2492 2259 2546 Πόθεν
2290 2491 2408 2558 τεὴ
2469 2489 2670 2559 εὕρεσις
2724 2489 2944 2563 αύτῶν;
2987 2489 3076 2545 καὶ
3132 2491 3209 2552 τίς
3283 2492 3310 2545 6
3366 2490 3565 2545 τούτων
3617 2487 3756 2544 διδά-

2095 2579 2341 2655 σκάλος;
2389 2581 2489 2637 Καὶ
2516 2580 2608 2635 τὸν
2668 2579 2766 2655 μὲν
2823 2581 2952 2636 Θεὸν
3012 2578 3244 2646 ποιητὴν
3301 2579 3500 2636 τούτων
3554 2577 3751 2659 λέγειν,

2093 2668 2296 2745 τολμᾷν
2339 2673 2447 2749 οὔχ
2476 2670 2596 2733 οἶός
2624 2690 2682 2725 τε
2710 2668 2799 2736 ἦν.

352 2760 648 2839 ipsorum,
708 2768 766 2821 et
796 2761 928 2841 quis
958 2760 1293 2822 istiusmodi
1325 2768 1528 2822 contra
1561 2761 1830 2823 homines
1880 2759 2370 2834 machinaretur;
2435 2757 2594 2820 unde
2637 2757 2848 2819 harum
2895 2775 3097 2819 rerum
3154 2755 3442 2831 inventio,
3504 2763 3563 2818 et
3619 2757 3754 2838 quis

362 2849 613 2910 istorum
648 2850 928 2929 magister
959 2858 1135 2913 esset.
1166 2851 1254 2913 Ac
1280 2850 1465 2912 Deum
1512 2851 1752 2932 quidem
1786 2850 1988 2912 dicere
2020 2850 2231 2912 horum
2262 2854 2567 2911 auctorem
2597 2847 2688 2909 vel
2720 2853 3081 2922 creatorem,
3142 2864 3261 2908 non
3315 2846 3542 2909 audere
3572 2853 3747 2928 pote-

367 2955 489 3001 ram
502 2986 517 3000 .

434 3029 575 3090 5δὸ
596 3028 713 3093 Sed
748 3048 941 3111 neque
963 3030 1334 3111 judicabam,
1359 3031 1433 3093 ab
1466 3032 1566 3093 illo
1589 3051 1756 3093 suam
1790 3031 2013 3094 habere
2033 3042 2073 3092 c

354 3119 768 3194 substantiam,
802 3120 891 3180 vel
926 3123 1200 3182 essentite
1248 3138 1370 3181 suze
1426 3122 1846 3184 constantiam.
1902 3120 2012 3193 Qui

354 3209 515 3270 enim
547 3210 622 3271 de
655 3212 777 3272 Deo
811 3209 922 3271 ista
952 3208 1203 3288 cogitari
1235 3216 1508 3288 possent?
1551 3210 1784 3273 Etenim
1821 3209 2016 3270 bonus

355 3297 481 3378 ille,
515 3316 719 3359 rerum
745 3315 983 3377 quoque
1014 3297 1368 3377 optimarum
1403 3307 1635 3359 creator
1662 3306 1774 3372 est;
1799 3316 2013 3377 pravo-

356 3404 491 3448 rum
523 3404 662 3447 vero
694 3385 753 3445 in
791 3385 920 3464 ipso
955 3386 1099 3446 nihil
1134 3386 1306 3445 inest.
1343 3384 1465 3448 Nec
1504 3387 1722 3447 talibus
1750 3387 2016 3464 gaudere

357 3475 690 3555 potest.sed
722 3492 927 3535 eorum
945 3474 1236 3552 originem
1261 3482 1438 3553 atque
1470 3475 1856 3555 propaginem
1889 3493 2015 3555 pro-

357 3561 543 3625 hibet.
578 3562 811 3642 Eosque
858 3562 961 3642 qui
1018 3563 1137 3623 illis
1184 3563 1577 3637 delectantur,
1618 3564 1871 3645 abjicit:
1915 3563 2016 3645 qui

356 3664 554 3717 autem
591 3674 659 3717 ea
690 3654 941 3734 fugiunt,
975 3655 1213 3735 recipit.
1244 3656 1634 3734 Ecquomodo
1682 3656 2010 3718 absurdum

359 3763 476 3805 non
511 3743 603 3809 sit,
634 3742 821 3806 Deum
855 3742 1223 3805 conditorem
1258 3744 1503 3806 istorum
1538 3745 1767 3819 dicere,
1801 3746 1901 3827 qui
1922 3766 2016 3808 ea-

357 3834 491 3896 dem
524 3833 754 3897 renuit?
801 3834 1005 3915 Neque
1048 3834 1208 3895 enim
1266 3853 1333 3897 ea
1391 3854 1509 3896 non
1569 3854 1699 3898 esse
1731 3836 1929 3913 vellet,
1964 3838 2013 3898 si

356 3923 583 4005 primus
602 3933 805 3985 auctor
838 3923 967 4004 ipse
988 3932 1046 3985 et
1076 3935 1309 3985 creator
1328 3925 1670 3987 exstitisset.
1702 3925 1816 3988 Eos
1835 3945 2011 3987 nam-

356 4031 472 4093 que
528 4013 628 4093 qui
677 4013 749 4075 ad
801 4012 994 4093 ipsum
1054 4014 1370 4078 accedunt.
1409 4014 1738 4076 imitatores
1769 4015 1859 4077 sui
1892 4016 2013 4079 vult

357 4101 688 4167 ﬁeri.Unde
705 4101 853 4164 mihi
874 4101 1183 4164 videbatur
1202 4102 1276 4165 ab
1295 4103 1457 4165 omni
1479 4105 1708 4166 ratione
1727 4104 2010 4184 alienum,

359 4194 484 4254 haec
525 4192 611 4252 illi
637 4192 920 4271 adaptare
949 4210 965 4267 ;
998 4193 1087 4253 vel
1121 4192 1290 4273 quasi
1322 4192 1394 4255 ab
1419 4193 1518 4254 illo
1545 4194 1698 4255 facta
1731 4194 1849 4256 sint
1876 4214 1890 4269 ;
1928 4194 2014 4254 vel

2179 3028 2348 3087 Ἀλλὰ
2407 3028 2501 3104 μὲν
2573 3027 2690 3088 οὔδε
2745 3027 2798 3095 ἒξ
2885 3030 3039 3086 αὐτοῦ
3107 3028 3206 3094 τὴν
3263 3027 3551 3084 ὑπόστασιν
3581 3026 3755 3109 ἔχειν,

2095 3117 2210 3176 οὐδὲ
2265 3118 2363 3187 τὴν
2417 3125 2510 3174 τοῦ
2568 3122 2706 3174 εἶναι
2764 3117 3013 3175 σύστασιν
3046 3133 3060 3147 ⁸
3109 3121 3225 3180 πῶς
3282 3117 3383 3196 γὰρ
3426 3117 3544 3174 οἷὸν
3588 3139 3647 3175 τε
3690 3119 3757 3186 ἧν

2094 3207 2262 3264 ταῦτα
2325 3209 2444 3286 περὶ
2501 3209 2594 3263 τοῦ
2654 3214 2786 3266 Θεοῦ
2845 3206 3124 3281 ἐννυιεϊνς
3179 3197 3236 3264 Ὀ
3277 3206 3374 3281 μὲν
3407 3208 3506 3287 γὰρ
3535 3206 3755 3287 ἀγαθὸς,

2096 3297 2186 3353 καὶ
2242 3299 2348 3351 τῶν
2405 3294 2720 3375 κρειττόνων
2777 3296 3036 3375 ποιητὴς,
3086 3302 3194 3352 τῶν
3248 3293 3304 3350 δὲ
3347 3295 3562 3373 φαύλων
3618 3298 3760 3372 αὑτῷ

2097 3385 2380 3463 πρόσεστιν
2437 3382 2584 3442 οὐδέν
2620 3400 2633 3413 ⁸
2681 3381 2802 3439 ἀλλ’
2833 3383 2949 3442 οὐδὲ
2977 3397 3095 3450 τοϊς
3126 3385 3382 3447 τοιούτοις
3415 3386 3621 3465 χαίρειν
3650 3385 3754 3442 πέ-

2099 3494 2283 3553 φυκεν,
2342 3472 2659 3552 ἀπαγορεύει
2703 3470 2758 3528 δὲ
2812 3474 2901 3529 καὶ
2964 3474 3063 3541 τὴν
3117 3473 3322 3550 γένεσιν
3392 3475 3563 3533 αὐτῶν
3597 3491 3612 3505 ·
3670 3477 3759 3531 καὶ

2096 3563 2216 3625 τοὺς
2270 3584 2368 3637 μεν
2425 3563 2712 3642 χαίροντας
2776 3562 2981 3627 τούτοις
3057 3560 3443 3637 ἀποϐαίλλεται,
3522 3564 3643 3630 τοὺς
3702 3563 3757 3620 δὲ

2097 3651 2389 3731 φεύγοντας
2476 3652 2606 3709 αὐτὰ
2675 3653 2967 3730 προσίεται.
3043 3653 3143 3711 Καὶ
3221 3658 3337 3716 πῶς
3411 3655 3506 3710 οὒκ
3561 3652 3757 3711 ἄτοπον

2096 3742 2187 3797 τὸν
2241 3741 2373 3796 Θεὸν
2428 3740 2627 3796 τούτων
2680 3738 2855 3818 λέγειν
2910 3739 3256 3823 δημιουργὸν,
3318 3744 3410 3799 τὸν
3438 3752 3601 3802 ταῦτα
3626 3765 3762 3821 παρ-

2097 3830 2409 3904 αιτούμενον
2448 3848 2464 3906 ;
2508 3828 2638 3887 Ούδὲ
2681 3830 2780 3909 γὰρ
2839 3828 2902 3885 ἂν
2945 3828 3190 3888 ἐϐούλετο
3247 3833 3325 3907 μὴ
3382 3832 3524 3888 εἶναι
3568 3840 3754 3908 ταῦτα,

2096 3921 2140 3975 εἰ
2196 3926 2405 3999 πρῶτος
2462 3920 2633 3976 αὖτών
2692 3921 2925 3988 ποιητὴς
2969 3923 3214 4001 ὑπῆρχεν
3249 3924 3429 3987 αὐτὸς.
3487 3923 3618 3986 Τοὺς
3657 3923 3758 4001 γὰρ

2094 4009 2408 4087 προσιόντας
2483 4010 2626 4083 αὑτῷ
2713 4011 2954 4086 μιμητὰς
3042 4014 3182 4086 αύτῷ
3265 4010 3504 4089 γενέσθαι
3587 4008 3749 4073 θέλει,

2098 4097 2252 4156 ’Ὅθεν
2284 4096 2477 4177 ἄλογον
2537 4095 2727 4164 ἔδειξεν
2753 4096 2805 4140 18
2846 4103 2987 4157 εἶναι
3046 4124 3162 4181 μοι,
3211 4108 3377 4157 ταῦτα
3429 4101 3755 4181 προσάπτειν

2103 4192 2266 4268 αὐτῷ,
2299 4188 2334 4256 ἢ
2380 4190 2452 4251 ὼς
2484 4186 2535 4253 ἐξ
2593 4191 2751 4246 αὐτού
2792 4191 3070 4268 γεγονότα,
3106 4190 3141 4258 ἢ
3188 4189 3262 4270 (εἰ
3292 4191 3379 4248 καὶ
3419 4190 3485 4247 τᾶ
3529 4188 3759 4266 μάλιστα

356 4281 495 4362 (etsi
516 4282 772 4343 maxime
789 4282 1183 4344 concederem
1218 4283 1500 4363 possibile
1522 4302 1678 4366 esse,
1705 4300 1762 4344 ut
1794 4283 2018 4364 aliquid

2101 4279 2472 4357 συγχωρήσειν
2516 4273 2570 4318 ¹9
2600 4276 2651 4342 ἐξ
2696 4279 2791 4335 οὒκ
2846 4278 3013 4335 ὄντων
3056 4277 3272 4336 δυνατὸν
3316 4283 3455 4336 εἶναι
3499 4302 3549 4335 τι
3588 4273 3758 4358 ’γενέ-

367 4360 441 4434 ex
476 4372 546 4432 iis
578 4389 710 4452 quae
742 4391 859 4432 non
892 4381 1031 4432 sunt
1081 4360 1407 4453 ﬁatquuod
1460 4373 1640 4434 etiam
1665 4360 1818 4453 'ipse
1867 4360 2020 4435 mala

2101 4366 2242 4447 σθαι)
2304 4365 2386 4423 ὅτι
2442 4367 2531 4425 καὶ
2573 4366 2639 4423 τὰ
2688 4367 2830 4423 κακὰ
2886 4368 3135 4435 εποίησεν
3192 4370 3371 4432 αὐτὸς.
3435 4360 3491 4427 ιΟ
3540 4370 3666 4449 γὰρ,
3698 4369 3760 4425 ἐκ

371 4462 688 4523 creaverit.
714 4459 860 4523 Nam
890 4462 989 4541 qui
1017 4480 1085 4523 ex
1108 4460 1225 4535 his,
1258 4481 1391 4543 quae
1423 4482 1538 4524 non
1571 4471 1731 4537 sunt,
1766 4482 1897 4525 esse
1918 4462 2018 4525 illa

2102 4462 2193 4512 τοῦ
2249 4459 2342 4515 οὐκ
2385 4459 2549 4532 εἶναι,
2597 4458 2669 4519 είς
2721 4453 2777 4498 ²⁰
2805 4459 2867 4513 τὸ
2912 4457 3056 4514 εἶναι
3088 4458 3216 4517 αὐτὰ
3247 4460 3501 4533 ποιήσας,
3556 4461 3651 4516 οὐκ
3697 4458 3759 4515 ἂν

366 4555 613 4623 tecerat,
645 4570 1014 4632 nequaquam
1049 4570 1119 4612 ea
1152 4569 1386 4612 rursum
1422 4572 1454 4614 e
1509 4553 1706 4614 medio
1763 4553 2014 4626 tolleret,

362 4658 437 4700 ne
467 4647 668 4701 essent
701 4661 715 4703 :
749 4640 863 4713 vel,
897 4641 946 4701 si
984 4642 1094 4701 hoc
1148 4640 1488 4702 necessario
1545 4641 1867 4703 dicendum
1914 4641 2013 4713 sit,

359 4731 527 4808 quasi
562 4728 738 4789 tuerit
767 4729 906 4790 olim
946 4736 1221 4808 tempus,
1258 4730 1494 4809 quando
1530 4732 1684 4793 Deus
1718 4730 1887 4792 malis
1905 4731 2013 4792 de-

358 4819 706 4890 lectaretur;
741 4834 900 4879 nunc
948 4825 1167 4891 tamen,
1201 4818 1355 4897 quod
1413 4819 1558 4879 mihi
1607 4819 1840 4880 videtur
1879 4838 2012 4881 esse

358 4904 756 4986 impossibile,
779 4907 986 4966 dicere
1035 4906 1147 4966 hoc
1175 4905 1249 4966 de
1280 4908 1424 4979 Deo,
1459 4906 1894 4969 inconveniens
1927 4916 2017 4970 est

359 4994 548 5075 ipsius
579 5002 802 5054 naturae
833 4992 1053 5057 divinae
1085 4995 1200 5055 hoc
1231 4993 1581 5057 attribuere.

438 5082 734 5156 Quocirca
761 5082 950 5145 visum
983 5092 1072 5144 est
1098 5079 1247 5144 mibi
1279 5083 1640 5147 coexsistere
1688 5085 1804 5166 ipsi
1842 5085 2013 5167 illud,

354 5173 449 5235 cui
474 5192 691 5235 nomen
725 5181 813 5234 est
862 5172 1099 5233 Materia
1134 5189 1147 5235 :
1184 5192 1253 5234 ex
1289 5192 1403 5253 qua
1434 5192 1502 5234 ea
1532 5193 1663 5256 quae
1690 5185 1829 5237 sunt
1873 5194 2013 5256 pro-

354 5262 741 5344 creavit,cum
774 5261 998 5325 atl‘abre
1025 5263 1123 5323 illa
1147 5262 1591 5345 prudenterque
1621 5265 2014 5339 discerneret,

357 5361 417 5414 et
441 5353 744 5432 eleganter
772 5361 1053 5415 ornaret:
1083 5372 1151 5413 ex
1177 5370 1293 5431 qua
1317 5351 1695 5437 (materia)et
1719 5356 1869 5417 mala
1886 5373 2018 5416 esse

362 5442 814 5506 videntur.Cum
839 5441 1002 5504 enim
1033 5460 1143 5503 nec
1176 5441 1352 5514 facta,
1388 5443 1760 5507 neciormata
1789 5445 1889 5507 illa
1914 5461 2015 5505 es-

357 5540 536 5610 set,et
579 5533 829 5612 insuper
882 5533 1059 5594 etiam
1094 5531 1430 5594 inordinate
1460 5533 1738 5612 ferretur,
1788 5533 2016 5614 Deique

2106 4544 2165 4602 ἐκ
2225 4553 2309 4603 τοῦ
2341 4546 2484 4602 εἶναι
2516 4546 2697 4626 Ξινῄρει
2741 4546 2901 4604 ποίλιν
2939 4567 2951 4582 ·
2987 4547 3023 4616 ἢ
3053 4549 3096 4603 εἰ
3126 4558 3280 4608 τοῦτο
3321 4548 3528 4627 ἆναγκη
3559 4547 3757 4627 λέγειν,

2104 4637 2179 4699 ὡς
2208 4637 2274 4704 ἧν
2316 4657 2445 4693 ποτε
2474 4638 2681 4717 καιρὸς,
2714 4635 2803 4693 ὅτε
2831 4651 2947 4701 τοῖς
2999 4651 3189 4703 κακοῖς
3244 4637 3459 4718 ἔχαιρεν
3504 4641 3532 4696 ὁ
3577 4640 3705 4703 Θεὸς
3742 4660 3758 4675 ’

2101 4732 2188 4783 νῦν
2232 4724 2309 4807 δὲ,
2363 4726 2493 4806 ὅπερ
2549 4724 2800 4784 ἀδύνατον
2861 4728 3005 4784 εἶναί
3051 4750 3140 4803 μοι
3170 4725 3342 4804 δοκεῖ,
3374 4726 3550 4808 λέγειν
3607 4735 3762 4786 τοῦτο

2099 4817 2217 4895 περὶ
2271 4824 2425 4892 Θεοῦ,
2454 4816 2713 4874 ἀνοίκειον
2741 4814 2793 4858 21
2830 4820 2988 4875 αὖτοῦ
3042 4823 3142 4885 τῆς
3175 4818 3380 4898 φύσεως
3409 4825 3563 4876 τοῦτο
3593 4841 3763 4899 προς-

2099 4906 2368 4985 αρμόζειν,

2184 5086 2377 5161 Διόπερ
2435 5084 2574 5153 ἔδοξε
2630 5110 2726 5164 μοι
2779 5088 3137 5168 συνυπάρχειν
3194 5108 3253 5143 τε
3323 5091 3487 5165 αύτῷ,
3534 5093 3582 5165 ᾧ
3636 5089 3764 5146 τού-

2101 5196 2239 5249 νομα
2297 5174 2399 5244 ὕλη
2435 5195 2450 5212 ³
2496 5175 2552 5243 ἒξ
2595 5177 2660 5245 ἧς
2692 5178 2759 5233 τὰ
2790 5175 2917 5233 ὅντα
2954 5175 3367 5257 ἒδημιούργησε,
3413 5177 3585 5260 τέχνῃ
3628 5185 3766 5259 σφῇ

2100 5262 2386 5343 διακρίνας,
2452 5268 2542 5323 καὶ
2595 5263 2960 5343 διακοσμήσας
3031 5265 3233 5343 καλῶς,
3306 5267 3358 5335 ἐξ
3412 5269 3478 5337 ἧς
3554 5269 3642 5325 καὶ
3696 5269 3763 5323 τὰ

2099 5355 2238 5411 κακὰ
2293 5355 2435 5412 εἶναι
2490 5354 2640 5414 δοκεῖ
2674 5370 2687 5384 ·
2744 5356 3013 5427 ἆποιήτου
3054 5358 3154 5437 γὰρ
3222 5359 3310 5415 καὶ
3357 5357 3762 5438 ἀσχηματίστου

2099 5443 2261 5511 οῧσης
2291 5449 2477 5520 αὐτῆς,
2510 5446 2642 5524 πρὸς
2675 5442 2729 5501 δὲ
2759 5444 2962 5512 τούτοις
2994 5449 3083 5504 καὶ
3139 5447 3382 5510 ἀτάκτως
3439 5444 3759 5525 φερομένης,

2098 5530 2357 5609 δεομένης
2378 5556 2434 5591 τε
2459 5540 2558 5604 τῆς
2593 5542 2682 5593 τοῦ
2714 5542 2847 5595 Θεοῦ
2874 5536 3076 5617 τέχνης
3099 5554 3113 5569 °
3145 5536 3236 5594 ούγ
3269 5536 3556 5618 ἐφθόνησεν
3586 5535 3760 5617 οὗτος,

437 5698 491 5743 ¹⁶
521 5698 625 5764 Sic
653 5697 833 5763 Bodl.
892 5691 941 5735 ‘7
972 5698 1071 5763 Sic
1100 5699 1280 5768 Bodl.
1343 5699 1396 5743 ¹⁸
1424 5704 1565 5784 Leg.
1598 5701 1791 5771 ἔδοξεν,
1876 5701 1930 5745 49
1958 5701 2026 5765 F.

2100 5705 2465 5783 υγχωρήσεια.
2539 5696 2597 5741 ³ο
2625 5703 2724 5769 Sic
2754 5704 2887 5771 cod.
2922 5705 3074 5784 Reg.
3114 5704 3299 5770 2276.
3372 5702 3421 5749 εί
3457 5700 3557 5767 Sic
3588 5703 3763 5768 Bodl.
