4148 6416
418 387 568 452 1279

1331 396 1724 462 ΑΡΡΕΝΒΙΧ
1753 397 1852 461 AD
1881 356 2222 475 QUINQUE
2252 402 2544 465 [BEN/EI
2577 401 2870 464 LIBROS.

3627 393 3788 459 1280

408 521 620 598 Homo,
647 534 822 606 atque
845 524 1108 590 Ecclesia
1135 535 1517 610 paternorum
1551 549 1896 597 sermonum
1928 551 2054 596 me-

2145 533 2316 609 αὒτοὶ,
2359 535 2421 591 τὸ
2458 539 2558 602 τῆς
2616 533 2864 598 αἱνὲσεως
2919 531 3318 597 ἀναπλάσαντες
3374 529 3622 610 δώρημα,
3686 530 3803 586 ἐου-

411 629 632 687 mores,
683 613 1782 698 invicemquecongressiPrunicorum
1807 623 2058 686 marium

408 718 476 762 ac
495 700 847 764 feminarum
873 706 1250 769 Dodecadem
1273 708 1876 788 procrearunt.Mares
1902 711 2058 775 vide-

410 789 552 852 licet
582 793 746 880 istos,
781 792 1175 876 Peracletum,
1209 796 1550 876 Paternum,
1584 800 2056 880 Maternum,“-

407 895 576 966 nﬁum,
608 879 945 958 Theletum,
980 884 1137 966 quod
1166 884 1327 948 idem
1359 895 1448 949 est
1475 906 1542 950 ac
1573 879 2055 964 Lumen,E¢cle-

407 965 1024 1058 siasticumFeminas
1054 974 2050 1058 vero,Fidem,Spem,Charitatem,

405 1054 884 1147 intelligentiam,
934 1060 1342 1138 Fortunatam,
1399 1054 1792 1147 Sapientiam.
1825 1067 2056 1130 Deinde

407 1143 720 1238 Sermoiac
736 1147 1078 1226 Vita,etiam
1097 1151 1209 1232 ipsi
1228 1153 1423 1215 laudis
1445 1143 1658 1218 munus
1679 1156 2056 1238 eflingentes,

408 1252 613 1327 secum
632 1237 883 1300 invicem
906 1241 1229 1302 consociati
1250 1251 1408 1306 sunt.
1431 1243 1570 1318 Quae
1591 1237 1837 1327 quidem
1851 1266 2060 1310 conso-

2142 636 2262 688 τοῖς
2322 623 2706 692 ἐκοινώνησαν.
2766 614 2862 681 Ἠν
2913 620 2970 678 δὲ
3020 623 3056 691 ἡ
3115 620 3363 679 κοινωνία
3412 623 3585 678 αὐτῶν
3628 620 3690 676 τὸ
3720 619 3805 676 θέ-

2141 710 2316 789 λημα,
2375 715 2474 772 Καὶ
2531 711 2891 778 συνελθόντες
2927 709 3250 776 ἀνεδείξαντο
3306 706 3513 766 Δεχάδα
3558 709 3802 788 Προῦνεί-

2140 823 2272 883 κων,
2325 804 2414 860 καὶ
2471 804 2640 860 αὐτῶν
2701 801 3137 882 ἀρῤενοθηλειῶν.
3201 795 3296 856 Ὧν
3341 802 3388 856 οἱ
3435 799 3532 876 μὲν
3586 797 3796 878 ἆῤῥενες

2139 892 2263 965 εἶσι,
2311 891 2520 968 Βύθιος,
2555 889 2872 971 Ἀγήρατος,
2902 889 3223 969 ’Λύτοφυης,
3275 887 3606 967 Μονογενὴς,
3638 885 3791 945 Ἀκί-

2139 1003 2324 1057 νμτος,
2353 982 2509 1039 Οὗτοι
2551 981 2650 1049 τὴν
2691 981 3064 1060 προσωνυμίαν
3092 1001 3192 1044 την
3217 976 3274 1021 ³⁷
3302 977 3460 1045 δόξαν
3487 985 3582 1038 τοῦ
3621 976 3795 1060 πάντα

2137 1071 2483 1152 περιέχοντος
2539 1056 2882 1143 ἐποιήσαντο.
2936 1056 2999 1128 Αἱ
3060 1067 3115 1152 δὲ
3171 1069 3405 1151 θήλειαι,
3457 1066 3628 1150 Μίξις,
3689 1056 3796 1126 "E-

2139 1151 2326 1236 νωσις,
2383 1161 2704 1240 Σύγκρασις,
2768 1158 3014 1236 Ἐνότης,
3062 1151 3279 1230 Ἡδονή.
3353 1159 3453 1218 Καὶ
3495 1157 3647 1215 αὗται
3695 1156 3798 1226 τὴν

2139 1251 2511 1330 προσωνυμίαν
2539 1252 2612 1316 εἰς
2643 1248 2794 1316 δόξαν
2823 1253 2924 1319 τῆς
2954 1250 3122 1328 Σιγῆς
3152 1249 3624 1328 περιεποιήσαντο,

403 1322 578 1386 ciatio
612 1327 914 1391 voluntate
949 1330 1074 1392 sola
1104 1342 1340 1412 peracta
1371 1343 1478 1396 est.
1516 1322 1676 1414 Ergo
1699 1337 1860 1399 inter
1889 1355 2022 1399 sese
2053 1322 2807 1414 com'misti,‘Prunicorum
2835 1322 3133 1401 Decadem
3188 1322 3257 1400 ex
3289 1334 3556 1400 maribus
3603 1350 3797 1416 perm-

405 1432 520 1508 que
550 1433 618 1508 ac
642 1416 888 1508 feminis
918 1426 1290 1482 constantem
1323 1432 1677 1501 genuerunt.
1715 1425 1896 1506 Cujus
1926 1426 1986 1488 hi
2017 1427 2154 1488 su’nt
2185 1445 2412 1490 mares:
2450 1427 2720 1508 Bythius,
2750 1427 3072 1506 Ageratus,
3105 1426 3476 1507 Antophyes,
3497 1421 3796 1502 Unigena,

403 1503 754 1598 I_mm_obilis.
797 1505 871 1570 Hi
899 1508 972 1570 ad
1030 1510 1393 1574 continentis
1443 1515 1644 1576 omnia
1687 1503 2134 1578 contestandam
2187 1517 2437 1596 gloriam
2480 1503 2720 1580 sibimet
2746 1503 2876 1597 ejus
2905 1503 3369 1598 appellationem
3423 1503 3795 1576 indiderunt.

401 1591 665 1656 Feminae
695 1614 832 1688 vero
865 1606 1002 1688 sunt
1035 1598 1248 1676 Mistio,
1283 1599 1456 1678 Unio,
1496 1601 1896 1685 ‘l‘emperatio,
1929 1604 2163 1683 Unitas,
2188 1591 2479 1688 Voluptas
2505 1655 2518 1669 .
2552 1624 2685 1688 quae
2721 1591 3032 1670 omnes-ad
3064 1605 3359 1667 honorem
3406 1600 3575 1683 Sigea
3605 1599 3796 1683 perti-

403 1693 606 1747 nentia
634 1685 921 1748 vocabula
959 1688 1235 1752 similiter
1261 1703 1638 1773 userarunt.

488 1775 634 1866 Cum
665 1775 844 1854 igitur
859 1776 1166 1840 absolutus
1190 1780 1303 1842 hoc
1327 1782 2053 1866 modoVeritatisparentis

2217 1783 2645 1862 Τετελειωμένης
2703 1787 2791 1844 οὖν
2853 1790 2954 1852 τῆς
3024 1784 3160 1842 κατὰ
3242 1781 3445 1862 πατέρα
3515 1779 3793 1848 ’Λληθείας

406 1863 792 1927 Tricenarius
810 1866 1168 1948 foret(quem
1189 1870 1410 1932 terreni
1426 1871 1700 1934 homines
1718 1863 2052 1951 numerant,

405 1961 464 2016 et
493 1972 628 2016 cum
651 1955 725 2017 ad
748 1955 942 2037 ipsum
968 1959 1504 2037 pervenerit.nullo
1535 1962 1788 2043 amplius
1817 1971 2054 2042 reperto

405 2062 680 2120 numero,
714 2045 925 2108 iterato
953 2045 1012 2106 in
1045 2065 1177 2108 sese
1212 2051 1830 2131 retexunt.Ejusmodi
1859 2053 2051 2114 aufem

402 2131 506 2194 ille
539 2141 627 2194 est
653 2151 665 2194 :
689 2135 932 2215 Bythus,
968 2134 1122 2214 Sige,
1159 2139 1354 2212 Pater,
1388 2137 1640 2213 Veritas,
1666 2139 1880 2216 Homo,
1934 2144 2053 2204 Ec—

400 2222 603 2304 clesia,
639 2222 866 2299 Sermo,
901 2225 1062 2304 Vita,
1100 2227 1410 2302 Paternus,
1448 2229 2051 2292 Maternus.Paracle-

406 2321 520 2382 tus,
557 2313 766 2395 Ainus,
791 2313 1095 2389 Theletus,
1133 2316 1606 2391 EcclesiaSIicus,
1641 2317 1842 2394 Fides,
1876 2322 2047 2400 Spes,

405 2401 694 2477 Charitas,
748 2403 1168 2484 lntelligentia,
1212 2404 1530 2468 Fortunata
1575 2409 1900 2488 Sapientia,
1934 2411 2049 2490 By-

399 2491 582 2573 thius,
619 2493 930 2572 Ageratus,
965 2496 1332 2575 Autophyes,
1359 2494 1652 2580 Unigena,
1693 2496 2044 2572 Immobilis,

399 2580 616 2657 Mistio,
647 2583 940 2662 Cognitio,
996 2582 1396 2664 Temporatio,
1450 2584 1677 2660 Unitas,
1713 2586 2043 2668 Voluptas).

401 2670 552 2734 Tum
585 2673 686 2754 qui
707 2673 985 2734 universa
1015 2691 1248 2734 summa
1287 2692 1393 2735 sua
1439 2675 1732 2756 sapientia
1759 2677 2047 2754 continet,

398 2759 739 2840 Ogdoadem
773 2761 1020 2824 alteram
1055 2763 1185 2824 loco
1219 2763 1434 2844 prioris
1465 2765 1626 2826 illius
1654 2784 1723 2827 ac
1757 2767 2054 2847 primaria;

401 2850 817 2931 appellandam
844 2869 976 2913 esse
1001 2860 1432 2934 statuens,qua3
1449 2854 1509 2914 in
1533 2853 1877 2916 Tricenario
1912 2875 2052 2936 per-

401 2951 599 3001 manet
629 2941 855 3022 (neque
887 2941 1043 3004 enim
1072 2941 1342 3020 ingentes
1371 2943 1793 3023 Magnitudinis
1811 2945 2056 3026 spiritus

405 3029 675 3092 coerceri
701 3029 824 3090 ullo
855 3048 921 3092 se
953 3049 1205 3092 numero
1253 3031 1574 3104 sinebant),
1629 3053 1733 3114 pro
1793 3033 2054 3096 maribus

403 3137 600 3180 mares
657 3119 805 3180 alios
853 3119 1178 3196 substituit,
1237 3119 1454 3196 Unum,
1505 3121 1795 3194 Tertium,
1857 3124 2046 3196 Quin-

407 3219 553 3284 tum,
602 3208 931 3288 Septimum
961 3230 976 3284 ;
1009 3209 1372 3290 totidemque
1409 3211 1680 3284 feminas,
1717 3212 2047 3287 Binarium,

401 3297 779 3366 Ternarium,
815 3299 1159 3378 Senarium,
1177 3297 1579 3362 Octonarium.
1605 3299 1742 3362 Haec
1762 3301 1939 3380 igitur
1966 3309 2056 3361 est

403 3387 639 3465 Ogdoas
669 3385 770 3447 illa
817 3406 950 3466 quae
997 3387 1322 3468 superioris
1374 3387 1694 3467 Ogdoadis,
1739 3407 1952 3450 nomen
1976 3389 2052 3450 ad

407 3491 540 3535 sese
587 3475 884 3535 transtulit
918 3493 930 3537 :
965 3475 1156 3554 Bythi,
1209 3474 1420 3556 Patris,
1475 3473 1770 3550 Hominis,
1807 3476 2053 3539 Sermo-

403 3563 520 3642 nis,
554 3560 744 3640 Siges,
772 3562 1080 3642 Vesitatis,
1108 3563 1414 3639 Ecclesiae,
1457 3563 1624 3624 Vitae.
1657 3565 2051 3644 Quaequidem

400 3650 540 3711 557
568 3651 887 3731 conjuncta
916 3651 1242 3713 luminibus
1273 3660 1381 3726 est,
1417 3660 1475 3714 et
1512 3653 1815 3715 absolutus
1842 3652 2054 3715 Trice—

401 3739 604 3802 uarius
635 3739 818 3800 evasit
847 3759 915 3802 ac
947 3742 1110 3821 prior
1141 3740 1497 3804 Octonarius
1527 3742 1864 3822 quiescens,
1917 3761 2052 3802 cum

403 3837 462 3892 et
494 3829 714 3908 Bythus
741 3848 850 3910 per
877 3830 1302 3910 Magnitudinis
1349 3829 1763 3892 fulcimentum
1790 3830 1953 3902 exiit,
1993 3845 2058 3896 ut

401 3937 537 3980 cum
570 3916 920 3980 Tricenario
947 3938 1082 3982 sese
1112 3919 1604 4000 copularet.Vere
1635 3920 1795 3981 enim
1826 3918 2058 3982 etVeri-

402 4008 535 4070 tatis
557 4007 730 4070 Pater
758 4028 892 4070 cum
920 4008 1183 4072 Ecclesia
1213 4028 1570 4090 congressus
1601 4020 1714 4083 est,
1749 4018 1806 4072 et
1838 4013 2055 4071 Mater-

314 4109 321 4115 '
399 4116 512 4159 nus
535 4097 732 4161 Vitam
779 4099 1023 4162 sortitus
1072 4107 1187 4176 est;
1237 4111 1299 4160 et
1351 4099 1688 4162 Paracletus
1731 4098 2052 4180 Unitatem,

401 4195 461 4251 et
493 4186 694 4250 Unitas
721 4205 856 4250 cum
886 4186 1162 4250 Veritatis
1221 4192 1472 4251 Parente
1519 4188 1799 4270 copulata
1850 4197 1960 4265 est,
1997 4197 2057 4249 et

401 4296 535 4340 cum
571 4276 706 4356 Sige
730 4275 1013 4340 Veritatis
1069 4277 1172 4340 ille
1229 4276 1452 4340 Parens
1506 4277 1636 4341 fuit.
1671 4282 1744 4342 At
1776 4276 2056 4359 spiritalis

403 4368 613 4430 Sermo
635 4386 771 4428 cum
804 4366 1028 4447 Spiritu
1052 4367 1394 4449 incorrupta
1421 4367 1673 4448 quadam
1699 4367 2058 4430 commistio-

403 4475 482 4519 ne
509 4463 863 4535 conjunctus
886 4463 996 4537 est,
1028 4464 1086 4518 et
1122 4456 1524 4520 Autometoris
1554 4457 1759 4532 finem,
1807 4455 1918 4517 hoc
1943 4464 2051 4529 est,

2139 1874 2416 1956 τριακάδος
2468 1877 2563 1956 (ἣν
2626 1879 2673 1932 οἱ
2713 1877 2939 1955 ξπίγειοι
2998 1875 3078 1951 μὴ
3106 1874 3450 1950 επιστάμενοι
3493 1873 3793 1952 ἀριθμοῦσι,

2139 1961 2227 2022 καὶ
2267 1966 2464 2022 ὁπόταν
2499 1964 2720 2022 ἔλθωσιν
2763 1963 2849 2021 ἐπ’
2909 1963 3099 2038 αὐτὴν,
3134 1962 3327 2040 μηκέτι
3377 1961 3597 2041 ἀριθμὸν
3633 1959 3796 2041 -εὒρί-

2140 2076 2382 2129 σκοντες,
2437 2053 2795 2112 ἀνακυκλοῦσι
2848 2053 3009 2111 πάλι»
3039 2037 3377 2131 ἀριθμοῦντες
3408 2037 3593 2118 αὐτὴν.
3632 2037 3796 2116 ’Ἐστι

2137 2139 2216 2218 δὲ,
2251 2145 2436 2216 Βυθὸς,
2460 2143 2623 2222 Σιγὴ,
2651 2143 2858 2218 Πατὴρ,
2885 2130 3161 2222 Ἀλήθεια,
3200 2130 3214 2152 ’
3235 2143 3543 2218 Ανθρωπος,
3568 2136 3800 2206 Ἐκιιλη-

2133 2230 2242 2306 σία,
2280 2231 2475 2309 Λόγος,
2520 2233 2668 2306 Ζωης
2720 2232 3004 2310 Πατρικὸς,
3069 2229 3363 2308 Μητρικὸς,
3418 2224 3796 2306 Παρσίκλητος,

2135 2318 2389 2395 Ἀείνους,
2452 2317 2710 2394 Θελητὸς,
2760 2318 3267 2388 Ἐκκλησιαστικὸς,
3323 2317 3530 2396 Πίςτις,
3578 2313 3790 2396 Ἐλπὶς,

2131 2405 2372 2486 Ἀγάπη,
2418 2409 2668 2488 Σᾶνεσις,
2715 2409 2982 2487 Μακαρία,
3042 2407 3232 2488 Σοφία,
3296 2407 3505 2484 Βύθιος,
3561 2402 3797 2482 Ἀγήρα-

2128 2519 2241 2572 τος,
2301 2498 2602 2578 Αὐτοφυής,
2655 2492 2936 2576 Ὀλεγενὴς
2965 2493 3041 2578 εξ,
3103 2493 3404 2568 Ἀκίνητος,
3444 2492 3616 2566 Μίξις,
3649 2497 3793 2548 Γνῶ-

2128 2608 2234 2661 σις,
2296 2577 2613 2667 Σύγκρασις,
2676 2586 2928 2668 Ἐιότης,
3005 2577 3228 2664 Ἡδονή)
3264 2602 3278 2616 ’
3338 2581 3460 2638 τότε
3517 2583 3546 2638 6
3617 2580 3792 2638 πάντα

2133 2675 2400 2756 περιέχων
2457 2676 2660 2732 συνέσει
2741 2681 2811 2752 τῇ
2865 2670 3270 2752 ἀνυπερϐλήτῳ,
3329 2668 3654 2749 δογματίσας
3729 2687 3791 2724 τε

2133 2762 2396 2832 κληθῆναι
2441 2765 2621 2843 ἑτέραν
2679 2761 2935 2842 Ὀγδοάδα
2989 2762 3101 2818 ἀντὶ
3130 2765 3230 2827 τῆς
3279 2759 3545 2839 προούσης
3600 2757 3790 2814 αὐθεν-

2135 2854 2291 2922 τικῆς
2349 2851 2658 2934 Ὀγόοέδος,
2703 2852 2820 2920 ἥτις
2891 2852 2946 2908 ὲν
2987 2855 3064 2924 τῷ
3120 2849 3322 2928 ἀριθμῳ
3369 2852 3468 2916 τῆς
3498 2843 3793 2926 Τριακάδος

2138 2941 2284 3018 μένει
2357 2942 2447 3021 (οὐ
2504 2943 2605 3022 γὰρ
2663 2941 2729 3009 ἧν
2790 2940 3054 3019 Μεγέθους
3131 2937 3378 3018 φρόνημα
3448 2935 3519 3000 εἰς
3565 2934 3788 3022 ἀριθμον

2136 3030 2395 3112 πίπτειν),
2465 3021 2782 3098 ἀντέστησεν
2842 3031 2958 3086 ἀντὶ
3015 3030 3122 3084 τῶν
3205 3024 3438 3112 ἀρσένων
3507 3024 3631 3088 τοὺς
3703 3021 3796 3102 ἅρ-

2136 3142 2314 3201 σενας,
2350 3105 2558 3191 Μόνον,
2630 3122 2833 3198 Τρίτον,
2881 3118 3155 3198 Πέμπτον,
3206 3105 3506 3194 ’Ἑϐδομοη
3555 3114 3644 3170 καὶ
3698 3112 3796 3201 τὰς

2134 3199 2372 3278 θηλείας,
2437 3205 2629 3286 Δυάδα,
2690 3205 2944 3286 Τετράδα,
3007 3203 3222 3284 Ἐξάδα,
3301 3201 3584 3282 Ὀγδοάδα,
3644 3199 3792 3269 Αὕτη

2136 3299 2225 3354 οὗν
2268 3299 2302 3364 ἡ
2334 3293 2555 3374 Ὀγδοάς
2597 3297 2738 3352 ἆστιν
2767 3297 2803 3363 ἡ
2835 3291 3218 3360 ἀντικληθετσα
3263 3291 3380 3348 ἀντι
3435 3291 3534 3360 τῆς
3589 3291 3789 3370 προοό-

2137 3407 2236 3452 σης
2285 3382 2586 3463 Ὀγδοάδοςο
2623 3387 2807 3457 Βυθοῦ,
2844 3385 3074 3462 Πατρὸς,
3108 3379 3434 3462 Ἀνθρώπου,
3469 3380 3661 3459 Λόγου,
3698 3380 3788 3435 καὶ

2137 3478 2330 3551 Σιγῆς,
2397 3471 2699 3548 Ἀληθείας,
2781 3470 3129 3545 Ἐκχλησίας,
3194 3473 3342 3538 Ζωῆς
3379 3486 3394 3501 '
3445 3467 3562 3538 ἥτις
3605 3469 3784 3536 ὴνώθη

2135 3575 2255 3626 τοῖς
2307 3563 2462 3643 φωσὶ,
2523 3563 2611 3619 καὶ
2674 3561 2883 3640 ἐγένετο
2960 3559 3187 3638 Τριακὰς
3240 3559 3635 3638 ἀπηρτισμὲνη,
3701 3556 3793 3614 καὶ

2136 3657 2172 3719 ἡ
2224 3653 2458 3730 προοῦσα
2512 3649 2735 3730 Ὀγδοάς
2781 3650 3183 3725 ἀναπαυομένη,
3242 3647 3330 3704 ὅτε
3387 3649 3547 3711 Βυθὸς
3606 3643 3790 3715 ἐξῆλθε

2139 3741 2404 3818 Μεγὲθους
2461 3741 2777 3820 στηρίγματι
2867 3741 3124 3806 ἐνωθῆναι
3202 3743 3271 3814 τῇ
3336 3733 3586 3816 Τριακάδι
3655 3733 3792 3802 αὕτη

2139 3829 2204 3897 ἦν
2258 3826 2334 3890 99.
2394 3834 2473 3905 Τῇ
2514 3830 2612 3909 γὰρ
2656 3828 2878 3902 ἀληθείᾳ
2931 3828 3020 3885 καὶ
3063 3830 3091 3884 6
3145 3827 3330 3905 Πατὴρ
3370 3830 3472 3893 τῆς
3513 3822 3792 3892 Ἀληθείας

2141 3921 2436 3998 συνήρχετο
2477 3924 2546 3995 τῇ
2592 3917 2909 3993 Ἐκκλησίᾳ,
2963 3918 3052 3974 καὶ
3113 3918 3141 3972 6
3184 3915 3455 3993 Μητρικὸς
3511 3912 3641 3992 εἶχε
3683 3911 3786 3979 τὴν

2139 4008 2312 4084 Ζωὴν,
2359 4009 2446 4064 καὶ
2489 4011 2516 4064 6
2561 4006 2911 4084 Παράκλητος
2967 4006 3064 4074 τὴν
3123 4001 3341 4078 Ἐνάδα,
3399 4003 3488 4060 καὶ
3541 4004 3578 4070 ἡ
3634 3999 3792 4064 Ἐνὰς

2137 4099 2328 4166 ἡνοῦτο
2406 4103 2484 4170 τῷ
2541 4099 2704 4174 Πατρὶ
2753 4097 2851 4164 τῆς
2895 4093 3199 4174 Ἀληθείας,
3251 4093 3340 4150 καὶ
3391 4095 3420 4149 6
3475 4091 3658 4170 Πατὴρ
3685 4092 3786 4158 τῆς

2142 4185 2414 4254 Ἀληθείας
2458 4185 2523 4254 ἧν
2556 4173 2692 4262 μετά
2733 4191 2835 4254 τῆς
2865 4190 3060 4264 Σιγῆς.
3113 4173 3169 4242 Ὀ
3202 4181 3374 4260 Λόγος
3405 4179 3459 4238 δὲ
3491 4183 3518 4238 6
3548 4201 3792 4256 πνευμα-

2137 4278 2284 4340 τικὸς
2342 4274 2610 4333 ἐκοινώνει
2665 4277 2960 4351 Πνεύματι,
3038 4273 3128 4330 καὶ
3201 4271 3450 4353 ἀφθάρτῳ
3513 4270 3797 4350 συγκράσει

2139 4371 2307 4422 ποιῶν
2363 4366 2424 4420 τὸ
2467 4362 2620 4428 τέλος
2666 4371 2760 4422 τοῦ
2790 4363 3134 4443 Αὕτόμητρος
3163 4359 3238 4442 ³ο,
3271 4358 3668 4441 ἀδιχοτόμητον
3695 4358 3797 4426 τὴν

2141 4454 2328 4510 ἑαυτοῦ
2377 4453 2695 4510 ἀνάπαυσιν·-
2741 4445 2803 4511 Ἠ
2863 4455 2950 4510 οὖν
3001 4451 3254 4530 Τριακὰς,
3315 4451 3645 4528 ἁπαρτίσασα
3697 4445 3798 4526 βό-

406 4563 874 4628 perenncm,nec
908 4535 1300 4626 interruptam
1325 4547 1588 4628 quietem
1622 4565 1792 4608 suam
1830 4543 2050 4608 eﬂ‘ecit.

2139 4547 2224 4600 θια
2294 4543 2579 4622 μυστήρια,
2624 4539 2840 4607 τελείως
2885 4540 3092 4620 ἄγαμον
3123 4535 3173 4582 ³1
3223 4541 3279 4596 ὲν
3335 4537 3616 4628 ἀζρθάρτοις
3659 4535 3800 4594 ἀπέ-

407 4634 802 4708 Quamobrem
826 4634 1321 4697 ubiTricenarius
1347 4634 1640 4714 profunda
1663 4635 1764 4696 illa
1783 4633 2060 4715 mysteria

404 4725 896 4808 peregit,nuptias
919 4723 1196 4785 videlicet
1215 4723 1277 4784 in
1308 4723 1694 4804 incorruptis;
1719 4723 2060 4803 incorrupta

401 4813 610 4876 itidem
648 4813 872 4875 lumina
897 4863 912 4884 ,
959 4831 1090 4893 quae
1109 4809 1362 4875 Unitatis
1384 4813 1756 4894 appellantur
1776 4811 2057 4892 filii,pro-

403 4902 848 4983 duxit,qua3que
876 4902 1062 4963 forma
1085 4901 1685 4966 carebantJacebant
1716 4902 1894 4982 igitur
1918 4920 2058 4983 pro-

404 4993 726 5075 pemodum
749 4992 1134 5072 intelligentia
1173 4993 1334 5054 omni
1377 4991 1753 5064 destituta,ac
1777 4991 1908 5052 sine
1943 4991 2064 5052 ulla

403 5080 587 5144 animi
615 5079 856 5142 notione
889 5081 1297 5162 quiescebant.
1333 5080 1633 5162 Quidquid
1665 5079 1823 5142 enim
1845 5098 1878 5142 a
1909 5099 2062 5161 quo-

404 5171 560 5252 piam
587 5169 881 5248 agitur,ab
900 5171 1118 5240 eo,nisi
1138 5169 1422 5233 universe
1443 5169 1953 5250 intelligat,agitur
1966 5167 2062 5231 ni-

406 5259 516 5321 hil.
548 5258 717 5322 Hunc
738 5258 798 5320 in
824 5259 1064 5322 modum
1089 5261 1412 5342 procreatis
1442 5257 1786 5336 luminibus,
1808 5276 2062 5340 quorum

407 5348 846 5412 multitudinem
872 5350 1244 5413 numerando
1261 5367 1620 5432 percensere
1645 5347 1796 5410 nihil
1815 5365 2062 5410 necesse

405 5439 722 5516 est,animo
735 5458 874 5505 vero
887 5442 1404 5524 comprehendere
1419 5446 1654 5520 oportet
1669 5445 1834 5517 (nam
1856 5456 2064 5498 unum.

2143 4629 2274 4698 δειξε
2317 4632 2468 4713 φῶτα
2527 4629 2785 4711 ἄφθαρτα,
2855 4629 3030 4713 ἅτινα-
3064 4628 3288 4694 Ἐνότης
3332 4624 3386 4668 ³9
3413 4629 3800 4704 ὡνομασθησαν

2141 4723 2326 4797 τὲκνα,
2357 4723 2446 4779 καὶ
2500 4721 2962 4802 ἀχαρακτήριστα.
3001 4708 3168 4778 Ἦσαν
3217 4721 3304 4775 οὖν
3347 4726 3537 4796 μικροῦ
3567 4717 3645 4794 μὴ
3687 4737 3800 4774 πα-

2145 4821 2456 4891 ρακειμένου
2477 4808 2568 4854 39"
2597 4810 2750 4876 ἐκτὸς
2779 4812 3085 4892 φρονήσεως
3116 4807 3492 4884 ἀναπαυόμενα
3521 4807 3690 4888 χωρὶς
3721 4805 3793 4862 ἐνο

2145 4902 2311 4966 νοίας·
2346 4901 2465 4980 περὶ
2494 4900 2594 4980 γὰρ
2625 4901 2685 4958 οὗ
2725 4923 2806 4966 τις
2838 4900 3086 4980 πράσσει,
3118 4897 3208 4956 ἐὰν
3237 4899 3316 4975 μὴ
3345 4903 3446 4975 νοῇ
3477 4895 3798 4971 καθολικῶς,

2146 4995 2206 5050 οὒ
2261 4991 2506 5069 πράσσει.
2557 4989 2689 5050 Τότε
2721 4989 3012 5070 γενομένωι
3041 4995 3148 5046 τῶν
3179 4988 3392 5070 φώτων,
3425 4987 3499 5044 ὧν
3518 4987 3619 5055 τὴν
3641 4984 3805 5044 πολυ-

2147 5078 2404 5150 πλήθειαν
2439 5083 2568 5160 πρὸς
2598 5079 2818 5158 ἀριθμὸν
2850 5078 3077 5146 ἐξειπεῖν
3129 5081 3223 5138 οὐκ
3263 5077 3582 5158 ἀναγκαῖον,
3643 5098 3802 5156 περι-

2148 5181 2292 5226 νοεῖν
2315 5167 2372 5226 δὲ
2405 5167 2649 5249 (ἕκαστον
2679 5170 2780 5250 γὰρ
2809 5170 2871 5226 τὸ
2898 5167 3034 5226 ἴδιον
3062 5165 3229 5245 ὄνομα
3249 5165 3584 5248 κεκλήρωται
3607 5162 3671 5222 δι’
3692 5163 3806 5222 ἐπί-

2147 5280 2343 5338 γνωσιν
2402 5257 2644 5338 ἀῤῥήτων
2696 5255 3048 5339 μυστηρίων)’
3098 5259 3134 5328 ἡ
3169 5260 3258 5317 οὗν
3288 5258 3450 5336 Σιγὴ,
3481 5255 3804 5322 ϐουληθεῖσα

2145 5350 2218 5413 εἷς
2249 5347 2480 5426 ἐκλογὴν
2509 5347 2757 5428 γνώσεως
2790 5345 3029 5412 ἅπαντας
3057 5349 3218 5424 ὦσαι,
3266 5351 3464 5426 συνῆγε
3493 5351 3560 5424 τῇ
3589 5341 3805 5422 δευτὲρᾳ

2145 5439 2470 5516 ἀντιτεθεὶσῃ
2506 5435 2748 5517 Ὀγδοάδι
2777 5437 3024 5519 ἀφθάρτῳ
3053 5435 3213 5515 μίξει,
3246 5442 3406 5514 νοϊκῇ
3437 5433 3491 5492 δὲ
3526 5431 3802 5512 βουλήσει.

481 5631 544 5720 31
569 5635 634 5698 F.
661 5637 739 5720 εἰς
783 5638 903 5705 τὴν.
988 5635 1043 5678 98
1071 5638 1214 5718 L98.
1256 5641 1602 5720 μονογενής.
1687 5629 1742 5674 99
1771 5630 1910 5720 Fui!
1937 5643 2054 5720 Έρι,

2143 5657 2164 5701 ς
2197 5634 2329 5720 αὕτη
2359 5637 2452 5710 ἦν,
2509 5631 2616 5697 sed
2646 5631 2774 5696 haec
2827 5639 3133 5714 corrupta.
3219 5630 3275 5678 ³ο
3299 5631 3369 5698 F.
3400 5629 3802 5709 Αὐτομήτορος.

399 5713 454 5766 δί
498 5715 566 5780 F.
599 5714 926 5774 τελείωσκσι
969 5713 1183 5799 γάμον..
1251 5717 1306 5762 ³³
1337 5721 1402 5783 F.
1433 5713 1749 5787 “st-mw.

1836 5711 1910 5757 (θ’
1947 5711 2014 5776 F.
2045 5718 2430 5794 παρακείμενα.
