4148 6430
326 356 475 421 1281

1564 346 2039 412 FRAGMENTA
2085 346 2482 410 GNOSTICA.

3566 345 3717 413 1282

320 473 419 541 Ἠν
447 482 501 539 δὲ
560 483 724 550 αὐτῆς
780 485 817 553 ἦ
862 479 1020 548 νοϊκὴ
1070 476 1324 557 βούλησις
1384 483 1595 552 Πνεῦμα
1621 478 1683 533 τὸ
1713 476 1887 556 ἅγιον,
1921 479 1982 533 τό

2083 477 2341 558 ιυιιὰᾳιιε
2363 495 2530 539 suam
2562 477 3027 558 appellationem
3066 479 3336 541 sortitum
3361 487 3472 561 est,
3496 499 3628 561 qua
3651 499 3723 543 ex

318 575 375 629 ἒν
419 571 569 646 μέσῳ
634 578 742 628 τῶν
798 569 964 649 ἁγίων
1009 567 1369 633 Ἐκκλησιῶν.
1432 568 1597 624 T0610
1645 565 1733 623 οὗν
1781 567 1854 629 εἷς
1884 565 1983 632 τὴν

321 660 566 742 δευτέραν
616 658 873 740 Ὀγδοάδα
930 656 1151 735 πέμψας
1179 654 1257 732 ³³,
1317 655 1497 713 ἔπεισε
1535 656 1624 711 καὶ
1652 654 1816 724 αὐτὴν
1844 655 1980 711 ἑνω-

320 750 473 819 θῆναι
506 749 661 827 αὐτῇ.
699 749 877 825 Γάμος
921 746 1011 804 οὗν
1070 744 1362 805 ἐτελειοῦτο
1420 744 1475 800 ἐν
1530 756 1650 809 τοῖς
1704 748 1806 811 τῆς
1848 742 1982 821 Ὀγ-

319 838 502 905 δοάδος
561 842 797 919 μέρεσιν,
864 836 1146 913 ἐνουμένου
1214 842 1310 892 106
1365 834 1515 911 ἁγίου
1559 833 1866 909 Πνεύματος
1907 838 1984 907 τῷ

321 930 501 1003 Μόνῳ,
562 930 652 985 καὶ
704 934 803 995 τῆς
864 924 1060 991 Δυάδος
1118 928 1197 1001 τῷ
1251 925 1442 1003 Τρίτῳ,
1515 923 1602 980 καὶ
1658 929 1751 979 106
1801 922 1984 1001 Τρίτου

319 1024 388 1095 τῇ
439 1015 642 1091 Ἐξάδι,
728 1019 818 1075 καὶ
903 1016 1002 1083 τῆς
1088 1011 1370 1093 Ὀγδοοίδος
1414 1019 1492 1086 τῷ
1535 1009 1803 1091 Ἐϐδόμῳ,
1896 1015 1985 1069 καὶ

318 1115 412 1165 τοῦ
468 1104 729 1179 Ἐϐδόμου
785 1112 855 1183 τῇ
917 1102 1099 1179 Δυαδι,
1124 1105 1212 1160 καὶ
1240 1101 1340 1170 τῆς
1370 1100 1586 1167 Ἐξάδος
1617 1109 1693 1176 τῷ
1723 1101 1980 1176 Πέμπτῳ.

2065 582 2420 626 arcanorum
2457 564 2870 645 mysteriorum
2897 567 3241 646 cognitione
3271 567 3665 649 depromitur)
3700 587 3714 631 :

2065 652 2138 715 ad
2190 654 2454 715 scientize
2509 654 2805 716 delectum
2855 656 3190 736 perpellere
3221 657 3532 720 universos
3583 659 3722 736 Sige

2065 743 2337 823 cupiens,
2372 743 2441 803 ad
2486 742 2810 805 secundam
2859 745 3359 826 substitutamque
3383 747 3542 808 illam
3587 747 3720 808 loco

2063 832 2308 893 alterius
2339 831 2680 911 Ogdoadem
2703 833 3360 915 adjunxit,corruptela3
3390 837 3587 898 omnis
3618 856 3714 899 ex-

2068 929 2236 1003 perte
2281 923 2724 1002 conjunctione,
2767 923 2870 984 sed
2923 924 3222 987 voluntate
3254 926 3556 1005 ejusmodi
3590 946 3723 1007 quae

2065 1014 2177 1073 sub
2212 1011 2667 1089 intelligentiam
2702 1012 2963 1076 caderet.
3001 1013 3137 1075 Haec
3158 1033 3298 1075 vero
3332 1014 3488 1077 illius
3509 1017 3720 1077 volun-
3803 1068 3807 1072 .

2069 1108 2319 1182 tas,quae
2352 1100 2461 1160 sub
2495 1100 2944 1179 intelligentiam
2989 1104 3166 1175 cadit,
3200 1101 3455 1184 Spiritus
3485 1112 3723 1165 sanctus

320 1195 464 1263 "07m
517 1195 573 1252 δὲ
630 1198 666 1265 ἡ
724 1194 951 1273 Ὀγδοὰς
1010 1191 1235 1261 συνῆλθε
1296 1192 1430 1268 μετὰ
1481 1189 1680 1259 ἡδονῆς
1722 1190 1987 1270 ἀγηράτω

2083 1198 2184 1262 est,
2219 1189 2320 1270 qui
2356 1188 2416 1249 in
2452 1189 2650 1250 medio
2673 1199 3013 1251 sanctarum
3046 1191 3446 1256 Ecclesiarum
3474 1193 3717 1257 residet.

320 1287 411 1342 καὶ
453 1284 718 1364 ἀφθάρτου
774 1282 990 1360 μίξεως.
1060 1282 1134 1340 Οὒ
1192 1282 1293 1360 γὰρ
1353 1280 1419 1348 ἦν
1477 1280 1757 1358 χωρισμὸς
1818 1277 1987 1349 ἀλλή-

2083 1276 2257 1350 Quem
2296 1297 2430 1363 c_um
2463 1278 2792 1339 secundum
2823 1279 2896 1340 ad
2931 1277 3272 1359 Ogdoadem
3303 1282 3641 1363 allegasset,
3668 1283 3724 1345 ei

321 1372 431 1431 λων
463 1390 478 1404 ⁶
509 1373 574 1441 ῆν
606 1372 662 1430 δὲ
713 1373 1000 1452 σύγκρασις
1044 1367 1161 1447 μεθ’
1205 1368 1404 1439 ἡδονῆς
1450 1368 1699 1445 ἀμώμου,
1744 1368 1833 1424 καὶ
1861 1367 1986 1424 ἀνέ-

2083 1371 2368 1447 persuasit
2398 1375 2462 1427 ut
2488 1387 2619 1428 cum
2649 1367 2775 1448 ipsa
2804 1369 3574 1450 copularetur.Quocircain
3592 1373 3724 1436 sin-

322 1461 456 1529 δειξε
512 1460 751 1520 Πεντάδα
800 1460 1125 1542 Προῦνείκων
1157 1458 1497 1533 ἆληλύντων,
1531 1458 1606 1514 ὢν
1634 1458 1701 1514 τὰ
1758 1457 1989 1532 ὀνόματα

2083 1456 2228 1535 gulis
2259 1455 2558 1535 Ogdoadis
2585 1456 2852 1536 partibus
2875 1457 3190 1521 celebrata:
3222 1461 3438 1539 nuptiae
3468 1461 3723 1526 sunt.Si-

326 1551 438 1609 ἐστι
512 1559 677 1609 ταῦτα
711 1570 727 1586 '
800 1550 1128 1630 Καρπιστὴς,
1218 1545 1530 1627 Ὀροθέτης,
1615 1546 1987 1626 Χαριστήριος,

2083 1545 2318 1625 quidem
2344 1564 2476 1606 cum
2498 1543 2627 1607 Uno
2650 1544 2907 1627 Spiritus
2945 1558 3190 1610 sanctus
3234 1551 3587 1629 conjunctus
3609 1560 3722 1623 est,

328 1631 594 1722 ”Αφετος,
657 1640 1010 1719 Μεταγωγεύς
1045 1657 1060 1673 ’
1116 1645 1258 1695 οὗτοι
1313 1637 1412 1705 τῆς
1486 1636 1795 1703 Μεσότητος
1852 1636 1990 1692 ὠνο-

2083 1652 2207 1693 ιυῐη
2258 1632 2482 1722 Tertio,
2517 1633 2688 1722 Dyas,
2731 1633 2964 1696 Tertius
2995 1656 3130 1698 cum
3181 1636 3443 1714 Hexade,
3502 1648 3560 1702 et
3590 1658 3724 1703 cum

326 1720 600 1809 μάσθησαν
629 1730 754 1793 υἱοί.
787 1729 1054 1806 Βούλομαι
1084 1726 1139 1784 δὲ
1168 1730 1306 1804 ὑμᾶς
1364 1725 1670 1806 γινώσκειν,
1731 1724 1986 1807 Ἀμψίου,

2083 1722 2339 1802 Septimo
2363 1720 2929 1802 Ogdoas,Septimus
2955 1744 3088 1786 cum
3124 1728 3483 1807 Dyade,cum
3515 1728 3727 1802 Quinto

323 1821 517 1900 Αὐρὰν,
579 1820 842 1899 Κουκουὰ,
905 1816 1192 1897 Θαρδουοῦ,
1264 1814 1589 1893 Οὒϐουκουᾶ,
1679 1811 1985 1894 Θαρδεδεϊν,

2083 1810 2381 1872 Hexas.lta
2408 1810 2634 1891 Ogdoss
2666 1813 2943 1874 uuiversa
2975 1834 3271 1895 nunquam
3299 1828 3725 1901 marcescente,

324 1909 546 1990 Μερεξὲ,
622 1909 808 1988 Ἀτὰρ,
869 1905 1046 1986 Βαρϐὰ
1103 1903 1179 1987 3‘,
1227 1905 1485 1985 Οὒδουκὰ,
1560 1904 1790 1978 Κέστην,
1878 1903 1983 1960 O6-

2083 1909 2248 1981 atque
2280 1900 2510 1990 integra
2528 1900 2994 1984 incorruptaque
3025 1905 3304 1966 mistione
3330 1900 3728 1988 conjungitur.

322 1989 515 2079 δουὰχ,
589 1997 816 2078 Ἐσλὴν,
886 1994 1085 2076 ’Λμφὲ,
1159 1992 1483 2069 Ναισουμὲν,
1544 1995 1820 2068 Οὒανανὶν,
1874 1997 1987 2049 Λα-

2083 1990 2244 2052 Fulla
2276 1989 2497 2071 quippe
2528 1991 2599 2049 ab
2632 1991 2902 2079 invicem
2919 1993 3215 2073 separatio
3241 1994 3369 2056 fuit:
3397 1997 3500 2058 sed
3527 2007 3730 2061 mutua

323 2071 573 2165 μετάβδέ,
631 2071 1096 2163 Ἀθαμεσσουμῆν,
1156 2082 1425 2163 Ἀλλωρὰ,
1472 2080 1794 2157 ’Κουϐιαθὰ,
1857 2080 1991 2140 Ναδ-

2083 2079 2341 2140 omnium
2365 2098 2496 2139 cum
2517 2071 2939 2143 honestissima
2954 2071 3251 2163 voluptate
3277 2086 3733 2165 temperatio;ex

322 2176 497 2259 δαρία,
615 2178 837 2257 Δαμμὰ,
981 2166 1168 2255 Ὠρὴν,
1291 2173 1564 2251 Λαναφὲκ,
1682 2169 1985 2251 Οὐδανφὲχ,

2083 2187 2185 2249 qua
2216 2168 2612 2231 Prunicorum
2645 2167 2924 2231 muliebri
2951 2169 3096 2232 sexta
3140 2173 3477 2235 carentium
3508 2173 3733 2247 Quina-

321 2256 717 2349 Ἐνφοιθιϐοχὲ,
774 2256 970 2345 Βαρῤὰ,
1021 2263 1372 2344 Ἀσσιουαχὲ,
1418 2263 1608 2343 Βελὶμ,
1657 2259 1982 2340 Δεξαριχέμ,

2083 2256 2188 2319 vias
2219 2258 2681 2338 exoritur,cujus
2712 2258 2837 2320 haec
2880 2267 3022 2323 sunt
3055 2261 3336 2323 vocabula
3362 2276 3374 2317 :
3398 2263 3724 2343 Carpistes,

321 2344 544 2434 Μαὰὲμ.
628 2344 666 2348 ”’
860 2344 865 2345 ί
2065 2344 2885 2423 Horotbetes,Charisterius,
2919 2349 3217 2430 Aphetus,
3245 2354 3729 2434 Metagogeus;bi

318 2443 659 2511 Medietatis
689 2442 799 2506 ﬁlii
827 2441 1017 2507 vocati
1046 2447 1206 2504 sunt.
1264 2438 1459 2504 Velim
1506 2445 1705 2501 autem
1754 2456 1790 2500 a
1817 2436 1985 2501 vobis
2014 2434 2322 2515 cognosci,
2379 2436 2654 2517 Ampsiu,
2699 2438 2926 2511 Auran,
2978 2441 3200 2516 Cucua,
3235 2441 3527 2519 Thardus,
3560 2443 3727 2507 Ubu-

319 2553 454 2614 cna,
485 2533 852 2610 Thardedin,
878 2532 1135 2609 Merexa,
1166 2531 1332 2608 Atar,
1364 2530 1578 2607 Barba,
1616 2528 1848 2603 Uduca,
1882 2526 2120 2602 Cesten,
2162 2523 2434 2606 Uduach,
2480 2525 2684 2601 Eslen,
2739 2527 2995 2607 Amphe,
3044 2531 3389 2607 Naesumen,
3427 2531 3726 2608 Vananin,

324 2623 711 2702 Lametarde,
742 2623 1274 2696 Athamessumen,
1306 2619 1537 2701 Allora,
1570 2617 1882 2696 Cubiatba,
1914 2614 2240 2691 Naddaria,
2278 2618 2545 2692 Damma,
2574 2616 2757 2692 Oren,
2789 2614 3124 2699 Lanaphec,
3156 2617 3548 2704 Udanphech,
3581 2626 3728 2686 Em-

329 2713 791 2798 phcethibocbe,
819 2711 1026 2792 Barra,
1057 2710 1415 2790 Assivache,
1444 2707 1662 2792 Belim,
1697 2706 2115 2781 Dexarichem,
2151 2706 2399 2768 Masem.

656 2889 1095 2945 ΠΤΟΛΕΜΑΙΟΥ
1140 2887 1313 2940 ΠΡΟΣ
1357 2885 1652 2938 ΦΛΩΡΑΝ.

2242 2872 2645 2938 ΡΤΟΙιΕΜλΕΙ
2683 2874 2783 2937 AD
2824 2875 3143 2943 FLORAM
3190 2878 3569 2946 EPISTOLA

736 2975 840 3039 Ea;
867 2973 1238 3057 Epiphanio
1273 2972 1432 3035 har.
1467 2969 1568 3053 33,
1603 2970 1700 3051 §3
1729 2977 1790 3034 et
1815 2987 2014 3051 seqq,
2042 2985 2201 3050 pag.
2251 2968 2368 3031 216
2397 2976 2453 3031 et
2482 2987 2651 3049 seqq.
2688 2970 2843 3032 edit.
2879 2972 3094 3037 Paris.
3145 2974 3321 3038 1622.

409 3075 510 3133 Τὸν
577 3071 664 3129 διὰ
744 3069 1011 3135 Μωΰσέως
1086 3068 1301 3125 τεθέντα
1357 3068 1544 3147 νόμον,
1606 3063 1806 3147 ἀδελφὴ
1877 3085 1982 3142 μου

2146 3062 2358 3142 Legem
2395 3062 2554 3124 illam
2579 3082 2710 3144 quae
2737 3083 2773 3126 a
2798 3066 2997 3146 Moyse
3028 3068 3241 3130 tradita
3274 3078 3385 3146 est,
3415 3071 3594 3134 Flora
3624 3091 3728 3135 so-

331 3162 476 3231 καλὴ
505 3160 725 3242 Φλώρα,
760 3159 841 3216 ὅτι
873 3161 953 3236 μὴ
982 3157 1173 3216 πολλοὶ
1221 3152 1708 3237 προκατελάϐοντο,
1740 3156 1896 3242 ,μήτε
1936 3157 1998 3212 τὸ

334 3250 575 3328 θεμέλιον
600 3251 758 3311 αὐτὸν
815 3246 873 3292 ³⁵
900 3248 1219 3328 ἐγνωκότες,
1274 3246 1414 3322 μήτε
1440 3246 1535 3309 τὰς
1564 3241 1841 3324 προτάξεις
1897 3244 1997 3300 αὖ·

337 3342 439 3401 τὼν
493 3338 550 3384 ³⁸
603 3337 857 3422 ἀκριϐῶς,
919 3341 1154 3417 ἡγοῦμαι
1226 3336 1316 3393 καὶ
1372 3356 1456 3392 σοι
1504 3335 1816 3392 εὐσύνοπτον
1876 3331 1998 3390 ἔσε-

337 3435 475 3507 σθαι,
508 3430 779 3507 μαθούσης
810 3424 865 3471 37
911 3427 1007 3491 τὰς
1063 3424 1430 3506 διαφωνούσας
1474 3422 1691 3502 γνώμας
1721 3424 1839 3502 περὶ
1895 3423 1992 3479 αὒ-

335 3526 453 3593 τοῦ,
500 3521 562 3578 Οἱ
604 3520 703 3595 μὲν
759 3518 861 3598 γὰρ
916 3517 1019 3574 ὑπὸ
1055 3521 1149 3573 τοῦ
1192 3520 1324 3572 Θεοῦ
1376 3513 1466 3598 καὶ
1520 3514 1725 3591 Πατρὸς
1781 3533 1996 3588 νενομο-

332 3591 617 3676 θετῆσθαιί
655 3591 863 3671 τούτοις
918 3602 974 3648 ³8
1029 3603 1296 3683 λέγουσιν.
1375 3591 1592 3679 εἘτεροι
1649 3598 1727 3677 δὲ,
1789 3600 1996 3665 τούτοις

331 3699 435 3766 τὴν
478 3695 716 3754 ἐναντίαν
773 3693 893 3752 ὁδὸν
947 3692 1257 3773 τραπέντες,
1325 3692 1428 3748 ὑπὸ
1484 3697 1578 3748 τοῦ
1634 3688 1997 3765 ἀντικειμένου

335 3791 654 3868 φθοροποιού
724 3781 972 3841 διαϐόλου
1037 3784 1303 3839 τεθεῖσθαι
1372 3785 1557 3838 τοῦτον
1616 3780 1992 3868 ἰσχυρίζονται,

335 3866 411 3943 ὥς
452 3877 543 3933 καὶ
584 3875 684 3942 τὴν
725 3880 821 3931 106
871 3872 1075 3948 κόσμου
1129 3870 1519 3950 προσάπτουσιν
1570 3869 1711 3943 αὒτῷ
1750 3866 2000 3945 δημιουρ-

336 3968 480 4047 γίαν,
569 3964 779 4044 Πατὲρα
846 3964 935 4019 καὶ
990 3961 1230 4028 Ποιητῆν
1288 3966 1484 4047 τοῦτον,
1534 3956 1780 4047 λὲγοντες
1830 3957 1998 4047 εἶναι.

339 4044 506 4115 Τοῦτο
563 4052 620 4110 δὲ
671 4062 766 4113 τοῦ
820 4053 1019 4116 παντὸς
1062 4049 1369 4108 διὲπταισαν
1427 4046 1568 4105 οὗτοι
1612 4044 1876 4113 διαδόντες
1906 4045 2001 4104 ἆλ-

339 4143 552 4221 λήλοις,
597 4143 689 4201 καὶ
745 4142 983 4221 ἑκάτεροι
1027 4143 1201 4200 αὐτῶν
1258 4136 1635 4217 διαμαρτόντες
1679 4137 1822 4216 παρὰ
1877 4136 2003 4217 σφί-

339 4256 424 4291 σιν
485 4235 669 4299 αὒτοϊς
724 4236 823 4299 τῆς
870 4236 962 4288 τοῦ
1015 4228 1364 4310 προκειμὲνου
1404 4224 1653 4294 ἀληθείας
1692 4242 1705 4255 ·
1758 4224 1877 4282 οὕτε
1907 4226 2009 4315 γὰρ

337 4325 441 4381 ὑπὸ
502 4330 598 4381 τοῦ
650 4320 853 4379 τελείου
907 4326 1039 4378 Θεοῦ
1095 4320 1186 4377 καὶ
1242 4317 1452 4397 Πατρὸς
1527 4316 1767 4396 φαίνεται
1826 4321 2009 4373 τοῦτον

339 4414 606 4472 τεθεῖσθαι
640 4411 925 4493 (ἑπόμενος
968 4408 1023 4452 39
1050 4410 1150 4489 γὰρ
1200 4406 1394 4488 ἐστιν),
1453 4405 1619 4473 ἀτελῆ
1650 4428 1708 4463 τε
1739 4404 1888 4478 ὅντα,
1920 4415 2008 4471 καὶ

338 4505 435 4561 106
461 4503 715 4583 σφετὲρου
756 4498 813 4543 40
862 4499 1210 4580 πληρωθῆναι
1241 4494 1416 4570 ἐνδεῆ,
1451 4494 1650 4575 ἔχοντά
1678 4515 1736 4551 τε
1764 4493 2004 4568 προσταί-

341 4593 450 4661 ξεις
494 4591 760 4654 ἀνοικείας
790 4595 861 4667 τῇ
887 4597 981 4648 τοῦ
1008 4588 1249 4646 τοιούτου
1284 4591 1416 4642 Θεοῦ
1446 4585 1595 4665 φύσει
1625 4605 1682 4641 τε
1718 4585 1808 4641 καὶ
1856 4583 1998 4663 γνώ-

342 4707 424 4762 μῃ
461 4701 475 4717 ⁸
514 4680 627 4739 061'
655 4681 720 4738 αὗ
758 4679 920 4738 πάλιν
974 4684 1045 4757 τῇ
1089 4687 1182 4736 106
1230 4674 1595 4751 ἀντικειμένου
1623 4672 1797 4746 ἀδικίᾳ
1839 4676 2001 4762 νόμον

343 4760 671 4853 προσάπτειν
700 4766 750 4812 δι
808 4766 1012 4826 ἀδικεῖν
1059 4765 1327 4844 αἱροῦντος
1382 4768 1488 4821 τῶν
1546 4783 1605 4853 τε
1655 4760 1778 4829 ἑξῆς
1833 4784 1884 4853 τι
1928 4761 2005 4853 μὴ

345 4851 688 4940 συνορώντων
744 4860 813 4917 τὰ
870 4859 973 4915 ὑπὸ
1015 4866 1110 4915 τοῦ
1139 4859 1390 4933 Σωτῆρος
1420 4851 1694 4940 εἰρημένα.
1728 4852 1878 4940 Οἰκία
1907 4852 2007 4932 γὰρ

347 4952 384 5022 ἢ
462 4939 621 5013 πόλις
709 4950 1020 5029 μερισθεῖσα
1099 4942 1180 5025 ἐφ’
1257 4941 1475 5022 ἑαυτὴν,
1520 4939 1602 5029 ότι
1661 4940 1739 5017 μῆ
1796 4939 2007 5029 δύναται

349 5017 563 5113 στῆναι,
626 5039 654 5094 ὁ
693 5017 883 5115 ὲωίτὴρ
921 5037 1077 5111 ἡμῶν
1133 5017 1470 5111 ἆπεφήνατοξ
1531 5017 1763 5108 ’Ἑτιγε
1791 5028 1891 5097 τὴν
1919 5028 2013 5085 τοῦ

351 5129 558 5204 κόσμου
585 5125 926 5206 δημιουργίαν
958 5122 1090 5180 ἰδίαν
1134 5120 1280 5200 λὲγει
1310 5120 1479 5200 εἶναι,
1517 5116 1609 5174 ἂτε
1636 5114 1692 5158 ‘3
1722 5119 1914 5206 statuat,
1939 5117 2006 5174 δι’

353 5220 512 5275 αὐτοῦ
563 5204 864 5295 γεγονέναι,
921 5214 1010 5271 καὶ
1064 5211 1233 5292 χωρὶν
1290 5213 1445 5268 αὐτοῦ
1475 5208 1693 5286 γὲγονεν
1720 5204 1811 5249 η*
1837 5205 2005 5283 οὐδὲν,

353 5309 383 5364 ὁ
416 5304 746 5369 Ἀπόστολος
775 5302 1252 5385 προαποστερήσας
1281 5299 1381 5367 τὴν
1410 5302 1517 5356 τῶν
1547 5295 2012 5377 ψευδηγορούντων

356 5395 718 5457 ἀνυπόστατον
779 5393 990 5474 σοφίαν,
1043 5393 1132 5448 καὶ
1188 5392 1249 5449 οὗ
1304 5391 1619 5470 φθοροποιοῦ
1678 5393 1831 5464 Θεοῦ,
1877 5386 2015 5444 ἀλλὰ

2083 3169 2186 3243 ror
2201 3151 2624 3243 amantissima,
2653 3171 2847 3235 neque
2868 3164 3239 3237 perspectam
3270 3159 3494 3226 habere
3514 3181 3729 3243 quam-

2082 3241 2398 3322 plurimas,
2435 3260 2632 3323 neque
2661 3242 2792 3333 ejus
2819 3244 2980 3307 velut
3007 3247 3393 3311 fundamenta
3420 3254 3509 3314 vel
3533 3241 3729 3333 praes-

2082 3330 2273 3410 cripta
2327 3350 2714 3413 cognoscere,
2742 3332 2915 3395 facile
2958 3336 3398 3400 intellecturam
3432 3330 3731 3416 existimo,

2083 3421 2130 3481 si
2163 3438 2336 3501 quam
2377 3420 2555 3482 varia:
2609 3421 2686 3484 de
2737 3421 2841 3485 illa
2879 3423 2999 3485 sint
3046 3425 3361 3506 opiniones
3419 3429 3729 3495 didiceris.

2079 3506 2231 3572 Sunt
2260 3509 2419 3572 enim
2450 3509 2551 3591 qui
2580 3509 2743 3572 illam
2786 3530 2821 3573 a
2847 3510 2970 3575 Deo
3003 3521 3210 3594 putant
3256 3534 3328 3579 ac
3378 3519 3553 3583 Patre
3583 3520 3734 3583 fuis-

2080 3616 2146 3662 se
2177 3598 2579 3661 constitutam.
2614 3599 2731 3663 Alii
2763 3603 3120 3665 contrariam
3151 3605 3301 3666 viam
3350 3607 3623 3686 ingressi,
3659 3609 3733 3673 ab

2080 3688 2213 3768 ejus
2264 3688 2478 3749 aemulo
2532 3688 2758 3750 nefario
2814 3689 2956 3751 558
3014 3692 3284 3756 daemone
3333 3696 3511 3759 latam
3566 3699 3733 3761 afﬁr-

2082 3786 2267 3853 mant,
2300 3796 2335 3838 a
2365 3796 2481 3858 quo
2513 3786 2572 3839 et
2601 3779 2891 3841 mundum
2946 3781 3299 3846 fabricatum
3346 3796 3640 3865 asserunt,
3677 3797 3738 3852 et

2081 3866 2358 3928 eumdem
2391 3867 2772 3930 Conditorem
2803 3888 2871 3931 ac
2891 3873 3120 3932 Patrem
3138 3893 3272 3936 esse
3301 3875 3586 3942 dictitant.
3609 3877 3733 3941 Ve-

2083 3974 2214 4018 rum
2248 3956 2354 4030 illi,
2391 3956 2490 4036 qui
2523 3954 2817 4035 ejusmodi
2847 3960 3123 4039 dogmata
3153 3963 3265 4025 sibi
3294 3965 3544 4028 invicem
3573 3986 3737 4031 com-

2084 4043 2490 4139 municarunt,
2524 4047 2909 4108 vehementer
2937 4050 3514 4130 hallucinatisunt,et
3534 4057 3607 4119 ab
3638 4075 3736 4139 eo,

2089 4153 2268 4215 quem
2317 4133 2427 4194 sibi
2480 4145 2931 4215 proposuerant,
2979 4156 3157 4220 scopo
3188 4144 3446 4206 veritatis
3490 4133 3738 4210 aberra;

2091 4230 2251 4285 runt.
2302 4222 2449 4283 Nam
2505 4242 2617 4284 nec
2646 4242 2680 4286 a
2710 4226 2972 4304 perfecto
3027 4226 3147 4290 Deo
3178 4249 3244 4293 ac
3276 4234 3452 4296 Patre
3483 4234 3742 4300 stabilita

2092 4312 2321 4404 videtur
2350 4312 2506 4387 (huic
2531 4311 2692 4404 enim
2727 4332 2845 4404 non
2873 4318 3243 4397 rospondet),
3295 4331 3494 4404 utpote
3538 4325 3738 4388 minus

2094 4403 2446 4498 perlecta,et
2475 4401 2547 4463 ad
2581 4402 2671 4498 sui
2708 4402 3140 4498 absolutionem
3172 4410 3343 4490 plura
3361 4401 3736 4498 desiderans,

2091 4509 2161 4553 ac
2193 4490 2470 4552 mandata
2499 4491 2770 4571 quaedem
2795 4494 3133 4573 continens,
3164 4517 3298 4579 quae
3327 4519 3362 4562 a
3388 4503 3497 4565 Dei
3530 4490 3743 4571 natura

2087 4600 2158 4643 ac
2189 4579 2431 4642 decreto
2461 4589 2596 4642 sunt
2624 4580 3051 4665 aliena.Neque
3080 4605 3222 4650 vero
3271 4590 3598 4656 adversarii
3626 4595 3743 4656 im-

2087 4668 2359 4761 probitati
2390 4670 2700 4761 tribuenda
2731 4671 2825 4733 lex
2856 4682 2965 4748 est,
2998 4675 3167 4756 cujus
3196 4681 3499 4761 praprium
3529 4684 3742 4747 sitini-

2087 4776 2205 4841 que
2232 4757 2426 4821 l‘acere
2456 4781 2469 4819 :
2504 4756 2720 4841 quique
2776 4761 2855 4823 ita
2902 4756 3350 4850 statuunt,'qu:'e
3377 4789 3410 4833 a
3440 4769 3743 4839 Salvatore

2091 4850 2246 4911 dicta
2275 4856 2414 4910 sunt
2444 4868 2817 4931 nequaquam
2835 4852 3426 4923 animadvertunt.lta
3455 4862 3613 4926 enim
3642 4864 3742 4928 ille

2092 4939 2485 5034 pronuntiavit
2516 4961 2530 5003 :
2553 4939 2734 5034 Stare
2758 4942 3004 5034 domum
3020 4945 3112 5008 vel
3131 4948 3435 5013 civitatem
3464 4969 3584 5015 non
3597 4971 3744 5034 pos-

2093 5046 2180 5105 se,
2211 5045 2342 5107 qua
2386 5030 2451 5091 in
2474 5030 2741 5111 seipsum
2765 5031 2964 5095 divisa
3015 5036 3098 5097 sit
3124 5036 3204 5100 49.
3238 5039 3534 5103 Praeterea
3561 5030 3746 5107 mun-

2091 5118 2233 5215 dum
2289 5120 2592 5215 proprium
2640 5120 2824 5215 ipsius
2880 5141 3028 5215 opus
3058 5143 3226 5209 esse;
3260 5131 3586 5212 omniaque
3638 5152 3749 5215 per

2093 5209 2294 5304 ipsam
2317 5208 2576 5304 facta,et
2595 5211 2729 5304 sine
2748 5211 2877 5304 ipso
2901 5213 3066 5304 nihil
3091 5208 3217 5279 esse
3226 5217 3459 5295 factum
3476 5208 3746 5304 λιβεεε-

2094 5299 2172 5360 rit
2198 5298 3147 5379 Apostolus,mendacissimorum
3169 5307 3480 5370 hominum
3502 5298 3747 5376 minime

2099 5387 2347 5451 solidam
2365 5390 2712 5470 sapientiam
2738 5391 3047 5471 refellens;
3069 5413 3190 5457 non
3211 5398 3471 5478 pestiferi
3494 5400 3748 5482 alicujus

439 5553 593 5618 33F.
649 5554 933 5632 πέμψασα,
1019 5548 1202 5634 NHV.
1246 5543 1608 5634 ’Λταρϐἐιϐᾴη
1765 5549 1909 5629 Leg.
1937 5573 1998 5634 ua

2083 5558 2140 5611 ιῦ.
2227 5549 2450 5630 36Leg.
2483 5554 2658 5634 αὐτοῦ.
2746 5550 2799 5594 ³⁷
2828 5555 2894 5615 F.
2954 5558 3215 5634 μαθούσῃ,
3301 5557 3356 5601 ³8
3414 5561 3479 5624 F.
3538 5570 3745 5628 τοῦτον,

363 5634 419 5682 39
446 5640 517 5717 F.
538 5626 799 5717 ὲπὸμενος
842 5636 942 5715 γὰρ
971 5636 1066 5692 οὐκ
1092 5631 1259 5717 ξέστψ.
1343 5626 1399 5672 ⁴⁰
1431 5628 1509 5717 1⁵⁸ἒ
1524 5627 1608 5709 ὑφ’
1633 5626 1877 5717 -ξγὲὲυς
1926 5628 1998 5717 42,

2083 5640 2191 5696 eest
2219 5634 2355 5715 χρή.
2386 5626 2503 5697 Sed
2536 5633 2634 5695 hic
2664 5626 3111 5717 corrupta'sunt
3140 5626 3368 5704 Graeca.
3450 5640 3507 5686 ιθ
3534 5626 3742 5710 Matth.

365 5734 470 5795 xu,
506 5716 567 5779 5.

653 5713 708 5758 ‘3
735 5713 802 5778 F.
834 5707 1010 5779 'c'a'z'cs.
1095 5709 1150 5755 4⁸
1189 5707 1366 5772 Joan.
1398 5724 1444 5784 ι,
1475 5710 1535 5770 3.
1569 5707 1578 5709 “
1623 5707 1699 5753 η’
1731 5707 1797 5775 F.
1831 5713 2128 5792 γεγονὲναι.
