4148 6406
518 346 670 411 1283
1410 343 1798 410 APPENDIX
1843 346 1944 409 AD
1985 345 2328 420 QUINQUE
2373 346 2662 411 IRENIEI
2708 347 3000 412 LIBROS.
3727 347 3890 414 1284

490 479 616 558 Dei,
649 479 756 542 sed
779 480 946 562 justi,
985 487 1043 542 et
1071 478 1470 560 improbitatis
1519 479 1716 542 omnis
1745 479 1988 543 inimici.
2021 476 2121 541 Sec

2221 477 2419 536 δικαίου
2473 481 2561 538 καὶ
2619 481 3000 561 μισοπονήρου.
3051 479 3426 560 Ἀπρονοήτων
3479 479 3534 537 δὲ
3582 481 3724 539 ἐστιν
3780 482 3884 539 ἆν-

486 571 942 634 temerariorum
1007 570 1317 631 hominum
1350 570 1449 631 illa
1464 569 1690 650 judicia
1735 577 1896 642 sunt,
1949 587 2121 649 nequc

2226 569 2472 650 θρώπων,
2503 577 2602 640 τῆς
2632 570 2878 646 προνοίας
2907 576 3000 627 τοῦ
3033 578 3367 650 Δημιουργοῠ
3397 570 3476 647 μὴ
3522 571 3690 628 αἰτίαν
3733 571 3884 648 λαμ-

486 657 822 722 Conditoris
839 658 1224 740 providentiae
1235 677 1442 721 causas
1455 657 2145 739 intelligentium.quique

483 767 597 809 non
627 749 807 810 animi
829 748 1163 829 solum,sed
1185 748 1359 810 etiam
1384 749 1656 828 corporis
1689 749 1874 812 oculis
1899 749 2138 809 videan-

485 845 578 899 tur
612 857 744 901 esse
773 838 1338 920 capti.Quantopere
1369 838 1544 917 igitur
1574 838 1657 900 illi
1689 859 1722 900 a
1750 839 1994 900 veritate
2015 838 2139 900 dis-

481 927 810 1003 sideant,ex
831 929 904 991 iis
925 947 1055 1010 quae
1087 929 1241 990 dicta
1271 937 1408 990 sunt
1436 927 1672 990 abunde
1719 936 1886 1009 potes
1915 947 2139 1005 cogno-

481 1019 799 1082 scere.Sed
827 1029 1106 1100 utrosque
1130 1018 1430 1100 proprium
1458 1017 1736 1098 quiddam
1755 1037 1821 1080 ac
1841 1017 2138 1098 peculiare

477 1107 551 1168 ad
585 1109 662 1170 ita
695 1108 1078 1172 sentiendum
1109 1107 1534 1170 induxit.Alios
1563 1106 1991 1188 quidem,quod
2021 1125 2134 1169 au-

479 1204 702 1259 ctorem
728 1197 970 1278 justitize
995 1196 1183 1260 Deum
1215 1198 1620 1276 ingnorarent;
1641 1197 1787 1258 alios
1817 1196 1976 1278 quod
1997 1197 2133 1257 uni-

479 1303 780 1347 versorum
815 1295 1120 1367 parentem
1151 1303 1431 1366 peraeque
1463 1285 1788 1360 nescirent,
1821 1303 1998 1366 quem
2031 1284 2132 1346 ille

475 1374 637 1436 solus
669 1375 990 1438 adveniens
1051 1375 1150 1456 qui
1201 1377 1365 1438 solus
1425 1383 1615 1450 norat,
1659 1376 1910 1457 aperuit.
1947 1373 2134 1438 Nobis

478 1463 858 1544 vero,quibus
889 1474 1206 1546 utrumque
1237 1463 1344 1528 Dei
1377 1463 1670 1526 beneﬁcio
1696 1463 1993 1544 cegnitum
2017 1471 2126 1538 est,

473 1553 768 1634 reliquum
804 1553 950 1616 illud
985 1563 1092 1628 est,
1136 1561 1196 1615 ut
1225 1553 1300 1616 de
1333 1554 1462 1631 lege
1490 1554 1637 1617 certi
1669 1553 1888 1636 aliquid
1925 1553 2131 1635 explo-

473 1642 704 1723 ratique
735 1643 1420 1724 doceamus,cujusmodi
1459 1643 1736 1706 videlicet
1770 1643 1870 1706 illa
1892 1643 1988 1718 sit,
2019 1652 2130 1704 eta

473 1752 729 1812 quonam
768 1734 1104 1814 legislatore
1135 1733 1364 1795 sancita
1398 1750 1411 1795 :
1453 1731 1535 1794 ita
1590 1743 1786 1796 tamen
1835 1745 1899 1794 ut
1947 1732 2128 1814 quid-

2225 655 2552 734 ϐανομένων,
2583 660 2672 716 καὶ
2714 659 2793 734 μὴ
2853 657 3012 734 μόνον
3068 661 3130 716 τὸ
3159 663 3259 728 τῆς
3303 658 3488 740 ψυχῆς
3519 661 3692 736 ὄμμα,
3743 659 3885 718 ἀλλὰ

2225 749 2314 803 καὶ
2346 749 2408 804 τὸ
2445 749 2538 804 τοῦ
2586 753 2834 824 σώματος
2873 747 3299 827 πεπηρωμένων.
3346 748 3502 808 Οὔτοι
3545 749 3643 824 μὲν
3687 748 3775 806 οὖν
3807 751 3883 814 ὡς

2225 833 2618 917 διημαρυήκασι
2675 842 2775 904 τῆς
2818 836 3090 912 ἀληθείας,
3150 836 3317 906 κῆλόν
3347 838 3431 895 σοί
3477 835 3620 896 ἐστιν
3669 837 3731 896 ἐκ
3771 845 3882 898 τῶν

2223 926 2539 1006 εἰρημένων,
2572 925 2869 983 Πεπόνθασι
2913 923 2968 982 δὲ
3018 935 3170 986 τοῦτο
3221 925 3362 988 ἰδίως
3394 926 3646 1006 ἐκάτερας
3680 927 3878 1004 αὐτῶν,

2221 1018 2268 1072 οἱ
2311 1017 2410 1091 μὲν
2454 1013 2539 1071 διὰ
2580 1017 2641 1072 τὸ
2700 1015 2915 1094 ἀγνοεῖν
2971 1017 3061 1072 τὸν
3101 1020 3202 1083 τῆς
3245 1013 3578 1084 δικαιοσύνης
3635 1019 3790 1092 Θεὸν,
3831 1019 3881 1075 οἱ

2218 1103 2272 1160 δὲ
2317 1103 2402 1161 διὰ
2447 1104 2507 1160 τό
2562 1105 2777 1183 ἀγνοεῖν
2831 1105 2925 1160 τὸν
2965 1111 3073 1161 τῶν
3127 1103 3267 1160 ὅλων
3324 1110 3554 1184 Πατέρα,
3609 1106 3668 1164 ὃν
3713 1105 3877 1182 μόνος

2216 1193 2380 1253 ἐλθὼν
2444 1196 2473 1251 6
2527 1194 2688 1270 μόνος
2745 1191 2918 1270 εἰδὼς,
2998 1193 3318 1276 ἐφανέρωσε.
3393 1193 3760 1274 Περιλείπεται
3817 1193 3875 1251 δὲ

2213 1287 2348 1360 ἡμῖν
2404 1283 2678 1350 ἆξιωθεῖσι
2719 1304 2778 1340 τε
2820 1288 2920 1350 τῆς
2951 1281 3006 1326 ⁸⁵
3035 1282 3346 1364 ἀμφοτέρων
3393 1283 3596 1340 τούτων
3652 1283 3877 1364 ἐκφῆναι

2215 1395 2300 1432 σοι
2341 1375 2430 1430 καὶ
2486 1371 2776 1454 ἆκριϐὦσαι
2833 1374 2988 1430 αὒτὸν
3034 1394 3093 1429 τε
3129 1373 3222 1429 τὸν
3279 1371 3467 1448 νόμον,
3518 1371 3758 1436 ποταπός
3788 1394 3873 1438 τις

2214 1463 2333 1539 εἴη,
2377 1464 2467 1522 καὶ
2519 1466 2610 1521 τὸν
2640 1461 2727 1545 ὑφ’
2769 1464 2830 1522 οὗ
2872 1463 3096 1520 τέθειται
3155 1464 3246 1519 τὸν
3289 1462 3604 1543 νομοθέτην,
3644 1461 3874 1540 ῥηθησο-

2213 1555 2388 1629 μένων
2445 1555 2584 1629 ἡμῖν
2639 1555 2733 1616 τὰς
2764 1551 3054 1618 ἀποδείξεις
3083 1552 3143 1608 ἐκ
3171 1558 3276 1609 τῶν
3312 1559 3402 1609 τοῦ
3432 1557 3686 1630 Κωτῆρος
3713 1553 3871 1628 ἡμῶν

2212 1642 2388 1722 λόγων
2456 1645 2844 1722 παριστῶντες,
2903 1640 2972 1698 δι’
3031 1643 3108 1696 ὧν
3164 1641 3327 1718 μόνον
3371 1639 3512 1698 ἔστιν
3569 1641 3870 1708 ἀπταίστως

2214 1732 2297 1790 ἐπὶ
2336 1733 2436 1800 τὴν
2465 1730 2773 1807 κατάληψιν
2803 1732 2906 1789 τῶν
2936 1729 3103 1788 ὅντων
3135 1729 3472 1810 ὁδηγεῖσθαι,

473 1822 614 1915 «ιιι-ιιι
647 1841 680 1915 a_
707 1822 880 1915 nobis
909 1823 1146 1915 allatum
1179 1823 1378 1915 fuerit,
1508 1842 1626 1915 non
1656 1823 1897 1885 aliunde
1927 1841 2101 1915 quam
2136 1840 2206 1884 ex
2267 1821 2410 1915 ipsis
2438 1821 2760 1884 Salvatoris
2788 1818 2991 1915 verbis
3022 1819 3333 1915 probetur.
3365 1817 3474 1882 His
3528 1819 3688 1882 enim
3721 1819 3866 1882 solis

473 1912 634 1974 νι-Ιιιι
663 1913 896 1976 itineris
929 1913 1180 1974 ducibus
1211 1912 1496 1974 adhibitis
1527 1913 1598 1974 ad
1634 1931 1834 1974 rerum
1871 1913 2272 1991 cognitionem
2303 1911 2436 1973 sine
2465 1927 2671 1972 errore
2702 1908 3110 1990 perducimur.

551 2001 848 2084 Imprimis
879 2002 1056 2082 igitur
1100 2001 1410 2066 sciendum
1444 2010 1554 2084 est,
1596 2003 1935 2064 universam
1969 2001 2121 2064 illam

2293 2007 2512 2080 Πρῶτον
2542 2003 2631 2058 οὗν
2673 1999 2960 2076 μαθητέον,
2995 1999 3077 2056 ὅτι
3108 2001 3136 2056 6
3166 1998 3376 2075 σὺμπας
3409 1997 3614 2064 ἐκεῖνος
3646 1999 3807 2075 νόμος
3837 2002 3866 2056 6

471 2091 827 2174 legem,qua3
847 2093 1108 2174 quinque
1131 2090 2124 2174 Moysisvoluminibuscontinetur,

471 2199 588 2242 non
612 2180 685 2242 ab
717 2201 834 2243 uno
867 2200 1000 2244 esse
1035 2180 1370 2260 Iegislatore
1400 2181 1758 2262 profectam,
1793 2180 1920 2242 solo
1953 2181 2124 2244 vidc-

470 2268 609 2332 licet
658 2273 784 2334 Deo
820 2289 835 2334 :
867 2271 974 2332 sed
1018 2270 1273 2332 admista
1324 2270 1594 2352 quaedam
1654 2270 1957 2332 hominum
1993 2289 2126 2333 esse

470 2361 768 2434 mandata,
795 2370 880 2434 ut,
915 2359 1418 2442 quemadmodum
1447 2359 1713 2422 Salvator
1744 2358 1872 2440 ipse
1896 2358 2118 2441 docuit,

467 2449 746 2511 trifariam
783 2450 875 2512 lex
909 2451 982 2512 sit
1012 2449 1206 2512 omnis
1235 2448 1572 2512 distributa.
1629 2449 1907 2522 Quaedam
1962 2449 2120 2510 enim

463 2538 535 2599 ad
572 2539 764 2619 ipsum
799 2540 985 2602 Deum
1016 2539 1264 2620 ejusque
1295 2539 1632 2601 sanctiones
1657 2539 1982 2620 pertinent,
2006 2538 2123 2600 alia

462 2629 649 2708 Moysi
681 2627 998 2690 tribuenda
1025 2638 1185 2709 sunt,
1221 2647 1338 2690 non
1369 2628 1609 2710 quidem
1671 2637 1961 2709 quatenus
2008 2627 2118 2689 ali-

461 2718 602 2797 quid
635 2737 670 2779 a
699 2717 823 2780 Deo
851 2717 1008 2780 illius
1039 2718 1377 2781 interventu
1395 2717 1702 2780 decretum
1727 2716 1949 2793 est,sed
1968 2736 2118 2798 qua-

470 2817 640 2869 tenus
663 2826 771 2888 per
794 2827 926 2870 sese
950 2825 1019 2870 ac
1034 2816 1238 2889 suapte
1257 2816 1468 2890 sponte
1485 2806 1774 2869 nonnulla
1791 2806 2120 2884 constituit;

465 2895 718 2958 aliorum
747 2897 1006 2978 denique
1027 2901 1296 2958 seniores
1329 2896 1426 2978 qui
1458 2896 1518 2958 in
1539 2896 1757 2978 populo
1790 2906 1958 2960 erant
1987 2916 2124 2960 auc-

471 2995 628 3047 tores
683 2986 1056 3059 exstiterunt;
1111 3005 1180 3048 ac
1237 2985 1414 3068 primi
1467 2985 1555 3047 illi
1605 2988 1825 3066 privata
1855 2988 2120 3067 quaedam

469 3083 762 3156 praecepta
792 3075 1062 3139 inserere
1097 3085 1234 3138 sunt
1256 3076 1404 3140 ausi.
1428 3075 1592 3149 Quod
1631 3076 2122 3156 quemadmodum

467 3181 603 3227 sese
633 3165 848 3228 habeat
898 3183 967 3226 ex
1016 3164 1164 3246 ipsis
1221 3163 1542 3228 Salvatoris
1571 3163 1770 3226 verbis
1799 3164 2120 3245 intelliges.

466 3252 576 3315 Hic
607 3254 765 3317 enim
796 3254 1051 3335 quodam
1103 3255 1163 3316 in
1216 3255 1348 3316 loco
1398 3255 1468 3316 ad
1503 3271 1609 3316 eos
1663 3253 1841 3315 verba
1871 3253 2120 3330 faciens,

2209 2090 2596 2171 περιεχόμενος
2640 2095 2708 2166 τῇ
2752 2088 3016 2155 Μωϋσέως
3061 2088 3414 2170 Πεντατεύχῳ
3459 2093 3518 2148 οὗ
3561 2091 3690 2170 πρὸς
3749 2091 3864 2154 ἐνὸς

2208 2201 2352 2243 τινος
2399 2179 2836 2255 νενομοθέτηται.
2897 2176 3040 2256 λέγω
3067 2176 3158 2250 δὴ,
3205 2179 3310 2258 οὐχ
3351 2179 3454 2235 ὑπὸ
3483 2178 3646 2254 μόνου
3678 2181 3812 2236 Θεοῦ
3843 2195 3858 2211 ⁸

2208 2264 2326 2323 ἀλλ’
2382 2269 2480 2324 εἰσί
2519 2289 2659 2332 τινες
2705 2268 2876 2324 αὐτῶν
2924 2265 3232 2345 προστάξεις
3289 2268 3379 2324 καὶ
3427 2267 3517 2324 ὑπ’
3575 2268 3865 2348 ἆνθρώμων

2206 2359 2466 2431 τεθεῖσαι,
2512 2358 2601 2414 καὶ
2640 2356 2808 2437 τριχῆ
2849 2363 3036 2414 τοῦτον
3086 2353 3403 2436 διαιρεῖσθαι
3433 2359 3480 2414 οἱ
3521 2363 3614 2415 τοῦ
3665 2363 3864 2424 Σωτῆ-

2205 2467 2292 2523 ρος
2350 2443 2500 2526 λόγοι
2559 2443 2887 2503 διδάσκουσιν
2943 2446 3108 2520 ἡμᾶς.
3169 2442 3269 2507 Εἵς
3323 2466 3383 2500 τε
3430 2446 3530 2524 γὰρ
3575 2447 3730 2503 αὐτὸν
3771 2449 3864 2504 τὸν

2204 2537 2334 2592 Θεὸν
2379 2537 2466 2593 καὶ
2507 2537 2606 2600 τὴν
2648 2536 2832 2592 τούτου
2892 2534 3204 2608 νομοθεσίαν
3235 2549 3251 2565 ⁶
3313 2531 3599 2611 διαιρεῖται
3661 2531 3718 2589 δὲ
3775 2535 3865 2590 καὶ

2203 2625 2276 2688 εἷς
2319 2625 2410 2681 τὸν
2443 2623 2691 2705 Μωυσέα,
2726 2623 2784 2680 οὔ
2808 2622 2928 2680 καθ’
2968 2622 3094 2680 αὐτὸ
3122 2617 3180 2663 ⁸6
3207 2618 3283 2676 δι’
3313 2619 3470 2676 αὐτοῦ
3511 2623 3792 2696 νομοθετεῖ
3833 2622 3862 2676 6

2203 2713 2358 2794 Θεὸς,
2402 2711 2540 2770 ἀλλὰ
2608 2713 2744 2770 καθὰ
2813 2711 2919 2769 ἀπὸ
2962 2710 3058 2778 τῆς
3118 2708 3248 2774 ιδίας
3303 2708 3504 2772 ἐννοίας
3549 2707 3860 2788 ὁρμώμενος

2203 2803 2292 2859 καὶ
2351 2805 2379 2859 6
2422 2807 2654 2870 Μωυσῆς
2711 2800 3062 2878 ἐνομοθέτησε
3103 2820 3222 2856 τινα
3257 2817 3271 2831 ⁸
3332 2798 3420 2854 καὶ
3449 2798 3523 2863 εἱς
3551 2798 3672 2861 τοὺς
3716 2802 3856 2877 Πρε-

2205 2891 2484 2968 σόυτέρους
2539 2900 2634 2949 τοῦ
2690 2891 2821 2950 λαοῦ
2875 2887 3178 2968 διαιρεῖται,
3254 2887 3343 2944 καὶ
3383 2893 3585 2965 πρῶτοι
3618 2883 3674 2929 ‘7
3717 2887 3856 2966 εὒρί-

2207 3003 2422 3040 σκονται
2469 2981 2686 3048 ἐντολάς
2715 3003 2861 3046 τινας
2903 2979 3134 3043 ἐνθέντες
3179 2975 3333 3042 ἰδίας.
3381 2983 3502 3041 Πῶς
3561 2975 3650 3034 οὗν
3707 2982 3861 3033 τοῦτο

2209 3070 2376 3136 οὕτως
2432 3069 2563 3151 ἕχον
2626 3069 2688 3127 ἐκ
2729 3075 2836 3128 τῶν
2878 3075 2972 3126 τοῦ
3044 3067 3295 3146 Σωτῆρος
3344 3064 3602 3123 δείκνυται
3661 3065 3860 3146 λόγων,

2207 3161 2392 3236 μάθοις
2435 3158 2482 3216 δ’
2531 3159 2594 3216 ἂν
2623 3157 2750 3228 ἤδη.
2809 3157 3198 3238 Διαλεγόμενός
3254 3177 3354 3214 που
3396 3157 3425 3212 6
3482 3154 3674 3235 Σωτὴρ
3730 3157 3862 3234 πρὸς

2204 3251 2324 3316 τούς
2381 3251 2500 3330 περὶ
2555 3252 2650 3306 τοῦ
2717 3248 3043 3307 ἀποστασίου
3100 3249 3452 3318 ωζητοῦντας
3503 3249 3667 3324 αὐτῷ,
3715 3245 3744 3301 ὃ
3799 3243 3863 3313 δὴ

468 3343 568 3424 qui
598 3343 674 3406 de
701 3332 938 3424 repudii
959 3343 1161 3405 libello
1183 3361 1386 3406 secum
1403 3341 1970 3423 disputabant,quod
1992 3360 2121 3424 per-

2205 3339 2530 3398 ἆποστάσιον
2573 3339 2770 3406 ἐξεῖναι
2821 3336 3260 3411 ἐνενομοθὲτητο,
3317 3333 3420 3415 ’ἐφη
3483 3335 3668 3398 αὐτοῖς
3703 3353 3718 3368 ⁸
3779 3332 3861 3390 ὅτι

470 3433 751 3495 missione
767 3433 914 3513 legis
939 3431 1272 3508 licebat,sic
1292 3431 1426 3494 illos
1447 3431 1736 3494 allocutus
1758 3441 1866 3493 est:
1893 3433 2124 3512 Moyses

465 3522 544 3583 ad
575 3522 866 3584 duritiam
890 3523 1096 3586 cordis
1125 3523 1314 3586 vestri
1335 3522 1610 3600 permisit
1638 3519 1804 3584 vobis
1817 3521 2123 3585 dimittere

465 3628 692 3674 uxores
713 3619 962 3676 vestras.
989 3611 1084 3674 Ab
1102 3611 1284 3674 initio
1307 3617 1508 3674 autem
1531 3627 1654 3672 non
1667 3611 1787 3686 fuit
1812 3616 1922 3672 sic.
1959 3611 2122 3674 Deus

467 3702 654 3775 enim,
689 3701 904 3782 inquit.
939 3702 1285 3782 conjugium
1313 3700 1423 3763 hoc
1449 3697 1780 3780 copulavit.
1815 3699 1888 3762 Et
1911 3719 1925 3760 :
1948 3698 2120 3775 Quod

472 3789 635 3854 Dens
657 3795 793 3870 conj
802 3793 1179 3867 unxit,homo
1199 3809 1324 3854 non
1342 3795 1590 3871 separat
1611 3787 1821 3852 43.Ubi
1839 3789 2014 3850 aliam
2034 3807 2121 3850 es-

465 3897 533 3941 se
561 3879 666 3942 Dei
696 3879 888 3960 legem
916 3879 1196 3955 ostendit,
1229 3898 1362 3962 quae
1389 3896 1634 3942 uxorem
1661 3897 1694 3940 a
1725 3877 1848 3940 viro
1883 3878 2119 3959 sejungi

465 3969 982 4052 proliibeat,aliam
1005 3968 1352 4050 Moysi3,qui
1383 3968 1458 4031 ob
1489 3967 1770 4030 duritiam
1797 3969 1997 4030 cordis
2015 3986 2122 4050 par

465 4057 612 4120 illud
635 4057 944 4121 dissociari
978 4059 1372 4140 permittat.In
1402 4077 1518 4139 quo
1576 4057 1802 4139 Moyses
1831 4055 2115 4136 quiddam

467 4147 590 4209 Deo
622 4149 987 4212 contrarium
1020 4148 1240 4216 tulit.ei
1271 4147 1502 4210 scilicet
1530 4149 1812 4219 cautioni,
1847 4166 1964 4228 qua
1985 4147 2111 4209 dis-

461 4237 610 4300 solvi
639 4239 1014 4300 matrimonia
1034 4245 1319 4301 vetuerat.
1352 4237 1467 4302 Sed
1501 4237 1550 4298 si
1577 4237 1792 4318 Moysis
1822 4243 2108 4310 mentem,

461 4345 577 4407 qua
605 4325 678 4388 ad
705 4326 850 4388 illud
881 4323 1756 4390 decernendum559inductus
1787 4333 1896 4401 est,
1930 4342 2111 4388 accu-

461 4425 588 4477 rate
618 4415 1478 4492 consideremus,inveniemus
1494 4412 1894 4497 proculdubio
1925 4415 2112 4476 nonid

439 4523 592 4566 .eum
623 4515 834 4588 sponte
863 4525 992 4582 sua,
1027 4507 1130 4568 sed
1175 4507 1532 4570 necessitate
1561 4502 1775 4565 fecisse
1807 4519 1822 4566 :
1857 4522 1973 4584 quo
2005 4521 2110 4566 eo-

455 4595 839 4676 rum,quibus
861 4595 1302 4676 praescribebat,
1328 4591 1719 4658 imbecillitati
1747 4593 2110 4654 consuleret.

455 4683 571 4756 Qui
587 4703 718 4746 cum
737 4683 1005 4747 divinum
1028 4685 1172 4748 illud
1198 4685 1506 4748 decretum
1533 4682 1608 4744 de
1623 4681 1954 4744 retinendis
1975 4701 2114 4744 uxo-

454 4773 623 4854 ribus
653 4773 774 4836 suis
803 4771 1120 4835 obscrvare
1149 4792 1270 4835 non
1301 4785 1568 4854 possent,
1603 4793 1675 4838 ac
1703 4771 1956 4833 moleste
1975 4773 2114 4852 qui-

458 4853 592 4924 datu
636 4881 838 4924 earum
890 4861 1186 4925 consortia
1234 4853 1618 4944 sustinerent,
1671 4859 2004 4943 periculum
2052 4869 2115 4924 ut

457 4959 638 5023 esset,
691 4968 768 5012 ne
808 4968 880 5012 ea
910 4969 975 5012 se
1007 4951 1327 5015 occasione
1373 4952 1743 5032 gravioribus
1784 4949 2114 5013 sceleribus

455 5037 916 5119 obstringerent,
948 5039 1165 5122 quibus
1196 5053 1522 5104 extremam
1545 5041 1607 5104 in
1632 5039 1960 5122 perniciem
1979 5058 2113 5102 rue-

451 5137 608 5212 rent;
643 5137 706 5191 ut
735 5129 1316 5193 hocincommodum
1351 5131 1641 5197 devitaret
1668 5133 1922 5212 Moyses,
1949 5132 2107 5213 quod

451 5217 523 5279 ad
552 5219 787 5282 illorum
815 5219 1123 5282 interitum
1153 5220 1484 5303 spectabat,
1517 5222 1847 5286 secundam
1891 5239 2106 5304 quam-

451 5306 585 5370 dam
607 5309 842 5392 repudii
873 5310 1065 5390 legem
1096 5311 1329 5393 privata
1375 5313 1728 5376 auctoritate
1775 5311 2106 5386 constituit,

454 5397 769 5482 minusque
809 5418 880 5463 ex
927 5419 998 5464 ea
1045 5401 1359 5466 occasione
1414 5405 1634 5466 malum
1691 5420 1826 5464 cum
1877 5402 2107 5482 majore

2207 3429 2435 3498 Μωϋσῆς
2502 3431 2634 3510 πρὸς
2721 3429 2822 3498 τὴν
2887 3423 3304 3506 σκληροκαρδίαν
3374 3425 3525 3500 ἀμῶν
3601 3421 3858 3502 ἐπέτρεψε

2203 3519 2264 3576 τὸ
2317 3516 2564 3576 ἄπολύειν
2621 3519 2720 3586 τὴν
2779 3529 3008 3597 γυναῖκα
3065 3518 3243 3576 αὐτοῦ.
3317 3511 3442 3571 Ἀπ’
3526 3512 3704 3592 ἀρχῆς
3757 3512 3858 3590 γὰρ

2205 3611 2264 3666 οὒ
2305 3607 2523 3687 γέγονεν
2579 3606 2741 3670 οὕτω,
2813 3608 2941 3671 Θεὸς
3011 3605 3136 3685 γὰρ,
3213 3604 3364 3685 φησὶ,
3409 3601 3672 3674 συνέζευξε
3725 3601 3858 3657 ταύ-

2202 3717 2301 3763 την
2358 3697 2458 3764 τὴν
2531 3695 2796 3774 συζυγίαν.
2873 3695 2994 3775 Καὶ,
3070 3687 3149 3752 u0
3206 3689 3500 3764 συνέζευξεν
3557 3694 3586 3748 6
3643 3690 3854 3770 Κύριος,

2201 3783 2474 3866 ἅνθρωπος
2519 3785 2598 3862 μὴ
2656 3783 2964 3866 χῶριζέτω,
3024 3782 3148 3866 ἔφη.
3211 3780 3466 3842 Ἐνταῦθα
3533 3779 3708 3861 ἕτερον
3759 3779 3858 3856 μὲν

2201 3874 2294 3932 τοῦ
2353 3875 2485 3933 Θεοῦ
2536 3873 2760 3933 δείκνυσι
2809 3873 2996 3950 νόμον,
3055 3876 3148 3931 τὸν
3204 3870 3480 3930 κωλύοντα
3533 3870 3854 3951 χωρίζεσθαι

2201 3979 2428 4044 γυναῖκα
2486 3965 2592 4023 ἀπὸ
2647 3971 2742 4022 τοῦ
2793 3961 2978 4043 ἀνδρὸς
3035 3962 3224 4040 αὑτῆς,
3283 3961 3464 4042 ἕτερον
3532 3959 3587 4017 δέ
3629 3981 3720 4017 τον
3763 3968 3857 4019 τοῦ

2201 4055 2492 4128 Μωυσέως,
2546 4057 2638 4112 τὸν
2707 4051 2794 4110 διὰ
2850 4054 2950 4122 τὴν
3020 4048 3437 4133 σκληροκαρδίαν
3507 4049 3856 4130 ἐπιτρέποντα

2197 4146 2513 4225 χωρίζεσθαι
2553 4144 2708 4202 sco-31:0
2750 4146 2812 4202 τὸ
2854 4151 3060 4224 ζεῦγος.
3111 4145 3208 4202 Καὶ
3246 4141 3312 4212 δὴ
3343 4143 3479 4201 κατὰ
3507 4149 3660 4200 τοῦτο
3691 4142 3850 4200 ἐναν-

2196 4236 2280 4292 τία
2322 4241 2400 4310 τῷ
2430 4241 2546 4310 Θεῷ
2601 4237 2880 4311 νομοθετεῖ
2935 4237 2964 4291 6
3007 4235 3238 4301 Μωϋσῆς
3272 4249 3288 4266 ⁶
3335 4233 3566 4290 ἐναντίον
3591 4233 3700 4313 γὰρ
3743 4232 3853 4291 ἐστι

2195 4329 2273 4398 τῷ
2315 4326 2393 4400 μὴ
2437 4321 2817 4403 διαζευγνύναι.
2865 4320 2990 4381 Ἐὰν
3034 4322 3214 4398 μέντοι
3256 4323 3344 4379 καὶ
3385 4323 3485 4390 τὴν
3553 4331 3646 4383 τοῦ
3688 4330 3854 4380 Μωυ-

2195 4414 2330 4478 σέως
2361 4413 2607 4494 γνώμην,
2667 4409 2783 4469 καθ’
2825 4411 2891 4480 ἢν
2941 4419 3097 4470 τοῦτο
3149 4410 3554 4488 ἐνομοθέτησεν,
3587 4411 3852 4478 ἐξετάσω-

2197 4522 2317 4582 μεν,
2363 4503 2697 4582 εὑρεθήσεται
2753 4507 2910 4560 τοῦτο
2967 4501 3026 4558 οὗ
3097 4501 3576 4584 κατὰπροαίρεσιν
3619 4504 3854 4574 ποιήσας

2196 4591 2294 4659 τὴν
2339 4589 2548 4668 ἐαυτοῦ,
2604 4589 2743 4648 ἀλλὰ
2795 4590 2933 4650 κατά
2981 4589 3250 4670 ἀνάγκην,
3299 4588 3384 4650 διὰ
3411 4592 3511 4659 τὴν
3551 4597 3658 4650 τῶν
3699 4614 3854 4651 νενο-

2199 4679 2574 4757 μοθετημένων
2628 4681 2924 4744 ἀσθένειαν.
2981 4676 3130 4739 Ἐπεὶ
3213 4681 3314 4760 γὰρ
3383 4681 3483 4750 τὴν
3558 4688 3648 4740 τοῦ
3721 4690 3854 4741 Θεοῦ

2195 4771 2418 4849 γνώμην
2481 4769 2759 4852 φυλάττειν
2816 4774 2912 4831 οὐκ
2952 4767 3210 4838 ἡδύναιτο
3278 4772 3446 4849 οὗτοι,
3504 4769 3558 4830 ἐν
3628 4777 3706 4848 τῷ
3775 4774 3855 4850 μὴ

2196 4858 2392 4927 ἐξεῖναι
2435 4863 2618 4924 αὐτοῖς
2661 4857 2933 4918 ἐκϐάλλειν
2975 4861 3071 4925 τὰς
3130 4873 3388 4940 γυναῖκας
3446 4860 3642 4943 αὐτῶν,
3698 4860 3852 4920 αἵτι-

2197 4972 2280 5016 νες
2323 4947 2380 4993 ⁸9
2435 4953 2606 5008 αὖτῶν
2673 4948 2854 5018 ἀηδῶς
2913 4951 3202 5026 συνῴκουν,
3268 4951 3358 5008 καὶ
3409 4947 3732 5010 ἐκινδύνευον
3789 4952 3852 5010 ἐκ

2192 5041 2379 5098 τούτου
2419 5039 2760 5120 ἐκτρέπεσθαι
2818 5037 2981 5097 πλέον
3041 5041 3113 5105 εἱς
3167 5036 3394 5115 ἀδικίαν,
3449 5041 3536 5098 καὶ
3563 5043 3625 5098 ἐκ
3652 5043 3850 5110 ταύτης

2194 5133 2268 5197 εἷς
2325 5128 2598 5188 ἀπώλειαν
2628 5149 2644 5167 ·
2703 5131 2766 5188 τὸ
2822 5127 2982 5198 ἀηδὲς
3038 5136 3192 5188 τοῦτο
3244 5127 3564 5207 βουλόμενος
3621 5130 3848 5209 ἐκκόψαι

2192 5225 2365 5281 αὐτῶν
2407 5222 2436 5278 6
2479 5225 2736 5296 Μωϋσῆς,
2766 5217 2836 5276 δι’
2879 5219 2940 5278 οὗ
2983 5219 3073 5276 καὶ
3117 5217 3442 5277 ἀπόλλυσθαι
3498 5219 3843 5296 ἐκινδύνευον,

2190 5308 2430 5390 δεὺτερόν
2471 5331 2613 5387 τινα,
2653 5311 2728 5374 ὡς
2777 5310 2915 5368 κατὰ
2959 5309 3264 5390 περίστασιν
3317 5309 3484 5380 ἧτταν
3539 5311 3705 5369 κακὸν
3732 5311 3848 5368 ἀντὶ

2190 5401 2428 5476 μείζονος
2512 5398 3156 5476 ἀντικαταλλασσόμενος,
3225 5399 3318 5456 τὸν
3373 5405 3466 5456 τοῦ
3522 5399 3848 5460 ἀποστασίου

447 5490 852 5570 commutavit;
887 5492 1032 5554 utsi
1065 5495 1264 5556 minus
1319 5493 1583 5576 priorem
1641 5491 1807 5555 illam
1865 5509 2105 5556 servare

2204 5489 2348 5568 νόμον
2418 5486 2510 5570 ἀφ’
2563 5489 2750 5549 ἑαυτοῦ
2825 5488 3206 5569 ἐνομοθετησεν
3283 5490 3468 5557 αὐτοῖς
3499 5505 3520 5528 ο
3577 5488 3695 5566 ἵνα,
3755 5491 3846 5546 ἐὰν

527 5683 592 5735 45
618 5681 801 5749 Deest
828 5685 1096 5765 γνώσεως.
1157 5690 1212 5736 ⁸6
1253 5689 1320 5756 F.
1377 5693 1437 5749 οὔ
1466 5693 1598 5749 καθὰ
1640 5691 1820 5755 αὒτὸς.
1875 5686 1930 5733 ⁸⁷
1959 5688 2108 5754 Cod.

2204 5706 2291 5769 eg.
2323 5695 2554 5770 πρῶτον.
2611 5685 2666 5732 ⁸⁸
2693 5689 2903 5754 Matth.
2935 5707 3062 5761 xxx,
3095 5687 3134 5752 6
3164 5705 3330 5770 seqq.
3386 5685 3444 5730 ‘9
3471 5689 3536 5752 F.
3566 5691 3656 5754 αῖς
3677 5708 3840 5754 τινες.
