4148 6416
356 311 381 372 1
396 310 514 375 289
1603 318 1988 383 FRAGMEN'.

2072 372 2073 377 η
2121 318 2494 383 GNOSTICA
2510 369 2523 383 .
3551 390 3563 399 _
3603 317 3759 385 i290

351 450 459 501 τῶν
511 444 860 526 διαφερόντων
929 451 1435 527 νενομοθετημένον.
1527 455 1587 509 Αἰ
1645 455 1745 532 γὰρ
1799 454 1988 513 εἰκόνες

2086 445 2317 507 Etenim
2351 446 2579 525 efﬁgies
2608 465 2676 508 ac
2734 446 2901 526 signa
2955 446 3088 508 aliis
3141 447 3324 510 rebus
3372 446 3754 510 declarandis

350 534 440 590 καὶ
494 536 562 591 τὰ
603 534 844 612 σύμϐολα
886 541 1256 617 παραστατικα
1313 539 1438 597 ὄντα
1511 540 1702 617 ἑτέρων
1751 542 1988 621 πραγμά-

2091 534 2354 597 ιιτιιιίὺίιιι
2372 534 3176 616 tantisperOppurtunitatem
3192 535 3755 617 habuerunt,quoad

350 643 480 698 των,
508 622 685 690 καλῶς
708 626 965 706 ἒγίνοντο,
1000 626 1164 708 μέχρι
1197 628 1275 699 μὴ
1306 635 1482 708 παρῆν
1511 633 1545 699 ἡ
1580 630 1821 701 ἀλήθεια.
1859 636 1988 709 Παρ-

2093 623 2356 684 nondum
2374 623 2581 684 veritas
2600 622 3061 696 aii::lserat.Qua
3077 624 3594 698 succedente,non
3622 643 3755 706 qua:

350 711 514 778 οόσης
574 710 630 769 δὲ
686 719 786 780 τῆς
829 713 1104 790 ἀληθείας,
1164 718 1230 773 τὰ
1259 718 1355 785 τῆς
1399 719 1647 786 ἀληθείας
1689 717 1772 776 δεῖ
1800 720 1982 776 ποιεῖν

2089 709 2467 790 imagini,sed
2486 731 2618 793 qua}
2633 712 2863 775 veritati
2884 722 3213 792 congruunt
3231 715 3427 775 facere
3452 714 3751 775 convenit.

349 801 414 855 οὔ
455 801 520 856 τὰ
578 804 678 869 τῆς
720 804 944 869 εἰκόνος,
993 813 1167 863 Ταῦτα
1224 805 1276 862 δὲ
1327 810 1412 864 καὶ
1461 810 1507 864 οἱ
1552 810 1784 884 μαθηταὶ
1827 807 1988 879 αὐτοῦ

2088 802 2217 859 δίει
2252 800 2436 883 quue
2458 806 2646 882 ipsum
2668 821 2803 864 cuiu
2827 802 3044 883 reliqui
3068 821 3279 864 omnes
3303 801 3605 883 discipuli,
3630 812 3754 864 tum

348 889 439 945 καὶ
482 891 510 945 6
553 891 848 957 ἀπόστολος
920 893 1077 961 ἔδειξε
1136 894 1367 970 Παῦλος,
1410 899 1472 953 τὸ
1502 898 1601 973 μὲν
1630 903 1736 953 τῶν
1765 898 1980 953 εἰκόνων

2089 891 2394 967 apostolus
2420 891 2637 953 Paulus
2660 893 2941 953 ostendit.
2980 890 3091 964 Qui
3131 893 3442 971 figuratum
3464 892 3608 955 illud
3646 912 3755 972 ge-

349 978 424 1039 d);
482 976 583 1046 ἤδη
640 983 889 1062 ε’ἰπομεν,
950 982 1036 1039 διὰ
1074 991 1170 1040 τοῦ
1230 985 1424 1065 Πάσχα
1465 989 1551 1043 καὶ
1603 988 1709 1044 τῶν
1763 984 1988 1061 ’Λζύμωπ

2087 997 2196 1039 nus
2222 988 2462 1060 propter
2486 989 2688 1054 nos,ut
2707 981 2987 1054 diximus,
3024 980 3085 1042 in
3110 980 3397 1043 Paschate
3418 981 3756 1062 azymisque

350 1062 517 1131 δείξας
575 1065 641 1123 δι’
703 1068 875 1143 ἡμᾶς’
918 1073 979 1128 τὸ
1021 1070 1076 1127 δὲ
1121 1072 1216 1129 τοῦ
1245 1062 1720 1153 συμπεπλεγμένου
1748 1073 1912 1150 νόμου

2086 1067 2473 1133 demonstrat.
2498 1072 2584 1133 De
2613 1070 2801 1131 altero
2838 1089 2978 1131 vero
3002 1070 3161 1151 quod
3187 1070 3553 1150 implicatum
3588 1070 3754 1151 inju-

349 1153 544 1230 ἀδικίᾳ,
618 1159 779 1215 εἰπὼν
842 1162 935 1216 τὸν
987 1183 1147 1237 νομον
1204 1168 1311 1218 τῶν
1382 1163 1609 1221 ἐντολῶν
1667 1165 1722 1220 ἐν
1775 1163 1988 1242 δόγμασι

2085 1156 2243 1218 stitia
2270 1168 2380 1237 est,
2418 1158 2705 1239 loquitur,
2739 1178 2872 1220 cum
2901 1162 3083 1239 legem
3128 1160 3559 1223 mandatorum
3582 1160 3663 1221 ait
3690 1163 3756 1222 in

349 1249 741 1335 καηργῆσθαιο
816 1251 879 1305 τὸ
950 1246 1006 1305 δὲ
1075 1258 1169 1308 τοῦ
1232 1251 1580 1327 ἀσδμπλόκου
1636 1258 1713 1328 τῷ
1773 1256 1988 1335 χεῖρονι⁵

2080 1246 2462 1335 dogmatibus
2488 1249 2853 1329 abrogatum
2879 1246 2965 1312 ϐι.
2988 1248 3073 1310 De
3101 1247 3273 1310 tertio
3298 1248 3558 1330 denique
3590 1249 3748 1329 quod

351 1323 411 1390 Ὀ
481 1335 578 1408 μὶν
635 1338 823 1417 νόμος,
888 1340 1073 1416 εἰπὼν,
1131 1340 1306 1419 ἅγιος.
1366 1344 1453 1399 καὶ
1509 1345 1543 1411 ἦ
1603 1342 1790 1413 ἐντολῆ
1852 1344 1988 1421 ἀγέαι

2080 1334 2399 1397 deterioris
2430 1346 2520 1398 est
2551 1323 2798 1417 expers:
2850 1338 2996 1413 Lex,
3049 1337 3266 1418 inquit,
3304 1323 3517 1401 sancta
3557 1323 3666 1412 est,
3695 1347 3751 1400 ct

347 1423 447 1507 xxi
488 1421 686 1499 δικαία,
732 1429 821 1484 καὶ
864 1427 1060 1507 ἀγαθή.
1401 1457 1407 1464 ·

2080 1425 2432 1488 mandatum
2462 1435 2768 1501 sanctum,
2802 1435 2857 1489 δι
2901 1429 3143 1505 justum
3178 1433 3237 1489 et
3269 1426 3489 1490 bonum
3511 1428 3596 1490 65.

434 1503 525 1579 ἐὶς
579 1515 677 1589 μὲν
749 1518 837 1574 οὖν
895 1520 1169 1596 συντόμως
1240 1520 1380 1578 ἔστιν
1410 1523 1581 1579 εἰπεῖν
1612 1522 1883 1602 αὖτάρκως
1914 1526 1988 1580 οἵ·

2122 1601 2127 1602 γ
2162 1512 2561 1585 Quamobrem
2595 1516 2740 1577 satis
2769 1503 3068 1597 superque
3103 1515 3232 1596 tibi,
3289 1526 3571 1597 quantum
3606 1516 3751 1580 bre-

348 1601 444 1677 μαι
484 1624 574 1660 σοι
626 1602 922 1688 δεδεῖχθαι,
980 1612 1068 1667 καὶ
1125 1611 1224 1678 τὴν
1280 1609 1333 1677 ἒξ
1377 1612 1662 1691 ἀνθρώπων
1712 1601 1988 1692 παρεισδύ-

2081 1601 2230 1664 viter
2259 1604 2687 1683 comprehendi
2725 1614 2943 1687 potest,
2975 1605 3303 1667 declaratus
3330 1625 3432 1669 eas
3458 1606 3621 1687 leges
3643 1626 3751 1670 ar-

348 1713 514 1747 σασαν
585 1695 916 1771 νομοθεσίαν,
992 1699 1079 1755 καὶ
1137 1701 1291 1756 αὐτὸν
1346 1702 1434 1757 τὸν
1490 1708 1582 1758 τοῦ
1652 1710 1782 1759 Θεοῦ
1835 1701 1988 1778 νόμοι

2081 1690 2289 1767 bitror,
2325 1713 2457 1774 qua;
2487 1713 2553 1755 ex
2581 1695 2937 1756 auctoritate
2988 1693 3295 1756 hominum
3328 1694 3746 1776 irrepserunt;

345 1781 511 1860 τριχῆ
567 1780 951 1862 διαιρούμενον.
1017 1787 1381 1867 Περιλεέπεται
1452 1790 1507 1846 δὲ
1576 1792 1711 1866 ἡμ“ν
1770 1793 1821 1847 τί
1869 1792 1988 1847 ποτὲ

2082 1779 2391 1860 ipsamque
2440 1781 2547 1844 Dei
2603 1782 2796 1861 legem
2828 1782 3115 1845 trifariam
3141 1802 3275 1844 esse
3306 1783 3589 1845 divisam.
3625 1783 3741 1848 Su-

344 1872 488 1926 ὲστιν
545 1871 697 1937 οὗτος
755 1875 783 1930 6
855 1877 985 1940 Θεὸς
1030 1879 1058 1933 ὁ
1087 1880 1178 1935 τὸν
1208 1879 1369 1954 νόμον
1400 1878 1637 1954 θέμενος.
1686 1877 1857 1937 Ἀλλὰ
1910 1881 1988 1937 κπιῖ

2083 1878 2284 1944 perest
2315 1878 2376 1931 ut
2407 1872 2540 1951 quis
2573 1873 2671 1933 ille
2701 1872 2777 1934 sit
2822 1874 2979 1935 Deus
3014 1870 3158 1950 legis
3188 1880 3395 1933 auctor
3425 1872 3743 1935 dicendum

343 1961 498 2016 τοῦτο
560 1962 794 2037 ἡγοῦμαί
848 1986 929 2021 σοι
1000 1964 1271 2047 δεδετχθαι
1301 1967 1385 2025 ἐπὶ
1427 1972 1533 2025 τοῦν
1576 1969 1988 2049 προειρημένων1

2084 1957 2368 2049 videatur.
2424 1961 2600 2043 Atqui
2646 1962 2804 2023 istud
2840 1961 3017 2023 etiam
3054 1981 3123 2023 ex
3156 1961 3252 2035 iis,
3298 1981 3429 2043 quae
3459 1963 3745 2025 hactenus

344 2049 390 2104 εἰ
472 2049 744 2125 ὲπιμελώς
803 2052 1065 2124 ἀκήκοας.
1126 2045 1183 2113 El
1251 2058 1351 2136 γὰρ
1408 2062 1546 2133 μήτε
1602 2045 1691 2115 ὕπ’
1720 2045 1878 2119 αὖτυῦ
1908 2045 1988 2116 τοῦ

2083 2045 2378 2127 disputata
2411 2059 2569 2119 sunt,
2604 2051 2653 2111 si
2685 2059 2908 2112 attente
2963 2050 3250 2126 audieris,
3313 2060 3455 2132 puto
3491 2051 3597 2114 tibi
3630 2054 3742 2115 de-

343 2137 550 2195 τελείου
623 2147 753 2198 Θεοῦ
793 2142 1016 2200 τέθειται
1046 2144 1193 2204 οὗτος
1237 2147 1309 2213 ὡς
1337 2146 1663 2227 ἐδιδάξαμεν,
1699 2149 1835 2221 μήτε
1890 2148 1988 2222 inii

2083 2146 2496 2205 monstratum.
2536 2139 2681 2202 Nam
2722 2141 2772 2202 si
2797 2160 2991 2220 neque
3015 2159 3049 2201 a
3073 2140 3460 2222 perfecto'illo
3488 2143 3607 2204 Deo
3631 2162 3742 2223 po-

340 2228 444 2284 ὑπὸ
500 2228 593 2285 τ·ιῦ
647 2227 915 2314 διαϐόλου,
952 2232 986 2290 ὅ
1023 2234 1160 2311 μηδὲ
1211 2239 1427 2312 θεμιτὸν
1467 2237 1608 2293 ἐστιν
1650 2225 1843 2295 εἰπεῖν·
1878 2236 1988 2293 ἕτε-

2084 2225 2196 2287 sita
2229 2227 2321 2290 lex
2351 2237 2463 2306 est,
2493 2229 2578 2291 uti
2610 2231 2962 2311 docuimus;
3018 2249 3213 2311 neque
3243 2248 3381 2292 vero
3412 2249 3445 2292 a
3473 2230 3743 2307 diabolo,

342 2316 433 2393 ρός
463 2317 540 2382 τίς
574 2317 684 2376 ἐστι
728 2323 870 2401 παρὰ
899 2324 1114 2388 τούτους
1158 2326 1308 2392 οὗτος
1362 2329 1389 2383 6
1431 2326 1646 2401 θέμενος
1674 2328 1767 2384 τὸν
1810 2327 1988 2402 νόμον.

2083 2318 2237 2395 quo.l
2265 2316 2425 2381 dictu
2453 2321 2629 2381 etiam
2678 2320 2841 2381 nefas
2874 2329 3005 2384 est:
3059 2321 3211 2382 alius
3240 2320 3318 2382 sit
3348 2329 3605 2401 oportet,
3643 2321 3747 2403 qui

342 2408 509 2471 Οὗτος
578 2406 633 2465 δὲ
690 2408 1011 2492 δημιουργὸς
1072 2417 1161 2472 καὶ
1204 2417 1433 2485 ποιητὴς
1466 2414 1612 2474 τοῦδε
1655 2423 1746 2473 τοῦ
1803 2417 1988 2482 παντός

2081 2423 2213 2465 eam
2264 2406 2455 2485 legem
2513 2408 2851 2473 stabilient.
2912 2408 3023 2471 Hic
3080 2408 3383 2488 estigitur
3417 2409 3592 2471 totius
3641 2410 3746 2475 ille

339 2496 452 2552 ἐστι
522 2497 749 2574 κόσμου,
829 2503 1051 2559 καὶτῶν
1081 2504 1136 2560 ὲν
1207 2505 1372 2585 αῦτῷ,
1410 2505 1584 2583 ἕτερος
1626 2503 1701 2562 ὤν
1732 2510 1873 2584 παρὰ
1900 2506 1988 2569 τὰς

2083 2494 2309 2568 mundi,
2344 2513 2670 2579 eorumque
2704 2517 2834 2579 quae
2867 2500 2923 2560 in
2975 2517 3045 2559 eo
3090 2500 3496 2573 continentur,
3531 2500 3742 2562 artifex

336 2586 541 2642 τούτων
612 2590 813 2669 οῦσίας,
862 2590 1022 2667 μέσος
1064 2591 1263 2650 τούτων
1307 2597 1595 2667 καθεστὼς,
1643 2593 1878 2659 ἐνδίκως⁹
1908 2598 1988 2651 κπῑῖ

2080 2590 2139 2642 et
2178 2585 2473 2667 conditor,
2507 2587 2581 2647 ab
2614 2587 2849 2648 illorum
2880 2594 3088 2648 natura
3124 2586 3411 2662 diversus,
3449 2594 3508 2648 et
3538 2586 3598 2648 in
3632 2607 3742 2650 eo—

337 2674 402 2730 τὸ
429 2678 529 2742 τῆς
575 2677 873 2744 μεσότητος
904 2679 1070 2756 ὄνομα
1114 2682 1430 2763 ἀποφέροιτο
1473 2682 1557 2744 ἂν.
1612 2686 1710 2742 Καὶ
1768 2686 1811 2740 εἰ
1840 2686 1868 2740 6
1897 2683 1988 2741 τὲ-

2076 2689 2207 2732 rum
2234 2674 2428 2735 medio
2446 2694 2552 2736 suo
2567 2676 2705 2755 jure
2725 2676 3110 2738 collocandus
3140 2696 3156 2751 ;
3182 2694 3296 2756 qua
3318 2693 3388 2738 ex
3422 2676 3741 2741 medietate

338 2762 485 2829 λειος
516 2767 647 2829 Θεὸς
679 2767 874 2846 ἀγαθός
915 2772 1028 2827 ἔστι
1058 2774 1196 2829 κατὰ
1224 2761 1323 2839 τὴν
1353 2774 1537 2830 ἑαυτοῦ
1579 2774 1751 2853 φῦσιν,
1812 2774 1988 2852 ὥσπερ

2078 2761 2195 2841 peti
2229 2762 2357 2841 ejus
2389 2763 2705 2844 appellatio
2741 2775 2954 2845 potest.
3006 2764 3174 2838 Quod
3207 2765 3257 2825 si
3309 2765 3606 2845 perfectus
3638 2766 3741 2828 ille

337 2856 428 2910 καὶ
495 2854 638 2911 ἔστιν
695 2854 811 2936 (ἕνα
883 2860 984 2937 γὰρ
1040 2861 1202 2935 μόνον
1246 2863 1388 2919 εἶναι
1452 2862 1646 2941 ἀγαθὸν
1690 2864 1844 2938 Θεὸν,
1902 2864 1988 2918 τὸν

2080 2854 2233 2912 Deus
2264 2859 2473 2941 natura
2502 2872 2609 2916 sua
2659 2853 2848 2915 bonus
2908 2862 3023 2929 est,
3053 2862 3118 2915 ut
3147 2863 3236 2916 est
3258 2872 3470 2916 revera
3525 2856 3740 2933 (unum

339 2943 526 3000 ἑαυτοῦ
569 2943 799 3022 Πατέρα,
833 2948 861 3003 6
892 2950 1084 3028 Σωτὴρ
1139 2952 1293 3024 ἡμῶν
1336 2939 1668 3030 ἀπεφήνατο,
1718 2951 1775 3008 ἄν
1834 2953 1988 3013 cit-31:0:

2076 2942 2241 3001 enim
2264 2939 2480 3004 bonum
2497 2961 2622 3005 esse
2646 2942 2956 3007 Deumac
2967 2943 3295 3009 Pm'cntem
3317 2960 3497 3005 suum
3516 2942 3745 3024 60,8al-

337 3031 716 3113 ἐφανέρωσεν)’
777 3034 888 3092 ἔστι
958 3036 1011 3094 δὲ
1070 3039 1159 3095 καὶ
1227 3042 1255 3096 6
1325 3045 1421 3107 τῆς
1477 3047 1568 3097 τοῦ
1632 3040 1988 3116 ἀντικειμένου

2079 3037 2245 3090 vatur
2264 3031 2542 3107 asseruit,
2576 3051 2753 3113 quem
2787 3044 2845 3095 et
2893 3032 3236 3095 hominibus
3269 3034 3573 3115 patefecit)
3603 3051 3619 3109 ;
3654 3042 3745 3097 est

338 3121 541 3201 φύσεως
592 3123 758 3189 κακός
820 3146 879 3181 τε
934 3128 1024 3183 καὶ
1079 3129 1337 3209 πονηρὸς,
1382 3130 1439 3185 ἒν
1498 3127 1671 3203 ἀδικίᾳ
1705 3152 1992 3210 χαρακτη-

340 3210 631 3286 ριζόμενος³
678 3214 880 3270 τοὺτων
938 3213 994 3271 δὲ
1051 3216 1141 3274 οὖν
1171 3218 1333 3290 μέσον
1384 3220 1678 3294 καθεστὼς,
1710 3222 1799 3277 καὶ
1854 3220 1991 3295 μήτε

345 3300 530 3375 ἀγαθὸς
589 3299 686 3376 ὤν,
733 3304 871 3378 μήτε
926 3305 1027 3380 μὲν
1081 3308 1272 3379 κακὸς,
1320 3308 1460 3384 μήτε
1511 3306 1713 3384 ἄδικος,
1746 3306 1887 3375 ἰδίως
1936 3331 1992 3366 τε

341 3385 554 3465 λεχθείη
599 3389 662 3445 ἄν
709 3388 932 3473 δίκαιος,
989 3394 1088 3462 τῆς
1170 3394 1294 3453 κατ’
1356 3399 1513 3454 αὐτὸν
1554 3396 1887 3465 δικαιοσύνης
1917 3398 1992 3456 ὤν

334 3477 651 3557 βραϐευτὴς.
699 3483 797 3539 Καὶ
829 3480 974 3539 ἔσται
1040 3484 1139 3558 μὲν
1194 3484 1598 3562 καταδεέστερος
1647 3494 1739 3544 τοῦ
1789 3485 1991 3543 τελείου

336 3573 490 3645 Θεοῦ,
542 3569 632 3625 καὶ
695 3571 793 3637 τῆς
848 3570 1047 3632 ἐκείνου
1104 3570 1437 3642 δικαίοσύνης
1479 3573 1713 3631 ἐλάττων
1754 3578 1905 3639 οὗτος
1963 3577 1990 3631 6

335 3657 490 3738 Θεὸς,
522 3656 616 3714 ὅτε
672 3656 737 3729 δή
781 3661 869 3718 καὶ
913 3662 1169 3740 γεννητὸς
1225 3662 1321 3736 ὢν,
1368 3664 1457 3720 καὶ
1524 3665 1617 3721 οὐκ
1675 3664 1980 3743 ἀγέννητὸς.

333 3745 437 3809 Εἷς
502 3748 604 3827 γὰρ
661 3746 801 3805 ἔστιν
844 3749 1134 3829 ἀγέννητος
1187 3755 1216 3809 6
1271 3753 1475 3832 Πατὴρ,
1535 3751 1587 3819 ἐξ
1635 3753 1697 3810 οὗ
1723 3755 1790 3813 τὰ
1817 3754 1989 3811 πάντα

330 3832 498 3910 ἰδίως,
543 3843 651 3895 τῶν
694 3838 909 3896 πάντων
963 3840 1279 3920 ἠρτημένων
1312 3842 1406 3899 ἀπ’
1458 3844 1638 3902 αὐτοῦ.
1684 3844 1887 3914 Μείζων
1934 3842 1989 3899 δὲ

331 3926 420 3981 καὶ
458 3927 781 4007 κυριώτερος
825 3935 918 3985 τοῦ
977 3929 1341 4007 ἆντικει;;ένου
1398 3933 1704 4010 γενήσεται,
1738 3933 1827 3987 καὶ
1870 3931 1986 3987 ἑτέ-

332 4036 428 4089 ρας
484 4015 662 4080 οὐσίας
717 4038 775 4072 τε
816 4018 906 4076 καὶ
947 4020 1153 4100 φύσεως
1204 4021 1453 4101 πεφυκὼς
1484 4022 1626 4100 παρὰ
1667 4020 1764 4089 τὴν
1807 4021 1989 4078 ἑκατέ-

333 4125 438 4182 ρων
501 4105 697 4162 τούτων
727 4106 928 4171 οὒσίαν,
988 4115 1092 4166 Τοῦ
1147 4109 1246 4185 μὲν
1303 4110 1404 4189 γὰρ
1432 4108 1798 4185 ἀντικειμένου
1853 4109 1991 4166 ἐστὶν

331 4194 367 4262 ἡ
410 4192 560 4250 οὗσία
628 4195 792 4276 φθορά
846 4218 905 4253 τε
948 4198 1035 4253 καὶ
1084 4199 1295 4272 σκότος,
1341 4198 1523 4261 ὑλικὸς
1566 4199 1666 4277 γὰρ
1711 4200 1861 4263 οὗτος
1902 4199 1990 4255 καὶ

2076 3125 2270 3179 autem
2305 3126 2365 3181 et
2421 3122 2723 3183 contraria
2777 3130 2986 3183 natura
3018 3122 3323 3202 przeditus,
3356 3122 3547 3185 malus
3576 3122 3739 3186 vide-

2077 3205 2218 3268 licet
2247 3226 2314 3270 ac
2347 3226 2584 3289 pravus,
2644 3210 2743 3291 qui
2796 3210 3085 3290 injustitia
3132 3210 3290 3272 velut
3322 3215 3562 3292 propria
3597 3221 3737 3274 nota

2075 3294 2627 3381 circumscribitur;
2656 3299 2756 3379 qui
2790 3299 2947 3361 inter
2976 3299 3185 3362 ambos
3228 3300 3361 3361 illos
3384 3300 3739 3380 interjectus

2076 3392 2186 3466 est,
2223 3394 2285 3446 ut
2318 3404 2513 3467 neque
2540 3387 2759 3463 bonus,
2794 3406 2989 3469 neque
3015 3389 3205 3450 malus
3222 3388 3299 3450 sit
3329 3400 3427 3450 aut
3456 3389 3736 3469 injustus,

2078 3474 2360 3553 peculiari
2392 3478 2647 3557 quadam
2697 3478 2929 3540 ratione
2969 3479 3169 3558 justus
3199 3479 3486 3559 appellari
3519 3486 3735 3559 potest,

2075 3571 2365 3642 quatenus
2414 3566 2663 3645 justitiae
2722 3585 2898 3648 quam
2957 3566 3157 3643 habet,
3220 3568 3738 3630 administratione

2074 3653 2360 3733 fungitur.
2387 3657 2582 3737 Atque
2631 3666 2689 3719 et
2712 3662 2978 3737 perfecto
3012 3661 3134 3721 Deo
3161 3659 3379 3735 minor,
3408 3666 3465 3719 et
3488 3658 3739 3738 justitia)

2073 3743 2234 3806 illius
2264 3745 2456 3826 impar
2488 3747 2564 3807 sit
2595 3746 2755 3809 idem
2790 3746 2893 3808 ille
2922 3746 3082 3809 Deus
3108 3755 3364 3827 oportet,
3387 3757 3589 3828 utpote
3615 3766 3737 3811 non

2073 3833 2394 3912 ingenitus,
2429 3835 2533 3897 sed
2572 3835 2958 3914 generatione
2981 3836 3333 3917 productus.
3371 3837 3535 3899 Unus
3571 3841 3733 3898 enim

2073 3936 2162 3987 est
2192 3924 2492 4004 ingenitus
2528 3928 2719 3998 l’ater,
2754 3945 2936 4006 aquo
2968 3927 3212 4007 preprie
3262 3934 3403 3988 sunt
3431 3926 3731 4001 universa,

2070 4022 2204 4074 c‘um
2230 4013 2302 4075 ab
2330 4033 2399 4075 eo
2420 4014 2718 4093 pendeant
2739 4014 2963 4077 omnia.
3000 4014 3125 4076 Erit
3163 4024 3359 4076 tamen
3390 4014 3732 4077 adversario

2074 4102 2175 4163 illo
2199 4103 2385 4165 altero
2421 4104 2609 4183 major
2636 4122 2703 4165 ac
2741 4105 3142 4185 praestantior,
3177 4104 3412 4166 tametsi
3435 4105 3729 4167 diversam

2071 4192 2150 4253 sit
2180 4190 2255 4253 ab
2317 4199 2568 4273 utroque
2615 4202 2883 4254 naturam
2917 4193 3429 4275 substantiamque
3459 4193 3730 4255 sortitus.

330 4280 675 4364 πολυσχεδής
703 4283 788 4333 67·
843 4291 937 4343 τοῦ
992 4284 1047 4343 δὲ
1100 4288 1307 4365 Πατρὸς
1336 4292 1443 4343 τῶν
1470 4285 1609 4344 ὅλων
1633 4294 1727 4345 τοῦ
1756 4286 1984 4367 ἀγεννή-

2074 4282 2220 4343 Nam
2253 4280 2577 4343 adversarii
2610 4289 2820 4344 natura
2851 4282 3155 4364 corruptio
3188 4293 3279 4344 est
3310 4301 3380 4343 ac
3412 4281 3674 4344 tenebrae
3715 4303 3730 4346 :

329 4393 426 4429 του
480 4373 515 4441 ἡ
585 4373 734 4432 οὐσία
779 4375 919 4432 ἔστὶν
989 4375 1249 4457 ἀφθαρσία
1304 4396 1364 4433 τε
1433 4378 1523 4434 καὶ
1580 4381 1693 4457 φῶς
1723 4376 1876 4451 αῦτὸ,
1930 4374 1988 4432 ὄν

332 4458 535 4518 ἁπλοῦν
603 4483 662 4519 τε
708 4464 798 4521 καὶ
854 4456 1145 4540 μονοειδέςέ
1202 4456 1261 4525 ιΟ
1293 4456 1767 4523 6§1061wv706o€a
1810 4464 1989 4534 διττὴν

333 4550 434 4627 μὲν
491 4573 610 4609 τινα
639 4549 856 4631 δύναμιν
898 4556 1232 4636 προήγαγεν,
1278 4554 1434 4618 αὐτὸς
1464 4553 1520 4611 δὲ
1559 4561 1654 4613 τοῦ
1694 4555 1988 4636 κρείττονός

328 4643 478 4698 ἔστιν
531 4642 712 4702 εἰκών.
745 4641 893 4711 Μηδὲ
924 4666 984 4701 σε
1030 4653 1191 4719 τανῦν,
1241 4647 1399 4702 τοῦτο
1467 4642 1770 4724 θορυόείτω,
1801 4643 1989 4701 θέλου-

332 4752 432 4786 σαν
502 4733 719 4813 μαθεῖν,
752 4732 868 4796 πῶς
911 4732 1019 4791 ἀπὸ
1048 4740 1175 4810 μιᾶς
1206 4734 1385 4815 ἀρχῆς
1413 4734 1519 4792 τῶν
1549 4732 1693 4791 ὅλων
1723 4731 1883 4801 οὔσης
1932 4754 1990 4790 τε

331 4821 421 4877 καὶ
493 4818 926 4902 ὸμολογουμὲνης
969 4824 1133 4903 ἡμῖν,
1174 4825 1263 4881 καὶ
1304 4823 1754 4899 πεπιστευμένης,
1785 4830 1880 4880 τοῦ
1926 4821 1992 4873 68

331 4908 649 4987 ἀγεννάτον,
726 4912 815 4969 καὶ
882 4912 1165 4993 ἀφθάρτου,
1221 4914 1310 4970 καὶ
1369 4912 1599 4993 ἀγαθῆς,
1662 4913 1987 4979 συνέστησαν

331 4999 421 5055 καὶ
464 4999 616 5060 αὗται
671 5002 724 5057 αἱ
795 5000 998 5081 φύσεις,
1063 5000 1182 5069 Κτε
1211 5007 1310 5070 τῆς
1341 5004 1535 5081 φθορᾶς
1580 5003 1795 5069 καὶτῆς
1827 5002 1989 5078 μεσό-

2072 4388 2206 4431 cum
2242 4369 2484 4431 materia
2542 4370 2763 4452 quippe
2825 4381 3140 4434 concretus
3170 4379 3263 4434 est
3292 4390 3360 4433 ac
3391 4372 3730 4453 multiplex.

2072 4461 2148 4521 At
2176 4459 2443 4521 Parentis
2472 4460 2737 4522 omnium
2776 4461 3032 4541 ingeniti
3064 4469 3273 4522 natura
3320 4461 3728 4541 corruptionis

2074 4558 2164 4610 est
2196 4567 2427 4629 expers,
2457 4549 3091 4632 luxqueipsa,sitnplex
3114 4558 3171 4612 et
3200 4550 3566 4613 uniusmodi.
3600 4550 3730 4613 Ho-

2073 4655 2207 4699 rum
2229 4645 2439 4698 natura
2467 4638 2768 4719 duplicem
2801 4658 2946 4701 sane
2994 4641 3269 4702 virtutem
3322 4640 3576 4721 peperit.
3610 4638 3732 4704 Sed

2074 4724 2361 4789 Conditor
2391 4735 2589 4789 tamen
2621 4727 2750 4809 ipse
2783 4730 2974 4809 imago
3007 4731 3437 4811 praestantioris
3457 4743 3576 4795 ast.
3604 4729 3730 4791 Ne-

2071 4834 2188 4897 que
2218 4833 2357 4877 vero
2387 4834 2456 4877 ea
2515 4826 2571 4879 te
2624 4836 2723 4880 res
2774 4819 3105 4899 perturbet,
3171 4818 3329 4881 scire
3358 4818 3735 4899 cupientem,

2069 4905 2368 4987 quomodo
2388 4925 2521 4968 cum
2545 4926 2727 4969 unum
2762 4911 2857 4980 sit,
2895 4920 2951 4970 et
2986 4926 3117 4970 es~e
3148 4908 3441 4971 fateamur
3472 4926 3543 4970 ac
3591 4926 3736 4971 cre-

2070 5001 2305 5069 damus,
2332 5014 2532 5058 rerum
2573 4998 2841 5060 omnium
2878 4999 3269 5080 Principium,
3324 4999 3737 5080 generationis

332 5108 519 5159 τητος,
595 5088 937 5166 ἆνομοούσιαι
1019 5091 1173 5149 αὗται
1229 5094 1583 5149 καθεστῶσαι·
1643 5098 1736 5148 τοῦ
1792 5090 1988 5170 ἀγαθοῦ

2072 5103 2235 5166 mque
2278 5104 2347 5147 ac
2402 5087 2805 5168 corruptionis
2856 5108 3092 5171 expers,
3145 5089 3427 5169 idemque
3463 5088 3733 5165 bonum;

331 5177 485 5257 φύσιν
540 5177 763 5258 ἔχοντος
834 5179 901 5236 τὰ
942 5177 1103 5257 ὅμοια
1158 5180 1345 5240 ἑαυτοῦ
1373 5179 1755 5255 καὲ’ὁμοοόσια
1799 5184 1987 5259 γεννᾷν

328 5287 391 5322 τε
432 5268 522 5324 καὶ
590 5267 895 5348 προφέρειν.
960 5270 1189 5348 Μαθήοῃ
1234 5271 1356 5351 γὰρ,
1405 5276 1538 5328 Θεοῦ
1576 5266 1830 5343 διδόντος,
1864 5268 1986 5335 ἑξῆς

330 5357 421 5413 καὶ
460 5355 558 5426 τὴν
586 5358 771 5414 τούτου
801 5357 978 5439 ἀρχήν
1020 5381 1078 5416 ιε
1118 5361 1209 5419 καὶ
1264 5359 1530 5439 γέννησιν,
1576 5356 1859 5436 ἆξιουμενη
1889 5363 1987 5426 τῆς

330 5445 698 5516 ἆποστολικῆς
755 5445 1122 5530 παραδόσεως,
1166 5448 1233 5519 ἦν
1288 5448 1350 5507 ἐκ
1390 5446 1649 5531 διαδοχῆς
1681 5449 1768 5506 καὶ
1828 5450 1988 5526 ἡμεῖς

410 5605 476 5658 δι
504 5606 663 5689 Eph.
697 5625 761 5686 ιι,
794 5609 895 5672 45.
979 5606 1047 5662 οδ
1075 5607 1252 5672 Rom.
1284 5625 1391 5692 vu,
1428 5608 1527 5673 12.
1613 5607 1678 5661 66
1703 5608 1915 5674 Matth.
1944 5623 2070 5689 xix,
2103 5605 2201 5666 t7.

608 5818 617 5823 ι
660 5758 929 5826 ΡΑιίιοι.
969 5756 1084 5820 Gn.
1133 5754 1265 5822 VII.

2068 5174 2261 5237 ambae
2277 5175 2368 5236 has
2408 5185 2633 5237 natura:
2662 5188 2936 5240 constare
2968 5177 3293 5260 potuerint,
3327 5178 3737 5259 corruptionis

2071 5264 2448 5341 nimirum,et
2473 5265 2686 5328 media:
2706 5266 3018 5347 cujusdam
3040 5265 3428 5343 conditionis,
3452 5285 3583 5347 quae
3603 5286 3636 5328 a
3666 5285 3735 5328 se

2070 5353 2326 5415 invicem
2355 5361 2563 5415 natura
2585 5353 2972 5438 discrepent;
3008 5374 3146 5418 cum
3191 5354 3250 5416 id
3296 5354 3453 5415 bono
3482 5355 3731 5416 insitum

2073 5443 2243 5520 sit,ut
2263 5441 2377 5504 sibi
2401 5461 2578 5525 quam
2608 5444 2938 5521 simillima,
2963 5444 3356 5525 ejusdemque
3377 5461 3584 5506 secum
3620 5462 3734 5505 na-

2994 5604 3059 5656 68
3088 5607 3223 5669 Cor'
3286 5611 3407 5673 τῆς.

3409 5751 3477 5813 lii

2286 5600 2349 5653 θἿ
2381 5604 2522 5667 Cor.
2553 5604 2907 5686 πολυσχιδής.
