4148 6424
425 307 566 372 1291
1322 311 1714 376 APPENDIX
1757 311 1858 374 AD
1898 311 2238 386 QUINQUE
2282 312 2575 378 IRENJEI
2629 314 2896 378 LIBROS
3643 313 3796 378 1992

418 448 566 503 tum
593 441 888 520 gignat-ac
911 441 1195 524 proferat.
1225 440 1317 504 Tu
1347 441 1532 516 enim,
1556 439 1883 522 opitulante
1910 438 2057 514 Deo,

2161 443 2568 526 παρειλήφαμεν,
2634 447 2768 522 μετά
2837 448 2924 502 καὶ
3006 452 3096 504 τοῦ
3126 446 3408 504 κανονίσαι
3439 448 3643 513 πάντας
3673 447 3796 512 τούς

416 529 595 609 hujus
609 531 968 613 principium
983 549 1050 594 ac
1063 530 1512 611 generationem
1530 531 1730 594 animo
1743 527 2063 610 percipies,

2161 533 2338 610 λόγους
2393 539 2462 610 τῇ
2517 541 2610 591 τοῦ
2664 536 2913 615 Σωτῆρος
2971 533 3300 609 διδασκαλίᾳ.
3362 537 3536 594 Ταῦτά
3590 557 3696 610 σοι,
3754 536 3800 592 ῶ

416 617 518 680 ubi
551 619 823 682 traditam
849 619 1168 702 quamdam
1200 619 1274 683 ab
1302 619 1588 702 apostolis
1603 617 1936 680 doctrinam
1963 638 2066 678 au-

2161 619 2346 702 Ξιδελφή
2382 645 2484 699 μου
2512 623 2729 704 Φλώρα,
2761 622 2828 681 δι’
2872 625 3067 703 ὀλίγων
3112 625 3364 704 εἰρημένα
3395 629 3488 684 οιῖικ
3528 626 3795 705 ἡτόνησα,

415 707 806 791 dieris,quam
841 729 950 772 nos
977 710 1359 773 successione
1379 709 1632 791 quadam
1657 709 1728 770 ad
1749 727 1858 770 nos
1877 726 2066 789 usque

2161 711 2235 766 ιαὶ
2277 713 2338 768 τὸ
2379 717 2479 780 τῆς
2525 713 2802 790 συντομίας
2860 715 3193 794 προέγραψα·
3254 714 3366 790 ἅμα
3408 715 3506 790 μὲν
3548 717 3610 771 τὸ
3659 737 3796 794 προ-

417 806 797 878 propagatam
820 798 1210 880 accepimus:
1239 817 1372 862 cum
1407 817 1478 860 eo
1508 797 1776 879 quidem,
1800 805 1862 860 ut
1883 797 2063 878 quid-

2161 801 2390 876 ιιείμενον
2422 802 2786 882 ἀποχρώντως
2830 803 3079 884 εξέφηνα.
3143 795 3223 861 "A
3252 805 3340 861 καὶ
3368 806 3442 870 εἰς
3482 805 3550 860 τὰ
3577 803 3700 870 ἑξῆς
3733 805 3800 860 τὰ

413 885 555 968 quid
573 887 889 951 aﬁ‘erretur
907 888 971 950 in
993 887 1282 970 medium,
1330 886 1390 950 id
1411 886 1483 949 ad
1506 885 1820 950 Salvatoris
1843 885 2065 948 doctri-

2161 889 2375 967 ιέγιστά
2418 913 2501 948 σοι
2559 890 2932 974 συμϐαλεῖται,
2995 893 3084 949 ἐὰν
3127 915 3214 972 γε,
3259 895 3331 958 ὡς
3389 893 3530 964 καλή
3579 900 3650 971 γῆ
3709 893 3800 949 καὶ

413 993 549 1039 nam
573 977 734 1040 velut
749 979 1014 1058 regulam
1043 978 1330 1057 exigatur.
1371 974 1512 1038 Haec
1537 975 1668 1053 tibi,
1692 975 1868 1038 Flora
1896 993 2068 1038 soror

2161 978 2343 1055 ὶγαθὴ,
2400 979 2634 1056 γονίμων
2683 983 2998 1061 σπερμάτων
3046 989 3307 1062 τυχοῦσα,
3363 985 3454 1040 τὸν
3515 981 3584 1039 δι’
3627 982 3799 1038 αὐτῶν

413 1065 784 1144 charissima,
817 1067 1023 1148 paucis
1051 1066 1348 1148 explicare
1391 1085 1512 1128 non
1553 1065 1762 1146 piguit,
1795 1083 2065 1127 summa-

2161 1069 2350 1144 ιαρπὸν
2407 1067 2678 1137 ἀναδείξης
2689 1117 2703 1132 .

415 1154 638 1238 timque
690 1157 1068 1238 praescripsi:
1129 1157 1212 1219 ita
1265 1165 1462 1218 tamen
1512 1165 1577 1217 ut
1605 1155 1762 1238 quod
1793 1164 1921 1218 erat
1950 1155 2341 1237 propositum,
2375 1165 2660 1238 quantum
2690 1161 2836 1222 satis
2882 1169 3061 1236 esset,
3121 1159 3570 1224 declaraverim.
3608 1160 3794 1234 Quam

411 1262 538 1307 rem
598 1245 882 1328 deinceps
913 1265 1126 1326 magno
1157 1245 1264 1308 tibi
1293 1245 1423 1308 usui
1454 1245 1583 1308 fore
1611 1244 1847 1308 conﬁdo
1879 1262 1894 1308 :
1958 1245 2010 1306 si
2064 1245 2257 1313 modo.
2312 1246 2568 1326 perinde
2598 1266 2668 1312 ac
2693 1250 2882 1314 bonus
2910 1268 3053 1331 ager
3097 1258 3156 1313 et
3200 1249 3516 1328 fecundus,
3549 1257 3801 1332 excepta

411 1335 644 1399 semina
672 1335 972 1400 fructuum
1003 1336 1271 1401 ubertate
1299 1353 1675 1416 compenses.

2077 1455 2174 1471 —

1459 1530 1600 1592 ὄϐα
1644 1529 2184 1594 HERACLEONIS
2223 1532 2723 1598 FRAGMENTA.

413 1656 822 1738 Fragmenta
853 1654 1264 1720 Heracleonis
1291 1654 1941 1800 Com/mentclz/giormgii
1964 1655 2041 1714 in
2065 1651 2340 1798 SiLucae
2370 1651 2827 1797 Egg/éigelium,
2858 1670 2939 1713 ea:
2971 1652 3318 1716 Clementis
3345 1653 3796 1716 Alexandrini

1662 1754 1687 1796 ι
1733 1779 1749 1795 .
1781 1751 1844 1797 1v
1943 1750 2120 1799 roma
2153 1779 2195 1800 ..
2226 1751 2382 1800 nan.
2545 1777 2559 1792 .

1662 1751 1749 1796 ιο.
1781 1751 1844 1797 1v
1876 1751 2195 1808 suomet”
2220 1751 2382 1816 pag.
2419 1751 2559 1797 ουκ.

490 1857 664 1922 Hunc
719 1856 914 1919 locum
943 1854 1008 1906 69
1043 1872 1350 1938 exponens
1397 1853 1756 1936 Heracleon,
1801 1854 1974 1935 cujus
2002 1853 2064 1916 in

2229 1863 2420 1914 Τοῦτον
2476 1853 2830 1935 ἐξηγούμενος
2900 1858 2989 1912 τὸν
3045 1856 3208 1914 τόπον
3241 1848 3568 1938 Ἡρακλέων,
3613 1860 3642 1914 ὁ
3694 1861 3794 1924 τῆς

412 1947 619 2011 schola
648 1945 950 2010 Valentini
969 1943 1078 2007 fuit
1093 1942 1353 2006 maxima
1388 1942 1774 2021 existimatio,
1808 1943 1902 2006 his
1924 1961 2062 2005 ver-

2161 1943 2487 2002 )ὖαλεντίνου
2546 1944 2755 2025 σχολῆς
2817 1944 3201 2028 δοκιμώτατος,
3250 1949 3386 2007 κατὰ
3416 1947 3554 2014 λέξιν
3608 1949 3792 2027 φησὶν,

413 2035 507 2098 bis
539 2036 707 2117 dicit,
741 2033 1178 2098 confessionem
1211 2031 1454 2114 quidem
1486 2052 1666 2095 unam
1697 2051 1834 2096 esse
1855 2031 1972 2096 ﬁde
2003 2039 2065 2095 et

2161 2035 2430 2112 ιμολογίαν
2474 2033 2616 2090 εἶναι
2674 2035 2772 2117 τῂν
2831 2035 2927 2110 μὲν
2972 2035 3026 2092 ἐν
3081 2043 3148 2114 τῇ
3207 2040 3378 2094 πίστει
3409 2038 3497 2093 καὶ
3526 2035 3789 2109 πολιτείᾳ,

413 2125 546 2189 vitae
575 2114 972 2200 institutione,
1007 2123 1251 2186 alteram
1295 2140 1433 2184 vero
1489 2141 1656 2184 voce.
1715 2123 1910 2204 Atque
1935 2141 2066 2204 qua:

2161 2121 2246 2190 τὴν
2287 2121 2342 2179 δὲ
2399 2122 2454 2178 ἒν
2487 2129 2658 2204 φωνῇ.
2718 2114 2780 2181 Ἠ
2826 2124 2924 2200 μὲν
2993 2125 3083 2181 οὖν
3113 2125 3167 2182 ἐν
3197 2133 3348 2206 ’ρωνῇ
3400 2125 3660 2205 ὁμολογία
3706 2128 3794 2183 καὶ

415 2216 481 2279 ﬁt
500 2214 744 2298 quidem
765 2233 911 2277 voce
930 2211 1324 2289 confessio,ﬁt
1345 2211 1520 2274 etiam
1537 2210 1693 2293 apud
1713 2220 2058 2294 potestates,

2161 2211 2232 2268 ἐπὶ
2301 2219 2408 2270 τῶν
2439 2210 2683 2278 ἐξουσιῶι
2739 2214 2959 2293 γίνεται·
3021 2213 3087 2283 ἢν
3124 2217 3317 2291 μόνην,
3363 2217 3546 2297 φησὶν,
3592 2214 3796 2292 ὁμολο-

414 2323 592 2383 quam
609 2303 822 2385 solam,
847 2302 1059 2386 inquit,
1086 2301 1262 2365 multi
1278 2318 1397 2364 non
1429 2311 1592 2364 recte
1623 2301 2060 2364 confessionem

2161 2302 2261 2379 τίαν
2301 2304 2552 2381 ἡγοῦνται
2609 2303 2751 2360 εἶναι
2795 2305 2841 2360 οἱ
2887 2302 3098 2384 πολλοὶ,
3143 2307 3246 2386 οὺχ
3308 2307 3494 2386 ὑγιῶς·
3551 2303 3795 2362 δύνανται

413 2414 546 2458 esse
595 2393 978 2470 existimant;
1037 2400 1286 2474 possunt
1314 2400 1512 2454 autem
1545 2391 1655 2454 hac
1685 2392 2062 2454 confessione

2161 2391 2199 2448 ΒΞ
2267 2393 2464 2460 ταύτην
2535 2394 2632 2461 τὴν
2663 2393 2952 2473 ὁμολογίαν
2981 2397 3073 2453 καὶ
3097 2397 3143 2453 οἱ
3172 2397 3448 2476 ὑποκριταὶ
3479 2395 3789 2475 ὁμολογεῖν,

414 2483 501 2548 uti
521 2483 698 2546 etiam
721 2483 1063 2564 hypocrita.
1089 2480 1205 2545 Sed
1241 2499 1437 2563 neque
1454 2481 1552 2544 hic
1581 2499 1780 2544 sermo
1805 2499 2061 2562 genera-

2166 2479 2297 2540 Αλλ’
2356 2481 2461 2540 οὐδ’
2518 2486 2847 2564 εὑρεθήσεται
2878 2485 3026 2549 οὗτος
3053 2489 3081 2543 ὁ
3107 2485 3266 2566 λόγος
3310 2487 3608 2554 καθολικῶς
3646 2489 3794 2566 εἰρη-

413 2573 552 2636 liter
594 2572 787 2636 dictus
810 2569 1316 2652 deprehendetur.
1352 2568 1482 2632 Non
1515 2571 1675 2632 enim
1701 2588 1936 2640 omnes,
1963 2569 2066 2650 qui

2161 2572 2329 2635 ιένος.
2386 2575 2458 2630 Οὖ
2487 2575 2588 2653 γὰρ
2615 2575 2806 2638 πάντες
2851 2576 2898 2631 οἱ
2969 2576 3256 2652 σωζόμενοι
3306 2575 3665 2656 ὡμολόγησαν
3695 2579 3794 2646 τὴν

413 2663 558 2727 salvi
600 2663 845 2726 ﬁunt.ea
893 2660 1296 2736 confessione,
1327 2679 1458 2738 quae
1495 2679 1643 2723 voce
1664 2663 1751 2735 tit,
1782 2659 1873 2721 usi
1902 2666 2062 2735 sunt,

2161 2660 2233 2718 Ξιὰ
2286 2661 2382 2729 τῆς
2437 2662 2618 2742 φωνῆς
2674 2663 2981 2745 ὁμολογίαν,
3028 2667 3115 2721 καὶ
3145 2665 3382 2734 ἐξῆλθον·
3429 2667 3482 2733 ἐξ
3523 2669 3598 2725 ὧν
3641 2675 3792 2724 Ματ-

419 2761 477 2817 et
497 2768 852 2816 excessere:
893 2769 962 2814 ex
985 2749 1204 2832 quibus
1233 2757 1323 2811 est
1363 2751 1699 2825 Mattheus,
1736 2749 2061 2830 Philippus,

2161 2754 2326 2826 istoc,
2346 2750 2632 2826 Φίλιππος,
2652 2760 2870 2833 Θωμᾶς,
2901 2757 3058 2818 Λευίς
3076 2754 3160 2831 70,
3185 2757 3271 2812 καὶ
3289 2755 3443 2814 ἄλλοι
3463 2755 3670 2819 πολλοί.
3693 2759 3788 2814 Καὶ

420 2841 704 2923 Thomas,
731 2839 919 2912 Levis,
953 2849 1012 2902 et
1030 2839 1131 2902 alii
1155 2839 1350 2902 multi.
1369 2839 1619 2902 Accedit
1637 2839 1793 2921 quod
1815 2857 1907 2914 ea,
1937 2856 2069 2919 quae

2161 2839 2292 2896 ἔστιν
2323 2839 2360 2908 ἡ
2385 2840 2472 2900 διὰ
2520 2847 2617 2909 τῆς
2668 2849 2850 2923 φωνῆς
2907 2843 3164 2924 ὁμολογία
3219 2849 3279 2904 οὐ
3325 2848 3600 2920 καθολικῆ,
3652 2846 3786 2903 ἀλλᾶ

417 2951 561 2995 voce
591 2932 657 2994 ﬁt
679 2930 996 3012 confessio,
1021 2948 1141 2990 non
1161 2928 1513 2992 universalis
1531 2938 1642 3005 est,
1675 2928 1780 2991 sed
1804 2929 2068 3008 particu-

2161 2930 2367 3009 μερικὴ⁶
2401 2928 2658 2998 meatith
2701 2929 2781 3005 δὲ,
2827 2932 2894 3000 ἢν
2926 2940 3011 2989 νῦν
3053 2932 3222 3015 λέγει,
3269 2936 3366 3004 τὴν
3410 2936 3465 2996 ἐν
3507 2935 3676 3015 ἔργοις
3704 2937 3790 2992 καὶ

420 3023 586 3100 laris;
631 3019 940 3104 generalis
977 3018 1284 3098 autem,de
1299 3036 1416 3101 qua
1431 3018 1871 3101 nuncloquitur
1897 3019 2065 3096 (Ser-

2161 3018 2368 3097 πραξεσι
2419 3018 2779 3091 καταλλήλοις
2825 3024 2922 3089 τῆς
2965 3025 3038 3088 εἷς
3070 3026 3225 3082 αὐτὸν
3255 3029 3506 3091 πίστεως.
3564 3019 3794 3086 ’Ἐπεται

419 3112 638 3203 vator),
667 3119 1017 3203 eaet-siqua:
1037 3109 1102 3172 ﬁt
1121 3107 1290 3203 factis
1316 3116 1376 3170 et
1395 3107 1703 3203 operibus,
1731 3107 1786 3170 ei
1819 3115 2071 3203 quaaAest

2161 3107 2207 3164 δὲ
2247 3109 2414 3203 ταύτῃ
2445 3115 2535 3203 τῇ.
2573 3108 2837 3203 ὁμολογίᾳ.
2876 3114 2971 3203 ⁸ιιιιὶ
3020 3115 3370 3203 ἡμερικὴλὴ
3399 3115 3485 3174 ἐπὶ
3511 3124 3616 3174 τῶν
3647 3116 3795 3184 ἐξου-

419 3203 482 3266 in
503 3187 700 3284 ipsum
731 3199 873 3263 ﬁdei
899 3187 1388 3280 congruentibus.
1415 3187 1582 3263 Hanc
1613 3206 1809 3260 autem
1837 3195 2072 3286 confesf

2161 3203 2305 3270 σιῶν,
2353 3196 2442 3254 ἐὰν
2484 3196 2600 3276 δέῃ,
2647 3200 2736 3257 καὶ
2755 3187 2794 3257 -ὁ
2823 3199 2980 3280 λόγος
3013 3187 3168 3283 αἴρῃ·
3188 3198 3267 3268 Τί.
3291 3187 3672 3285 ἸΟμολογήσει
3699 3205 3798 3286 γὰρ

423 3283 651 3354 sionem
678 3288 951 3372 sequitur
977 3287 1157 3352 etiam
1191 3286 1591 3369 particularis,
1645 3305 1778 3368 quae
1806 3285 1874 3376 ﬁt
1914 3283 2070 3367 apud

2161 3287 2304 3376 οὗτος
2358 3288 2446 3345 καὶ
2475 3310 2544 3366 τῃ
2599 3289 2750 3369 φωνῇ
2793 3290 2980 3369 ὀρθῶς,
3042 3293 3486 3374 προομολογήσας
3529 3283 3798 3376 πρότερον

420 3388 766 3464 potestates,
799 3379 851 3441 si
877 3396 1026 3460 opus
1053 3377 1319 3451 fuerit,et
1350 3380 1500 3439 ratio
1521 3376 1583 3438 id
1605 3375 1886 3456 exegerit.
1923 3376 2070 3438 Nam

2161 3373 2494 3464 διαθέσει.
2526 3379 2625 3436 Καὶ
2678 3376 2881 3460 καλῶς,
2915 3382 3002 3438 ἒπὶ
3030 3383 3130 3459 μὲν
3199 3390 3307 3440 τῶν
3332 3373 3339 3374 ί
3367 3373 3798 3462 ὁμολογούντων,

423 3463 476 3535 is
532 3488 679 3532 voce
726 3486 963 3550 quoque
993 3476 1156 3529 recte
1186 3464 1586 3543 conﬁtebitur,
1622 3465 1725 3527 ubi
1754 3464 2072 3553 affectione

2161 3463 2206 3521 ἑν
2233 3463 2370 3542 ἐμοὶ,
2421 3465 2601 3542 εἶπεν,
2636 3466 2721 3524 ἐπὶ
2749 3466 2804 3524 δὲ
2837 3471 2942 3526 τῶν
2997 3471 3327 3550 ἀρνουμένων
3369 3474 3430 3529 τὸ
3485 3471 3581 3548 ἐμὲ
3625 3496 3798 3553 προσ-

424 3561 589 3642 prius
609 3567 775 3621 recte
792 3555 971 3619 fuerit
995 3554 1324 3618 confessus.
1358 3555 1614 3618 Pulchre
1632 3563 1832 3617 autem
1865 3553 1942 3617 de
1966 3552 2064 3634 iis,

2161 3556 2358 3622 ἔθηκεν.
2417 3557 2570 3614 Οὗτοι
2618 3558 2740 3638 γὰρ,
2797 3557 2893 3616 κᾶν
2962 3565 3029 3637 τῇ
3075 3566 3225 3639 φωνῇ
3273 3552 3680 3639 ὀμολογῆσωσιν
3710 3564 3803 3618 αὖ·

421 3649 523 3732 qui
550 3647 913 3711 conﬁtentur
929 3644 1196 3728 quidem,
1229 3646 1295 3708 in
1317 3643 1626 3725 me,dixit;
1661 3643 1735 3706 de
1766 3643 1839 3704 iis
1868 3650 2066 3732 autem

2161 3647 2265 3721 τὸν,
2323 3643 2596 3732 ἀρνοῦνται
2654 3649 2830 3724 αὐτὸν,
2890 3655 2958 3726 τῇ
3025 3647 3206 3727 πράξει
3251 3651 3328 3724 μὴ
3386 3649 3796 3729 ὁμολογοῦντες.

422 3730 527 3820 qui
546 3743 786 3820 negant,
815 3753 910 3800 me
952 3734 1346 3818 (simpliciter)
1374 3734 1668 3816 apposuit.
1691 3735 1839 3797 Nam
1862 3733 1925 3813 ii,
1958 3730 2067 3794 etsi

2161 3735 2317 3791 Μόνοι
2347 3730 2402 3789 δὲ
2456 3737 2512 3790 εν
2553 3734 2696 3811 αὒτῷ
2738 3736 3084 3817 ὁμολογοῦσιν
3140 3742 3188 3796 οἱ
3261 3739 3314 3797 έν
3368 3745 3438 3817 τῇ
3481 3738 3606 3820 κατ’.
3645 3741 3803 3798 αὐτὸν

422 3828 620 3910 ipsum
642 3844 785 3889 voce
802 3825 1057 3889 confessi
1076 3825 1313 3901 fuerint,
1348 3823 1542 3906 ipsum
1574 3831 1811 3905 negant,
1837 3821 2070 3886 actione

425 3917 673 3980 minime
693 3912 1122 3979 conﬁtentes.li
1142 3922 1338 3976 autem
1353 3913 1466 3977 soli
1486 3916 1545 3975 in
1568 3913 1696 3994 ipso
1717 3913 2080 3975 confitentur

425 4005 526 4088 qui
545 4005 605 4067 in
624 4023 694 4068 ea
714 4023 848 4087 qua:
869 4003 1029 4067 estin
1053 4002 1249 4082 ipsum
1265 4003 1641 4065 confessione
1664 4011 1724 4064 et
1740 4001 1975 4064 actione
1997 4001 2082 4062 vi-

423 4095 652 4158 vuntzin
665 4093 882 4177 quibus
897 4095 1025 4176 ipse
1041 4093 1580 4173 conﬁtetur.utpote
1597 4091 1840 4173 quicom
1851 4091 2075 4172 plecta-

425 4194 522 4248 tur
540 4183 1050 4266 illos,etipsieum
1083 4182 1576 4264 complectantur.
1610 4181 1897 4256 Quocirca
1912 4199 2077 4242 nun-

426 4292 608 4356 quam
617 4274 1078 4356 potestseipsum
1093 4270 1525 4353 negare'l’Eum
1539 4279 1734 4332 autem
1751 4277 1964 4349 negant
1977 4270 2079 4350 qui

2161 3821 2417 3901 ὁμολογίᾳ
2501 3825 2585 3882 καὶ
2662 3826 2840 3904 πράξει
2869 3827 3129 3905 βιοῦντες·
3173 3828 3228 3885 ἐν
3257 3832 3343 3895 οἷς
3373 3831 3461 3886 καὶ
3490 3829 3646 3894 αὐτός
3674 3832 3806 3906 ὁμο-

2161 3911 2340 3991 λογετ,
2369 3911 2752 3990 ἓνειλημμένος
2801 3917 3008 3990 αὐτούς,
3067 3918 3156 3974 καὶ
3203 3917 3466 4000 ἐχόμενος
3526 3921 3629 3977 ὑπὸ
3685 3922 3799 3978 τοὺ-

2160 4024 2292 4062 των.
2352 4003 2546 4083 Διόπερ
2614 4003 2937 4084 ἀρνήσασθαι
3011 4006 3194 4066 ἑαυτὸν
3265 4007 3511 4068 οὐδέποτε
3566 4008 3801 4075 δύναται,

2163 4091 2462 4181 Ἀρνοῦνται
2519 4091 2574 4148 δὲ
2600 4096 2754 4151 αὐτὸν
2811 4098 2858 4152 οἱ
2889 4095 2968 4172 μὴ
2997 4095 3144 4164 ὄντες
3173 4098 3228 4154 ἐν
3271 4099 3435 4174 αὐτῷ.
3481 4103 3554 4159 Οὐ
3583 4123 3682 4181 γαρ
3711 4101 3806 4158 εἷ-

2161 4203 2281 4258 πεν,
2341 4179 2398 4247 ὅς
2468 4183 2764 4263 ἀρνήσηται
2817 4184 2870 4241 ἐν
2939 4185 3077 4263 ἐμοὶ,
3139 4187 3259 4245 ἀλλ’
3317 4189 3434 4266 ἐμέ·
3479 4179 3663 4254 ουδεὶς
3708 4192 3808 4270 γὰρ

2160 4293 2288 4328 ποτε
2343 4270 2416 4329 ὤν
2485 4276 2541 4330 εν
2575 4273 2738 4351 αὐτῷ,
2771 4274 3007 4354 ἀρνεῖται
3051 4277 3230 4340 αὺτὸν.
3265 4280 3337 4338 Τὸ
3379 4277 3458 4360 δὲ,
3513 4278 3808 4359 ἔμπροσθεν

427 4383 548 4426 ιιοιι
565 4372 702 4425 sunt
722 4364 783 4425 in
799 4364 1087 4444 ipso.Non
1102 4363 1262 4424 enim
1282 4359 1551 4443 dixit,qui
1571 4361 1868 4439 negaverit
1882 4361 1945 4420 in
1959 4376 2075 4433 me,

2161 4369 2268 4419 τῶν
2339 4363 2648 4443 ἀνθρώπων,
2686 4366 2770 4424 καὶ
2800 4373 2907 4424 τῶν
2949 4367 3286 4444 σωζομένων,
3321 4369 3408 4426 καὶ
3446 4359 3562 4426 τῶν
3593 4369 3812 4428 ἐθνικῶν

428 4441 1056 4518 sedme.1\'ullusenim
1072 4469 1328 4532 unquam
1349 4450 1450 4530 qui
1467 4441 1538 4510 sit
1555 4449 1614 4509 in
1633 4449 1959 4538 illo,ipsum
1981 4466 2077 4509 ne-

2162 4449 2216 4508 δὲ
2313 4441 2533 4528 ὁμοίως
2610 4451 2734 4534 παρ’
2786 4459 2871 4520 οἷς
2929 4456 3028 4530 μὲν
3084 4441 3172 4514 ιιαὶ
3224 4441 3293 4535 τῇ
3349 4457 3611 4534 πολιτείᾳ,
3684 4459 3813 4538 παρ’

429 4551 548 4622 gat.
578 4540 730 4606 Illud
753 4552 1186 4624 autem,coram
1201 4539 1573 4612 hominibus,
1613 4536 1686 4599 de
1705 4537 2077 4599 confessione

2163 4543 2248 4604 οἷς
2317 4538 2373 4598 δέ
2425 4564 2514 4599 και
2586 4543 2654 4612 τῆ
2683 4550 2853 4625 φωνῇ.
2891 4544 3086 4626 Διόπερ
3116 4545 3440 4624 ἀρνήσασθαι
3473 4548 3630 4605 αὐτὸν
3657 4536 3814 4604 οὐδέ-

431 4651 562 4712 (ιιιιο
581 4635 642 4694 lit
657 4651 854 4694 coram
870 4631 940 4692 iis
961 4629 1218 4712 quisalvi
1239 4631 1582 4710 tiunt,aaque
1595 4645 1662 4688 ac
1674 4643 1870 4688 coram
1891 4627 2077 4706 genti-

2164 4652 2292 4688 ποτε
2349 4628 2612 4689 ammi-
2673 4633 2947 4713 ἀρνοῦνται
3003 4632 3057 4690 δὲ
3111 4637 3268 4696 αὐτὸν
3299 4639 3346 4692 οἱ
3415 4637 3492 4714 μὴ
3553 4636 3700 4703 ὄντες
3757 4636 3817 4694 ἐν

432 4721 588 4784 litus
605 4719 1137 4801 intelligitur;apud
1152 4718 1301 4782 alios
1313 4716 1552 4799 quidem
1574 4715 2082 4779 vitaeinstitutione
2162 4723 2327 4795 διῦτῴ.

431 4811 586 4893 apud
611 4810 758 4873 alios
779 4827 916 4872 vero
939 4809 1116 4871 etiam
1139 4825 1304 4870 voce.
1329 4804 1728 4878 Quamobrem
1748 4823 2046 4886 nunquam
2073 4816 2322 4888 possunt
2342 4809 2455 4892 ipsi
2478 4823 2720 4892 negare;
2746 4830 2882 4876 eum
2903 4821 3103 4877 autem
3119 4825 3338 4895 negant
3359 4815 3463 4898 qui
3473 4833 3594 4880 non
3606 4816 3826 4881 suntin

432 4919 586 4981 ipso.

439 5107 540 5170 Ea:
567 5107 828 5186 Eclogis
849 5105 1242 5188 pmpheticis
1285 5103 1632 5167 Clementis
1661 5104 2065 5248 Ale%.,ta1i7te
2448 5125 2516 5200 ρ.
2553 5107 2696 5190 202,
2731 5109 3009 5176 Auctarii
3050 5113 3394 5174 novissimi
3418 5111 3830 5178 Bibliotheca

1829 5207 1872 5249 α
1903 5204 1986 5248 ru
2034 5204 2059 5246 ι
2293 5205 2327 5249 e
2409 5206 2479 5250 ιι.

1829 5204 2059 5249 atrum
2099 5204 2138 5249 ιι
2147 5204 2248 5249 om
2258 5204 2479 5250 οεηειι.

521 5311 770 5387 Quidam
801 5329 967 5392 vero,
1027 5316 1093 5371 ut
1121 5309 1203 5372 ait
1231 5307 1588 5387 Heracleon,
1623 5310 1757 5390 igne
1786 5310 2077 5392 signarum

2255 5301 2441 5370 ’Ἔνιοι
2497 5308 2576 5388 δὲ,
2608 5311 2682 5376 ὥς
2713 5335 2876 5393 φησιν
2912 5304 3242 5397 Ἡρακλέων,
3287 5317 3409 5396 πυρὶ
3436 5318 3505 5374 τὰ
3545 5318 3660 5376 ὦτα
3714 5324 3828 5376 τῶν

439 5421 616 5466 aures
647 5419 878 5478 eorum,
900 5399 1000 5482 qui
1032 5397 1396 5481 baptismatis
1423 5399 1676 5480 sigillum
1707 5408 2077 5482 acceperunt,

2175 5400 2605 5482 σφραγιζομένων
2658 5404 3114 5481 κατεσησήναντο,
3174 5405 3343 5471 οὕτως
3399 5405 3715 5473 ἀκούσαντες
3759 5410 3826 5466 τὸ

442 5491 526 5555 ita
553 5489 954 5574 intelligentes
981 5488 1410 5572 Apostolicum.

2177 5489 2580 5552 ’Λποστολικόν.

525 5658 591 5711 o9
620 5661 758 5724 Luc.
797 5677 902 5723 xn.
937 5661 997 5726 8.
1086 5663 1147 5716 70
1175 5657 1424 5724 Θαδδαίου
1455 5679 1807 5742 cognomen.
1892 5660 1942 5705 ἠ
1974 5661 2077 5742 Le;

2161 5664 2293 5743 ιίρῇ.
2381 5660 2439 5714 7³
2469 5660 2519 5726 ιι
2549 5658 2702 5726 Tim.
2739 5679 2800 5740 ιι,
2843 5665 2936 5727 13.
