4148 6442
390 377 414 436 1
431 376 546 440 293

1630 384 2104 449 FRAGMENTA
2148 385 2253 449 GN
2259 384 2523 449 OSTICA
2534 435 2547 449 .

3622 388 3773 454 1294

384 509 786 597 Fragmenta
813 507 1291 573 Commentarii
1323 511 1735 576 Heraclconis
1763 515 1836 576 in
1862 514 1930 577 S.
1961 517 2241 579 Joannis
2274 517 2729 597 Evangeliwm,
2764 536 2844 580 ea:
2875 519 3175 595 Origenis
3207 524 3400 584 tom-is
3413 524 3490 584 in
3522 523 3768 586 dictum

468 596 925 693 Epangelium.
959 601 1002 661 A
1037 600 1119 663 cl.
1156 600 1391 665 Grabio
1418 606 1753 693 recognita
1781 610 1837 668 et
1865 607 2215 669 emendata
2260 625 2340 669 ea:
2367 596 2523 670 mss.
2557 608 2738 669 codd.
2798 607 3178 671 bibliothecae
3203 609 3593 693 Bodleianaz,
3630 612 3772 693 Spi—

464 689 650 769 cileg.
698 690 945 772 haeret,
992 710 1137 755 sae.
1170 708 1235 773 II,
1263 710 1418 773 pag.
1453 692 1538 757 85
1568 700 1628 757 et
1653 711 1825 775 seqq.
1859 729 1936 742 —
1965 696 2064 758 Ea
2096 705 2248 760 tom.
2286 700 2365 778 Il,
2400 715 2458 778 p.
2499 696 2601 761 60.

465 799 652 862 Βιαίως
699 800 858 873 οἶμαι
913 802 1001 857 καὶ
1043 803 1211 881 χωρὶς
1255 802 1537 886 μαρτυρίου
1566 804 1655 859 τὸν
1690 801 2029 862 Οὐαλεντίνου

2197 801 2467 865 Arbitror
2497 802 2950 877 Heracleonem,
2980 805 3081 886 qui
3112 805 3329 866 dicitur
3358 825 3493 869 esse
3523 808 3774 872 familia-

382 887 671 968 λεγόμενον
742 891 885 947 εἶναι
930 891 1199 969 γνώριμον
1260 883 1625 968 Ἡρακλέωνα,
1689 890 2035 970 διηγούμενον

381 980 463 1058 τὸ,
508 979 682 1035 Πάντα
752 977 819 1035 δι’
863 981 1020 1039 αὖτοῦ
1048 978 1279 1059 ἐγένετο,
1328 978 1656 1060 ἐξειληφέναι
1714 981 1887 1038 πάντα
1941 985 2032 1039 τὸν

381 1069 579 1129 κόσμον
623 1069 803 1125 καὶτά
860 1068 914 1125 ἐν
946 1068 1109 1143 αὒτῷ,
1178 1069 1483 1126 ἒκκλείοντα
1529 1075 1636 1124 τῶν
1691 1070 1926 1143 πάντων,
1972 1073 2033 1127 τὸ

379 1158 501 1215 ὅσον
544 1158 631 1214 ἐπὶ
671 1164 740 1235 τῇ
777 1157 1040 1232 ὑποθέσει,
1075 1163 1255 1235 αὐτου,
1314 1161 1381 1216 τὰ
1410 1168 1501 1216 τοῦ
1527 1160 1751 1234 κόσμου,
1787 1161 1876 1216 καὶ
1922 1163 2026 1216 τῶν

377 1247 432 1304 ἐν
474 1249 614 1322 αὖτῷ
655 1246 987 1328 διαφέροντα.
1021 1250 1160 1316 Φησὶ
1199 1250 1298 1329 γὰρ
1342 1250 1400 1306 οὒ
1430 1252 1520 1305 τὸν
1552 1252 1712 1306 αἰῶνα
1764 1249 1799 1317 ἦ
1855 1250 1923 1308 τὰ
1975 1249 2028 1304 ἐν

379 1343 456 1412 τῷ
504 1339 658 1394 αἰῶνι
718 1337 994 1417 γεγονέναι
1019 1336 1103 1397 διὰ
1144 1346 1235 1396 τοῦ
1289 1343 1481 1415 Λόγου,
1515 1339 1668 1395 ἅτινα
1697 1338 1869 1396 οἴεται
1928 1361 2027 1416 προ

379 1433 472 1485 τοῦ
537 1429 708 1505 Λόγου
791 1427 1090 1506 γεγονέναι,
1179 1424 1569 1508 Ἀναιδὲστερον
1626 1426 1680 1483 δὲ
1748 1430 2026 1505 ἱστάμενος

379 1518 512 1595 πρὸς
580 1519 664 1572 τὸ·
722 1519 820 1575 Καὶ
876 1519 1043 1597 χωρὶς
1114 1516 1271 1574 αἶ)τοῦ
1326 1516 1533 1596 ἐγένετο
1618 1515 1733 1573 ούδὲ
1811 1515 1864 1575 ἒν
1920 1516 2028 1596 (μη

380 1605 764 1681 εὒλαϐούμενος
835 1607 918 1679 τὸ,
972 1606 1060 1675 Μὴ
1125 1610 1358 1684 προσθῇς
1414 1620 1533 1670 τοῖς
1605 1605 1785 1685 λόγοις
1847 1610 2025 1681 αὐτοῦ,

379 1696 470 1753 ’ίνα
525 1696 603 1771 μὴ
673 1692 859 1773 ἐλέγξῃ
919 1717 997 1768 σε,
1064 1697 1150 1752 καὶ
1227 1694 1422 1771 ψευδὴς
1481 1695 1660 1776 γένῃ),
1719 1696 2029 1774 προστίθησι

379 1793 478 1860 τῷ,
537 1783 654 1844 οὐδὲ
682 1783 761 1857 ἔν,
817 1790 920 1840 τῶν
964 1784 1018 1840 ἐν
1046 1791 1123 1858 τῷ
1180 1785 1366 1860 κόσμῳ
1418 1786 1506 1841 καὶ
1568 1791 1637 1861 τῇ
1677 1787 1869 1846 κτίσει.
1932 1787 2030 1843 Καὶ

380 1877 496 1933 ἐπεὶ
538 1874 786 1955 προφανῆ
842 1873 954 1931 ἐστι
1011 1876 1077 1931 τὰ
1118 1871 1205 1930 ὑπ’
1274 1876 1432 1930 αὒτοῦ
1500 1873 1762 1952 λεγόμενα
1833 1872 2030 1953 σφόδρα

378 1963 721 2043 βεϐιασμένα,
780 1964 870 2020 καὶ
924 1965 1065 2037 παρά
1116 1964 1216 2031 τὴν
1265 1961 1529 2042 ἐνέργειαν
1579 1963 1644 2014 75
1693 1961 2029 2041 ἐπαγγελλό-

378 2076 536 2132 μενα,
598 2054 644 2109 εἰ
699 2053 765 2109 τὰ
834 2056 1155 2129 νομιζόμενα
1220 2052 1362 2127 αὐτῷ
1429 2057 1549 2110 θεῖα
1605 2050 1894 2110 ἐκκλείεται
1926 2052 2031 2107 τῶν

376 2145 613 2218 πάντων,
652 2143 720 2199 τὰ
749 2141 828 2215 δὲ,
859 2144 933 2207 ὣς
992 2142 1197 2206 ἐκεῖνος
1230 2141 1425 2216 οἴεται,
1484 2141 1760 2205 παντελῶς
1816 2142 2031 2222 φθειρό-

376 2256 535 2311 μενα,
583 2234 768 2312 κυρίως
826 2233 995 2289 πάντα
1038 2232 1311 2312 καλεῖται,
1366 2234 1462 2289 οὐκ
1490 2229 1909 2311 ἐπιδιατριπτὲον
1964 2235 2032 2308 τῇ

375 2324 652 2400 ἀνατροπῇ
722 2326 826 2378 τῶν
907 2321 1121 2378 αὖτόθεν
1189 2321 1289 2389 τὴν
1349 2321 1571 2378 ἀτοπίαν
1641 2320 2028 2400 ἐμφαινόντων·

378 2414 501 2471 οἷον
559 2413 614 2469 δὲ
646 2412 734 2468 καὶ
789 2412 876 2486 τὸ,
908 2411 1006 2478 τῆς
1064 2417 1280 2491 Γραφῆς
1312 2410 1601 2488 λεγοὺσης,
1636 2412 1736 2469 Καὶ
1770 2408 1836 2459 ⁸76
1864 2411 2032 2490 χωρὶς

378 2506 535 2562 αὖτοῦ
617 2500 825 2580 ἐγένετο
909 2497 1024 2556 οὐδὲ
1118 2501 1196 2574 ἔν,
1283 2499 1625 2579 προστιθέντα
1704 2501 1861 2559 αὐτὸν
1909 2500 2031 2554 ἄνευ

375 2590 707 2673 παραμυθίας
778 2595 875 2658 τῆς
931 2589 1037 2646 ἀπὸ
1088 2595 1187 2657 τῆς
1260 2591 1472 2669 Γραφῆς
1536 2591 1622 2659 τὸ,
1680 2595 1786 2645 τῶν
1843 2588 1896 2645 ἐν
1954 2594 2032 2661 τῷ

374 2684 565 2757 κόσμω
619 2681 716 2737 παὶ
756 2685 823 2757 τῇ
877 2679 1067 2759 κτίσει,
1124 2676 1262 2754 μηδὲ
1320 2679 1459 2754 μετὰ
1500 2681 1850 2745 πιθανοτητος
1894 2678 2031 2734 ἀπο-

378 2774 675 2853 φαινεσθαι,
748 2766 1078 2825 πιστεύεσθαι
1111 2767 1353 2834 ἀξιοῦντα
1401 2769 1598 2845 ὁμοίως
1644 2769 1940 2848 προφήταις
1993 2765 2028 2834 ἤ

377 2859 719 2935 ἀποστόλοις,
821 2871 940 2921 τοῖς
1027 2855 1143 2933 μετ’
1216 2856 1447 2923 ἐξουσίας
1516 2858 1603 2913 καὶ
1671 2856 2028 2920 ἀνυπευθύνως

373 2947 747 3006 καταλείπουσι
811 2959 927 3010 τοῖς
985 2946 1100 3002 καθ’
1169 2946 1366 3011 αὑτούς
1410 2946 1498 3001 καὶ
1538 2941 1652 3020 μεθ’
1698 2945 1882 3008 αὐτοὺς
1915 2965 2027 3000 σω-

376 3041 534 3118 τήρια
591 3035 902 3117 γράμματα.
963 3025 1095 3093 "En
1154 3033 1208 3091 δὲ
1267 3033 1407 3099 ἰδίως
1461 3036 1548 3090 καὶ
1592 3036 1706 3095 τοῦ.
1754 3034 1930 3091 Πάντα
1961 3033 2026 3089 δι’

380 3134 534 3190 αὐτοὺ
589 3127 821 3206 ἐγένετο,
898 3124 1169 3201 ἐξήκουσε,
1259 3126 1474 3206 φάσκων
1545 3124 1638 3179 τὸν
1694 3124 1791 3191 τὴν
1863 3123 2032 3185 αἰτίαν

2117 891 2201 953 ris
2234 891 2556 968 Valentini,
2579 901 3105 975 enarrantem,hoc
3128 894 3351 957 dictum
3380 919 3392 954 :
3421 897 3641 960 Omnia
3661 919 3775 980 per

2115 982 2313 1060 ipsum
2332 984 2502 1059 facta
2519 990 2661 1044 sunt
2682 983 2767 1054 73,
2801 992 3028 1058 coacte,
3061 991 3119 1045 et
3141 983 3305 1046 nullo
3330 992 3479 1049 teste
3504 988 3770 1051 adhibito

2115 1071 2425 1151 excepisse
2462 1071 2774 1146 mundum,
2811 1081 2869 1134 et
2899 1091 3026 1154 quae
3056 1074 3116 1135 in
3137 1073 3268 1153 ipso
3302 1083 3478 1150 sunt;
3510 1095 3579 1139 ac
3600 1098 3771 1142 voca-

2113 1158 2278 1233 bulo,
2317 1163 2543 1237 omnia,
2580 1162 2925 1236 exclusisse,
2962 1170 3250 1241 quontum
3279 1163 3466 1243 ipsius
3496 1165 3629 1247 fert,
3659 1168 3769 1249 hy-

2113 1250 2400 1329 pothesis,
2433 1250 2546 1313 ista
2573 1250 2781 1331 quaain
2815 1250 3063 1334 mundo,
3089 1249 3274 1333 inque
3307 1270 3377 1314 eo
3429 1254 3769 1319 exsistenti-

2113 1337 2223 1399 bus
2254 1348 2392 1401 sunt
2456 1340 2887 1420 praestantiora.
2933 1342 3052 1403 Per
3115 1339 3375 1403 Verbum
3418 1347 3605 1413 enim.
3670 1345 3767 1408 in-

2114 1429 2259 1509 quit,
2294 1447 2414 1491 non
2434 1432 2750 1506 saeculum,
2783 1446 2894 1493 nec
2920 1447 3055 1510 qua
3077 1436 3143 1492 in
3170 1430 3390 1494 saeculo
3416 1440 3581 1507 sunt,
3604 1434 3771 1513 facta

2110 1518 2253 1578 ὖθό
2271 1520 2480 1599 fuere;
2517 1518 2863 1580 existimans
2886 1519 2984 1581 illa
3012 1529 3150 1580 ante
3179 1518 3441 1583 Verbum
3484 1523 3768 1587 existitis-

2112 1626 2200 1669 se.
2240 1609 2651 1688 lmpudentius
2684 1609 2868 1670 etiam
2900 1608 3128 1670 instans
3171 1610 3242 1672 ad
3300 1610 3444 1671 illud
3478 1629 3497 1673 .·
3529 1613 3673 1677 Sine
3701 1633 3771 1679 eo

2109 1696 2335 1776 factum
2367 1715 2424 1759 cs
2453 1697 2612 1759 nihil
2641 1703 2860 1777 (neque
2889 1697 3110 1759 vcritus
3136 1697 3280 1759 illud
3308 1716 3322 1760 :
3347 1700 3439 1764 Ne
3457 1701 3770 1767 addideris

2111 1803 2352 1847 εει-τηου
2365 1785 2495 1847 ibus
2524 1787 2754 1866 cjus,nc
2771 1794 2824 1847 te
2843 1786 3262 1867 redarguat,et
3290 1788 3553 1853 mendax
3570 1792 3765 1874 sic“),

2114 1875 2199 1935 illi
2221 1876 2384 1936 nihil
2411 1875 2972 1954 addit,eorum,quae
2993 1877 3055 1936 in
3077 1875 3299 1938 mundo
3313 1885 3548 1953 sunt,et
3562 1881 3629 1942 in
3647 1880 3765 1945 hac

2114 1965 2526 2027 creationc.Et
2577 1965 2856 2044 quoniam
2905 1970 3173 2044 apertum
3216 1973 3325 2036 est,
3380 1965 3539 2029 dicta
3576 1969 3764 2050 ipsius

2059 2068 2091 2118 ,ι
2116 2055 2284 2115 valde
2314 2061 2520 2115 coacta
2550 2070 2705 2129 esse,
2742 2062 3073 2134 praeterque
3101 2053 3456 2117 evidentiam
3491 2077 3761 2138 pronun-

2117 2141 2275 2210 tiata,
2313 2141 2363 2202 si
2392 2160 2525 2223 quae
2554 2141 2680 2222 ipse
2728 2141 2928 2203 divina
2979 2141 3277 2223 apinatur,
3313 2143 3705 2212 excludantur
3731 2169 3764 2213 a

2114 2250 2256 2294 voce
2285 2238 2724 2313 omnium,quze
2751 2250 2891 2293 vero
2909 2241 3047 2293 sunt
3074 2231 3359 2312 opinione
3386 2251 3492 2295 sua
3517 2238 3763 2302 omnino

2113 2320 2549 2401 corruptibilia,
2586 2321 2825 2402 proprie
2856 2320 3130 2383 dicantur
3145 2327 3375 2397 omnia;
3404 2342 3521 2387 non
3543 2327 3762 2391 immo-

2114 2411 2365 2473 randum
2399 2409 2572 2471 nobis
2601 2419 2690 2472 est
2745 2411 2839 2485 his
2869 2410 3266 2485 confutandis,
3296 2430 3426 2493 qum
3449 2432 3518 2474 ex
3555 2433 3620 2477 se
3650 2417 3762 2479 ab-

2115 2499 2294 2561 surda
2324 2508 2633 2581 apparent.
2668 2498 2852 2572 Quale
2882 2509 2970 2560 est
2999 2499 3146 2561 illud
3175 2498 3376 2578 etiam,
3411 2504 3567 2583 quod
3596 2503 3762 2569 Scri-

2116 2597 2283 2669 ptura
2314 2590 2552 2651 dicente
2587 2588 2859 2651 :Etsine
2888 2592 3017 2668 ipso
3042 2588 3275 2667 factum
3303 2591 3611 2665 estnihil;
3634 2594 3764 2675 ipse

2111 2678 2278 2740 addit
2309 2681 2437 2741 sine
2486 2677 2834 2740 auctoritate
2864 2678 3431 2758 Scripturae,corum
3462 2697 3597 2759 quae
3622 2692 3762 2747 sunt

2112 2770 2176 2828 in
2193 2768 2418 2830 mundo
2436 2775 2493 2830 et
2510 2770 2846 2843 creatione;
2864 2768 3022 2847 quod
3056 2785 3249 2848 neque
3267 2786 3399 2830 cum
3434 2769 3762 2850 probabili-

2113 2864 2229 2918 tate
2278 2856 2639 2938 pronuntiat,
2699 2857 2802 2918 sed
2858 2856 3104 2934 dignum
3165 2874 3231 2917 se
3279 2865 3459 2936 putat,
3494 2861 3590 2922 cui
3643 2881 3764 2926 non

2113 2964 2284 3007 secus
2317 2956 2493 3025 atque
2524 2946 2832 3027 prophetis
2862 2947 2950 3007 vel
2981 2945 3268 3026 apostolis
3326 2948 3625 3026 credatur,
3662 2954 3764 3034 qui

2114 3054 2244 3095 cuiu
2278 3035 2624 3097 auctoritate
2646 3044 2704 3095 et
2724 3034 3020 3115 inculpate
3059 3035 3271 3097 coaevis
3302 3037 3427 3097 suis
3454 3056 3524 3099 ac
3557 3048 3762 3120 poste-

2119 3124 2201 3185 ris
2222 3123 2500 3184 salutaria
2547 3123 2768 3205 scripta
2795 3124 3195 3204 reliquerunt.
3229 3125 3356 3187 Jam
3398 3144 3538 3189 vero
3570 3137 3629 3191 et
3656 3130 3770 3193 hoc

380 3216 729 3299 παρασχόντα
824 3214 921 3283 τῆς
1016 3213 1272 3293 γενέσεως
1345 3220 1441 3269 τοῦ
1506 3213 1709 3287 κόσμου
1788 3209 2029 3299 169731;-

2116 3213 2598 3294 (Ιιειυῐηεοηιηίιι
2627 3231 2736 3293 per
2754 3214 2963 3294 ipsum
2979 3215 3151 3290 facta
3168 3224 3343 3295 sunt;
3379 3233 3558 3278 secus
3591 3236 3768 3299 quam

387 3286 613 3388 μιόυργξ)
640 3308 733 3363 τὸν
789 3304 961 3385 Λόγον
1016 3286 1168 3377 ό¹ντα,
1214 3303 1275 3399 οὐ
1316 3304 1408 3359 τὸν
1450 3300 1539 3383 ἀφ’
1609 3302 1689 3399 ού,
1749 3300 1786 3370 ἢ
1825 3298 1916 3399 inp’
1948 3301 2029 3399 oi,

2116 3286 2216 3364 alii
2246 3286 2791 3383 exposuit,dicens:'
2820 3286 3077 3399 Verbum
3108 3303 3264 3399 illud
3292 3286 3425 3399 esse
3442 3286 3768 3385 quodcun-

381 3396 514 3453 ἀλλὰ
542 3399 633 3453 τὸν
689 3393 762 3451 δι’
800 3396 882 3474 οὗ,
916 3393 1033 3472 περὶ
1058 3399 1163 3449 τῶν
1211 3390 1266 3448 ἐν
1312 3398 1381 3469 τῇ
1442 3391 1686 3464 συνηθείᾳ
1737 3391 1924 3470 φράσιν
1967 3388 2029 3439 77

2112 3410 2240 3454 sam
2263 3393 2666 3470 generationis
2689 3392 2902 3454 mundi
2924 3392 3253 3471 praebuerit
3284 3394 3506 3474 opiﬁci,
3530 3412 3640 3458 nec
3671 3404 3766 3460 ta-

378 3485 730 3566 ἐκδεχόμενος
761 3506 824 3561 το
867 3481 1261 3562 γεγραμμένον.
1298 3483 1356 3539 Εἰ
1401 3482 1524 3560 γὰρ,
1557 3482 1631 3545 ὡς
1662 3492 1799 3553 νοεῖ,
1833 3481 1868 3548 ἡ
1898 3479 2029 3551 ait.

2114 3499 2252 3544 men
2269 3480 2452 3544 Verbo
2465 3490 2800 3562 competere
2816 3483 3408 3563 particulam,aquo,
3420 3484 3508 3545 vel
3518 3502 3597 3547 ea:
3615 3504 3771 3566 quo-

374 3579 491 3633 θεια
548 3576 652 3633 τῶν
708 3573 1036 3653 πραγμάτων
1091 3569 1184 3643 ἦν,
1241 3569 1344 3627 ἔδει
1413 3568 1498 3628 διὰ
1551 3576 1644 3627 τοῦ
1706 3567 2029 3649 δημιουργοῦ

2113 3572 2215 3632 sed
2242 3588 2355 3651 per
2372 3587 2570 3652 quem,
2604 3589 2671 3631 ex
2699 3571 3000 3633 communi
3032 3570 3311 3653 loquendi
3339 3574 3775 3638 consuetudine

373 3665 661 3745 γεγράφθποι
704 3664 875 3724 πάντα
910 3660 1182 3741 γεγονεναι
1239 3661 1341 3717 ὑπὸ
1399 3669 1494 3718 τοῦ
1535 3657 1743 3748 Λόγου,
1800 3661 1921 3739 οὐχὶ
1976 3656 2029 3715 δὲ

2116 3659 2481 3741 Scripturam
2509 3679 2839 3741 exponens.
2874 3660 2988 3723 Sed
3021 3661 3072 3722 si
3112 3678 3316 3723 rerum
3351 3662 3572 3725 veritas
3619 3674 3771 3748 erat,

370 3754 635 3812 ἀνάπαλιν
691 3752 776 3810 διὰ
831 3758 925 3809 τοῦ
983 3750 1156 3828 Λόγου
1212 3751 1313 3805 ὑπὸ
1372 3752 1468 3806 τοῦ
1524 3747 1870 3829 δημιουργοῦ.
1933 3751 2029 3807 Καὶ

2117 3750 2323 3830 utipse
2357 3758 2542 3830 putat,
2577 3750 2862 3830 scriptum
2901 3749 3083 3811 fuisse
3125 3752 3409 3833 oportuit,
3437 3760 3645 3815 omnia
3665 3747 3778 3836 per

370 3847 540 3921 ἡμεῖς
587 3843 684 3919 μὲν
726 3849 817 3913 τῇ,
853 3839 917 3896 δι’
950 3839 1028 3914 οὗ,
1063 3840 1401 3919 Χρησάμενοι
1432 3836 1739 3900 ἀκολούθως
1768 3843 1838 3914 τῇ
1868 3859 2029 3904 συνη-

2119 3840 2388 3920 opiﬁcem
2416 3841 2577 3917 facta
2598 3840 2790 3917 fuisse
2820 3857 2858 3901 a
2897 3837 3106 3914 Verbo,
3131 3858 3248 3900 non
3281 3840 3406 3902 vice
3439 3860 3634 3917 versa,
3667 3861 3778 3924 per

372 3936 507 4008 θείᾳ,
566 3932 659 3989 οὔκ
708 3931 1001 4009 ἀμάρτυρον
1055 3929 1153 3995 τὴν
1211 3926 1445 4008 ἐκδοχὴν
1503 3927 1810 4007 ἀφήκαμεν·
1882 3926 2034 3983 ἐκεῖ·

371 4046 462 4088 νος
497 4022 553 4080 δέ
596 4024 724 4097 πρὸς
769 4023 829 4077 τὸ
887 4023 965 4097 μὴ
996 4020 1477 4097 παραμεμυθῶσθαι
1507 4016 1571 4067 78
1599 4017 1706 4073 ἀπὸ
1748 4016 1855 4073 τῶν
1881 4015 2032 4073 θείων

371 4113 702 4192 γραμμάτων
743 4111 836 4167 τὸν
892 4105 1007 4167 καθ’
1057 4107 1240 4168 ἔαυτὸν
1281 4115 1424 4188 νοῦν,
1483 4107 1720 4189 φαίνεται
1774 4106 1863 4162 καὶ
1891 4106 2028 4161 ὑπο-

372 4204 603 4267 πτεύσας
635 4203 697 4259 τὸ
725 4198 942 4271 ἀληθὲς,
1004 4199 1092 4255 καὶ
1121 4196 1344 4263 ἀναιδῶς
1403 4201 1546 4272 αὐτῷ
1588 4193 1908 4271 ἀντιϐλέψας
1937 4193 2020 4245 79·

373 4296 505 4375 φησὶ
574 4293 699 4373 γὰρ,
758 4288 840 4346 ὅτι
899 4293 1004 4370 οὐχ
1059 4290 1132 4352 ὡς
1184 4285 1272 4345 ὑπ’
1343 4284 1506 4344 ἄλλο)
1555 4286 1891 4375 ἐνεργοῦντος
1920 4289 2026 4375 ,οιρέ

370 4373 465 4448 τὸς
522 4382 686 4439 ἐποίει
731 4382 759 4437 ὁ
832 4379 1004 4458 Λόγος
1067 4376 1182 4458 (ἴνα
1239 4377 1403 4446 νοηθῆ
1432 4377 1519 4448 τὸ,
1559 4373 1625 4432 δι’
1668 4376 1874 4456 αὐτοῦ),
1907 4373 2024 4432 ἀλλ’

372 4474 533 4531 αὒτοῦ
575 4471 906 4549 ἐνεργοῦντος
953 4467 1128 4548 ἔτερος
1172 4466 1362 4529 ἐποίει,

2126 3927 2398 3991 Verbum
2422 3929 2499 3990 ub
2521 3931 2747 4008 opiﬁce.
2780 3927 2850 3990 Et
2873 3946 2990 3989 non
3022 3928 3261 4008 quidem
3298 3948 3429 3990 cum
3455 3931 3544 3991 usi
3569 3949 3776 3994 sumus

2116 4016 2440 4091 vocabulis,
2473 4035 2812 4103 perquem,
2850 4025 3021 4098 prout
3050 4017 3110 4077 in
3142 4018 3446 4079 communi
3503 4019 3778 4083 feruntur

2118 4124 2252 4183 usu,
2288 4126 2403 4167 non
2438 4106 2569 4167 sine
2617 4116 2767 4167 teste
2818 4106 3251 4186 expositionem
3299 4105 3660 4173 dimisimus.
3695 4111 3774 4172 At

2109 4213 2247 4257 vero
2269 4195 2371 4257 ille
2404 4204 2796 4276 praeterquam
2827 4196 2982 4275 quod
3017 4213 3181 4255 suam
3206 4195 3547 4274 opinionem
3568 4216 3599 4257 e
3620 4197 3774 4262 divi-

2111 4284 2203 4347 nis
2224 4283 2550 4365 Scripturis
2570 4304 2684 4345 non
2703 4284 3281 4364 conﬁrmat,videtur
3301 4293 3359 4345 et
3382 4288 3771 4365 praesensisse

2110 4378 2446 4453 veritatem,
2476 4383 2533 4436 et
2568 4374 2948 4454 impudenter
2987 4374 3072 4436 illi
3104 4373 3475 4456 adversatus,
3510 4375 3720 4439 dicens
3757 4395 3770 4439 :

2111 4464 2250 4529 Non
2263 4466 2425 4525 enim
2446 4464 2703 4541 faciebat
2720 4465 2912 4544 ipsum
2929 4463 3179 4527 Verbum
3198 4470 3490 4543 tanquam
3502 4467 3628 4527 alio
3639 4482 3776 4546 ope-

372 4550 665 4639 rantelut
694 4557 781 4621 sic
811 4556 1247 4638 intelligeretur
1289 4555 1529 4634 vocula,
1556 4573 1666 4638 per
1697 4554 1923 4637 quem),
1958 4556 2057 4618 sed
2084 4564 2210 4636 ipso
2239 4561 2525 4634 operante
2551 4553 2713 4616 alius
2741 4552 3026 4632 faciebat.

1666 4661 1769 4724 Ea;
1811 4666 1966 4727 tam.
2014 4666 2127 4745 IlI,
2168 4680 2325 4746 pag.
2375 4661 2474 4727 68.

452 4776 595 4833 Πάνυ
638 4772 692 4830 δὲ
723 4771 935 4853 βιαίως,
962 4771 1100 4829 κατά
1128 4771 1221 4828 τὸν
1270 4770 1437 4828 τόπον
1481 4768 1769 4850 γενόμενος
1803 4773 1831 4827 ὁ
1879 4763 2029 4853 Ἡρα.

2204 4775 2492 4837 Cmterum
2508 4771 2679 4834 valde
2697 4782 2899 4835 coacte
2912 4772 2984 4834 ad
3005 4773 3514 4836 hunccontextum
3529 4774 3778 4838 veniens

368 4866 566 4942 κλέωα,
598 4865 659 4921 τὸ
719 4852 799 4922 ﬂO
841 4860 1082 4943 γέγονεν,
1139 4859 1195 4917 ἐν
1252 4861 1394 4936 αὐτῷ
1436 4860 1549 4933 ζωὴ
1590 4861 1683 4940 ἧν,
1755 4852 2023 4944 ἐξείληφεν

2112 4860 2437 4926 Heracleon
2466 4883 2478 4924 :
2507 4860 2681 4938 Quod
2707 4863 2935 4941 factum
2974 4870 3087 4939 est,
3114 4865 3179 4926 in
3219 4865 3349 4944 ipso
3377 4869 3502 4927 vita
3532 4866 3775 4948 erat70";

368 4957 488 5014 ἀντὶ
515 4978 632 5035 του,
676 4952 731 5011 ἐν
794 4955 958 5028 αὐεῷ,
1019 4953 1092 5015 εἰς
1148 4950 1265 5017 τούς
1321 4950 1623 5031 ἀνθρώπους
1680 4951 1803 5016 τοὺς
1860 4974 2025 5009 πνευ-

2112 4954 2176 5014 in
2204 4953 2330 5032 ipso
2342 4949 2763 5031 interpretatus
2779 4953 2963 5028 est,in
2980 4951 3325 5015 hominibus
3336 4956 3487 5033 spiri
3492 4952 3620 5015 tual
3626 4953 3777 5018 ibus:

372 5045 658 5125 ματικούς*
721 5043 879 5102 οἱονεὶ
935 5041 1123 5099 ταότὸν
1169 5040 1388 5116 νομίσας
1420 5038 1562 5097 εἶναι
1606 5041 1698 5096 τὸν
1728 5042 1899 5119 Λόγον
1941 5044 2028 5099 καὶ

2112 5038 2279 5123 quasi
2312 5039 2580 5102 Verbum
2612 5049 2675 5104 et
2705 5040 3045 5123 spirituales
3088 5042 3249 5106 idem
3297 5060 3428 5104 esse
3458 5041 3779 5106 arbitratus

373 5138 499 5203 τοὺς
554 5133 967 5212 πνευματικούς,
1014 5132 1057 5188 εἰ
1113 5132 1201 5189 καὶ
1257 5131 1336 5207 μὴ
1391 5136 1571 5211 σαφῶς
1614 5127 1761 5188 ταῦτ’
1819 5132 2026 5211 εἴρηκε.

2114 5129 2316 5211 fuerit,
2350 5129 2459 5192 etsi
2495 5149 2611 5191 non
2651 5140 2858 5212 aperte
2887 5131 2946 5193 id
2980 5131 3215 5194 dixerit.
3235 5131 3308 5193 At
3330 5131 3510 5194 veluti
3541 5150 3777 5195 causam

370 5229 474 5287 Καὶ
561 5223 792 5303 ὡσπερεὶ
887 5219 1203 5300 αἰτιολογῶν
1288 5237 1473 5301 φησιν’
1556 5218 1725 5277 Αὐτὸς
1779 5222 1878 5301 γὰρ
1933 5223 2029 5290 τὴν

2114 5219 2401 5301 reddens,
2435 5219 2627 5301 inquit
2653 5242 2667 5285 :
2692 5220 2806 5285 Ille
2821 5222 2984 5285 enim
3002 5224 3284 5304 primam
3313 5224 3774 5301 formationem,

370 5317 591 5399 πρώτην
669 5313 965 5394 μόρφωσιν,
1026 5311 1125 5381 τὴν
1210 5312 1347 5368 κατὰ
1402 5309 1502 5379 τὴν
1561 5307 1793 5391 γένεσιν,
1853 5311 2029 5376 αὐτοῖς

2119 5309 2324 5391 quoad
2352 5317 2551 5372 ortum
2575 5315 2823 5388 attinet,
2858 5313 3008 5391 ipsis
3033 5312 3329 5393 praebuit;
3364 5311 3443 5374 ab
3473 5309 3777 5393 alioprae-

369 5407 614 5490 παρέσχε
669 5405 737 5462 τά
792 5401 882 5460 ὑπ’
968 5399 1132 5459 ἄλλου
1211 5399 1442 5479 παρέντα
1485 5486 1500 5490 _
1521 5400 1592 5466 εἰς
1662 5400 1894 5490 μορφὴν,
1953 5416 2029 5458 κα¹

2126 5399 2403 5490 termissa
2445 5402 2514 5461 in
2542 5400 2830 5478 formam,
2875 5408 2932 5465 et
2962 5400 3507 5482 illuminationem,
3536 5408 3594 5464 et
3622 5400 3776 5464 deli-

370 5486 462 5565 εἷς
505 5486 804 5578 φωτισμὸν,
866 5491 957 5550 καὶ
1035 5491 1388 5572 παραγραφὴν
1459 5486 1591 5546 ἰδίαν
1670 5489 1888 5569 ἀγαγὼν
1956 5502 2029 5548 κα

2126 5489 2473 5553 neationem
2496 5495 2820 5572 prapriam
2866 5491 3088 5554 ducens
3105 5496 3160 5553 ct
3188 5490 3531 5557 ostendens.

371 5586 668 5653 ἀναδείξας.

454 5668 718 5731 7510an.
754 5682 794 5738 ι,
830 5665 890 5726 3.
978 5660 1046 5712 ’⁷4
1070 5664 1248 5742 P_rov.
1282 5677 1425 5742 xxx,
1458 5658 1546 5742 6._
1601 5660 1669 5742 775
1695 5659 1794 5742 Sic
1821 5659 1958 5742 cod.
1993 5661 2029 5725 E

2112 5660 2226 5724 llci.
2263 5661 2443 5727 ἓὲὃθ.
2533 5659 2595 5710 76
2622 5660 2781 5723 Duas
2812 5663 2952 5725 istas
2980 5679 3155 5723 voces
3206 5660 3435 5723 addidit
3466 5660 3648 5726 Grab.
3709 5680 3780 5724 ex

374 5751 479 5814 cit.
507 5747 640 5813 cod.
678 5744 910 5810 Bodlei.
999 5742 1061 5795 77
1095 5740 1195 5806 Sic
1235 5741 1371 5805 cod.
1406 5738 1636 5805 Bodlei.
1724 5741 1786 5791 78
1814 5738 1911 5804 Sic
1947 5742 2080 5806 cod.
2113 5744 2345 5807 Bodlei.
2432 5744 2495 5795 79
2521 5743 2623 5805 Sic
2654 5742 2737 5806 id.
2772 5743 2907 5805 cod.
2993 5743 3077 5793 79'
3107 5746 3276 5805 Joan.
3307 5758 3357 5835 1,¹
3396 5742 3459 5803 4.
