4148 6440
369 349 393 409 1
407 347 523 412 295

1258 349 1652 412 APPENDIX
1699 350 1800 413 AD
1842 348 2183 423 QUINQUE
2227 347 2514 413 [BEN/El
2557 346 2846 409 LIBROS.

3594 345 3616 403 i
3632 342 3749 411 296

1594 478 1693 541 Ea:
1735 488 1902 546 tome
1944 481 2046 563 VI,
2090 500 2246 564 pag.
2293 481 2371 547 94
2412 499 2540 564 seq.

447 588 581 649 Non
611 594 773 648 recte
795 605 935 649 vero
966 586 1301 650 Heracleon
1333 585 1669 668 suSpicatur
1692 584 1870 647 verba
1893 586 2048 669 illa,.

2180 589 2296 668 Οὐχ
2351 589 2512 666 ὑγιῶς
2569 585 2624 643 δὲ
2684 588 2713 643 6
2778 577 3084 664 ’Πρακλέων
3141 582 3530 666 ὑπολαμϐάνει,
3583 585 3760 650 Οὐδεὶς

368 674 567 738 Deum
597 691 775 738 nemo
796 675 949 739 vidit
977 693 1247 757 unquam
1263 675 1349 748 80,
1389 685 1448 737 et
1476 692 1607 756 quae
1666 683 2016 755 sequuntur,

366 762 525 827 dicta
555 763 736 827 fuisse
766 783 887 826 non
917 783 953 827 a
982 763 1301 845 discipulo,
1337 763 1441 826 sed
1465 782 1499 825 a
1532 763 1815 843 Baptista.

2101 678 2190 734 τὸν
2266 681 2395 734 Θεὸν
2454 675 2654 757 ἑώρακε
2710 676 2953 751 πώποτε,
3024 676 3114 733 καὶ
3196 675 3263 731 τὰ
3340 674 3486 749 ἑξῆς,
3545 675 3760 755 φάσκων

2103 767 2336 845 εἰρῆσθαι
2392 768 2487 824 οὐκ
2555 766 2664 822 ἀπὸ
2695 772 2788 823 τοῦ
2850 769 3113 846 μαθητοῦ,
3178 762 3299 820 ἀλλ’
3353 764 3458 821 ἀπὸ
3508 771 3599 822 τοῦ
3648 772 3760 821 Βα-

2105 874 2350 918 πτιστου.

1612 961 1714 1023 Ea:
1762 968 1915 1026 tom.
1962 964 2098 1042 VII,
2142 980 2301 1045 pag.
2373 961 2512 1026 112.

455 1068 906 1135 Maledicentius
925 1080 1126 1133 autem
1175 1068 1506 1131 Heracleon
1556 1070 1634 1132 de
1693 1070 1921 1132 Joanne
1968 1075 2027 1129 et

364 1159 676 1242 prophetis
707 1160 1035 1235 disserens,
1064 1161 1282 1242 inquit,
1296 1158 1559 1222 Verbum
1580 1176 1704 1221 esse
1730 1157 2021 1222 Servato-

360 1267 530 1330 rem;
559 1248 866 1314 Joannem
906 1267 1018 1331 per
1046 1267 1245 1312 vocem
1294 1248 1586 1328 intelligi;
1616 1265 1830 1311 sonum
1877 1267 2019 1312 vero

362 1357 490 1403 esse
519 1341 874 1403 universum
892 1338 1327 1421 prophetarum
1361 1337 1660 1400 ordinem.

2191 1067 2602 1147 Δυσφημότερον
2670 1066 2725 1123 δὲ
2769 1071 2798 1125 6
2856 1059 3156 1145 ’Πρακλέων
3217 1070 3334 1147 περὶ
3391 1066 3636 1125 Ἰωάννου)
3666 1069 3756 1125 καὶ

2105 1165 2211 1215 τῶν
2279 1162 2567 1237 προφητῶν
2623 1153 3019 1237 διαλαμϐάνων,
3079 1158 3237 1238 φησὶν
3318 1155 3400 1213 ὅτι
3478 1159 3506 1213 6
3578 1156 3751 1235 Λόγος

2106 1247 2200 1323 μὲν
2270 1249 2300 1303 6
2356 1247 2547 1325 Σωτήρ
2572 1249 2708 1326 ἐστι,
2768 1247 2918 1327 φωνὴ
2989 1246 3043 1303 δὲ
3072 1249 3106 1316 ἡ
3158 1247 3213 1304 ἐν
3252 1254 3322 1325 τῇ
3375 1248 3562 1327 ἐρήμῳ
3603 1249 3639 1316 ἡ
3669 1246 3755 1303 διὰ

2102 1336 2346 1395 Ἰωάννου
2402 1333 2770 1410 διανοουμένη,
2855 1335 2998 1416 ἦχος
3083 1333 3137 1393 δὲ
3216 1343 3363 1394 πᾶσα
3442 1336 3753 1416 προφητικῆ

2097 1424 2265 1492 τάξις.

1731 1533 1874 1595 561
1918 1535 1999 1595 Et
2024 1550 2180 1596 naa.
2234 1528 2369 1595 113.

1731 1550 1874 1595 ῦῠ-ιι
1918 1550 1999 1595 ιιι

444 1642 659 1709 Nescio
703 1642 885 1705 etiam
915 1640 1214 1724 quomodo
1271 1638 1496 1722 absque
1523 1640 1644 1703 ulla
1673 1554 2048 1723 probatione,

2115 1550 2180 1612 g.
2234 1550 2369 1595 11.5.

2186 1638 2295 1697 Οὐκ
2347 1616 2471 1695 οῖδα
2501 1636 2547 1692 δ’
2622 1637 2768 1704 ὅπως
2826 1640 2994 1719 χωρὶς
3052 1639 3230 1707 πάσης
3260 1642 3594 1708 κατασκευῆς
3626 1639 3760 1696 ἀπο-

363 1733 864 1813 enuntiet,voeem
894 1730 1160 1794 sermoni
1178 1730 1461 1809 priorem,
1493 1748 1831 1793 sermonm
1860 1729 2015 1810 ﬁeri,

362 1829 426 1884 ut
467 1829 526 1884 et
557 1820 724 1902 quasi
756 1819 971 1882 mulier
1000 1820 1063 1880 in
1087 1818 1281 1880 virum
1314 1825 1761 1880 transmutetur.
1794 1817 2019 1880 Praete-

367 1927 472 1972 rea
486 1910 655 1991 quasi
686 1915 1040 1990 potestatem
1070 1905 1299 1969 habens
1316 1906 1617 1968 condendi
1646 1907 1945 1988 dogmata,
1964 1912 2021 1968 et

367 1998 548 2061 [idem
580 1997 695 2060 sibi
734 1997 1082 2079 acquirendi
1114 2004 1171 2058 et
1200 1995 2018 2078 proficiendi:Futurum,ino

359 2087 513 2170 quit,
543 2094 613 2151 ut
656 2090 889 2150 sonitus
917 2091 1186 2149 mutetur
1214 2087 1281 2148 in
1304 2101 1538 2159 vocem;
1566 2084 1699 2147 loco
1743 2084 2017 2166 discipuli

290 2192 298 2198 ’
365 2183 632 2241 statuens
651 2193 856 2239 vocem
887 2182 1297 2238 transeuntem
1328 2172 1695 2253 ingverbum,
1721 2172 1853 2236 loco
1883 2192 2020 2236 vero

370 2266 527 2330 servi
555 2264 813 2330 sonitum
836 2270 1246 2327 transeuntem
1277 2263 1339 2325 in
1369 2281 1601 2326 vocem.

2102 1728 2365 1808 φαίνεται,
2437 1727 2537 1795 τὴν
2594 1730 2777 1807 φωνὴν
2838 1729 3153 1809 οἰκειοτέραν
3223 1728 3382 1786 οὖσαν
3438 1734 3515 1803 τῷ
3585 1727 3754 1807 λόγῳ,

2103 1818 2264 1896 λόγον
2321 1819 2574 1897 γίνεσθαι,
2661 1818 2735 1876 ὡς
2807 1819 2893 1874 καὶ
2949 1819 3044 1886 τὴν
3128 1831 3358 1897 γυναῖκα
3432 1819 3507 1881 εἷς
3597 1815 3756 1896 ἄνδρα

2103 1907 2485 1983 μετατίθεσθαι.
2551 1907 2646 1964 Καὶ
2716 1908 2790 1973 ὡς
2857 1905 3091 1973 ἐξουσίαν
3145 1907 3292 1987 ἔχων
3348 1909 3443 1965 τοῦ
3495 1906 3752 1987 δογματί-

2104 2004 2235 2073 ζειν,
2316 1997 2405 2052 καὶ
2474 1995 2832 2071 πιστεὺεσθαι,
2905 1998 2993 2054 καὶ
3067 1997 3411 2077 προκόπτειν·
3471 2000 3559 2071 Τῴ
3601 1996 3754 2075 ἣγῲ,

2101 2088 2285 2167 φησὶν,
2344 2085 2551 2142 ἔσεσθαι
2602 2085 2699 2150 τὴν
2765 2088 2838 2149 εἷς
2912 2087 3094 2166 φωνήν
3164 2084 3489 2163 μεταϐολὴν,
3578 2088 3755 2163 μαθη-

2101 2181 2193 2231 τοῦ
2245 2174 2344 2250 μὲν
2402 2173 2587 2253 χώραν
2650 2171 2818 2239 διδούς
2875 2181 2945 2252 τῇ
2998 2172 3404 2253 μεταϐάλλούσῃ
3449 2177 3521 2239 εἰς
3596 2172 3759 2253 λόγον

2104 2268 2280 2342 φωνῇ,
2331 2261 2367 2328 ἢ
2413 2260 2595 2319 δούλου
2639 2260 2693 2318 δὲ
2737 2268 2806 2341 τῇ
2834 2263 2941 2321 ἀπὸ
3000 2264 3145 2344 ἤχου
3202 2264 3276 2329 εἷς
3305 2264 3508 2343 φωνὴν.

1820 2369 1893 2433 Et
1930 2378 2071 2453 post
2103 2386 2347 2452 pauca.

450 2480 746 2542 Praeterea
771 2475 1123 2558 prophetam
1154 2482 1213 2536 et
1236 2474 1426 2538 Eliam
1445 2492 1578 2537 cum
1611 2474 1907 2538 Servator
1935 2476 2022 2554 ip-

372 2586 508 2632 sum
534 2568 704 2641 dicit,
736 2565 951 2647 inquit,
994 2582 1119 2628 non
1166 2566 1364 2646 ipsum
1417 2564 1705 2641 declarat,
1739 2565 1840 2628 sed
1891 2581 2025 2646 qua:

368 2664 513 2723 sunt
540 2659 706 2721 circa
737 2659 977 2737 ipsum:
1006 2673 1142 2716 cum
1171 2672 1310 2716 vero
1367 2654 1656 2734 majorem
1691 2654 2019 2737 prophetis,

370 2758 431 2812 et
461 2746 559 2810 his
582 2746 684 2829 qui
724 2753 863 2809 sunt
891 2744 1051 2807 inter
1076 2752 1246 2806 natos
1286 2743 1632 2819 mulierum,
1666 2752 1805 2807 tunc
1828 2744 2023 2825 ipsum

369 2837 662 2901 Joannem
732 2834 1033 2915 designat.
1084 2834 1388 2915 Proinde,
1444 2833 1637 2914 inquit
1667 2832 2019 2911 Heraeleon,

370 2926 642 2990 Joannes
692 2930 820 3007 ipse
860 2926 1297 3005 interrogatus,
1331 2923 1406 2985 de
1441 2925 1642 3005 seipse
1672 2923 2022 3004 respondet,

368 3034 491 3079 non
513 3017 592 3080 de
619 3014 735 3092 his,
767 3030 902 3097 qua:
931 3014 1099 3077 circa
1125 3015 1325 3095 ipsum
1360 3020 1525 3076 sunt.

2187 2473 2285 2532 Καὶ
2354 2472 2634 2552 προφήτην
2718 2472 2816 2548 μὲν
2884 2475 2972 2530 καὶ
3029 2472 3215 2531 Ἠλίαν
3272 2475 3300 2530 ὁ
3361 2475 3553 2556 Σωτὴρ
3623 2474 3755 2538 ἐπὰν

2105 2564 2261 2620 αὐτὸν
2316 2560 2476 2640 λέγῃ,
2570 2562 2665 2619 οὐκ
2751 2563 2928 2639 αὐτὸν,
3014 2560 3154 2620 ἀλλὰ
3216 2564 3283 2621 τα
3365 2566 3482 2643 περὶ
3566 2565 3750 2641 αδτοῦ,

2105 2653 2255 2733 φησὶ,
2314 2648 2567 2711 διδάσκειο
2615 2650 2741 2708 ὅταν
2795 2650 2849 2708 δὲ
2933 2652 3147 2728 μείζονα
3231 2655 3518 2734 προφητῶν
3563 2658 3650 2713 καὶ
3698 2656 3750 2711 ἐν

2107 2752 2388 2821 γεννητοῖς
2434 2747 2722 2820 γυναικῶν,
2782 2740 2901 2799 τότε
2931 2745 3087 2802 αὐτὸν
3128 2743 3220 2799 τὸν
3279 2743 3532 2811 Ἰωάννην
3573 2767 3746 2824 χαρα-

2105 2832 2361 2911 κτηρίζει,
2420 2831 2585 2894 Αὐτὸς
2656 2830 2735 2906 δὲ,
2808 2832 2960 2912 φησὶ,
3047 2832 3165 2913 περὶ
3220 2834 3408 2889 ἐαυτοῦ
3463 2831 3745 2911 ἐρωτώμε-

2106 2943 2192 2985 νις
2275 2919 2611 3008 ἀποκρίνεται
2680 2922 2709 2977 6
2807 2920 3086 2998 Ἰωάννης,
3169 2925 3229 2982 οὗ
3310 2923 3376 2979 τὰ
3444 2922 3569 3001 περῖ
3652 2922 3753 2980 αὒ-

2109 3013 2224 3074 τὸν,

1839 3116 1921 3180 Et
1946 3135 2098 3182 naa.
2134 3116 2276 3178 117.

1839 3135 1921 3180 Μ
1940 3135 2048 3201 Pa:

447 3226 785 3291 Heracleon
798 3243 938 3290 vero
959 3223 1297 3307 approbans
1326 3243 1669 3289 sermonem
1701 3225 2048 3288 Pharisao-i

2134 3135 2276 3178 111.

2189 3220 2618 3303 Παραδεξάμενος
2689 3221 2745 3281 δὲ
2805 3226 2833 3281 6
2907 3214 3214 3303 Ἡρακλέων
3284 3225 3376 3281 τὸν
3427 3224 3534 3283 τῶν
3584 3232 3757 3305 Φαριο

370 3339 504 3384 rum
534 3318 694 3382 velut
719 3324 884 3379 recte
914 3314 1326 3396 dictum.quod
1350 3316 1645 3396 Christus,
1678 3323 1736 3376 et
1764 3314 1944 3390 Elias,
1965 3321 2025 3376 et

371 3409 568 3473 omnis
611 3407 902 3488 propheta
934 3403 1150 3467 debeat
1177 3403 1501 3485 baptizare,
1532 3405 1626 3465 his
1657 3403 1802 3485 ipsis
1827 3403 2024 3468 verbis

374 3498 458 3561 ait
487 3514 502 3561 :
540 3494 767 3571 Quibus
793 3492 938 3557 solis
965 3492 1266 3556 incumbit
1298 3493 1658 3575 baptizare“

2104 3314 2268 3370 σαίων
2338 3310 2525 3391 λόγον,
2585 3315 2659 3376 ὡς
2714 3314 2876 3391 ὑγιῶς
2929 3313 3231 3393 εἰρημένον,
3276 3314 3514 3393 περὶτοῦ
3544 3314 3758 3394 ὀφείλε-

2107 3406 2223 3460 σθαι
2293 3403 2354 3458 τὸ
2421 3403 2691 3479 βαπτίζειν
2747 3405 2978 3483 Χριστῷ,
3052 3405 3141 3461 καὶ
3197 3401 3373 3477 Ἠλίᾳ,
3445 3406 3534 3461 καὶ
3602 3406 3756 3462 παντὶ

2105 3492 2376 3573 προφήτῃ,
2436 3495 2624 3557 αὐταῖς
2682 3490 2851 3560 λέξεσι
2918 3509 3103 3574 φησιν’
3156 3501 3254 3556 Ott;
3308 3495 3492 3568 μόνοις
3541 3493 3755 3575 ὀφείλε-

2104 3604 2193 3639 ται
2249 3582 2311 3638 16
2379 3582 2671 3659 βαπτίζειν,

1577 3689 1771 3753 Initio
1813 3691 1969 3752 tomi
2011 3690 2178 3772 VIII,
2206 3706 2364 3772 pag.
2406 3688 2542 3755 122.

449 3799 739 3883 Equidem
769 3796 1101 3863 Heracleon
1129 3796 1743 3875 existimat,Joannem
1766 3816 2021 3879 respon-

371 3893 518 3956 dere
548 3890 665 3967 his,
697 3889 798 3971 qui
828 3908 864 3952 a
894 3888 1211 3953 Pharisaais
1242 3886 1410 3949 missi
1442 3887 1863 3969 fuerant,quod
1895 3888 2025 3970 ipse

370 3979 624 4055 volebat,
659 3998 778 4041 non
808 3978 878 4040 ad
908 3976 967 4040 id
991 3976 1151 4058 quod
1196 3975 1284 4038 illi
1313 3976 1856 4059 interrogaveram;
1906 3996 2025 4040 non

370 4070 687 4133 advertens
728 4087 794 4130 se
817 4068 1092 4130 incusare
1124 4067 1478 4148 prophetam
1513 4067 1847 4142 inscitiaa,si
1862 4066 2025 4130 aliud

369 4160 788 4239 interrogatus,
820 4156 981 4220 aliud
1012 4155 1347 4238 respondit.

2191 3788 2249 3857 Ὀ
2319 3798 2417 3875 μὲν
2478 3790 2782 3879 ’Πρακλέων
2869 3797 3067 3881 οἴεται,
3147 3797 3227 3855 ὅτι
3297 3798 3637 3879 ἀποκρίνεται
3726 3803 3754 3856 ὃ

2107 3886 2361 3955 Ἰωάννης
2404 3900 2522 3953 τοῖς
2556 3888 2615 3944 ἐκ
2658 3894 2764 3945 τῶν
2807 3889 3107 3967 Φαρισαίων
3138 3890 3476 3969 πεμφθεῖσιν,
3511 3889 3571 3946 οὗ
3620 3889 3754 3970 πρὸς

2106 3976 2136 4034 ὅ
2208 3976 2409 4035 ἐκεῖνοι
2475 3977 2791 4058 ἐπηρώτων,
2846 3975 2967 4035 ἀλλ’
2998 3976 3028 4034 ὅ
3051 3982 3207 4042 αὐτος
3257 3975 3525 4037 ἐϐούλετο·
3572 3978 3756 4036 ἑαυτὸν

2107 4065 2400 4147 λανθάνων,
2489 4066 2569 4125 ὅτι
2647 4080 2944 4148 κατηγορεῖ
3014 4075 3109 4125 τοῦ
3169 4069 3442 4149 προφήτου
3509 4067 3759 4146 ἂμαθίας,

2107 4156 2224 4235 εἴγε
2268 4154 2399 4213 ἄλλο
2456 4156 2794 4235 ἐρωτώμενος
2849 4157 2969 4238 περὶ
3022 4155 3187 4216 ἄλλοι)
3242 4157 3603 4238 ἀποκρίνεται,

1710 4276 1787 4337 Et
1810 4294 1975 4358 pag.
2004 4274 2122 4340 199
2149 4282 2211 4339 et
2241 4292 2415 4357 seqq.

454 4384 891 4459 Heracleoan
909 4383 1107 4447 medio
1130 4383 1317 4445 vestri
1339 4390 1459 4445 stat
1489 4382 2024 4463 80,interpretatur:

2197 4374 2253 4442 εΟ
2315 4376 2618 4467 Ἠρακλὲων
2668 4388 2752 4462 τὸ,
2811 4384 2985 4449 Μέσος
3069 4385 3217 4461 ὑμῶν
3298 4384 3513 4462 ἕστηκε,
3577 4386 3757 4467 φησὶν,

370 4476 512 4541 lam
543 4475 798 4557 adest,et
822 4481 909 4537 est
928 4476 995 4536 in
1014 4471 1444 4551 mundo,atque
1464 4478 1627 4537 inter
1652 4472 2014 4551 homines,et

2112 4473 2212 4529 ὶντὶ
2267 4474 2385 4553 τοῦ,
2439 4465 2597 4544 ’Ἡδη
2654 4477 2900 4556 πάρεστι,
2961 4476 3050 4533 καὶ
3104 4474 3246 4531 ἔστιν
3296 4475 3351 4532 ἐν
3408 4480 3487 4550 τῷ
3547 4465 3757 4551 κόσμῳ,

373 4567 646 4629 omnibus
669 4564 834 4627 vobis
861 4566 988 4641 iam
1023 4560 1281 4626 visibilis
1309 4568 1416 4624 est.
1449 4560 1579 4624 Non
1635 4560 1894 4623 absurde
1924 4569 2016 4622 ta-

2112 4564 2188 4619 ιιαὶ
2244 4562 2297 4618 ἐν
2366 4564 2682 4646 ἀνθρώποις,
2744 4567 2833 4623 καὶ
2887 4565 3129 4645 ἐμφανής
3227 4565 3368 4622 ἐστιν
3422 4563 3528 4634 ἢδη
3602 4571 3764 4624 πᾶσιν

375 4673 514 4736 men
550 4653 705 4736 apud
758 4670 891 4714 eum
925 4648 1163 4726 dicitur,
1198 4648 1354 4730 quod
1386 4649 1565 4711 verba
1602 4650 1727 4727 illa,
1761 4651 1868 4729 qui
1890 4655 2020 4729 post

372 4762 467 4807 me
480 4734 1346 4825 ben'it81,declarent.loannem
1371 4757 1799 4819 praecursorem
1825 4738 2023 4801 Chris-

374 4833 417 4894 ti
446 4830 728 4895 exsistere
764 4846 943 4893 :vere
972 4826 1130 4890 enim
1177 4845 1296 4887 non
1351 4845 1527 4889 secus
1568 4836 1743 4907 atque
1774 4826 2029 4889 famulus

375 4921 686 5002 praecurrit
738 4917 1082 4980 Dominum.
1145 4914 1344 4994 Longe
1397 4934 1535 4977 vero
1590 4915 1921 4997 simplicius
1959 4936 2029 4978 ea

372 5008 553 5072 verba
591 5009 1013 5087 interpretatus
1045 5015 1171 5066 est:
1199 5002 1339 5066 Non
1383 5023 1521 5067 sum
1560 5023 1667 5086 ego
1705 5006 1931 5087 dignus
1958 5015 2029 5068 ut

372 5097 602 5161 solvam
623 5097 748 5175 eius
766 5094 1096 5174 corrigiam
1110 5092 1552 5159 calceamentiBl
1567 5102 1583 5117 '
1596 5094 1865 5176 ;perinde
1877 5114 2027 5177 qua-

374 5188 423 5249 si
450 5187 702 5249 fateatur
717 5184 978 5265 Baptista
997 5182 1091 5245 his
1122 5182 1410 5261 verbis,se
1432 5203 1622 5268 neque
1637 5186 2029 5265 dignum,qui

373 5276 591 5339 ultima
611 5276 801 5356 ofﬁcia
837 5275 901 5336 in
924 5272 1235 5336 Christum
1257 5273 1553 5353 conferat.
1589 5274 1864 5338 Attamen
1899 5284 2030 5356 post

374 5366 528 5429 hanc
568 5363 1004 5447 expositionem
1046 5362 1189 5425 satis
1233 5364 1625 5442 probabiliter
1671 5363 2022 5445 subjunxit:

372 5454 513 5521 Non
537 5472 674 5519 sum
700 5473 813 5535 ego
838 5453 1109 5531 idoneus,
1132 5460 1200 5516 ut
1229 5455 1349 5516 mei
1391 5456 1598 5536 gratia
1633 5455 1947 5518 descendat
1988 5472 2027 5518 a

2103 4652 2255 4727 ὑμῖν.
2317 4655 2424 4712 Οὔκ
2491 4655 2757 4720 ἀπιθάνως
2827 4653 2884 4712 δὲ
2939 4653 3064 4735 παρ’
3096 4658 3239 4730 αὐτῷ
3266 4653 3507 4734 λέγεται,
3540 4654 3623 4711 ὅτι
3673 4656 3760 4724 τὸ.

2106 4738 2276 4798 ὅπίσω
2360 4765 2461 4818 μου
2547 4743 2864 4825 ἐρχόμενος,
2956 4745 3018 4801 τὸ
3088 4741 3382 4824 πρόδρομον
3452 4744 3596 4801 εἶναι
3671 4745 3765 4801 τὸν

2112 4826 2365 4899 Ἰωάννην
2440 4843 2535 4893 τοῦ
2595 4841 2825 4915 Χριστοῦ
2875 4831 3058 4902 δηλοῖ·
3118 4832 3332 4902 ἀληθῶς
3388 4834 3489 4913 γὰρ
3540 4834 3769 4914 ὡσπερεὶ

2111 4920 2320 4989 οἰκέτης
2374 4921 2482 4980 ἐστὶ
2554 4926 2868 5005 προτρέχῶν
2909 4923 3000 4980 τοῦ
3033 4922 3243 5002 Κυρίου,
3294 4922 3437 4980 Πολὺ
3481 4921 3536 4978 δὲ
3563 4922 3767 4981 ἁπλού-

2111 5031 2294 5089 στερον
2383 5014 2468 5087 τὸ,
2541 5015 2647 5071 Οὐκ
2717 5014 2823 5090 εἰμὶ
2883 5010 3024 5079 ἄξιος
3076 5010 3171 5067 ’ἵνα
3241 5010 3387 5069 λύσω
3442 5014 3604 5070 αὐτοῦ
3678 5015 3768 5069 τὸν

2109 5099 2301 5175 ἱμάντα
2386 5110 2479 5159 τοῦ
2552 5100 2916 5179 ὑποδήματος,
2978 5098 3272 5180 ἐξείληφεν,
3351 5099 3438 5157 ὅτι
3490 5099 3608 5160 οὐδὲ
3666 5106 3767 5169 τῆς

2110 5190 2440 5265 ἀτιμοτάτης
2551 5194 2840 5272 ὓπηρεσίας
2951 5196 3051 5259 τῆς
3134 5192 3268 5270 πρὸς
3351 5193 3444 5248 τὸν
3543 5192 3769 5271 Χριστὸν

2110 5278 2253 5344 ἄξιος
2317 5281 2486 5356 εἶναι,
2512 5279 2597 5340 διὰ
2632 5283 2834 5340 τούτων
2877 5280 2906 5336 ὀ
2937 5279 3244 5346 Βαπτιστὴς
3301 5276 3584 5357 ὁμολογεῖ,
3618 5276 3769 5347 Πλὴν

2110 5370 2247 5444 μετὰ
2312 5371 2512 5439 ταὺτην
2540 5372 2638 5439 τὴν
2697 5369 2931 5451 ἐκδοχὴν
2987 5368 3082 5426 οὐκ
3124 5369 3391 5434 ἀπιθάνως
3434 5365 3765 5436 ὑποϐέϐληκε

2107 5460 2192 5515 16°
2226 5460 2334 5517 Οὐκ
2364 5459 2473 5536 ἐγώ
2531 5461 2639 5537 εἰμι
2687 5461 2892 5535 ἱκανὸς,
2947 5458 3041 5515 ἵνα
3097 5455 3172 5515 δι’
3230 5456 3328 5534 ἐμὲ
3385 5456 3614 5535 κατέλθῃ
3660 5456 3768 5514 ἀπὸ

455 5664 898 5743 9010an.t,18
1004 5663 1089 5714 80'
1120 5660 1293 5726 Joan.
1329 5664 1504 5745 1,26.
1592 5663 1642 5708 εί
1672 5663 1853 5745 Ibid.,
1893 5664 1985 5729 i5.
2073 5667 2147 5711 81⁸
2180 5665 2359 5752 Ibid.,
2394 5670 2492 5731 27.
