4148 6418
419 443 562 508 I297
1661 443 2139 513 FRAGMENTA
2183 448 2290 514 GN
2294 450 2561 517 OSTICA
3647 464 3801 530 1298

403 578 701 675 p.516-003,-
738 583 840 675 ,καὶ
922 581 1090 675 σάρκα
1184 580 1348 675 λάϐῃ,
1379 671 1393 675 Α
1420 585 1495 675 ὡς
1583 581 1879 675 ιῖνιτόδημα,⁸
1945 582 2056 675 περὶ

2146 584 2591 675 magnitudine,
2616 595 2678 651 et
2697 606 2951 654 carnem
2979 594 3258 675 accipiat,
3289 612 3396 659 ceu
3415 594 3803 662 calceamen-

403 666 469 735 ἧς
497 666 631 747 ’ἐγώ
685 668 845 748 λόγον
911 669 1199 765 αποδοῦναι
1256 674 1319 730 οὒ
1373 671 1619 749 δύναμαι,
1688 671 1804 731 οὐδὲ
1859 672 2056 765 διηγή-

2147 678 2293 744 tum,
2314 673 2387 736 de
2405 691 2526 753 qua
2558 666 2856 742 rationem
2879 666 3136 746 reddere
3164 666 3274 765 ego
3311 702 3435 748 non
3463 685 3659 765 valeo,
3691 706 3801 751 ne-

402 761 612 833 σασθαι,
699 760 735 829 ἢ
819 759 1065 818 ἐπιλῦσαι
1148 762 1247 831 τὴν
1322 765 1442 843 περὶ
1518 763 1678 832 αὐτῆς
1734 764 2056 838 οἰκονομίαν,

2145 775 2256 854 que
2277 781 2593 843 enarrare,
2626 767 2715 830 vel
2743 770 2977 833 solvere
3022 772 3098 833 de
3123 759 3260 853 ipsa
3290 759 3801 854 dipensationem.

400 846 707 941 ’a6pdt5p0v
764 847 820 905 δὲ
889 851 979 907 καὶ
1022 849 1525 941 μεγαλοφυέστερον
1557 856 1585 910 6
1642 855 1671 909 6
1715 853 1871 918 αὒτὸς
1906 847 2056 929 Ἦρα-

2145 850 2373 941 Bursus
2402 854 2599 917 minus
2631 856 2980 940 prudenter,
3010 846 3189 941 atque
3240 846 3565 925 animosius
3608 862 3802 927 Hera-

400 934 595 1018 κλέων,
667 939 870 1014 κόσμον
926 941 990 997 16
1076 938 1328 1008 ὑπόδημα
1397 940 1760 1020 ἐκδεξάμενος,
1825 942 2056 1009 μετέστη

2148 939 2478 1032 cleonipse
2503 934 2647 1006 cum
2686 963 2792 1026 per
2847 934 3118 1011 caloeum
3171 948 3596 1032 interpretatus
3644 962 3804 1017 esset

399 1027 485 1083 επὶ
580 1026 641 1084 τό
719 1027 1061 1109 ἀσεϐέστερον
1159 1030 1551 1113 ἀποφήνασθαι,
1644 1031 1804 1088 ταῦτα
1888 1032 2063 1089 πάντα

400 1114 513 1173 δεῖν
601 1118 877 1177 ἀκούεσθαι
979 1121 1068 1177 καὶ
1152 1122 1269 1201 περὶ
1364 1128 1459 1178 τοῦ
1526 1142 1812 1201 προσωπου
1880 1123 2062 1179 τούτου

400 1203 484 1261 διὰ
559 1214 652 1265 τοῦ
720 1205 964 1266 Ἰωάννου
1025 1209 1312 1283 νοουμένου
1338 1225 1352 1240 ⁸
1416 1209 1587 1268 οῗεται
1651 1212 1749 1289 γὰρ
1791 1211 1882 1269 τὸν
1943 1222 2060 1279 Δη-

401 1296 654 1375 μιουργὸν
722 1304 816 1355 τοῦ
885 1299 1091 1374 κόσμου
1144 1298 1399 1357 ἐλάττονα
1457 1298 1584 1356 ὅντα
1645 1307 1738 1358 τοῦ
1809 1306 2057 1379 Χριστοῦ,

397 1392 553 1442 τοῦτο
595 1385 885 1465 ὁμολογεῖν
944 1386 1030 1445 διὰ
1069 1388 1268 1446 τούτων
1328 1395 1435 1445 τῶν
1487 1387 1703 1465 λέξεων,
1762 1388 1890 1469 ὅπερ
1950 1389 2060 1447 ἐστί

398 1474 611 1531 πάντων
640 1474 1014 1541 ἀσεϐέστατον.
1062 1487 1102 1536 Ο
1131 1479 1232 1558 γὰρ
1274 1478 1496 1555 πέμψας
1553 1480 1707 1537 αὐτὸν
1764 1479 1969 1560 Πατὴρ,
2030 1481 2057 1536 6

398 1566 504 1620 τῶν
559 1564 774 1636 ζώντων
819 1568 975 1642 Θεὸς,
1032 1568 1106 1631 ὡς
1165 1567 1322 1632 αὐτὸς
1373 1567 1578 1635 Ἰησοῦς
1622 1582 1899 1648 μαρτυρεῖ,
1964 1575 2056 1625 τοῦ

401 1650 668 1733 Ἀϐραὰμ,
726 1657 815 1712 καὶ
870 1663 964 1713 τοῦ
1025 1654 1232 1733 Ἰσαὰκ,
1307 1658 1396 1714 καὶ
1460 1665 1543 1715 τοῦ
1596 1654 1808 1731 Ἰακὼϐ,
1872 1660 1900 1714 6
1972 1655 2057 1714 διὰ

1216 1705 1232 1738 ἳ

399 1749 554 1800 τοῦτο
616 1745 801 1824 Κύριος
830 1754 924 1804 τοῦ
954 1745 1172 1825 οὐρανοῦ
1215 1747 1303 1803 καὶ
1349 1750 1448 1814 τῆς
1507 1748 1634 1825 γῆς,
1681 1746 1762 1803 ὅτι
1820 1747 2054 1814 πεποίη-

2148 1030 2473 1124 mundum,
2491 1032 2564 1095 ad
2595 1053 2722 1095 rem
2748 1036 2931 1115 magis
2960 1036 3207 1117 impiam
3232 1030 3690 1124 transit,nempe
3724 1043 3800 1106 ad

2148 1119 2751 1212 enuntiandumJIazo
2766 1126 2974 1187 omnia
3003 1126 3267 1204 intelligi
3314 1130 3500 1192 etiam
3524 1119 3801 1212 oportere

2145 1208 2222 1270 de
2250 1227 2511 1301 persona
2554 1230 2667 1301 per
2714 1211 3010 1278 Joannem
3064 1216 3371 1282 intellecta
3408 1208 3655 1301 (nempe
3676 1219 3802 1287 De-

2145 1300 2429 1378 miurgo).
2464 1299 2775 1364 Existimat
2797 1303 2957 1365 enim
2987 1305 3194 1367 mundi
3224 1307 3500 1388 opiﬁcem
3550 1299 3796 1374 inferio-

2143 1406 2271 1449 rem
2301 1389 2537 1452 Christo
2571 1391 2978 1470 exsistentem,
3012 1393 3128 1457 hoc
3151 1413 3262 1476 per
3285 1397 3410 1459 haec
3439 1395 3623 1460 verba
3650 1398 3798 1463 fate-

2140 1477 2424 1559 ri;quod
2457 1486 2548 1541 est
2579 1480 2845 1542 omnium
2908 1482 3357 1562 impiissimum.
3410 1484 3559 1548 Nam
3616 1486 3795 1553 Pater

2141 1567 2243 1659 qui
2259 1568 2427 1659 ‘misit
2445 1568 2803 1647 illum,Deus
2832 1572 3248 1649 viventium,ut
3268 1574 3443 1638 etiam
3470 1576 3600 1659 ipse
3621 1577 3799 1642 Jesus

2139 1656 2281 1717 365
2310 1665 2581 1741 testatur,
2612 1678 2828 1741 nempe
2860 1660 3210 1743 Abrahami,
3262 1662 3450 1727 Isaaci
3483 1656 3542 1728 et
3567 1666 3801 1745 Jacobi,

2140 1755 2199 1807 et
2229 1746 2451 1808 idcirco
2483 1746 2772 1810 Dominus
2794 1749 2928 1811 coeli
2950 1758 3010 1812 et
3036 1757 3229 1829 terrae,
3264 1753 3419 1833 quod
3452 1772 3521 1815 ea
3560 1756 3802 1834 fecerit;

399 1853 490 1887 κεν
532 1835 682 1909 αὔτα,
734 1834 887 1899 οὗτος
931 1837 1019 1893 καὶ
1077 1837 1239 1911 μόνος⁵
1312 1829 1533 1915 ἆγαθὸς,
1579 1837 1668 1894 καὶ
1712 1838 1904 1913 μείζων
1961 1844 2053 1893 τοῦ

2145 1835 2236 1897 hic
2279 1835 2458 1897 etiam
2506 1836 2667 1899 solus
2698 1833 2913 1915 bon’us,
2948 1847 3007 1900 et
3038 1840 3233 1920 major
3265 1829 3357 1902 est
3386 1842 3594 1909 misso.
3629 1829 3799 1918 Quod

396 1922 749 1999 πεμφθέντος.
813 1925 871 1981 Εἰ
913 1922 968 1980 δὲ
1009 1928 1123 2000 καὶ,
1181 1926 1256 1989 ὡς
1314 1925 1734 2006 προειρήκαμεν,
1782 1924 2059 2005 ἁδρότερον

398 2011 644 2078 νενόηται
679 2014 764 2069 καὶ
810 2019 912 2080 πᾶς
969 2016 996 2070 ὁ
1046 2013 1248 2090 κόσμος
1304 2012 1556 2090 ὑπόδημα
1593 2018 1731 2071 εἶναι
1761 2017 1854 2072 τοῦ
1882 2015 2059 2081 Ἰησοῦ

394 2106 473 2175 τῷ
531 2092 879 2181 Ἠρακλέωνι,
939 2102 1062 2160 ἀλλ’
1121 2103 1216 2160 οὒκ
1274 2104 1435 2180 οἶμαι
1492 2101 1604 2161 δεῖν
1675 2104 2056 2183 συγκατατίθε-

395 2192 538 2249 σθαι.

2143 1924 2194 1985 si
2227 1925 2421 1987 minus
2468 1925 2813 2007 prudenter,
2849 1935 2915 1989 ut
2943 1935 3124 1992 antea
3173 1929 3455 2013 diximus,
3486 1931 3559 1995 ab
3603 1932 3800 1996 Hera-

2142 2014 2352 2076 cleone
2384 2014 2779 2094 excogitatum
2811 2023 2923 2094 est,
2955 2035 3197 2081 omnem
3224 2017 3403 2080 etiam
3431 2021 3675 2084 mudum
3696 2040 3798 2085 es-

2141 2122 2205 2165 se
2236 2104 2705 2167 calceamentum
2733 2103 2898 2183 Jesu,
2954 2124 3076 2168 non
3119 2107 3382 2170 arbitror
3429 2119 3708 2191 oportere
3734 2118 3805 2173 ut

2140 2192 2226 2254 illi
2260 2195 2680 2257 assentiamur.

1554 2298 1689 2365 Sub
1722 2300 1930 2380 ﬁnem
1975 2299 2137 2363 tomi
2165 2301 2271 2381 IX,
2317 2319 2476 2382 pag.
2517 2301 2655 2365 148.

477 2407 568 2466 Ἐν
622 2414 699 2483 τῷ
782 2410 931 2483 τόπῳ
1026 2413 1055 2467 6
1127 2402 1431 2490 Ἡρακλέων
1516 2410 1822 2489 γενόμενος,
1883 2408 2056 2489 χωρὶς

394 2498 576 2565 πάσης
675 2500 1008 2568 κατασκευῆς
1108 2501 1196 2557 καὶ
1292 2499 1632 2580 παραθέσεως
1732 2501 2053 2579 μαρτυρίων,

391 2587 767 2666 ἀποφαίνεται,
842 2586 923 2645 ὅτι
978 2591 1042 2646 16
1121 2591 1245 2665 μὲν,
1320 2587 1516 2665 Ἀμνὸς
1587 2594 1680 2646 106
1749 2596 1907 2661 Θεοῦ,
1984 2588 2058 2652 ὠς

392 2678 675 2757 προφήτης
733 2680 890 2758 φησὶν
935 2681 964 2735 6
1008 2677 1261 2746 Ἰωάννης
1285 2696 1299 2711 ⁸
1347 2680 1408 2735 16
1478 2676 1556 2754 δὲ,
1626 2670 1684 2735 Ὀ
1742 2677 1913 2757 αἴρων
1960 2677 2059 2744 τὴν

393 2767 652 2843 ἁμαρτίαν
700 2773 798 2824 τοῦ
852 2767 1079 2843 κόσμου,
1154 2771 1229 2833 ὡς
1312 2768 1683 2845 περισσότερον
1760 2769 2058 2847 προφήτου.

397 2860 497 2916 Καὶ
540 2857 713 2915 οἴεται
757 2861 819 2915 16
864 2860 962 2936 μὲν
1030 2863 1287 2940 πρότερον
1343 2861 1461 2939 περὶ
1517 2867 1612 2916 τοῦ
1668 2860 1914 2936 σώματος
1960 2859 2060 2915 αὖ·

392 2947 485 3004 τοῦ
548 2946 816 3028 λέγεσθαι,
875 2951 936 3005 16
996 2948 1051 3005 δὲ
1107 2948 1342 3029 δεύτερον
1399 2950 1517 3027 περὶ
1568 2955 1659 3006 τοῦ
1709 2949 1764 3005 ἐν
1805 2955 1883 3024 τῷ
1944 2949 2059 3004 σώ-

398 3059 548 3112 ματι,
610 3043 690 3111 τῷ
740 3039 831 3095 τὸν
888 3039 1056 3115 ἀμνὸν
1111 3038 1275 3108 ἀτελῆ
1338 3042 1476 3095 εἶναι
1529 3038 1584 3094 ἐν
1638 3043 1714 3112 τῷ
1770 3041 1878 3094 τῶν
1921 3061 2059 3116 προι-

396 3123 570 3183 ϐάτων
623 3126 763 3205 γένει
795 3146 806 3157 '
854 3127 992 3185 οὕτω
1046 3126 1102 3184 δέ
1160 3129 1247 3185 καὶ
1305 3128 1368 3185 16
1438 3132 1594 3202 σῶμα
1637 3128 1920 3207 παραθέσει
1963 3134 2061 3184 τοῦ

400 3216 727 3281 ἒκοινοῦντος
813 3218 979 3292 αὖτῷ.
1054 3219 1127 3276 Τὰ
1217 3214 1272 3273 δὲ
1362 3213 1567 3272 τέλειον
1663 3217 1708 3272 εί
1786 3214 2053 3292 ἐϐούλετο,

399 3305 547 3383 φησὶ,
584 3311 660 3380 τῷ
716 3304 926 3382 σώματι
984 3311 1341 3387 μαρτυρῆσαι,
1390 3305 1539 3384 κριὸν
1582 3305 1755 3362 εἰπεῖν
1781 3302 1879 3354 8⁸³⁸⁵
1930 3307 2060 3363 αὐτὸ

400 3395 457 3449 τὸ
507 3392 708 3469 μέλλον
751 3396 959 3453 θύεσθαι
971 3438 988 3457 .

2220 2406 2308 2469 Ad
2353 2407 2513 2469 hunc
2567 2408 2766 2471 locum
2794 2406 2861 2459 62
2885 2407 3221 2472 Heracleon
3269 2410 3543 2484 veniens,
3574 2411 3802 2495 absque

2141 2496 2340 2577 aliqua
2371 2496 2719 2578 probatione
2742 2505 2800 2559 et
2828 2498 3272 2579 comparatione
3298 2501 3799 2576 testimoniorum,

2143 2585 2413 2648 enuntiat
2456 2589 2747 2648 Joannem
2817 2593 3093 2667 tanquam
3156 2590 3505 2669 prophetam
3567 2589 3798 2666 dicere,

2146 2679 2349 2756 Agnus
2385 2677 2522 2753 Dei;
2556 2683 2615 2737 et
2646 2676 2805 2738 velut
2837 2677 2967 2757 plus
2990 2695 3165 2757 quam
3198 2678 3548 2758 prophetam
3568 2680 3795 2756 dicere,

2145 2766 2251 2844 qui
2282 2764 2487 2843 aufert
2512 2773 2826 2844 peccatum
2854 2764 3365 2838 mundi.Quorum
3398 2767 3658 2849 primum
3688 2787 3796 2831 ex-

2146 2853 2363 2915 istimat
2396 2853 2471 2915 de
2502 2872 2756 2934 corpore
2792 2856 2921 2935 eius
2979 2854 3121 2924 dici,
3184 2855 3514 2918 secundum
3545 2875 3688 2919 vero
3719 2858 3796 2921 de

2146 2962 2242 3015 eo,
2270 2942 2428 3023 quod
2450 2949 2539 3004 est
2562 2942 2624 3003 in
2654 2943 3074 3025 corpore,quia
3098 2961 3289 3024 agnus
3318 2944 3707 3027 imperfectus
3724 2947 3802 3009 sit

2144 3032 2203 3093 in
2240 3032 2435 3093 ovium
2466 3049 2710 3111 genere,
2743 3040 2921 3113 atque
2954 3032 3070 3094 tale
3101 3032 3278 3095 etiam
3305 3033 3382 3095 sit
3410 3052 3625 3116 corpus
3642 3054 3803 3098 com-

2080 3095 2120 3146 θ
2147 3095 2864 3203 ρδνειῑίοιιθῖηὶιθδίιάηιῖε
2890 3122 2953 3183 in
2977 3122 3131 3202 ipso.
3159 3095 3597 3202 Perfectiondm
3625 3142 3794 3204 vero,

2140 3211 2332 3293 inquit
2360 3212 2416 3273 si
2442 3210 2687 3273 volebat
2714 3212 2957 3292 corpori
3001 3211 3360 3291 attribuere;
3393 3214 3648 3277 arietem
3696 3215 3797 3296 ip-

2140 3320 2274 3365 sum
2297 3299 2743 3364 immolandum
2772 3300 3050 3364 dixisset.

1742 3501 1845 3566 Ea:
1875 3509 2045 3565 temo
2072 3501 2151 3581 Χ,
2185 3516 2333 3579 pag.
2369 3497 2511 3562 158.

481 3598 538 3665 Ὀ
610 3607 858 3688 μέντοιγε
911 3600 1216 3689 ’Πρακλέων
1271 3611 1355 3686 τὸ,
1430 3609 1576 3668 Μετὰ
1644 3618 1800 3668 τοῦτο
1855 3606 2056 3677 κατέϐη

398 3698 473 3761 είς
548 3699 928 3778 Καφαρναοὺμ,
1015 3701 1169 3766 αὖτὸς
1254 3698 1624 3778 διηγούμενος,
1686 3695 1826 3765 ἄλλη
1897 3698 2057 3756 πάλιν

397 3787 702 3862 οἰκονομίας
757 3788 936 3869 ἀρχὴν
1000 3812 1132 3868 φησι
1188 3786 1494 3870 δηλοῦσθαι,
1555 3792 1650 3847 οὒκ
1704 3787 1879 3866 ἀργῶς
1940 3794 2055 3863 τοῦ,

394 3873 622 3950 κατέϐη,
669 3879 973 3957 εἰρημένου.
1048 3882 1147 3937 Καὶ
1218 3901 1350 3947 ωησι
1392 3878 1490 3946 τὴν
1537 3878 1893 3957 Καφαρναοὺμ
1950 3900 2059 3945 ση-

396 3966 602 4040 μαίνειν
657 3975 822 4024 ταῦτα
902 3969 969 4027 τὰ
1038 3967 1243 4049 ἔσχατα
1316 3974 1408 4026 τοῦ
1475 3966 1701 4043 κόσμου,
1763 3974 1927 4025 ταῦτα
1996 3968 2062 4023 τὰ

391 4053 570 4129 ὑλικὰ,
612 4056 686 4120 εἰς
746 4053 780 4112 ἃ
823 4057 1051 4125 κατῆλθε
1085 4074 1100 4091 ⁸
1148 4059 1237 4115 καὶ
1300 4055 1387 4114 διὰ
1448 4057 1511 4113 16
1554 4055 1840 4128 ἀνοίκειον,
1901 4056 2058 4135 φησὶ,

395 4144 543 4201 εἶναι
600 4145 692 4202 τὸν
734 4145 920 4222 τόπον,
981 4145 1098 4204 οῦδὲ
1128 4145 1443 4215 πεποιηκώς
1475 4166 1526 4201 τι
1554 4143 1767 4224 λέγεται
1812 4142 1866 4199 ἐν
1898 4142 2054 4223 αὐτῇ,

390 4232 426 4301 ἢ
471 4231 791 4303 λελαληκὼς
803 4282 814 4296 .

2221 3606 2377 3670 Sane
2432 3604 2766 3669 Heracleon
2822 3605 2952 3686 ipse
3016 3603 3132 3667 hoc
3199 3623 3554 3688 exponens:
3590 3608 3801 3672 Postea

2141 3695 2441 3760 descendit
2472 3696 2540 3756 in.
2564 3693 3006 3775 Capharnaum
3034 3694 3119 3771 8'5,
3152 3693 3400 3758 alterius
3432 3712 3640 3757 rursus
3669 3696 3799 3760 dis-

2143 3783 2509 3866 pensationis
2536 3782 2895 3864 principium
2941 3782 3089 3846 dicit
3142 3784 3439 3847 declarari
3462 3802 3633 3862 voce,
3656 3785 3799 3850 des-

2142 3874 2362 3949 cendit,
2399 3889 2518 3935 non
2546 3872 2740 3937 otiose
2772 3871 2950 3934 dicta.
2998 3872 3218 3954 Aitque
3264 3873 3413 3935 urbe
3445 3874 3798 3955 Capharnao

2146 3962 2468 4044 signiﬁcari
2517 3963 2650 4026 haec
2703 3969 2970 4025 extrema
2999 3963 3234 4038 mundi,
3282 3964 3411 4025 haec
3440 3964 3798 4041 materialia,

2141 4055 2214 4115 ad
2239 4071 2372 4135 quae
2400 4051 2728 4114 descendit.
2762 4052 2839 4115 Et
2867 4050 3007 4131 quia
3046 4070 3164 4113 non
3194 4060 3388 4134 aptus,
3422 4052 3635 4135 inquit,
3672 4062 3802 4117 erat

2143 4143 2328 4217 locus,
2362 4140 2511 4204 nihil
2561 4139 2622 4202 in
2653 4158 2725 4203 ea
2757 4140 2993 4203 civitate
3023 4141 3114 4204 vel
3146 4140 3385 4223 fecisse,
3421 4142 3512 4207 vel
3561 4142 3799 4206 locutus

2141 4250 2274 4295 esse
2309 4232 2552 4295 dicitur.

1576 4340 1709 4405 Sub
1735 4339 1941 4422 ﬁnem
1972 4340 2132 4402 tomi
2174 4341 2251 4420 X,
2281 4356 2434 4421 pag.
2476 4337 2613 4402 167.

477 4436 534 4507 Ὀ
596 4439 925 4525 Ἡρακλέων,
987 4451 1154 4523 Αὕτη,
1220 4454 1402 4534 φησὶν,
1488 4452 1524 4520 ἡ
1578 4447 1791 4529 μεγάλη
1868 4446 2046 4526 ἑορτὴ,

2187 4441 2543 4534 Heracleon
2567 4460 2591 4534 ς
2618 4443 2760 4534 Haec
2800 4459 3055 4534 magna,
3099 4441 3318 4524 inquit,
3358 4451 3448 4506 est
3489 4443 3797 4522 festivitas

388 4543 483 4595 106
544 4539 644 4618 γὰρ
726 4542 924 4606 πίθους
980 4549 1073 4599 τοῦ
1129 4548 1385 4622 Σωτῆρος
1440 4541 1605 4603 τύπος
1685 4540 1775 4618 ᾖν,
1836 4535 1925 4593 6'15
1997 4539 2057 4593 οὗ

390 4628 554 4692 μόνον
611 4628 870 4709 ἀνῃρεῖτο
938 4633 1000 4688 16
1077 4629 1366 4712 πρόϐατον,
1454 4627 1591 4686 ἀλλὰ
1666 4628 1755 4686 καὶ
1812 4626 2056 4712 ἀνάπαυέ

389 4739 472 4773 σιν
557 4732 825 4800 παρεῖχεν
907 4710 1236 4797 ἐσθιόμενον.
1322 4721 1421 4780 Καὶ
1490 4718 1769 4795 θυόμενον,
1839 4716 1903 4772 16
1960 4710 2060 4771 πάι

388 4809 477 4869 θος
506 4806 607 4857 8³*
656 4808 749 4865 τοῦ
802 4815 1053 4889 Σωτῆρος
1108 4813 1172 4868 16
1227 4810 1282 4867 ἐν
1326 4812 1513 4887 κόσμῳ
1569 4807 1856 4883 ἐσήμαινεν
1891 4821 1904 4835 ’
1962 4803 2057 4860 ἐσ-

390 4895 641 4970 θιόμενον
670 4894 747 4970 δὲ,
780 4898 880 4955 τῦκν
910 4898 1203 4957 ἀνάπαυσιν
1233 4900 1334 4968 τὴν
1361 4898 1417 4956 ἐν
1444 4898 1625 4978 γάμῳ.

2136 4532 2239 4613 (de
2260 4532 2548 4596 Paschale
2578 4531 2883 4613 loquitur),
2908 4532 3117 4613 ﬁgura
3136 4535 3299 4596 enim
3313 4535 3619 4615 passionis
3641 4534 3795 4597 Ser-

2138 4628 2369 4685 vatoris
2382 4621 2785 4703 erat,quando
2800 4639 2916 4684 non
2929 4621 3124 4685 solum
3143 4624 3203 4685 in
3212 4620 3626 4703 terﬁeiebatur
3643 4626 3797 4704 ovis,

2142 4730 2348 4775 verum
2368 4714 2547 4776 etiam
2568 4730 2800 4775 comesa
2825 4710 3128 4791 prabebat
3148 4717 3445 4792 requiem.
3476 4711 3558 4775 Et
3581 4715 3795 4775 immo-

2140 4801 2266 4865 lata
2288 4802 2525 4882 quidem
2539 4806 2879 4881 passionem
2900 4800 3239 4866 Servatoris
3251 4803 3316 4863 in
3345 4801 3572 4864 mundo
3597 4804 3799 4882 signi-

2139 4891 2384 4970 ﬁcabat;
2405 4908 2636 4954 comesa
2655 4908 2799 4954 vero
2824 4892 3092 4970 requiem
3102 4892 3383 4971 futuram
3404 4896 3473 4953 in
3499 4894 3755 4972 nuptiis.

1396 5002 1598 5084 Pr0pe
1626 5000 1832 5081 ﬁnem
1862 5005 2016 5061 tom.
2050 5000 2159 5079 XI,
2195 5017 2353 5079 pag.
2389 4999 2496 5063 181
2534 5007 2588 5062 et
2618 5017 2788 5079 seqq.

474 5095 713 5182 ’Ὶδωμεν
760 5109 826 5164 τὰ
873 5097 1262 5188 Ἡρακλέωνος,
1332 5109 1393 5174 ὃς
1448 5129 1579 5188 φησι
1636 5104 1736 5172 τὴν
1762 5104 1830 5154 84
1885 5094 2047 5184 ’[ερο-

391 5193 599 5271 σόλυμα
656 5194 842 5254 ἄνοδον
925 5200 1203 5276 σημαίνειν
1259 5199 1324 5250 85
1388 5199 1489 5265 τὴν
1545 5196 1651 5253 ἀπὸ
1695 5199 1802 5251 τῶν
1857 5192 2052 5251 ὑλικὼν

389 5285 465 5347 εἷς
524 5286 617 5340 τὸν
707 5288 944 5365 ψυχικὸν
1024 5289 1213 5360 τόπον,
1299 5287 1636 5369 τυγχάνοντα
1711 5282 1886 5341 εἰκόνα
1954 5287 2052 5350 τῆς

388 5371 762 5453 Ἰερουσαλὴμ,
840 5374 1095 5434 ἀνάϐασιν
1178 5384 1274 5436 τοῦ
1359 5376 1570 5456 Κυρίου.
1652 5374 1724 5431 Τὸ
1794 5370 1873 5452 δὲ,
1961 5374 2052 5428 εὗ·-

388 5483 475 5541 ρεν
534 5462 588 5520 ἐν
632 5470 710 5538 τῷ
767 5465 915 5546 ἱερῷ,
960 5468 1050 5524 καὶ
1092 5467 1217 5549 οὐχὶ
1274 5473 1379 5527 τῶν
1426 5465 1538 5524 ἅνω
1566 5462 1741 5521 οἴεται
1789 5462 2047 5542 εἰρῆσθαι,

386 5553 519 5628 ὑπὲρ
573 5555 667 5611 τοῦ
696 5553 776 5629 μὴ
824 5557 924 5625 τήν
976 5555 1171 5626 κλῆσιν
1229 5558 1401 5636 μόνην
1457 5558 1712 5623 νοηθῆναι
1768 5551 1868 5636 τῆν
1925 5574 2050 5632 χω-

386 5643 462 5722 ρὶς
522 5642 831 5718 Πνεύματος
879 5645 1191 5723 βοηθεῖσθαι
1232 5632 1341 5705 ’ὑπὸ
1393 5648 1488 5705 τοῦ
1530 5643 1741 5725 Κυρίου.
1805 5632 2050 5721 Ἠγετται

2204 5103 2541 5167 Videamus
2571 5122 2703 5185 quae
2729 5102 3060 5166 Heracleon
3078 5103 3796 5187 dicat,inquiens,Domi-

2133 5194 2290 5255 mini
2313 5210 2636 5256 ascensum
2662 5193 2742 5255 ad
2765 5192 3209 5274 Jerosolymam
3227 5192 3293 5245 86
3320 5194 3676 5274 signiﬁcare
3691 5212 3796 5258 as-

2134 5299 2379 5344 censum
2399 5301 2435 5343 a
2456 5281 2871 5345 materialibus
2891 5283 2970 5345 ad
2991 5282 3318 5345 animalem
3341 5283 3798 5363 tooum,imagi-

2133 5388 2271 5433 nem
2285 5371 2666 5434 emsistentem
2679 5369 3093 5449 .Ierosolymw.
3104 5369 3253 5433 Illud
3272 5370 3720 5446 etiam,invcnit
3732 5374 3797 5436 in

2135 5460 2500 5541 templo,non
2514 5460 2735 5522 dictum
2752 5458 2939 5521 fuisse
2954 5458 3301 5521 existimans
3312 5457 3389 5521 de
3404 5457 3552 5521 locis
3575 5477 3797 5541 super-

2138 5548 2333 5630 nis,ne
2351 5548 2827 5629 intelligeremus
2849 5548 3220 5611 vocationem
3243 5548 3431 5611 solam
3457 5547 3589 5611 sine
3609 5547 3797 5632 Spiri-

2133 5646 2227 5701 tus
2248 5655 2360 5718 0pe
2372 5638 2639 5719 adjuvari
2658 5656 2693 5699 a
2708 5636 3301 5702 Domin0.Existimat
3316 5637 3477 5701 enim
3505 5638 3792 5721 templum

463 5770 531 5860 8:2-
556 5773 803 5860 lca-11,},
826 5772 927 5841 29,
972 5777 1062 5831 82’
1090 5778 1227 5843 For.
1264 5780 1409 5860 κριὸν
1438 5776 1501 5835 ἂν
1523 5775 1700 5837 εἶπεν,
1742 5769 2003 5837 3310811.
2036 5787 2056 5836 Ι

2145 5775 2236 5836 12.
2288 5773 2364 5818 ⁸³⁸
2396 5775 2497 5840 Sic
2518 5774 2652 5838 cod.
2688 5774 2856 5838 Bodl.
2903 5775 3133 5857 δῆλος.
3167 5778 3239 5842 εἰς
3262 5778 3384 5848 τήν.
3431 5776 3496 5828 85
3523 5776 3626 5843 Sic
3652 5781 3790 5843 cod.

384 5852 556 5915 Bodl.
645 5852 710 5906 86
735 5852 907 5922 Joan.
942 5875 1006 5938 ιι,
1048 5860 1120 5927 13
1149 5852 1320 5944 seqq.
