4148 6434
3588 401 3746 468 1300

354 409 512 474 1299
1255 413 1647 477 ΑΡΡΕΝΒΙΧ
1691 414 1792 476 AD
1833 411 1995 487 QUID

2078 409 2174 470 UE
2217 407 2506 469 IRENEI
2553 408 2846 470 LIBROS.

351 562 486 607 esse
514 546 732 608 Sancta
761 546 1196 624 sanctorum,in
1210 565 1343 629 qua
1371 546 1535 610 solus
1556 565 1827 608 summus
1855 561 1995 627 pon-

2083 540 2182 619 γὰρ
2225 540 2290 595 τὰ
2321 540 2418 614 μὲν
2479 530 2652 619 ’Ἅγια
2679 547 2786 597 τῶν
2837 541 3001 629 ἁγίων
3038 543 3180 598 εἶναι
3233 543 3296 598 τὸ
3351 542 3512 620 ἱερὸν,
3567 541 3652 629 ,είς
3712 538 3748 594 ἂ

350 632 491 695 tifex
507 632 1110 717 ingrediebatur,quo
1141 627 1318 698 etiam
1343 634 1639 716 proficisci
1660 635 1995 717 spirituales

2085 629 2244 706 μόνος
2305 629 2585 709 ἀρχιερεὺς
2644 629 2816 705 εἷσίει,
2875 627 2994 688 ἔνθα
3077 629 3268 708 οἴομαι
3338 629 3496 690 αὐτόν
3565 627 3743 708 λέγειν

351 721 608 784 arbitror
641 721 807 786 illum
839 723 1068 801 dicere;
1119 723 1471 788 vestibulum
1492 743 1656 802 vero,
1697 723 1797 786 ubi
1818 725 1999 788 etiam

351 813 572 874 Levita
601 812 1132 890 erant,arbitratur
1162 813 1493 896 symbolum
1525 833 1658 876 esse
1689 815 1998 896 psychico-

349 919 508 975 rum,
540 904 640 983 qui
666 901 1056 966 inveniuntur
1081 904 1144 966 in
1174 904 1362 966 salute
1389 912 1556 966 extra
1585 902 1879 968 Pleroma.
1904 903 1997 967 Ad

350 991 785 1066 hac,inventos
814 992 875 1054 in
907 993 1130 1076 templo
1160 992 1484 1056 vendentes
1534 992 1735 1069 boves,
1767 1013 1906 1054 oves
1942 1003 2001 1055 et

347 1080 744 1156 columbas,et
764 1081 1045 1146 sedentes
1074 1081 1425 1159 mensarios,
1449 1082 1570 1144 dici
1598 1083 1868 1164 exposuit
1894 1102 1998 1165 pro

351 1170 576 1252 his,qui
607 1171 754 1234 nihil
786 1171 988 1252 gratia
1019 1171 1418 1249 tribuunt,sed
1460 1181 1849 1248 mercaturam
1883 1193 1998 1254 pu-

349 1267 480 1323 tant
509 1267 568 1322 et
620 1261 877 1337 lucrum,
925 1261 1232 1342 ingressus
1279 1269 1696 1323 extraneorum
1748 1260 1806 1322 in
1839 1269 1997 1323 tem-

352 1349 537 1430 plum;
568 1349 862 1424 victimas,
922 1349 1146 1431 proprii
1181 1349 1330 1413 lucri
1385 1357 1445 1411 et
1490 1349 1751 1412 avaritia
1794 1369 1994 1432 causa,

347 1437 420 1500 ad
453 1437 677 1500 cultum
710 1439 1304 1522 Deisuppeditantes.
1338 1438 1507 1512 Quod
1539 1447 1738 1502 autem
1767 1441 1942 1502 Jesns
1963 1458 1997 1502 ο

348 1526 630 1590 funiculis
657 1528 867 1592 fecerit
894 1529 1218 1610 ﬂagellum,
1252 1548 1370 1590 non
1401 1528 1478 1589 ab
1507 1529 1623 1591 alio
1653 1528 1797 1590 illud
1829 1531 1994 1592 acci-

348 1615 519 1698 piens
548 1635 656 1679 suo
681 1635 855 1682 more
885 1617 1159 1699 explicat,
1186 1618 1415 1693 dicens,
1452 1617 1748 1698 ﬂagellum
1779 1618 1994 1698 imagi-

345 1706 761 1770 nem336esse
783 1708 1060 1790 potentia
1080 1715 1140 1770 et
1159 1707 1524 1790 Operationis
1541 1705 1798 1788 Spiritus
1816 1725 1994 1770 sanc-

349 1795 1996 1898 ti,ﬂatuexpellentismal-os.ltl'fi_rmatque,ﬂagellum,li-
2019 1848 2058 1898 Β

344 1886 931 1965 num,sindonem,et
951 1893 1175 1949 caetera
1192 1886 1713 1966 talia,imaginem
1740 1905 1864 1950 esse
1881 1904 1994 1967 po-

344 1974 544 2062 tentin
570 1980 628 2036 et
655 1975 1022 2055 operationis
1049 1974 1328 2056 Spiritus
1356 1977 1580 2039 sancti.
1608 1977 1822 2039 Postea
1851 1975 1996 2037 illud

343 2061 594 2144 insuper
623 2062 738 2124 sibi
761 2062 968 2126 tribuit
1002 2064 1158 2144 quod
1189 2064 1478 2145 scriptum
1516 2076 1776 2139 nonest,
1810 2064 1995 2126 nimi-

343 2168 478 2212 rum
497 2149 655 2232 quod
675 2152 972 2232 ﬂagellum
993 2152 1064 2214 ad
1088 2153 1312 2233 lignum
1339 2152 1582 2233 ligatum
1618 2153 1816 2224 fuerit;
1837 2152 1993 2236 quod

343 2239 572 2317 lignum
601 2239 1025 2323 interpretatus
1056 2249 1145 2304 est
1196 2243 1443 2323 figuram
1475 2261 1608 2306 esse
1638 2243 1856 2318 crucis,
1891 2245 1998 2305 hoc

343 2327 530 2409 ligno,
590 2327 820 2412 dicens,
877 2338 1259 2412 consumptos
1305 2339 1360 2395 et
1401 2333 1625 2395 deletos
1674 2332 1991 2402 aleatores,

341 2425 1094 2500 mercatores,0mnemque
1115 2420 1570 2484 malitiamNec
1601 2421 1724 2483 scio
1751 2441 1998 2503 quomo-

343 2506 418 2570 do
440 2526 670 2588 nugans
695 2510 850 2571 dicat
878 2509 1175 2588 ﬂagellum
1205 2529 1275 2573 ex
1309 2510 1477 2574 hisce
1527 2510 1759 2574 duabus
1812 2509 1995 2573 rebus

343 2604 609 2678 paratum
637 2597 844 2675 fuisse,
871 2599 1182 2682 inquirens
1211 2601 1370 2682 quod
1396 2619 1430 2661 a
1455 2598 1595 2662 Jese
1620 2602 1836 2663 factum
1863 2599 1989 2662 fuit:

340 2684 548 2767 Neque
576 2690 736 2749 enim
770 2706 841 2751 ex
873 2689 1053 2769 pelle,
1073 2688 1528 2771 inquit,mortua
1559 2689 1705 2751 illud
1738 2689 1900 2763 fecit,
1929 2699 1995 2752 ut

342 2773 671 2840 Ecclesiam
730 2778 995 2840 efficeret
1042 2799 1159 2841 non
1207 2779 1463 2860 amplius
1518 2779 1865 2859 speluncam
1902 2779 1992 2840 la-

341 2873 578 2927 tronum
608 2873 668 2928 et
700 2877 1121 2942 mercatorum,
1143 2868 1249 2931 sed
1279 2868 1521 2930 domum
1555 2869 1744 2932 l’atris
1775 2867 1889 2931 sui.

2081 719 2202 785 τοὺς
2273 720 2662 794 πνευματικοὺς
2706 733 2910 800 χωρεῖν
2943 737 2959 754 ⁸
3004 721 3070 777 τὰ
3116 718 3171 776 δὲ
3202 719 3452 800 προνάου,
3487 717 3620 776 ὅπου
3658 718 3748 774 καὶ

2083 809 2132 866 οἱ
2189 814 2429 878 Λευῖται,
2480 805 2743 884 σύμϐολον
2806 813 2946 866 εἶναι
3001 817 3109 866 τῶν
3151 807 3252 876 ἔξω
3292 815 3385 866 τοῦ
3432 807 3743 888 Πληρώμα-

2081 919 2172 961 τος
2232 899 2506 980 ψυχικῶν,
2555 898 2942 978 εὖρισκομένων
3000 898 3055 956 ἐν
3114 900 3372 976 σωτηρία,
3431 899 3572 976 Πρὸς
3613 897 3743 954 τού-

2079 1009 2215 1064 τοις,
2275 989 2396 1054 τοὺς
2467 988 2870 1068 εὑρισκομένους
2941 988 2997 1045 ἐν
3078 996 3157 1064 τῷ
3211 991 3360 1069 ίερῷ,
3433 987 3743 1050 πωλοῦντας

2081 1075 2234 1154 βόας,
2292 1080 2380 1134 καὶ
2431 1076 2690 1156 πρόϐατα,
2755 1079 2842 1134 καὶ
2899 1079 3232 1158 περιστερὸς,
3292 1079 3380 1134 καὶ
3435 1078 3556 1142 τοὺς
3608 1078 3742 1132 καθ-

2080 1166 2310 1242 ημένους
2365 1169 2744 1247 κερματιστὰς,
2819 1166 3082 1234 ἐξεδέξατο
3152 1167 3396 1246 λέγεσθαι
3453 1167 3566 1222 ἀντὶ
3635 1172 3744 1221 τῶν

2081 1255 2249 1331 μηδὲν
2281 1279 2464 1337 χαριτι
2495 1255 2767 1331 διδόντων,
2815 1255 2935 1313 ἀλλ’
2990 1256 3244 1338 ἐμπορίαν
3276 1257 3364 1314 καὶ
3403 1253 3585 1335 κέρδος
3642 1255 3744 1322 τὴν

2076 1351 2184 1401 τῶν
2239 1343 2398 1410 ξένων
2444 1347 2518 1410 εἰς
2569 1348 2631 1403 τὸ
2689 1348 2829 1425 ἱερὸν
2877 1344 3085 1404 εἴσοδον
3115 1347 3461 1422 νομιζόντων,
3495 1352 3584 1401 τοῦ
3613 1342 3742 1400 ἰδίου

2077 1433 2288 1514 κέρδους
2347 1437 2434 1491 καὶ
2489 1434 2830 1516 φιλαργυρίας
2890 1434 3089 1516 ἕνεκεν,
3160 1437 3255 1498 τὰς
3325 1437 3398 1498 εἷς
3473 1435 3574 1503 τὴν
3631 1433 3736 1490 λα-

2076 1525 2252 1603 τρείαν
2303 1532 2398 1582 τοῦ
2451 1527 2584 1582 Θεοῦ
2623 1525 2800 1589 Θυσίας
2846 1526 3252 1605 χορηγούντων.
3317 1526 3414 1583 Καὶ
3455 1527 3517 1580 τὸ
3560 1546 3736 1604 φραγ-

2079 1612 2256 1691 γέλιον
2304 1613 2360 1671 δὲ
2415 1619 2735 1683 πεποιῆσθαι
2795 1614 2854 1672 ἐκ
2910 1617 3164 1696 σχοινίων
3218 1615 3320 1671 ὑπὸ
3390 1617 3480 1672 τοῦ
3535 1612 3734 1688 Ἰησοῦ,

2081 1703 2205 1784 οὒχὶ
2261 1703 2386 1784 παρ’
2458 1703 2620 1765 ἄλλου
2687 1701 2968 1785 λαϐόντος,
3022 1703 3334 1784 ἰδιοτρόπως
3385 1702 3653 1784 ὰπαγγέλὶ
3667 1726 3734 1776 ει,

2081 1792 2254 1872 λέγων
2305 1795 2368 1850 τὸ
2425 1792 2746 1874 φραγγέλιον
2791 1795 2965 1852 εἰκόνα
3016 1795 3300 1873 τυγχάνειν
3327 1792 3390 1842 87
3446 1798 3546 1860 τῆς
3576 1791 3736 1850 δυνά-

2080 1904 2246 1958 μεως,
2307 1885 2398 1940 καὶ
2439 1883 2702 1961 ἐνεργείας
2732 1883 2826 1940 τοῦ
2873 1884 3019 1960 ἁγίου
3081 1883 3413 1963 Πνεύματος,
3466 1882 3740 1964 ἐκφυσῶν-

2077 1995 2168 2036 τος
2232 1973 2354 2037 τοὺς
2418 1973 2692 2054 χείρονας.
2757 1973 2856 2030 Καί
2904 1993 3056 2053 φησι,
3119 1973 3182 2028 τὸ
3253 1969 3596 2053 φραγγέλιον,
3651 1974 3741 2029 καὶ

2079 2064 2140 2118 τὸ
2207 2060 2371 2142 λίνον,
2455 2063 2544 2118 καὶ
2623 2063 2719 2130 τὴν
2806 2059 3036 2136 σινδόνα,
3126 2061 3214 2117 καὶ
3303 2059 3400 2118 ὃσα
3493 2061 3733 2142 τοιαῦτα,

2079 2150 2284 2214 εἰκόνας
2387 2155 2482 2218 τῆς
2563 2148 2832 2226 δυνάμεως
2920 2151 3009 2207 καὶ
3084 2155 3184 2218 τῆς
3259 2150 3522 2229 ἐνεργείας
3591 2151 3735 2208 εἶναι

2079 2247 2173 2296 τοῦ
2228 2240 2376 2319 ἁγίου
2451 2240 2780 2316 Πνεύματος.
2877 2229 3116 2298 ἸΕπειτα
3172 2239 3343 2312 ἐαυτῷ
3411 2238 3737 2319 προσείληφε

2077 2331 2141 2386 τὸ
2185 2330 2262 2405 μὴ
2321 2329 2712 2409 γεγραμμένον,
2777 2331 2851 2394 ὡς
2923 2327 3022 2409 ἄρα
3092 2330 3166 2392 εἷς
3225 2325 3374 2394 ξύ)ον
3431 2325 3634 2386 ἐδέδετο
3677 2331 3738 2384 τὸ

2079 2417 2422 2499 φραγγέλιον,
2473 2419 2603 2498 ὅπερ
2646 2417 2796 2485 ξύλον
2837 2418 2904 2468 88
2943 2420 3108 2476 τύπον
3162 2414 3402 2474 ἐκλαϐὼν
3445 2418 3588 2474 εἶναι
3644 2426 3738 2476 τοῦ

2079 2510 2326 2588 σταυροῦ,
2360 2509 2490 2589 φησὶ
2536 2510 2704 2582 τούτῳ
2747 2514 2824 2582 τῷ
2881 2506 3017 2582 ξύλῳ
3070 2505 3396 2579 ἀνηλῶσθαι,
3458 2509 3546 2564 καὶ
3601 2510 3738 2590 ἡφα-

2077 2599 2245 2654 νίσθαι
2302 2598 2424 2662 τοῦς
2495 2595 2772 2671 κυϐευτὰς,
2833 2597 3119 2677 ἐμπόρους,
3208 2597 3295 2652 καὶ
3369 2602 3545 2653 πᾶσαν
3631 2599 3732 2666 τὴν

2077 2689 2290 2746 κακίαν.
2356 2689 2450 2745 Καὶ
2511 2687 2607 2744 οὒκ
2653 2687 2763 2745 οἶδ’
2828 2687 2975 2750 ὅπως
3019 2685 3264 2766 φλυαρῶν
3321 2708 3482 2766 φησιν
3539 2687 3599 2742 ἐκ
3649 2686 3736 2744 δύο

2077 2777 2274 2834 τούτων
2377 2778 2706 2857 πραγμάτων
2812 2775 3132 2858 φραγγέλιον
3235 2777 3728 2852 κατασκευάζεσθαι,

2077 2872 2253 2938 ζητῶν
2282 2867 2342 2922 τὸ
2372 2867 2474 2922 ὑπὸ
2516 2866 2609 2923 τοῦ
2653 2867 2832 2934 Ἰησοῦ
2870 2866 3177 2943 γενόμενον.
3215 2870 3286 2925 Οὔ
3327 2866 3428 2944 γὰρ
3459 2864 3520 2922 ἐκ
3548 2864 3737 2946 δέρμα-

337 2977 451 3028 τος,
499 2959 649 3036 φησὶ,
723 2965 905 3037 νεκροῦ
960 2958 1208 3028 ἐποίησιν
1257 2961 1406 3040 αὺτὸ,
1480 2958 1570 3016 ἵνα
1640 2962 1740 3027 τὴν
1809 2956 2134 3024 Ἐκκλησίαν
2191 2955 2564 3032 κατασκευάσῃ
2636 2955 2812 3014 οὺκέτι
2870 2953 3084 3032 λῃστῶν
3138 2956 3226 3012 καὶ
3294 2954 3543 3035 ἐμπόρων
3586 2958 3735 3028 σπή-

329 3039 512 3126 λαιον,
545 3044 668 3124 ἄλλ,
698 3048 854 3105 οἷκον
896 3059 991 3109 τοῦ
1019 3050 1223 3130 Πατρός
1253 3039 1434 3112 αὑτοῦ.

1423 3154 1500 3217 Et
1530 3160 1603 3217 in
1631 3156 1770 3236 ipso
1815 3155 1942 3236 ﬁne
1972 3153 2132 3216 τοίηιὶ
2162 3155 2270 3236 XI,
2303 3171 2469 3236 pag.
2507 3150 2644 3218 183.

413 3255 868 3322 Inobservanter
894 3257 1222 3323 Heracleon
1243 3259 1421 3324 illud:
1443 3260 1634 3323 Zelus
1644 3261 1854 3324 domus
1876 3271 1995 3325 luce

2163 3261 2621 3338 ’Λπαρατηρήτως
2681 3262 2709 3317 ὁ
2763 3249 3068 3338 Ἡρακλέων
3124 3259 3295 3337 οἴεται
3337 3259 3426 3341 τὸ,
3471 3249 3530 3317 Ὀ
3573 3258 3733 3332 ζῆλος

333 3345 590 3410 comedit
610 3365 706 3410 me
722 3348 810 3426 89,
845 3349 963 3412 dici
995 3359 1162 3431 putat
1184 3369 1252 3412 ex
1277 3368 1533 3432 persona
1565 3369 1766 3412 earum
1789 3360 1991 3430 potes-

2078 3359 2171 3411 τοῦ
2256 3352 2408 3408 οἴκου
2482 3371 2578 3424 σου
2652 3350 3015 3429 καταφάγεται
3102 3371 3170 3425 με
3206 3369 3220 3384 °
3317 3348 3378 3406 ἐκ
3447 3351 3736 3430 προσώπου

335 3443 545 3516 tatum,
577 3454 710 3516 qua
740 3437 946 3518 ejecta
978 3439 1216 3500 fuerunt
1235 3448 1293 3500 et
1315 3447 1681 3519 consumptae
1710 3457 1744 3500 a
1774 3438 1991 3502 Serva-

2078 3449 2182 3499 τῶν
2237 3438 2597 3508 ἐκϐληθέντων
2639 3440 2728 3496 καὶ
2784 3437 3161 3495 ἀναλωθέντων
3201 3440 3304 3496 ὑπὸ
3332 3439 3424 3496 τοῦ
3481 3444 3734 3516 Σωτῆρος

333 3531 484 3598 tore,
511 3542 629 3586 non
657 3525 860 3587 valens
886 3526 1103 3589 seriem
1158 3527 1484 3608 prophetia
1515 3528 1572 3588 in
1624 3529 1990 3608 psalmoser-

2078 3529 2346 3606 δυνάμεων
2409 3527 2678 3607 λέγεσθαι,
2740 3528 2818 3604 μὴ
2862 3525 3147 3604 δυνάμενος
3231 3529 3324 3585 τὸν
3387 3529 3567 3608 εἱρμὸν
3635 3536 3733 3594 τῆς

331 3629 492 3675 vare.
527 3612 675 3675 Nam
709 3611 760 3675 si
791 3613 917 3676 hac
959 3613 1368 3696 intelligantur
1427 3635 1496 3677 ex
1559 3616 1884 3697 ejectarum
1934 3628 1994 3682 et

2078 3621 2128 3677 έν
2159 3626 2237 3696 τῷ
2281 3617 2481 3696 ψαλμῷ
2511 3620 2836 3699 προφητείας
2867 3621 3124 3695 τηρῆσαι,
3159 3616 3470 3693 Νοουμένων
3515 3618 3615 3696 γὰρ
3642 3615 3730 3696 90,

333 3709 820 3782 consumptarum
856 3711 1212 3784 potestatum
1265 3723 1542 3786 persona,
1589 3705 1730 3782 dici,
1776 3726 1990 3770 conse-

2078 3710 2134 3767 ἐκ
2185 3730 2472 3789 πρεσωπου
2514 3713 2620 3765 τῶν
2679 3702 3040 3773 ἐκϐληθέντων
3091 3709 3178 3763 καὶ
3229 3704 3601 3762 ἀναλωθέντων
3631 3704 3734 3756 90'L

334 3807 525 3868 quens
556 3797 674 3865 est,
702 3791 869 3871 juxta
898 3793 1028 3873 ejus
1076 3792 1443 3874 opinionem,
1483 3795 1560 3858 de
1615 3795 1762 3877 ipsis
1811 3803 1986 3860 etiam

2078 3796 2340 3876 δυνάμεων
2399 3796 2668 3876 λέγεσθαι,
2751 3793 3038 3852 ἀκόλουθον
3117 3793 3172 3850 δὲ
3234 3795 3341 3852 ἐστι
3399 3794 3521 3850 κατ’
3571 3797 3728 3852 αζτὸν

332 3879 452 3970 dici
474 3879 576 3942 illa
607 3901 622 3943 :
655 3881 964 3945 Dederunt
993 3885 1061 3946 in
1091 3901 1291 3948 escam
1317 3903 1521 3949 meam
1549 3886 1631 3966 fel
1643 3875 1740 3964 ‘9‘;
1766 3907 1898 3970 qua
1927 3890 1986 3952 in

2078 3887 2156 3944 καὶ
2224 3888 2311 3961 τὸ,
2385 3875 2642 3944 ’Ἔδωκαν
2703 3887 2778 3948 εἱς
2835 3885 2898 3940 τὸ
2967 3883 3156 3962 βρῶμα
3212 3906 3314 3960 μου
3384 3881 3582 3964 χολὴν,
3638 3886 3728 3942 καῖ

331 3969 546 4058 eodem
577 3970 797 4053 scripta
827 3982 970 4036 sunt
992 3973 1244 4055 psalmo.
1279 3972 1420 4051 Sed,
1453 3984 1514 4037 ut
1536 3977 1848 4058 probabile
1871 3987 1981 4054 est,

2078 3974 2157 4032 En’
2214 3975 2426 4032 ἐκείνων
2483 3972 2750 4053 λέγεσθαι,
2810 3972 2863 4030 ἐν
2905 3979 2984 4048 τῷ
3057 3975 3198 4049 αὐτῷ
3256 3974 3728 4054 ἀναγεγραμμένον

327 4056 497 4148 illum
517 4057 772 4123 turbavit
792 4080 922 4138 vox,
956 4064 1243 4137 comedit,
1269 4065 1520 4146 perinde
1536 4056 1705 4148 quasi
1735 4085 1768 4128 a
1785 4066 1988 4131 Chris-

2078 4063 2297 4141 ψαλμῷ.
2351 4063 2502 4121 Ἀλλ’
2558 4065 2632 4129 ὡς
2677 4065 2841 4136 εἰκὸς,
2891 4061 3137 4143 ἐτάραξεν
3195 4063 3354 4120 αὒτὸν
3410 4068 3497 4136 τὸ,
3552 4086 3727 4122 κατα-

331 4155 388 4209 ιο
419 4147 540 4210 dici
560 4167 679 4238 non
708 4159 934 4231 posset,
968 4171 1087 4215 non
1119 4152 1419 4217 videntem
1455 4147 1684 4218 morem
1715 4155 1989 4238 Scriptu-

2078 4154 2298 4235 φάγεταί
2354 4174 2446 4230 με,
2509 4155 2583 4218 ὡς
2643 4154 2721 4230 μὴ
2774 4151 3060 4228 δυνάμενον
3117 4153 3220 4210 ὑπὸ
3265 4161 3492 4232 Χριστοῦ
3546 4154 3728 4232 ἀπαγ-

328 4253 556 4313 rarum,
587 4237 895 4303 hominum
919 4242 1166 4306 affectus
1195 4242 1316 4306 Deo
1356 4256 1418 4307 et
1447 4243 1683 4307 Christo
1717 4237 1992 4309 tribuen-

2078 4242 2376 4323 γέλλεσθαι,
2423 4245 2484 4301 οίι
2525 4253 2803 4324 χωροῦντα
2860 4245 2922 4300 τὸ
2979 4241 3094 4309 ἔθος
3150 4249 3256 4300 τῶν
3299 4244 3728 4325 ἀνθρωποπαοὼν

329 4326 501 4390 tium.
2073 4335 2192 4413 περὶ
2223 4339 2356 4391 Θεοῦ
2383 4334 2475 4390 καὶ
2501 4334 2729 4410 Χριστοῦ
2755 4331 2955 4412 λόγων.

1602 4444 1702 4505 Ea;
1742 4451 1910 4506 tomo
1943 4440 2074 4522 X11,
2104 4456 2261 4521 pag.
2300 4438 2438 4503 187.

405 4537 772 4620 Heracleon,
803 4546 869 4608 in
891 4544 1118 4624 tribus,
1151 4545 1316 4629 dicit,
1347 4565 1454 4628 pro
1477 4567 1547 4610 eo
1574 4547 1732 4630 quod
1761 4557 1870 4624 est,
1917 4550 1982 4610 in

2151 4537 2210 4606 Ὀ
2264 4537 2567 4626 ’Πρακλέων
2618 4549 2703 4629 τὸ,
2763 4548 2818 4605 ἐν
2876 4550 3036 4628 τρισὶ,
3096 4548 3279 4628 φησὶν,
3339 4548 3454 4604 ἀντὶ
3495 4547 3610 4620 τοῦ,
3674 4547 3730 4604 ἐν

329 4631 519 4694 tertia
539 4631 626 4709 κ,
652 4651 771 4696 non
792 4643 1196 4715 perscrutatus
1225 4638 1520 4718 (quamvis
1551 4637 1770 4699 notarit
1792 4655 1975 4699 vocu-

2078 4635 2233 4714 ερίτη,
2293 4637 2369 4712 μὴ
2437 4635 2725 4715 ἐρευνήσας
2770 4637 3037 4716 (καίτοιγε
3097 4637 3390 4706 ἐπιστήσας
3433 4644 3511 4709 τῷ
3552 4636 3617 4687 93
3670 4637 3725 4694 ἐν

326 4718 441 4781 lam
488 4719 705 4803 tribus)
753 4723 1051 4803 quomodo
1100 4725 1160 4786 in
1191 4724 1380 4788 tribus
1409 4725 1622 4788 diebus
1668 4735 1981 4807 peragatur

2078 4725 2421 4807 τρίσι),υπῶς
2464 4725 2518 4784 ἐν
2579 4727 2745 4805 τρισὶν
2801 4729 2838 4795 ἡ
2899 4727 3190 4790 ἀνάστασις
3242 4727 3532 4803 ἐνερθετται
3585 4728 3730 4804 ἡγέ-

324 4801 918 4892 resurrectio.Atque
942 4813 1117 4875 etiam
1133 4821 1421 4893 praterea
1443 4801 1684 4877 tertiani
1697 4801 1856 4877 diem
1871 4833 1980 4896 ap-

2078 4801 2201 4876 καις.
2253 4801 2384 4871 ’Ἐτι
2439 4813 2495 4871 δὲ
2549 4817 2636 4872 καὶ
2678 4816 2778 4884 τὴν
2835 4815 3017 4894 τρίτην
3067 4815 3197 4896 φησὶ
3229 4815 3328 4882 τὴν
3358 4816 3726 4892 π-ιευμαῖ.κ.οὲιν

328 4897 508 4978 pellat
526 4900 1012 4979 spiritualemﬁn
1033 4919 1149 4981 qua
1168 4901 1456 4964 declarari
1476 4911 1684 4984 putant
1702 4902 1984 4967 Ecclesia

327 4986 858 5050 resurrectionem.
889 4987 994 5050 His
1016 5007 1387 5071 consequens
1417 5003 1506 5054 est
1547 5001 1609 5054 ut
1641 4991 1832 5073 prima
1852 4994 1982 5056 dies

327 5074 652 5152 terrestris,
687 5076 954 5139 secunda
976 5077 1250 5142 animalis
1279 5079 1660 5162 dicatur,non
1692 5079 1843 5144 facta
1863 5082 1978 5146 Ec-

327 5162 528 5228 clesia
547 5168 990 5230 resurrectione
1012 5166 1073 5229 in
1103 5167 1273 5249 ipsis.

2062 4903 2288 4983 ἡμέραν,
2336 4904 2391 4960 ἐν
2433 4903 2469 4982 ᾖ
2526 4906 2728 4963 οἴονται
2779 4903 3062 4973 δηλοῦσθαι
3109 4906 3209 4971 τὴν
3251 4909 3351 4971 τῆς
3401 4902 3605 4974 Ἐκκλη
3652 4907 3727 4972 ἀς

2063 4992 2369 5057 ἀνάστασιν.
2429 4997 2638 5054 Τούτων
2669 4995 2724 5052 δὲ
2781 4993 3068 5052 ἀκόλουθόν
3103 4995 3238 5068 ἐστι,
3304 4995 3523 5073 πρώτην
3553 4995 3729 5077 λῖειειν

2063 5084 2207 5140 εἶναι
2251 5085 2350 5153 τὴν
2400 5087 2602 5166 χοϊκὴν
2659 5085 2886 5165 ἡμέραν,
2939 5085 3028 5142 κιῖ
3070 5085 3170 5152 τὴν
3201 5082 3450 5162 δευτέριν
3490 5087 3588 5154 τὴν
3618 5092 3728 5161 υ·

2063 5177 2253 5258 χικῆν,
2315 5179 2376 5236 οὔ
2429 5179 2762 5258 γεννημένης
2835 5175 3158 5245 Ἐκκλησίας
3230 5183 3330 5244 τῆς
3383 5177 3586 5236 clvas-cf:
3624 5198 3725 5244 εως

2063 5266 2119 5322 ἐν
2151 5267 2368 5334 αὐταῖς.

1577 5369 1654 5430 Et
1681 5381 1888 5450 paulo
1928 5379 2092 5454 post,
2134 5392 2294 5456 pag.
2331 5375 2466 5442 189.

407 5465 742 5534 Heracleon
764 5489 842 5550 ne
859 5471 1131 5553 inspecta
1151 5473 1390 5554 quidem
1415 5473 1662 5538 historia
1690 5476 1975 5560 dicit,Sa-

403 5601 468 5652 87
489 5598 610 5666 Sic.
629 5603 738 5666 cod
755 5652 768 5666 .
790 5605 963 5670 Bo'dl.
986 5608 1171 5670 2281.

323 5731 384 5814 δέ
413 5731 592 5826 joan.
613 5731 828 5844 ἰίξῖἒ.
845 5731 977 5812 ψδέ
999 5731 1478 5834 33238.1(]th

1254 5606 1320 5657 88
1340 5605 1692 5681 Quicunque
1715 5629 1888 5674 voces
1905 5611 2123 5678 addita
2144 5633 2214 5677 ex
2231 5614 2402 5678 codd.
2428 5615 2602 5680 Bold.
2625 5615 2805 5681 2281.

321 5699 384 5768 Il,
425 5683 521 5768 t7.
607 5683 671 5736 90
698 5683 795 5768 Sic
844 5686 977 5768 cod.
1011 5686 1183 5749 Bodl.
1267 5688 1351 5739 90'
1419 5688 1561 5768 Leg.
1595 5683 1995 5759 ἐκϐληθεισῶνῖ

2102 5697 2493 5760 ἁναλωθεισῶν.
2538 5695 2702 5761 Eum
2738 5701 2998 5762 PATROL.

2143 5474 2201 5540 Ὀ
2259 5473 2585 5563 Ἡρακλέων,
2646 5481 2783 5562 μηδέ
2858 5484 3148 5556 ἐπιστήσας
3201 5484 3272 5552 τῇ
3314 5485 3536 5563 ἱστορίᾳ,
3584 5486 3715 5566 φησὶ

2893 5616 2962 5668 89
2981 5614 3151 5698 Psal.
3176 5633 3206 5682 ι
3222 5635 3389 5698 xvm,
3420 5617 3536 5698 10;
3576 5619 3725 5698 Joan

3093 5696 3154 5740 ⁴⁹¹
3190 5698 3346 5762 Psal.
3375 5696 3382 5698 “
3405 5696 3615 5781 LXVIII,
3649 5697 3730 5760 22
