4148 6414
342 454 492 521 1301

1572 464 2046 529 FRAGMENTA
2089 458 2485 525 GNOSTICA.

3584 462 3605 523 1
3617 460 3737 527 302

337 592 459 646 τὸν.
519 590 846 668 Σολομῶντα
920 597 1311 674 τεσσαράκοντα
1379 598 1466 654 καὶ
1538 596 1590 665 ἕξ
1645 597 1785 655 ἔτεσι
1840 620 1992 655 κατε·

2086 595 2375 657 lomouem
2408 595 2797 676 quadraginta
2818 602 2875 658 et
2904 614 3006 659 sex
3026 596 3199 659 annis
3218 594 3544 660 aediﬁcasse
3572 602 3731 660 tem-

335 680 784 767 euuauévat_tov
819 684 968 759 ναὸν,
1002 685 1178 743 εἰκόνα
1204 686 1539 766 τνγχάνοντα
1595 694 1689 744 τοῦ
1717 693 1988 767 Σωτῆρος.

339 769 438 825 Καὶ
468 770 561 826 τὸν
595 772 658 846 ς·
667 760 679 779 ’
706 770 928 849 ἀριθμὸν
972 775 1047 839 εἰς
1083 775 1183 843 τὴν
1236 760 1391 851 ὕλην,
1446 775 1683 833 τουτέστι
1739 778 1800 834 τὸ
1850 760 1991 834 πλα-

336 878 473 934 σμα,
519 859 764 940 ἀναφέρει
799 879 818 899 '
872 864 964 919 τὸν
1008 861 1060 919 δὲ
1104 870 1210 921 τῶν
1252 865 1645 944 τεσσαράκοντα
1704 866 1757 946 (ὃ
1810 867 1996 946 τετρὰς

339 947 475 1025 ἐστι,
537 951 719 1030 φησίν,
795 953 832 1020 ἡ
892 951 1316 1033 ἀπρόσπλοκος),
1406 956 1477 1022 εἰς
1544 956 1608 1012 τὸ
1679 954 1992 1035 ἐμφύσημα,

340 1038 429 1095 καὶ
489 1040 548 1095 τὸ
600 1039 655 1096 ἐν
710 1047 788 1117 τῷ
817 1040 1157 1123 ἐμφυσήματι
1189 1043 1418 1122 σπέρμα.

2080 685 2263 765 plum,
2297 683 2617 764 imaginem
2652 682 2980 747 Servatoris
2999 685 3289 748 referens.
3316 684 3391 748 Et
3415 704 3733 750 numerum

2076 772 2376 835 senarium
2400 773 2474 835 ad
2498 774 2834 851 materiam,
2862 775 2975 837 hoc
3005 784 3119 850 est,
3152 774 3226 837 ad
3251 774 3475 857 plasma
3501 776 3690 840 refert
3716 800 3734 853 ε

2078 862 2612 944 quadragenarium
2642 872 2840 927 autem
2869 871 3350 946 tquaternarius,
3377 864 3592 946 inquit,
3624 884 3738 930 nu-

2076 971 2282 1016 merus
2309 960 2414 1035 est,
2442 955 2545 1033 qui
2574 971 2698 1017 non
2732 954 3102 1036 implicatur)
3131 954 3207 1018 ad
3238 955 3465 1037 ﬂatum,
3499 962 3557 1018 et
3585 955 3735 1019 illud

2077 1061 2282 1104 semen
2308 1042 2464 1124 quod
2498 1050 2587 1106 est
2609 1046 2666 1105 in
2698 1044 2863 1109 ﬂatu.

1471 1150 1574 1213 Ea;
1619 1158 1788 1214 tomo
1816 1154 1985 1232 XIII,
2013 1168 2168 1232 pag.
2202 1148 2320 1212 205
2348 1157 2407 1212 et
2432 1169 2598 1232 seqq.

425 1242 662 1329 Ηιδωμεν
718 1254 774 1312 δὲ
836 1259 925 1313 καὶ
968 1258 1034 1313 τὰ
1081 1248 1444 1336 Ἡρακλέωνος
1489 1261 1563 1323 εἰς
1605 1260 1727 1324 τοὺς
1772 1260 1990 1331 τόπους,

342 1341 488 1405 ὅστις
532 1345 691 1422 φησὶν
746 1344 955 1423 ἄτονον,
1012 1348 1100 1405 καὶ
1131 1348 1473 1429 πρόσκαιρον,
1505 1351 1589 1406 κοὶ
1642 1348 1993 1406 ἒπιπλείπου-

343 1455 440 1489 σαν
501 1434 709 1502 εκείνην
752 1437 1028 1514 γεγονέναι
1059 1438 1156 1506 τὴν
1184 1438 1351 1512 ζωὴν,
1383 1440 1471 1495 καί
1520 1441 1620 1506 τὴν
1669 1437 1788 1496 κατ’
1832 1438 1993 1504 αὐτὴν

338 1519 491 1586 δόξαν
524 1538 538 1551 ⁸
598 1530 835 1598 κοσμική
891 1526 1011 1606 γὰρ,
1071 1528 1256 1607 φησὶν,
1326 1530 1396 1595 ἦν
1430 1546 1445 1561 ⁸
1505 1529 1593 1585 καὶ
1662 1527 1833 1586 οἷέται
1905 1532 1994 1584 τοῦ

339 1612 605 1681 κοσμικὴν
665 1613 833 1681 αὐτὴν
863 1614 1009 1671 εἶναι
1041 1614 1304 1682 ἀπόδειξιν
1347 1616 1544 1698 φέρειν,
1588 1617 1649 1673 ἐκ
1694 1627 1787 1677 τοῦ
1840 1617 1995 1697 θρέμ-

343 1722 487 1776 ματα
543 1710 635 1761 τοῦ
693 1700 886 1761 Ἰακὼό
937 1704 989 1772 ἐξ
1047 1705 1209 1775 «ora;
1252 1704 1582 1768 πεπωκέναι.
1640 1710 1741 1766 Καὶ
1796 1709 1839 1764 εἰ
1896 1708 1993 1783 μὲν

342 1789 552 1867 ἄτονον,
639 1794 727 1849 καὶ
810 1793 1154 1874 πρόσκαιρον,
1237 1797 1326 1852 καὶ
1395 1795 1766 1854 ἐπιλείπουσαν
1820 1796 1993 1871 ἐλάμ-

344 1877 469 1936 ϐανε
525 1881 626 1949 τὴν
704 1880 762 1938 ἔκ
832 1884 1023 1964 μέρους
1096 1892 1312 1962 γνῶσιν,
1386 1885 1506 1953 ἤτοι
1588 1892 1659 1964 τῇ
1715 1886 1822 1943 ἀπὸ
1889 1886 1995 1943 τῶν

344 1976 564 2049 Γραφῶν
660 1973 923 2051 συγκρίσει
1034 1980 1139 2032 τῶν
1256 1973 1496 2054 ἀρρήτων
1592 1976 1870 2054 ῥημάτων,
1968 1975 2000 2031 ἂ

2160 1254 2275 1318 Sed
2295 1256 2423 1335 jam
2446 1256 2757 1320 videamus
2779 1256 3171 1321 Heracleonis
3198 1257 3262 1319 in
3285 1258 3444 1321 hunc
3462 1258 3657 1321 locum
3676 1259 3743 1310 1N

2079 1343 2257 1424 dicta,
2288 1345 2389 1425 qui
2426 1345 2506 1406 ait
2558 1346 2810 1426 (fontem
2838 1346 3038 1426 illum)
3096 1345 3456 1410 imbecillem
3490 1356 3548 1409 et
3579 1357 3740 1410 tem-

2080 1434 2396 1513 porariam,
2431 1444 2486 1496 el
2544 1436 2925 1497 deﬁcientem
2976 1436 3159 1498 fuisse
3210 1436 3409 1508 vitam,
3462 1435 3743 1520 illiusque

2077 1522 2323 1599 gloriam
2350 1525 2699 1601 ;mundana
2728 1525 3130 1606 enim,inqnit,
3155 1535 3325 1587 erat:
3356 1533 3418 1588 et
3442 1529 3743 1590 existimat

2077 1630 2141 1672 se
2169 1612 2741 1677 demonstrationem
2773 1615 2988 1676 aﬂ‘erre
3018 1633 3124 1695 per
3155 1615 3379 1677 fontem
3411 1614 3743 1694 signiﬁcari

2078 1700 2253 1762 vitam
2286 1702 2673 1769 mundanam.
2720 1722 2791 1764 eo
2823 1704 2978 1783 quod
3031 1721 3250 1784 pecora
3274 1702 3464 1767 Jacob
3514 1722 3586 1767 ex
3638 1704 3740 1767 illo

2080 1790 2362 1853 biberint.
2422 1790 2495 1852 Et
2539 1791 2851 1872 siquidem
2910 1792 3293 1861 imbecillem.
3328 1801 3388 1856 et
3445 1800 3742 1873 tempora-

2081 1881 2257 1953 riam,
2285 1890 2343 1941 et
2371 1880 2749 1943 deﬁcientem
2780 1881 3113 1962 accepisset
3148 1882 3547 1962 cognitionem
3582 1902 3739 1959 eam,

2084 1987 2215 2048 qum
2240 1979 2432 2046 est..ex
2463 1979 2652 2049 parte,
2686 1987 2902 2050 nempe
2937 1971 3336 2049 cognitionem
3362 1989 3395 2033 ο
3421 1969 3743 2052 Scriptnris

345 2061 442 2117 οὒκ
513 2058 628 2126 ἐξὸν
683 2061 942 2139 ἀνθρώπῳ
1009 2062 1264 2137 λαλῆσαι,
1342 2071 1518 2122 πᾶσαν
1596 2066 1695 2134 τὴν
1762 2073 1849 2123 νῦν
1931 2060 1998 2121 δι’

2086 2057 2559 2137 provenientem,
2614 2059 3060 2139 comparatione
3088 2058 3404 2122 verborum
3461 2060 3742 2123 ineffabi-

338 2149 600 2228 ὶσόπτρου
730 2153 818 2209 καὶ
948 2154 1258 2229 αἰνίγματος
1382 2154 1667 2232 γινομένην
1777 2159 1993 2234 γνῶσιν,

341 2238 804 2318 καταργουμένην,
864 2239 993 2298 ὅταν
1035 2241 1161 2320 ἔλθῃ
1202 2244 1263 2300 τὸ
1304 2242 1530 2316 τέλειον,
1604 2245 1699 2302 οὒκ
1754 2242 1815 2300 ἂν
1871 2245 1998 2302 αὗτὸ

339 2326 727 2406 ἕνεκαλέσαμεν
757 2347 771 2361 ’
821 2332 865 2388 εἰ
894 2330 949 2388 δὲ
979 2333 1110 2412 ὑπὲρ
1164 2341 1258 2391 τοῦ
1301 2331 1607 2391 διαϐάλλειν
1651 2335 1718 2392 τὰ
1768 2335 1993 2408 παλαιὰ,

344 2420 498 2474 τοῦτο
553 2432 728 2500 ποιεῖ,
758 2418 1049 2500 ὲγκλητέος
1095 2420 1156 2478 ἂν
1188 2422 1305 2490 εἴη,
1370 2412 1446 2481 U0
1504 2421 1558 2480 δὲ
1614 2421 1820 2481 δίδωσιν
1862 2420 1996 2501 ὕδωρ

340 2509 369 2564 ὁ
422 2508 636 2590 Σωτὴρ,
696 2512 855 2590 φησὶν
925 2514 1065 2567 εἶναι
1110 2510 1168 2568 ἐκ
1217 2518 1309 2568 τοῦ
1379 2510 1684 2588 Πνεύματος
1754 2513 1841 2569 καὶ
1895 2517 1996 2579 τῆς

343 2595 615 2674 δυνάμεως
675 2601 855 2675 αὐτοῦ,
918 2601 977 2658 οὒ
1048 2599 1390 2677 ψευδόμενος.
1476 2602 1574 2660 Καὶ
1634 2603 1708 2667 εἰς
1765 2603 1850 2675 τὸ,
1926 2602 1998 2658 Οὔ

341 2687 420 2762 μὴ
490 2685 705 2763 διψήσει
764 2687 818 2744 δὲ
890 2691 962 2753 εἷς
1033 2692 1122 2746 τὸν
1188 2692 1375 2765 αἰῶνα,
1436 2689 1767 2748 ἀποδέδωκεν
1809 2692 1995 2753 αὗταῒς

344 2774 548 2841 λέξεσιν
634 2776 800 2842 οὕτως
836 2794 851 2809 ⁶
939 2779 1163 2843 Αἰώνιος
1220 2780 1319 2858 γὰρ
1389 2782 1424 2848 ἡ
1480 2781 1593 2852 ζωὴ
1653 2781 1833 2854 αὐτοῦ,
1909 2780 1997 2835 καὶ

343 2863 613 2941 μηδέποτε
664 2867 1007 2947 φθειρομένη,
1070 2870 1143 2932 ὡς
1213 2870 1301 2925 καὶ
1368 2870 1402 2936 ἡ
1464 2868 1651 2947 πρώτη
1715 2870 1750 2936 ἡ
1794 2867 1854 2924 ἐκ
1906 2875 1998 2923 τοῦ

341 2955 587 3035 φρέατος,
654 2956 794 3015 ἀλλὰ
864 2957 1094 3033 μένουσα
1127 2976 1145 2995 ο
1204 2958 1546 3037 ἀναφαίρετος
1602 2957 1701 3036 γὰρ
1762 2959 1798 3026 ἡ
1881 2957 1995 3037 χά-

345 3068 423 3124 ρις
479 3047 568 3103 καὶ
625 3048 659 3115 ἡ
704 3044 875 3126 δωρεά
915 3055 1008 3105 τοῦ
1064 3046 1314 3127 Σωτῆρος
1358 3049 1535 3122 ἡμῶν,
1600 3048 1686 3103 καὶ
1729 3047 1807 3123 μὴ
1862 3046 1993 3103 ἀνα-

343 3135 660 3217 λισκομένη,
751 3134 889 3212 μηδὲ
968 3136 1285 3218 φθειρομένη
1375 3136 1428 3193 ὲν
1524 3143 1600 3211 τῷ
1671 3136 1995 3217 μετασχόντι

346 3226 528 3292 αΜς.
590 3226 946 3306 Φθειρομένηδ
1018 3224 1073 3283 δὲ
1156 3226 1254 3294 τὴν
1338 3226 1557 3305 πρώτην
1616 3223 1786 3291 διδοὺς
1854 3226 1996 3283 εἶναι

347 3317 510 3395 ζωὴν,
558 3316 601 3371 εἰ
659 3315 757 3392 μὲν
810 3317 912 3384 τὴν
966 3317 1103 3373 κατά
1145 3317 1206 3373 τὸ
1249 3317 1470 3396 γράμμα
1508 3313 1680 3394 ἔλεγε,
1726 3317 1902 3388 ζητῶν
1931 3320 1999 3389 τῇ

2084 2147 2251 2228 lium,
2287 2155 2444 2207 867
2482 2158 2540 2209 et
2570 2166 2703 2229 quae
2726 2148 2799 2210 ad
2826 2148 3132 2211 hominem
3152 2149 3350 2231 eloqui
3373 2169 3489 2211 non
3520 2158 3610 2213 est
3628 2150 3739 2227 fas,

2082 2255 2321 2297 omnem
2353 2237 2582 2299 scilicet
2607 2245 2963 2317 praesentem
3020 2236 3446 2317 cognitionem,
3475 2258 3606 2321 quae
3636 2257 3746 2321 per

2081 2327 2391 2406 speculum
2424 2337 2535 2407 est,
2573 2336 2631 2388 et
2679 2345 2785 2408 per
2814 2327 3087 2407 aenigma,
3122 2336 3179 2390 et
3208 2346 3339 2409 qua;
3377 2319 3739 2409 destruetur,

2080 2434 2213 2476 cum
2248 2415 2475 2477 venerit
2506 2416 2673 2488 illud,
2706 2415 2863 2498 quod
2896 2416 3223 2497 perfectum
3256 2426 3368 2492 est,
3419 2417 3741 2499 haudqua-

2080 2523 2255 2585 quam
2289 2504 2435 2566 illud
2481 2504 3082 2587 reprehendissemus
3111 2529 3125 2581 ;
3150 2508 3241 2570 sin
3261 2525 3396 2569 vero
3421 2506 3578 2570 istud
3599 2506 3738 2587 agit.

2082 2601 2144 2653 ut
2174 2593 2583 2674 reprehendat
2616 2602 2832 2669 vetera,
2893 2595 3431 2676 reprehendendus
3462 2601 3555 2659 est
3584 2596 3737 2677 ipse.

2082 2681 2264 2743 Porro
2323 2682 2480 2763 quod
2537 2682 2639 2757 ait,
2675 2700 2922 2763 aquam.
2955 2700 3132 2762 quam
3165 2685 3270 2748 dat
3304 2686 3615 2766 Servator,
3663 2701 3743 2748 ea:

2078 2769 2319 2849 Spiritu
2366 2789 2517 2845 esse,
2551 2779 2607 2833 et
2632 2789 2710 2834 ea:
2746 2772 2939 2852 ipsius
2961 2778 3258 2853 potentia,
3291 2791 3428 2835 vera
3465 2773 3636 2838 dicit.
3667 2772 3741 2836 Et

2080 2861 2234 2922 istud
2266 2862 2423 2925 :Non
2452 2865 2618 2924 sitiet
2641 2865 2706 2924 in
2729 2871 3027 2925 internum
3045 2863 3111 2915 95
3126 2864 3317 2940 ;hisce
3340 2863 3537 2927 verbis
3556 2865 3743 2927 inter-

2080 2957 2347 3030 pretatus
2380 2960 2492 3025 est,
2528 2950 2735 3015 dicens
2770 2969 2784 3014 :
2840 2953 2969 3014 l‘ita
2998 2962 3235 3016 ceterna
3262 2961 3345 3017 est
3374 2957 3500 3018 vita
3522 2955 3741 3036 ipsius.

2078 3048 2288 3119 etquae
2315 3058 2623 3120 nunquam
2647 3042 3081 3121 corrumpitur,
3104 3044 3515 3123 siculquidem
3532 3045 3745 3125 prima

2080 3129 2195 3190 illa
2221 3147 2408 3209 aqua.
2433 3148 2566 3209 qua:
2590 3138 2682 3192 est
2706 3132 3316 3208 exputeo,sedmanet
3342 3152 3356 3193 :
3380 3150 3569 3212 neque
3582 3134 3745 3195 enim

2080 3219 2319 3297 auferri
2346 3225 2542 3298 potest
2569 3219 2795 3281 donum
2830 3226 2888 3282 et
2919 3225 3126 3300 gratia
3152 3220 3495 3283 Serratoris
3521 3222 3738 3302 nostri,

2082 3327 2214 3388 quas
2228 3326 2418 3389 neque
2431 3327 2671 3370 consum
2683 3310 3029 3389 itur,neque
3042 3311 3460 3391 corrumpitur
3474 3315 3539 3372 in
3552 3327 3618 3373 eo
3638 3311 3747 3392 qui

346 3405 665 3486 περιαιρέσει
723 3413 816 3462 τοῦ
885 3404 1231 3483 καλύμματος
1297 3404 1606 3485 γινομένην,
1671 3404 1709 3473 ἢ
1750 3406 1886 3462 κατὰ
1939 3405 1998 3460 τὸ

2086 3402 2386 3479 particeps
2420 3400 2609 3478 ipsius
2633 3400 2851 3475 fuerit.
2876 3396 3059 3461 Porro
3091 3407 3288 3461 autem
3322 3419 3456 3471 cum
3489 3399 3743 3481 primam

342 3497 577 3573 Πνεῦμα,
635 3497 723 3552 καὶ
767 3494 1042 3574 εύρίσκων,
1101 3497 1264 3574 ὑγιῶς
1296 3493 1358 3551 ἂν
1388 3493 1568 3573 ἔλεγεν
1605 3517 1615 3527 ·
1651 3496 1695 3551 εἰ
1728 3492 1781 3550 δὲ
1823 3494 1999 3560 πάντη

342 3586 538 3665 φθορὰν
615 3597 912 3664 κατηγορεῖ
967 3587 1072 3643 τῶν
1130 3583 1398 3665 παλαιῶν,
1483 3583 1666 3665 δῆλον,
1712 3582 1793 3641 ὅτι
1847 3590 2001 3641 τοῦτο

342 3687 515 3754 ποιεῖ,
552 3677 626 3739 ὡς
670 3675 747 3751 μὴ
821 3677 957 3755 ὀρῶν
1007 3673 1070 3731 δὲ
1100 3675 1269 3754 ἀγαθὰ
1297 3680 1401 3731 τῶν
1432 3671 1736 3749 μελλόντων
1765 3672 1913 3754 ἔχειν
1940 3671 2005 3722 96

346 3764 531 3820 ἐκετνα
571 3765 668 3832 τὴν
728 3765 905 3827 σκιάν,
957 3765 1064 3822 Οὐκ
1118 3764 1384 3827 ἀπιθάνως
1441 3762 1496 3819 δὲ
1537 3764 1621 3836 τὸ,
1681 3761 1999 3838 ἁλλομένου,

339 3852 660 3932 διηγήσατο,
732 3854 821 3910 καὶ
889 3854 1013 3919 τοὺς
1085 3849 1590 3929 μεταλαμϐάνοντας
1646 3857 1737 3908 τοῦ
1807 3850 2004 3908 ἄνωθεν

342 3942 843 4023 ὲπιχορηγουμένου
899 3941 1190 4016 πλουσίως,
1233 3942 1322 3998 καὶ
1390 3940 1579 4006 αὐτοὺς
1636 3937 1887 3997 ἐκϐλῦσαι
1931 3942 2005 4002 εἷς

343 4034 446 4102 τὴν
501 4032 694 4113 ἑτέρων
726 4033 934 4090 αἰώνιον
976 4032 1118 4103 ζωὴν
1162 4033 1229 4088 τὰ
1256 4029 1765 4111 ἐπικεχορηγημένα
1792 4031 1999 4093 αὐτοῖς.

345 4122 516 4181 Ἀλλά
546 4123 635 4178 καὶ
678 4122 889 4179 ἐπαινεῖ
943 4128 1044 4189 τὴν
1097 4128 1453 4197 Σαμαρεῖτιν,
1512 4121 1585 4185 ὡς
1632 4117 2000 4195 ἀνενδειξαμέ-

345 4238 446 4281 νην
488 4212 587 4280 τὴν
630 4211 936 4292 ἀδιάκριτον
984 4212 1075 4268 καὶ
1118 4208 1459 4277 κατάλληλον
1501 4216 1571 4287 τῇ
1615 4209 1765 4288 φύσει
1808 4209 2000 4274 ἑαυτῆς

349 4304 552 4378 πίστιν,
612 4302 690 4379 μὴ
741 4300 1098 4381 διακριθεῖσαν
1158 4298 1241 4381 ἐφ’
1286 4299 1374 4365 οἷς
1416 4297 1596 4376 ἔλεγεν
1628 4300 1783 4375 αὐτῇ.
1816 4299 1875 4355 Εἰ
1906 4298 2002 4373 μὲν

347 4393 436 4451 οὖν
505 4392 605 4461 τὴν
654 4391 957 4472 προαίρεσιν
1026 4387 1347 4470 ἀπεδέχετο,
1405 4387 1573 4465 μηδὲν
1624 4390 1741 4467 περὶ
1796 4387 2000 4468 φύσεως

346 4482 730 4561 αἰνιττόμενος,
785 4482 858 4544 ὡς
916 4478 1285 4561 διαφερούσης,
1336 4479 1423 4535 καὶ
1466 4479 1628 4553 ἡμεῖς
1660 4476 1721 4535 ἂν
1769 4499 2002 4556 συγκατ-

345 4572 568 4649 εθέμεθα
602 4589 616 4603 ⁸
680 4569 811 4627 εἰδὲ
866 4575 936 4647 τῇ
994 4575 1190 4649 φυσικῇ
1245 4573 1548 4645 κατασκευῇ
1600 4565 1845 4646 ἀναφέρει
1900 4566 1999 4635 τὴν

346 4667 447 4729 τῆς
508 4659 940 4741 συγκαταθέσεως
982 4660 1171 4738 αἰτίαν,
1224 4659 1298 4721 ὡς
1345 4661 1405 4717 οὗ
1445 4663 1575 4714 πᾶσι
1605 4657 1800 4725 ταύτης
1857 4677 1998 4735 παρ-

353 4753 542 4825 ούσης,
602 4749 952 4829 ἀνατρεπτέον
1002 4752 1158 4807 αὐτοῦ
1213 4748 1305 4804 τὸν
1348 4746 1530 4825 λόγον.
1590 4749 1696 4805 Οὖκ
1751 4741 1876 4803 οῖδα
1919 4743 1998 4825 δὲ,

2088 3489 2260 3551 vitam
2291 3487 2737 3570 corruptibilem
2789 3488 3130 3570 supposuit,
3181 3489 3501 3571 siquidem
3546 3489 3620 3552 de
3678 3507 3749 3552 ea

2086 3578 2315 3639 locutus
2346 3585 2456 3648 est,
2492 3596 2624 3659 quae
2685 3585 2743 3639 et
2776 3577 3109 3639 secundum
3144 3578 3420 3651 litteram,
3471 3597 3748 3660 quaerens

2086 3686 2240 3747 eam,
2274 3686 2404 3749 qua:
2435 3684 2506 3728 ex
2555 3667 2849 3729 ablatione
2880 3666 3194 3729 velaminis
3222 3668 3434 3743 oritur,
3494 3684 3748 3750 quasque

2084 3764 2173 3816 est
2228 3755 2558 3816 secundum
2588 3754 2898 3837 Spiritum,
2950 3764 3007 3818 et
3038 3757 3348 3819 inveniens
3378 3775 3533 3836 eam,
3584 3765 3749 3820 recte

2087 3846 2255 3908 dixit.
2289 3844 2391 3908 Sin
2426 3864 2567 3906 vero
2600 3846 3003 3927 corruptionis
3033 3847 3278 3909 omnino
3317 3855 3553 3909 accusat
3580 3853 3747 3910 vete-

2090 3953 2210 4009 res,
2236 3933 2614 4015 perspicuum
2646 3944 2759 4012 est,
2789 3954 2924 3996 eum
2958 3936 3073 3998 hoc
3101 3936 3323 4009 facere,
3347 3944 3625 4016 tanquam
3648 3933 3750 4016 qui

2092 4042 2207 4084 non
2238 4024 2433 4085 videat
2492 4024 2648 4085 bona
2675 4024 2778 4085 illa
2813 4024 3083 4086 umbram
3140 4024 3365 4086 habere
3413 4023 3748 4086 futurorum

2091 4114 2350 4177 illorum.
2383 4112 2674 4175 Caeterum
2704 4133 2823 4175 non
2856 4114 3512 4194 insciteinterpretatus
3542 4120 3633 4174 est
3659 4131 3754 4175 vo-

2089 4222 2241 4279 cem,
2275 4203 2555 4266 salientis
2613 4222 2812 4286 aquw,
2844 4204 3051 4267 dicens
3100 4222 3202 4265 eos
3233 4203 3334 4284 qui
3365 4213 3423 4265 et
3471 4202 3752 4284 supernis

2087 4292 2246 4354 illam
2306 4293 2679 4354 abundanter
2710 4294 3129 4375 participarent
3158 4292 3622 4374 suppeditatam,
3657 4292 3752 4355 vi-

2087 4380 2290 4442 cissim
2317 4383 2489 4443 etiam
2516 4400 2586 4444 ea
2607 4381 2677 4443 ad
2698 4382 2949 4444 aliorum
2983 4381 3232 4444 salutem
3254 4389 3538 4442 aeternam
3566 4379 3756 4443 eﬂ'nn-

2088 4469 2231 4532 dere
2264 4490 2395 4553 quae
2421 4469 2532 4532 sibi
2563 4471 2939 4552 suppeditata
2969 4470 3210 4532 fuerint.
3246 4468 3364 4532 Sed
3391 4478 3452 4533 et
3482 4469 3753 4532 Samari-

2088 4560 2271 4623 tidem
2305 4560 2526 4641 laudat,
2586 4570 2651 4622 ut
2678 4580 2809 4641 quze
2861 4560 3039 4622 ﬁdem
3072 4559 3493 4621 inconcussam
3534 4577 3604 4621 ac
3634 4575 3754 4621 suae

2088 4649 2278 4728 ipsius
2308 4659 2535 4711 naturae
2575 4649 3028 4711 convenientem
3062 4647 3390 4710 ostenderit
3418 4669 3431 4711 :
3466 4666 3585 4709 non
3618 4665 3751 4709 m0—

2086 4750 2204 4800 tam
2238 4738 2313 4800 ob
2346 4757 2435 4813 ea,
2471 4757 2600 4819 quin
2633 4738 2719 4799 illi
2772 4737 3009 4800 dicebat
3041 4735 3394 4819 (Servator).
3430 4736 3539 4801 Cui
3571 4736 3751 4800 etiam

346 4848 462 4906 πῶς
509 4842 536 4897 ὁ
584 4826 917 4919 Ἡρακλέων,
951 4840 1012 4895 τὸ
1043 4838 1120 4915 μὴ
1164 4836 1538 4917 γεγραμμένον
1567 4833 1832 4906 ἐκλαϐὼν,
1878 4836 1998 4916 φησῖ

2094 4847 2200 4890 nos
2234 4828 2575 4903 annuimus,
2611 4827 2660 4889 si
2692 4828 3046 4889 electionem
3096 4826 3316 4904 laudat,
3350 4826 3500 4889 nihil
3531 4826 3607 4888 de
3637 4844 3753 4889 na-

352 4933 483 5006 πρὺς
540 4932 625 5006 τὸ,
690 4931 790 4993 Δός
834 4951 927 5006 μοι
983 4931 1136 4985 τοῦτο
1191 4929 1251 4983 τὸ
1308 4923 1467 5005 ὕδωρ,
1512 4925 1586 4989 ὡς
1644 4922 1745 5005 ἄρα
1801 4922 2009 5004 βραχέα

356 5019 704 5101 διανυχθεῒσα
760 5020 860 5076 ὑπὸ
903 5025 998 5076 τού
1054 5016 1251 5101 λόγου,
1285 5016 1506 5092 ἐμίσησε
1561 5013 1749 5072 λοιπὸν
1790 5015 2010 5101 καὶ-’τὸν

350 5092 537 5167 τόπον..
571 5108 772 5167 ἐκείνου
822 5111 915 5165 τοῦ
943 5092 1251 5186 λεγομέδου¹
1275 5101 1468 5162 Ἰακὼϐ
1495 5103 1717 5184 φρέατος
1754 5101 1840 5162 98.
1876 5092 2008 5160 ἸΕτι

355 5196 421 5268 δὴ
478 5201 569 5257 καὶ
627 5201 760 5280 πρὸς
818 5200 904 5279 τὸ,
957 5198 1057 5262 Δός
1118 5218 1208 5274 μοι
1250 5202 1404 5252 τοῦτο
1457 5196 1517 5250 τὸ
1570 5192 1730 5273 ὕδωρ,
1782 5192 1877 5249 ’ίνα
1932 5191 2011 5267 μὴ

351 5289 490 5367 διψῶ
525 5338 542 5371 ,
697 5288 834 5367 μηδὲ
983 5286 1280 5368 διέρχωμαι
1445 5280 1621 5341 ἐνθάδε
1744 5280 1959 5339 ἀντλεῖν
1992 5328 2009 5355 ,

353 5382 508 5461 φησὶν
561 5378 643 5436 ὅτι
688 5385 852 5436 ταῦτα
890 5377 1040 5456 λέγει
1098 5380 1134 5446 ἡ
1191 5377 1323 5456 γυνὴ
1377 5372 1699 5455 ἐμφαίνουσα
1754 5373 1817 5428 τὸ
1887 5371 2007 5429 ἐπί-

356 5473 584 5548 μοχθον.
659 5470 749 5526 καὶ
801 5466 1168 5547 δυσπόριστον,
1227 5467 1316 5524 καὶ
1380 5462 1606 5544 ἄτροφον
1660 5461 1861 5521 ἐκείνου
1916 5468 2008 5519 τοῦ

357 5558 564 5625 ὕδατοςθ
611 5561 777 5616 Πόθεν
832 5558 933 5637 γὰρ
989 5555 1248 5614 δεικνύναι
1294 5554 1411 5637 ἔχει
1482 5550 1706 5632 ἄτροφον
1752 5551 1896 5608 εἶναι
1944 5553 2007 5608 τὸ

358 5659 450 5709 τοῦ
509 5645 702 5708 Ἰακὼϐ
1002 5637 1134 5705 ιἘτι
1191 5644 1245 5703 δὲ
1304 5634 1682 5721 ὄίἨρακλέων
1739 5641 1871 5720 πρὸς
1914 5642 2001 5714 τὰ,

888 5246 904 5279 3

2096 4930 2225 4981 tura
2254 4919 2433 4982 veluti
2452 4918 2686 4982 meliori
2711 4920 2967 4982 innuens
2993 4939 3008 5001 ;
3038 4918 3130 4980 sin
3160 4937 3298 4981 vero
3320 4918 3392 4981 ad
3423 4918 3754 4981 naturalem

2096 5009 2578 5092 constitutionem
2600 5009 2804 5086 refert,
2832 5008 2987 5092 quod
3020 5008 3307 5073 Salvatori
3329 5006 3758 5090 obtemperarit

2096 5091 2421 5179 Samaritis,
2483 5099 2650 5180 quasi
2685 5118 2753 5161 ea
2787 5091 2905 5161 non
2966 5098 3244 5161 omnibus
3279 5098 3443 5180 insit,
3503 5098 3754 5159 subver-

2098 5188 2273 5250 tenda
2304 5196 2392 5250 est
2415 5188 2573 5249 illius
2606 5189 2811 5250 oratio.
2860 5187 3071 5251 Nescio
3102 5205 3268 5263 vero,
3299 5186 3597 5268 quomodo
3627 5184 3755 5249 He-

2096 5278 2361 5351 raeleon,
2395 5278 2552 5360 quod
2585 5278 2870 5361 scriptum
2907 5279 3088 5340 etiam
3122 5296 3239 5339 non
3272 5283 3383 5349 est,
3415 5292 3759 5359 assumens,

2093 5368 2308 5431 dixerit
2337 5368 2397 5429 in
2432 5370 2542 5430 hoc
2571 5390 2585 5432 :
2620 5369 2708 5430 Da
2727 5368 2880 5431 mihi
2893 5368 3052 5431 hanc
3073 5383 3295 5448 aquam
3316 5365 3380 5416 97
3406 5383 3424 5441 ',
3457 5363 3614 5447 quod
3640 5373 3754 5429 sta.

2090 5457 2192 5526 tim
2224 5477 2255 5521 a
2285 5458 2468 5521 verbo
2502 5458 2799 5521 stimulata
2830 5457 3046 5520 mulier
3103 5456 3241 5519 odio
3272 5455 3552 5517 habuerit
3580 5455 3756 5518 etiam

2091 5547 2283 5609 locum
2319 5548 2477 5609 illius
2530 5548 2714 5628 putei,
2754 5547 2855 5629 qui
2885 5545 3197 5609 dicebatur
3222 5544 3430 5609 Jacob.
3461 5547 3761 5609 Przeterea

2091 5638 2150 5699 in
2182 5637 2328 5700 illud
2357 5656 2372 5701 ε
2408 5638 2496 5700 Da
2527 5637 2679 5699 mihi
2706 5635 2862 5700 hanc
2885 5653 3135 5716 aquam,
3165 5642 3377 5698 utnon
3402 5637 3756 5713 sitiam,ue-

433 5805 489 5852 9‘
508 5809 681 5873 Josn.
709 5825 791 5886 ιν,
825 5807 885 5873 6.
971 5806 1238 5884 95lbid.,
1269 5805 1369 5869 14.
1455 5801 1521 5854 96
1551 5800 1652 5867 Sic
1677 5801 1811 5866 cod.
1846 5800 2016 5867 Bodl.
2056 5801 2235 5865 228i.
2321 5799 2383 5849 97
2407 5799 2575 5862 Joan.
2603 5815 2683 5880 iv,
2716 5801 2809 5863 l5.
2896 5796 2984 5862 Ita
3011 5807 3175 5862 recte
3201 5797 3336 5861 cod.
3362 5794 3533 5860 Bodl.
3567 5793 3752 5859 2281.
