4148 6416
423 423 442 484 l
458 421 575 484 303

1340 416 1731 483 APPENDIX
1777 418 1877 482 AD
1918 416 2260 490 QUINQUE
2305 417 2594 482 lRENxEl
2646 417 2932 480 LIBROS.

3671 415 3692 473 l
3708 410 3824 476 304

409 571 526 631 que
553 571 663 616 ven
674 554 798 616 iam
817 551 934 616 huc
953 552 1458 616 odhaurirndum
1479 553 1584 625 ;ait
1610 551 2104 639 mulieremlhaac.

2171 553 2320 633 Λέγει
2353 557 2486 633 αὗτῇ
2515 555 2644 635 φησι
2679 575 2693 590 ⁸
2748 553 2925 622 Δῆλον
2967 553 3048 612 ὅτι
3104 560 3314 612 τοιοῦτο
3368 575 3420 610 τι
3475 550 3650 630 λέγων
3687 570 3699 582 ⁸
3772 537 3830 606 Εἶ

414 642 616 704 dicere
645 639 1064 704 ostendentem
1095 659 1252 721 aegre
1285 640 1533 715 hauriri,
1571 649 1786 706 etcum
1813 647 2080 712 difﬁcul-

416 740 536 794 tate
557 729 894 810 comparari
921 747 1131 811 aquam
1185 730 1368 804 illam,
1402 750 1512 793 nec
1544 732 1856 797 nutritioni
1885 745 2080 818 aptam

412 839 571 883 esse.
605 821 778 884 Unde
833 828 1025 900 potest
1055 820 1372 883 ostendere
1401 839 1610 902 aquam
1645 822 1849 900 Jacob,
1887 825 2082 888 nutri-

409 909 558 972 tioni
590 909 746 972 haud
781 910 1168 973 conducere?
1193 909 1402 972 Adhuc
1430 909 1491 971 in
1541 911 1667 972 haec
1699 911 1816 975 duo
1848 914 2030 976 verba
2061 934 2075 974 :

410 999 578 1062 Dicit
610 999 728 1073 illi,
762 998 908 1061 dicit
959 999 1291 1062 Heracleon
1319 1019 1334 1062 :
1365 998 1616 1062 Scilicet
1665 1001 1788 1064 tale
1815 1004 1954 1083 quid
1981 1005 2080 1066 (li-

409 1105 568 1151 cens:
604 1088 680 1150 Si
696 1088 1494 1170 risaeciperehancaquam,
1520 1091 1693 1164 vade,
1720 1110 1862 1153 t'oca
1883 1095 2084 1155 virum

411 1187 582 1240 tuum
619 1199 632 1241 :
668 1187 726 1240 et
758 1177 1063 1239 existimat
1090 1178 1305 1252 virum,
1341 1196 1517 1258 quem
1550 1177 1920 1243 Samarltidis
1949 1200 2084 1244 esse

412 1266 692 1329 Servatur
721 1266 890 1345 dicit,
931 1266 1207 1330 Pleroma
1239 1265 1610 1329 Samaritidis
1641 1286 1795 1344 esse,
1842 1278 1906 1331 ut
1937 1289 2080 1350 pro-

411 1354 567 1417 fecta
617 1375 754 1416 cum
785 1355 890 1417 illo
945 1354 1016 1416 ad
1049 1353 1448 1430 Servatorem,
1506 1367 1811 1437 reportare
1841 1359 1915 1420 ab
1949 1359 2080 1439 ipso

411 1444 761 1525 potentiam,
797 1453 856 1506 et
885 1443 1200 1521 unionem,
1231 1451 1291 1506 et
1323 1445 1800 1508 commistionem
1833 1448 1905 1509 ad
1941 1449 2081 1512 Ple-

410 1552 579 1596 roma
605 1553 778 1595 suum
813 1540 1038 1614 posset.
1073 1534 1191 1596 Ast
1221 1533 1506 1597 Christus
1535 1553 1655 1597 non
1680 1538 1864 1611 dixit,
1891 1537 2083 1618 inquit

410 1623 771 1696 Heracleon,
809 1622 1062 1685 mulieri
1090 1623 1163 1684 de
1193 1624 1434 1686 homine
1464 1625 1870 1701 mundano,ut
1897 1645 2081 1688 voca-

406 1721 522 1785 ret,
556 1715 704 1790 quia
719 1731 842 1775 non
866 1711 1357 1791 ignorabat.eam
1377 1713 1721 1793 legitimum
1745 1718 1944 1778 virum
1962 1734 2082 1777 non

406 1800 658 1864 habere.
694 1802 984 1866 Caeterum
1013 1802 1332 1863 manifeste
1355 1802 1468 1864 hoc
1498 1803 1558 1864 in
1596 1803 1729 1868 loco
1752 1805 1948 1866 verbis
1967 1805 2083 1866 vim

410 1890 600 1953 infert
625 1889 1035 1971 dicens,quod
1063 1889 1298 1952 mulieri
1313 1893 1590 1954 Servator
1622 1887 1870 1956 dixerit:
1907 1896 2080 1973 l’ade,
2105 1874 2144 1924 C

409 1999 560 2044 voca
589 1981 791 2043 virum
817 1986 1011 2050 tuum,
1035 1986 1094 2041 et
1114 1981 1251 2042 veni
1269 1980 1390 2042 huc
1411 1981 1476 2031 99
1501 2001 1516 2055 ;
1551 1982 1890 2060 signiﬁcans
1913 1985 2088 2045 mari-

417 2075 570 2138 tum,
603 2087 779 2149 quem
811 2086 881 2130 ex
913 2067 1246 2130 Pleromale
1273 2067 1574 2132 habebat:
1609 2089 1742 2132 nam
1776 2074 1823 2134 si
1858 2073 1968 2134 hoc
2000 2075 2085 2134 sic

415 2175 482 2220 se
515 2157 796 2231 habebat,
857 2165 1204 2238 oportuerat
1260 2159 1452 2220 virum
1500 2159 1779 2231 dicendo,
1842 2162 2084 2223 modum

417 2246 618 2312 etiam.
655 2266 773 2328 quo
798 2246 1094 2308 vocandus
1126 2256 1275 2320 erat,
1309 2248 1538 2323 dicere,
1574 2257 1635 2311 ut
1664 2268 1796 2311 cum
1851 2252 1980 2333 ipso
2011 2253 2082 2313 ad

413 2335 788 2400 Servatorem
823 2343 1126 2417 pergeret.
1160 2336 1279 2399 Sed
1312 2340 1624 2418 quoniam,
1660 2347 1723 2400 ut
1747 2337 2082 2403 Heracleon

415 2424 579 2504 dicit,
587 2427 764 2502 iuxta
781 2423 1246 2502 intelligentiam
1258 2426 1642 2503 spiritualem
1657 2429 1982 2508 ignorabat
2000 2449 2032 2492 υ
2043 2433 2088 2490 i-

413 2513 1104 2594 rumsuum,secundam
1119 2532 1261 2577 vero
1271 2514 1607 2595 simplicem
1617 2515 2087 2594 intelligentiam

417 2602 800 2665 erubescebat
821 2603 1213 2680 dicere,quod
1234 2603 1526 2664 moechum
1552 2601 1814 2674 haberet,
1842 2623 1960 2666 non
1983 2615 2080 2666 ri-

2163 641 2332 708 θέλεις
2403 641 2592 702 λαϐεῖν
2670 651 2830 702 τοῦτο
2915 644 2977 700 τὸ
3061 640 3220 722 ὕδωρ,
3297 639 3491 721 ὕπαγε,
3577 639 3829 720 φώνησον

2164 734 2256 789 τὸν
2313 731 2471 814 ἄνδρα
2515 755 2610 794 σου
2641 751 2656 766 ⁸
2745 737 2834 790 καὶ
2890 732 3063 790 οἴεται
3128 737 3229 798 τῆς
3301 727 3680 808 Σαμαρείτιδύς
3733 729 3826 784 τὸν

2165 819 2454 900 λεγόμενον
2507 824 2610 880 ὑπὸ
2653 830 2746 882 τοῦ
2802 824 3054 902 Σωτῆρος
3115 818 3274 900 ἄνδρα
3313 821 3378 877 τὸ
3425 818 3704 896 Πλήρωμα
3733 817 3826 874 εἴ·

2165 934 2246 969 ναι
2298 911 2485 984 αὐτῆς,
2529 911 2623 970 ’ἕνα
2678 913 2766 969 οὺν
2824 912 3008 986 ἐκείνῳ
3082 909 3346 990 γενομένη
3393 909 3525 988 πρὸς
3575 909 3667 964 τὶν
3709 913 3829 962 Σωυ

2163 1007 2302 1081 τῆρα
2357 1002 2664 1078 κομίσεσθαι
2727 1001 2852 1080 παρ’
2910 1005 3071 1060 αὖτοῦ
3125 1000 3222 1068 τὴν
3279 996 3521 1074 δύναμιν,
3579 997 3669 1054 καὶ
3723 995 3824 1062 τὴν

2165 1089 2376 1171 ἕνωσιν,
2433 1092 2523 1148 καὶ
2574 1092 2672 1159 τὴν
2728 1091 3020 1170 ἆνάκρασιν
3067 1090 3165 1156 τὴν
3223 1088 3355 1167 πρὸς
3428 1087 3520 1143 τὸν
3551 1084 3826 1164 Πλῆρωμα

2168 1179 2329 1249 αὐτῆς
2401 1179 2618 1257 δυνηθῇ.
2696 1183 2769 1238 Οὐ
2823 1181 2923 1259 γὰρ
2978 1179 3099 1258 περὶ
3149 1177 3359 1257 ἀνδρὸς,
3419 1177 3570 1257 φησὶ,
3629 1196 3823 1248 κοσμιο

2163 1276 2258 1326 κοῦ
2327 1267 2508 1348 ἔλεγεν
2587 1273 2744 1346 αὒπεῇ,
2803 1269 2897 1325 ἵνα
2970 1265 3198 1345 καλέσῃ,
3272 1265 3490 1344 ἐπείπερ
3567 1268 3663 1323 οὐκ
3717 1263 3826 1340 ἠγ-

2165 1361 2271 1414 νόει
2331 1356 2411 1415 ὅτι
2464 1362 2561 1418 οὒκ
2628 1359 2758 1440 εἷχε
2841 1358 3070 1434 νόμιμον
3146 1353 3328 1435 ἄνδρα.
3413 1351 3700 1434 Προδήλως
3771 1351 3828 1408 δὲ

2164 1448 2382 1504 ἐνταῦθα
2453 1445 2688 1524 βιάζεται
2760 1446 2953 1526 λέγων,
3015 1448 3149 1523 αὒτῇ
3213 1446 3305 1502 τὸν
3351 1449 3580 1524 Σωτῆρα
3621 1441 3829 1519 εἰρηκέ-

2164 1560 2250 1594 ναι
2284 1558 2300 1574 ·
2369 1537 2626 1604 Φώνησόν
2680 1559 2776 1598 σου
2850 1538 2942 1594 τὸν
3011 1533 3194 1614 ἄνδρα,
3266 1535 3354 1591 καὶ
3425 1532 3543 1591 ἐλθὲ
3614 1529 3826 1612 ὶνθᾶἓέ,

2165 1624 2427 1692 δηλοῦντα
2481 1627 2573 1682 τὸν
2645 1627 2750 1684 ἀπὸ
2792 1633 2886 1684 τοῦ
2928 1623 3298 1704 Πληρώματος
3343 1623 3562 1700 σύζυγον
3594 1636 3610 1654 ⁸
3673 1618 3828 1699 εἴπερ

2165 1716 2266 1794 γὰρ
2307 1712 2449 1772 τοῦθ’
2478 1714 2645 1780 οὕτως
2691 1715 2874 1795 εἶχεν,
2911 1715 3083 1794 ἐχρῆν
3115 1714 3204 1770 τὸν
3249 1711 3409 1790 ἄνδρα
3438 1712 3526 1767 καὶ
3554 1710 3669 1766 τινα
3697 1709 3827 1785 τρό-

2168 1827 2266 1863 πον
2295 1803 2568 1884 φωνητέον
2598 1803 2744 1861 ἔσται
2775 1805 2931 1862 αὺτὸν
2954 1805 2972 1852 ί
2993 1851 3010 1883 ,
3032 1803 3126 1859 ’ἵνα
3158 1803 3248 1859 σὺν
3277 1806 3421 1876 αὒτῷ
3451 1798 3671 1879 γένηται
3695 1799 3826 1877 πρὸς

2167 1896 2260 1952 τὸν
2303 1883 2548 1974 Σωτῆρα,
2623 1891 2776 1952 Ἀλλ’
2839 1895 2977 1968 ἐπεὶ,
3039 1894 3114 1956 ὡς
3163 1883 3466 1970 ’Πρακλέων
3510 1889 3642 1970 φησί
3691 1888 3830 1944 κατᾶ

2168 1985 2230 2040 τὸ
2301 1984 2582 2058 νοούμενον
2654 1983 2838 2062 ἠγνόει
2891 1985 2984 2039 τὸν
3055 1980 3192 2039 ἴδιον
3250 1977 3434 2059 ἄνδρα,
3479 1978 3616 2035 κατὰ
3657 1975 3713 2032 δὲ
3769 1977 3832 2032 τὸ

2169 2072 2368 2130 ἁπλοῦν
2469 2073 2738 2154 ᾐσχύνετο
2823 2075 3023 2144 εἰπεῖν,
3110 2070 3194 2128 ὅτι
3288 2070 3510 2148 μοιγὸν,
3583 2068 3708 2147 οὖχὶ
3773 2063 3831 2122 δὲ

2166 2161 2350 2243 ἄνδρα,
2403 2166 2552 2243 εἶχε,
2600 2166 2714 2228 πῶς
2759 2165 2881 2243 οὖχὶ
2943 2162 3118 2238 μάτην
3174 2159 3320 2217 ἔσται
3392 2158 3742 2236 προστάσσων

2167 2252 2337 2330 λέγων
2365 2267 2379 2282 ⁸
2470 2245 2711 2333 ”’ὶ’παγε,
2781 2252 3030 2334 φώνησον
3112 2251 3202 2307 τόν
3292 2246 3451 2326 ἄνδρα
3523 2269 3642 2320 σου,
3743 2238 3835 2301 καὶ

2165 2341 2283 2400 ἒκθὲ
2340 2339 2568 2421 ἐνθὶδες
2617 2343 2755 2402 Εἶτα
2826 2344 2959 2422 πρὸς
3024 2346 3180 2397 τοῦτο
3215 2355 3230 2372 ⁸
3294 2335 3521 2404 Ἀληθές
3576 2335 3825 2414 εἴρηκας.

2169 2432 2250 2488 ὅτι
2306 2429 2465 2511 ἄνδρα
2510 2437 2605 2491 οὒκ
2675 2431 2821 2512 ἔχεις
2856 2450 2870 2464 ⁸
2920 2429 3080 2511 φησιν
3113 2445 3129 2461 ⁸
3193 2425 3343 2486 Ἐπεὶ
3395 2425 3450 2482 ἒν
3506 2432 3584 2500 τῷ
3637 2424 3827 2500 κόσμῳ

2171 2523 2262 2578 οὒκ
2353 2525 2510 2600 εἶχεν
2580 2519 2737 2597 ἄνδρα
2788 2522 2824 2588 ἡ
2884 2527 3234 2600 Σαμαρεῖτις,
3295 2515 3360 2584 ἧν
3412 2515 3513 2593 γὰρ
3556 2513 3722 2580 αὒτῆς
3794 2515 3823 2568 ὁ

2166 2610 2296 2688 ἀνὴρ
2353 2599 2540 2684 ἑνίτῷ
2626 2613 2806 2670 Alcimi.
2885 2599 3078 2684 Ἠμετς
3137 2607 3234 2682 μὲν
3318 2607 3407 2662 οὖν
3466 2602 3768 2680 ἀνέγνωμεν
3801 2620 3817 2636 ⁸

417 2692 890 2773 rum;quomodo
918 2709 1035 2752 non
1065 2691 1281 2754 frustra
1309 2691 1881 2770 imperavigdicens:
1903 2694 2078 2768 Vade,

417 2800 566 2846 voca
589 2790 750 2842 808
777 2784 984 2842 virum
1000 2781 1539 2862 tuum,etrenihuc
1564 2779 1593 2828 Ξ
1614 2780 1638 2844 ?
1660 2782 1886 2850 Deinde
1898 2786 1966 2845 ad
1984 2785 2040 2846 id
2064 2812 2077 2856 ε

427 2870 572 2934 Vere
589 2871 975 2952 dixisti,quia
989 2875 1185 2934 virum
1206 2889 1322 2934 non
1335 2870 1734 2952 habes,inquit
1757 2893 1770 2932 :
1787 2877 2080 2947 Quoniam

2167 2699 2330 2756 Πέντε
2389 2697 2574 2778 ἄνδρας
2634 2698 2796 2779 ἔσχες
2835 2717 2848 2730 ⁸
2904 2698 3045 2777 παρὰ
3114 2694 3170 2752 δὲ
3213 2702 3291 2771 τῷ
3369 2691 3678 2772 Ηρακλέωνι
3731 2690 3816 2748 εὕ-

2168 2811 2326 2868 ρομεν
2362 2805 2376 2820 ⁸
2465 2787 2554 2855 ἘΞ
2636 2787 2822 2866 ἄνδρας
2884 2785 3044 2866 ἔσχες
3081 2800 3095 2816 ⁸
3159 2786 3248 2842 καὶ
3290 2782 3570 2863 ἐρμηνεύει
3623 2803 3682 2860 γε
3730 2783 3820 2849 τὴν

2169 2877 2359 2945 ὑλικὴν
2413 2900 2587 2935 πασαν
2631 2877 2818 2934 κακίαν
2872 2874 3164 2942 ’δηλοῦσθαι
3221 2871 3305 2929 διὰ
3346 2877 3454 2928 τῶν
3497 2870 3548 2937 ἒξ
3607 2869 3827 2948 ἀνδρῶν,

419 2963 484 3023 in
508 2963 736 3023 munito
754 2963 955 3024 virum
969 2980 1089 3024 non
1103 2960 1975 3035 habebatSamoritis,virosuo
1989 2983 2088 3026 v.2:-

2171 2971 2208 3046 ᾗ
2254 2967 2646 3025 συνεπέπλεκτο
2700 2967 2788 3023 καὶ
2843 2963 3156 3038 ἐπλησίαζε,
3203 2963 3347 3040 παρὰ
3400 2959 3562 3039 λόγον
3605 2961 3827 3038 πορνεύ-

419 3049 671 3112 sistenle
699 3050 862 3112 inter
891 3053 1128 3115 Eones.
1158 3050 1352 3130 Atque
1377 3067 1486 3110 nos
1515 3048 1760 3129 quidem
1794 3049 2044 3129 legimus
2071 3082 2084 3121 ;

2172 3078 2326 3136 ουσα,
2397 3058 2486 3114 καὶ
2529 3053 2924 3134 ὲνυϐριζομένη,
2999 3054 3088 3111 καὶ
3139 3049 3485 3126 ἂθετουμένη,
3531 3050 3620 3106 καὶ
3661 3049 3826 3128 ἐγκα-

423 3137 695 3218 Qui-nque
721 3140 888 3202 enim
909 3141 1072 3202 viros
1100 3139 1367 3201 habuisti
1381 3138 1423 3238 ὅ.
1440 3158 1460 3199 :
1480 3140 1636 3218 apud
1658 3137 2086 3203 Heracleonem

2171 3143 2536 3221 ταλειπομένη
2575 3142 2667 3201 ὑπ’
2721 3145 2914 3207 αὐτῶν,
2964 3141 3192 3200 Λεκτέον
3240 3139 3292 3196 δὲ
3345 3140 3474 3220 πρὸς
3533 3139 3712 3211 αὐτὸν,
3749 3137 3832 3196 ὅτι

419 3245 558 3288 vero
582 3227 952 3291 invenimus:
980 3231 1107 3292 Sea:
1126 3231 1294 3292 viros
1319 3225 1621 3290 habuisti:
1646 3228 2089 3309 interpretatur-

2174 3231 2329 3313 εἴπερ
2385 3235 2662 3311 ἒπὸρνευεν
2716 3234 2750 3300 ἡ
2795 3229 3158 3310 πνευματικὴ,
3187 3228 3492 3307 ἡμάρτανεν
3521 3227 3556 3294 ἡ
3586 3247 3831 3283 πνευμα-

417 3333 533 3398 que
557 3334 664 3397 per
692 3317 852 3379 viros
881 3337 1008 3393 sex,
1043 3318 1380 3380 universam
1410 3315 1694 3379 malitiam
1720 3318 2087 3381 materialem

2171 3325 2295 3392 τική
2333 3339 2347 3355 ⁸
2395 3325 2440 3379 εἰ
2495 3320 2551 3379 δὲ
2613 3322 2884 3401 ἡμάρτανε
2948 3319 3306 3395 πνευματικὴ,
3362 3314 3569 3394 δένδροθ
3634 3317 3831 3394 ἀγαθὸν

421 3405 741 3478 declarari,
763 3425 924 3484 .qua
954 3425 1094 3468 sese
1137 3405 1537 3486 implicuerat,
1587 3413 1645 3465 et
1669 3405 1741 3466 ad
1776 3424 1946 3486 qaam
1983 3427 2084 3469 ac-

2171 3413 2266 3469 οὗκ
2331 3409 2402 3479 ἧν
2442 3412 2478 3479 ἡ
2533 3411 2890 3487 πνευματική.
2945 3409 3091 3468 Κατᾶ
3120 3407 3221 3486 γὰρ
3264 3407 3326 3462 τὸ
3372 3401 3712 3483 Ιίῦαγγέλιον,
3755 3406 3830 3462 υῦ

419 3501 704 3573 cesserat,
741 3503 954 3575 praeter
1008 3495 1300 3558 rationem
1334 3492 1660 3569 fornicans,
1703 3497 2086 3558 contumelsis

2171 3497 2379 3556 δύναται
2463 3497 2670 3578 δένδρον
2755 3499 2950 3577 ἆγαθόν
3021 3498 3254 3577 καρποὺς
3339 3492 3602 3573 πονηροὺς
3673 3493 3828 3572 ἔνεγ-

416 3583 660 3652 affecta.
695 3593 753 3644 et
813 3584 1061 3664 rejecta,
1119 3592 1180 3646 et
1205 3582 1494 3645 derelicta
1523 3581 1596 3644 ab
1648 3581 1790 3646 illis.
1825 3585 1939 3646 Sed
1974 3587 2083 3667 ipsi

2171 3592 2288 3646 κεῖν
2321 3604 2335 3620 ⁸
2397 3590 2486 3646 καὶ
2545 3587 2729 3664 δῆλον,
2792 3586 2875 3645 ὅτι
2932 3586 3150 3667 οἴχεται
3207 3586 3390 3648 αὐτοῖς
3433 3584 3499 3640 τὰ
3539 3589 3638 3652 τῆς
3669 3587 3826 3660 μυθο-

419 3670 777 3734 Ileracleoni
805 3672 1126 3737 dicendum
1160 3679 1273 3748 est,
1296 3670 1346 3732 si
1367 3670 1655 3733 fornicata
1686 3679 1779 3733 est
1805 3672 2086 3752 spiritua-
2170 3683 2368 3742 ποιίας,

421 3759 520 3835 lis,
571 3779 854 3841 peccasse
884 3762 1252 3843 spiritualem
1284 3783 1299 3836 ς
1332 3760 1384 3822 si
1445 3778 1580 3822 vero
1613 3761 1877 3840 peccavit
1921 3763 2278 3844 spiritualis,
2333 3765 2612 3830 arborem
2647 3766 2865 3829 bonam
2927 3783 3046 3828 non
3078 3762 3262 3825 fuisse
3317 3761 3488 3823 istam
3537 3760 3828 3842 spiritua-

421 3857 578 3919 lem.
638 3851 812 3915 Juxta
857 3851 1019 3914 enim
1052 3850 1458 3931 Evangelium,
1515 3847 1652 3912 Non
1677 3856 1871 3930 potest
1901 3850 2086 3914 arbor
2141 3853 2296 3918 bona
2325 3858 2524 3920 malos
2569 3858 2806 3934 [ructus
2852 3849 3078 3934 ferre‘
3109 3874 3126 3931 ;
3159 3849 3411 3934 proinde
3439 3858 3642 3931 aperte
3708 3848 3830 3911 illis

434 3943 658 4023 perire,
692 3960 825 4023 quas
854 3941 1174 4004 finxerunt.

1815 4029 1950 4110 Pag
2008 4031 2129 4096 209
2157 4041 2218 4097 et
2257 4052 2426 4117 seqq.

504 4134 838 4198 Heracleon
869 4137 932 4200 in
981 4137 1108 4200 haec
1150 4137 1334 4200 verba
1375 4137 1617 4216 (Patres
1665 4137 1858 4200 nostri
1885 4138 1951 4199 in
1980 4137 2092 4200 hoe

419 4233 622 4287 monte
651 4227 1066 4290 deieraverant
1093 4228 1127 4279 ὕ
1163 4237 1175 4299 l
1206 4227 1310 4304 ait,
1370 4226 1622 4288 honeste
1667 4225 2089 4288 Samaritidem

423 4314 636 4375 fassam
669 4313 878 4392 fuisse,
913 4334 1006 4398 (ιω
1033 4314 1149 4377 sibi
1176 4319 1351 4376 Jesus
1377 4313 1662 4376 dixisset:
1695 4313 1900 4376 Solius
1929 4318 2090 4378 enim

414 4405 752 4483 prophetae,
786 4404 984 4487 inquit
1006 4403 1415 4486 {Haracleon),
1453 4411 1540 4466 est
1569 4405 1772 4465 omnia
1802 4421 2085 4466 eernere:

419 4469 1088 4574 Introbique'mehtiens.
1126 4493 1271 4559 Nam
1305 4469 1484 4556 etiam
1518 4490 1718 4571 angeli
1751 4491 2088 4570 hujusmodi
2117 4469 2156 4517 ο

421 4600 674 4645 cernere
725 4593 977 4666 queunt,
1009 4595 1067 4646 et
1125 4583 1419 4664 prapheta
1449 4600 1568 4642 non
1625 4579 1790 4640 \idet
1845 4580 2090 4645 omnia:

2260 4133 2317 4204 Ὀ
2380 4135 2685 4224 ’Πρακλέων
2731 4144 2804 4206 εἰς
2838 4142 2904 4198 τὰ
2938 4141 3068 4198 αὖτὰ
3096 4141 3310 4219 ῥήματα
3339 4139 3506 4220 λέγει,
3539 4139 3826 4222 εὗσχημό-

2173 4255 2278 4297 νως
2324 4231 2737 4312 ὡμολογηκέναι
2761 4230 2861 4298 τὴν
2905 4238 3233 4309 Σαμαρεῖτιν
3261 4230 3328 4286 τὰ
3374 4227 3466 4288 ὑπ’
3495 4230 3654 4291 αὖτοῦ
3695 4232 3827 4304 πρὸς

2173 4322 2334 4390 αὐτὴν
2407 4321 2660 4400 εἰρημένα
2691 4335 2708 4353 ⁸
2826 4320 3106 4401 Προφήτου
3189 4320 3289 4398 γὰρ
3367 4319 3554 4396 μόνου,
3643 4321 3828 4401 φησὶν,

2176 4407 2314 4466 ἐστὶν
2385 4407 2572 4466 εἰδέναι
2616 4408 2682 4467 τὰ
2758 4409 2956 4482 πάντα,
3005 4405 3327 4484 ψευδόμενος
3385 4407 3673 4486 ἑκατέρως.
3733 4413 3832 4466 Καὶ

2181 4498 2281 4576 γὰρ
2337 4499 2384 4555 οἱ
2433 4495 2650 4576 ἄγγελοι
2707 4497 2773 4554 τὰ
2828 4507 3046 4556 τοιαῦτα
3115 4494 3357 4553 δύνανται
3429 4494 3644 4573 εἰδέναι,
3688 4498 3776 4553 καὶ
3805 4497 3834 4552 ὁ

2180 4588 2459 4668 προφήτης
2503 4588 2562 4644 οὐ
2605 4587 2776 4643 πάδτα
2829 4584 2975 4643 οἶδεν
3013 4605 3027 4620 ⁸
3089 4581 3186 4643 Ἐκ
3214 4584 3408 4664 μέρους
3439 4586 3537 4664 γὰρ
3567 4587 3834 4665 γινώσκο-

419 4671 527 4735 Ea:
550 4679 730 4751 parte
743 4675 905 4735 enim
939 4675 1444 4754 eognoseimus,et
1467 4677 1736 4750 exparte
1763 4667 2094 4748 prophet-

2179 4667 2303 4756 μεν,
2360 4677 2449 4733 καὶ
2498 4674 2558 4731 ἐκ
2609 4675 2800 4755 μέρους
2873 4677 3302 4756 προφητεύομεν,
3361 4672 3460 4732 κᾶν
3499 4675 3834 4754 προφητεύο-

419 4777 556 4822 mus
583 4760 636 4834 6,
678 4760 806 4826 sive
837 4762 1290 4842 prophetemus,
1325 4761 1448 4822 sive
1480 4774 1936 4836 cognoscamus.
1971 4759 2088 4821 lJe-

417 4848 560 4910 inde
590 4850 1005 4913 Samaritidem
1053 4852 1276 4927 laudat,
1311 4861 1592 4930 tanquam
1638 4863 1771 4924 quae
1800 4845 2030 4908 decent-
2059 4865 2087 4907 r

421 4945 648 4999 naturas
673 4955 796 4998 suae
825 4937 1056 5014 fecerit,
1099 4959 1228 5022 quae
1257 4956 1452 5021 neque
1485 4933 1732 4996 mentita
1769 4933 1864 5006 sit,
1890 4953 2086 5016 neque

419 5026 610 5104 palam
643 5027 800 5087 fassa
832 5027 1258 5106 turpitudinem
1291 5047 1458 5092 suam
1487 5044 1501 5086 ε
1530 5033 1587 5086 et
1617 5039 1956 5103 persuasam
1985 5028 2082 5088 in-

417 5115 548 5195 quit
576 5114 789 5195 ipsam,
846 5118 1048 5178 lesum
1110 5120 1459 5202 prophetam
1497 5131 1652 5193 esse,
1713 5109 2083 5192 interrogare

415 5222 577 5280 eum,
613 5204 1032 5268 ostendentem
1088 5209 1267 5272 simul
1301 5209 1479 5270 etiam
1541 5218 1802 5273 causam,
1842 5213 2084 5284 propter

413 5311 591 5374 quam
652 5293 944 5357 fornicata
997 5294 1176 5359 fuerit
1221 5321 1238 5368 ;
1294 5296 1580 5360 nimirum
1621 5287 1780 5372 quod
1842 5302 2082 5373 propter

415 5380 816 5462 ignorantiam
849 5383 979 5460 Dei,
1042 5395 1102 5448 et
1131 5388 1398 5450 divinum
1432 5385 1655 5449 cultum
1698 5377 2077 5459 neglexisset,

414 5479 472 5533 et
502 5471 705 5534 omnia
752 5472 1034 5538 deessent
1086 5496 1218 5559 quae
1247 5478 1362 5541 sibi
1425 5475 1500 5539 ad
1528 5474 1711 5535 vitam
1744 5472 2080 5534 necessaria

491 5641 753 5703 9810an.
806 5659 886 5717 Iv,
927 5644 1022 5706 l6.
1108 5646 1130 5690 ί
1162 5647 1334 5709 Adde
1376 5649 1568 5707 εἰπεῖν.

1653 5639 1681 5683 9
1707 5639 1885 5700 .loan.
1939 5653 2020 5714 Iv,
2059 5646 2154 5706 l7.

2179 4785 2299 4844 μεν,
2345 4765 2432 4822 καὶ
2491 4766 2844 4844 γινώσκομεν.
2903 4765 3050 4820 Μετᾶ
3114 4761 3170 4818 δὲ
3239 4771 3404 4822 ταῦτα
3479 4761 3690 4818 ἐπαινεῖ
3758 4765 3832 4826 ὡς
3861 4817 3872 4824 ,

2174 4854 2480 4934 πρεπόντως
2509 4861 2579 4931 τῇ
2637 4853 2802 4922 αὐτῆς
2845 4853 2996 4935 φύσει
3049 4852 3352 4922 ποιήσασαν
3395 4851 3493 4918 τὴν
3550 4857 3832 4930 Σαμιρεϊ-

2169 4966 2272 5018 τιν,
2318 4944 2405 5000 καὶ
2447 4944 2585 5020 μήτε
2646 4942 3006 5020 ψευσαμένην,
3067 4942 3204 5017 μήτε
3247 4938 3489 5019 ἄντικρυς
3549 4938 3825 5017 ὁμολογή-

2167 5054 2334 5090 σασαν
2391 5039 2490 5100 τὴν
2539 5033 2735 5099 ἑαυτῆς
2817 5030 3233 5110 ἀσχημοσύνην,
3323 5029 3688 5104 πεπεισμένην
3742 5049 3826 5101 τε,

2166 5123 2346 5202 φησὶν,
2408 5121 2601 5196 αὐτην,
2661 5119 2742 5176 ὅτι
2791 5121 3070 5200 προφήτης
3125 5118 3242 5192 εἴη,
3279 5117 3478 5197 ἐρωτᾷν
3505 5116 3682 5192 αὗτὸν,
3719 5117 3830 5191 ἅμα

2164 5213 2262 5278 την
2336 5211 2505 5268 αἰτίαν
2586 5209 2966 5290 ἐμφαὶνουσαν,
3042 5208 3110 5265 δι’
3177 5209 3246 5276 ἢν
3305 5207 3666 5287 ἐξεπόρευσεν,
3746 5205 3830 5262 ὅτι

2163 5299 2394 5359 διάνοιαν
2448 5299 2478 5349 7
2516 5307 2672 5374 Θεοῦ,
2736 5300 2822 5355 καὶ
2895 5299 2994 5367 τῆς
3053 5299 3190 5354 κατὰ
3247 5299 3340 5354 τὸν
3400 5297 3531 5354 Θεὸν
3585 5295 3831 5374 λατρείας

2163 5389 2535 5467 ὀιμελήσασαν,
2597 5390 2686 5446 καὶ
2763 5389 2977 5446 πάντων
3033 5390 3140 5444 τῶν
3193 5387 3330 5445 κατὰ
3387 5388 3479 5442 τὸν
3521 5385 3634 5462 βίον
3697 5387 3833 5463 αὑτῇ

2162 5477 2466 5559 ἀναγκαίων
2492 5477 2546 5554 8,
2593 5477 2681 5536 καί
2712 5473 2891 5542 ἄλλως
2933 5476 3015 5534 ἀεὶ
3055 5475 3155 5544 τὴν
3182 5473 3216 5524 9
3263 5477 3321 5532 ἓν
3364 5479 3442 5549 τῷ
3471 5473 3571 5552 βίῳ
3611 5476 3828 5556 τυγχά-

2240 5645 2475 5724 3lbid.,
2511 5647 2610 5710 48.
2699 5642 3226 5724 ‘Matth.m,i8.
3310 5643 3654 5724 Meam",
3713 5639 3821 5724 20.

410 5721 444 5809 9
471 5721 498 5809 ξ
525 5725 660 5784 Cor.
712 5738 839 5800 xm,
873 5725 934 5784 9.
1019 5725 1046 5774 7
1076 5725 1220 5808 Leg.
1283 5729 1374 5786 ἅτε
1405 5729 1473 5786 δι’
1505 5724 1744 5806 ἄγνοιαν.
1833 5717 1865 5767 8
1889 5719 2104 5802 supple

2171 5729 2301 5790 lum
2331 5717 2501 5809 puto,
2559 5717 3206 5809 anmuyxévoueav,'vel
3237 5722 3540 5806 quidpiam
3586 5717 3821 5788 simile.

406 5802 442 5854 9
478 5803 620 5882 Leg.
655 5809 782 5868 τῶν,
