4148 6412
533 321 684 386 1315

1433 323 1822 388 APPENDIX
1868 323 1968 386 Ai)
2009 323 2351 397 QUINQUE
2395 326 2689 392 IRENAEI
2735 327 3028 391 LIBROS.

3761 327 3916 390 1316

527 457 842 531 exsistens,
874 456 986 517 hoc
1009 462 1120 537 est,
1152 475 1272 518 non
1301 457 1631 519 secundum
1663 466 1941 521 naturam
1975 474 2042 518 se
2071 455 2176 518 ha-

2259 456 2638 537 ἀμαρτ-ιξμασιν
2699 459 2788 528 ῆν,
2851 459 2992 517 Εἶτα
3048 461 3134 542 τὸ,
3198 461 3260 518 ἐκ
3325 465 3426 529 τῆς
3505 459 3761 528 Ἰουδαίας
3843 464 3918 527 εἰς

527 547 696 623 bens,
723 549 783 610 in
819 549 1148 627 ignorantia
1180 555 1237 610 et
1267 548 1528 629 peccatis
1553 548 1994 613 fuerit.Deinde
2024 547 2180 629 quod

524 638 809 714 dicitur,a
850 631 1072 700 Judoéa
1116 639 1182 701 in
1231 637 1568 719 Galilaeam,
1623 639 1893 718 exposuit
1925 656 2031 718 pro
2083 655 2178 717 eo,

522 729 684 810 quoi
705 736 796 790 est
817 745 854 790 α
876 745 1140 809 superna
1163 727 1624 791 Judwa.Nescio
1651 736 1848 790 autem
1882 725 2180 808 quomodo

520 818 820 899 accipiens
842 836 911 878 ea
931 817 1144 880 verba:
1171 819 1325 880 Erat
1353 819 1516 880 enim
1547 821 1927 892 moriturus;
1972 813 2179 877 existi-

521 916 640 968 mat
656 907 916 970 subverti
939 925 1145 968 eorum
1168 907 1512 988 opinionem
1535 905 1639 987 qui
1662 907 1920 968 animam
1940 905 2183 966 immor-

518 997 692 1060 talem
729 1004 978 1078 ponunt,
1015 996 1226 1058 eodem
1270 995 1492 1076 conjici
1521 995 1871 1058 existimans
1901 1001 2024 1055 tum
2047 994 2178 1054 ani-

521 1107 700 1159 mam,
739 1096 860 1148 tum
894 1105 1133 1166 corpus,
1191 1093 1248 1147 et
1303 1085 1552 1148 interire
1604 1085 1663 1145 in
1695 1086 1994 1164 gehenna.
2047 1081 2178 1144 Non

520 1176 913 1238 immortalem
940 1192 1070 1236 esse
1101 1173 1396 1235 existimat
1419 1174 1748 1237 Heracleon
1776 1171 2174 1245 animam,sed

517 1275 655 1340 apte
688 1272 1086 1345 comparatam
1118 1263 1189 1325 ad
1225 1264 1506 1345 salutem;
1554 1263 1743 1343 ipsam
1791 1279 1926 1326 esse
1969 1260 2176 1322 dicens

514 1353 904 1436 corruptibile
937 1352 1274 1434 illud,quod
1300 1353 1493 1415 induit
1515 1351 2168 1433 incorruptibilitatem,

515 1452 576 1506 et
606 1443 881 1523 mortale,
903 1441 1058 1524 quod
1080 1441 1271 1503 induit
1293 1441 1826 1516 immortalitatem,
1852 1459 1985 1503 cum
2014 1458 2174 1502 mors

508 1535 698 1616 ipsius
727 1533 940 1595 animae
983 1531 1261 1612 absorpta
1310 1532 1489 1595 fuerit
1523 1531 1584 1593 in
1621 1531 1924 1593 victoriam
1951 1529 2034 1589 59.
2076 1529 2165 1592 Ad

511 1625 656 1698 hinc,
689 1621 834 1685 illud
867 1621 1046 1684 etiam
1073 1641 1086 1656 ·
1113 1620 1254 1684 Nisi
1283 1625 1464 1702 signa
1496 1629 1548 1684 et
1566 1622 1842 1702 prodigia
1871 1621 2168 1694 videritis,

2264 547 2362 616 τὴν
2432 547 2742 622 Γαλιλαίαν,
2808 549 2922 606 ἀντὶ
2978 559 3073 609 τοῦ
3122 549 3183 606 ἑκ
3248 555 3347 619 τῆς
3403 551 3468 602 58
3529 551 3724 609 ἄνωθεν
3793 548 3922 610 Ἰου-

2263 634 2438 701 δαίας.
2499 643 2608 698 Οὐκ
2664 637 2787 696 οἶδα
2831 637 2907 715 δὲ,
2971 639 3116 704 ὅπως
3167 641 3242 704 εἰς
3299 641 3359 697 τὸ
3414 640 3646 718 ἤμελλεν
3690 641 3922 711 ἀποθνή-

2265 747 2430 800 σκειν,
2488 731 2714 796 κινηθεὶς
2757 727 2932 788 οἴεται
2989 728 3366 802 ἀνατρέπεσθαι
3427 731 3492 787 τὰ
3535 728 3774 810 δόγματα
3815 735 3920 786 τῶν

2261 816 2647 893 ὑποτιθεμένων
2701 817 2958 876 ἀθάνατον
2997 818 3142 875 εἶναι
3187 819 3288 886 τὴν
3331 823 3518 900 ψυχὴν
3561 821 3635 885 εἰς
3674 821 3738 876 τὸ
3794 818 3920 878 αὖτὸ

2263 901 2650 980 συμϐάλλεσθαι
2721 905 3114 984 ὑπολαμϐάνων
3169 910 3258 965 καὶ
3313 909 3414 976 τὴν
3487 909 3674 988 ψυχὴν
3728 909 3818 964 καὶ
3858 908 3920 964 τὸ

2263 1001 2444 1074 σῶμα,
2503 994 2829 1052 ἀπόλλυσθαι
2887 996 2943 1052 ὲν
2993 996 3200 1077 γεέννῃ,
3265 999 3364 1055 Καὶ
3406 997 3504 1056 οὒκ
3559 995 3818 1055 ἀθάνατόν
3859 1017 3919 1077 γε

2262 1086 2400 1138 εἶναι
2431 1085 2648 1163 ἡγεῖται
2675 1085 2776 1154 τῆν
2807 1085 2993 1164 ψυχὴν
3024 1087 3053 1142 ὁ
3087 1076 3417 1168 Ἡρακλέων,
3452 1084 3574 1143 ἀλλ’
3605 1076 3918 1154 ἐπιτηδείως

2259 1171 2488 1252 ἔχουσαν
2542 1175 2671 1254 πρὸς
2715 1176 3006 1252 σωτηρίαν,
3055 1174 3216 1242 αὐτὴν
3257 1173 3432 1254 λέγων
3476 1176 3619 1234 εἶναι
3647 1177 3710 1232 τὸ
3739 1172 3919 1232 ἐνδυό-

2259 1282 2415 1336 μενον
2486 1260 2774 1344 ἀφθαρσίαν
2853 1265 3099 1343 φθαρτὸν,
3169 1265 3258 1321 καὶ
3337 1264 3620 1322 ἀθανασίαν
3697 1266 3912 1339 θνητὸν,

2253 1347 2380 1407 ὅταν
2421 1349 2486 1402 60
2541 1353 2812 1419 κατεπόθη
2862 1355 2890 1408 ὁ
2945 1353 3168 1418 θάνατος
3228 1357 3391 1422 αὐτῆς
3442 1355 3516 1418 εἰς
3583 1365 3734 1418 νῖκος
3780 1355 3915 1434 Πρὸς

2251 1440 2479 1516 τούτοις,
2533 1442 2622 1498 καὶ
2677 1441 2764 1516 τὰ,
2799 1440 2928 1499 Ἐὰν
2973 1442 3050 1518 μὴ
3094 1454 3300 1518 σημεῖα
3361 1445 3450 1500 καὶ
3497 1443 3690 1524 τέρατα
3733 1440 3911 1519 ἴδητε,

2251 1531 2311 1587 οὗ
2381 1529 2460 1606 μῆ
2503 1531 2844 1609 πιστεύσητε,
2890 1529 3130 1610 λέγεσθαι
3193 1554 3354 1612 φησιν
3415 1533 3620 1595 οἰκείως
3680 1532 3814 1612 πρὸς
3854 1533 3915 1589 τὸ

2250 1625 2490 1676 τοιοῦτον
2547 1619 2833 1699 πρόσωπον
2874 1617 2941 1678 δι’
2974 1621 3142 1700 ἔργων
3172 1621 3326 1702 φύσιν
3356 1621 3490 1703 ἕχον
3518 1623 3610 1680 καὶ
3636 1619 3704 1678 δι’
3734 1622 3914 1693 αἰσθή-

510 1731 633 1774 non
682 1711 939 1775 credetis
958 1708 1043 1787 61;
1085 1709 1201 1804 dici
1251 1710 1334 1772 ait
1371 1710 1610 1792 proprie
1643 1709 1714 1771 ad
1749 1709 1925 1770 talem
1959 1725 2170 1788 perso-

2256 1731 2390 1774 σεως
2461 1710 2752 1786 πείθεσθαι,
2821 1710 2911 1767 καὶ
2986 1709 3111 1791 οὐχὶ
3174 1709 3323 1790 λόγῳ
3379 1709 3666 1775 πιστεύειν,
3703 1712 3776 1770 Τὸ
3805 1708 3862 1767 δὲ
3894 1725 3906 1740 ⁸

513 1819 810 1882 nam,quze
860 1807 1067 1861 natura
1116 1799 1196 1860 ita
1221 1809 1564 1878 comparata
1619 1807 1732 1875 est,
1769 1808 1832 1860 ut
1861 1816 1969 1879 per
1993 1815 2174 1878 opera

510 1903 564 1954 et
599 1909 841 1953 sensum
889 1887 1239 1970 persuaderi
1290 1888 1404 1950 sibi
1461 1889 1742 1970 patiatur,
1781 1887 1932 1949 nolit
1979 1895 2172 1951 autem

510 1980 758 2044 credere
789 1978 1027 2040 rationi.
1062 1977 1188 2040 Hoc
1221 1977 1400 2040 etiam
1429 1996 1444 2040 :
1480 1977 2174 2059 Descende,priusquam
2204 2047 2211 2058 ⁴

508 2071 814 2132 moriatur
853 2066 1020 2148 ﬁlius
1052 2066 1314 2142 meust”;
1366 2067 1590 2128 dictum
1655 2066 1838 2128 fuisse
1887 2073 2068 2146 putat,
2103 2084 2174 2126 eo

509 2158 667 2240 quod
700 2175 860 2219 mors
890 2157 965 2218 sit
1005 2155 1153 2234 legis
1209 2155 1345 2219 ﬂuis
1369 2165 1615 2239 propter
1645 2168 1888 2238 peccata
1940 2154 2170 2216 interti-

508 2247 738 2310 cientis.
771 2248 1104 2328 Antequam
1138 2245 1319 2325 igitur
1347 2246 1591 2308 oznnino
1645 2245 1931 2307 moriatur
1988 2243 2171 2307 Filius

450 2370 454 2376 -
509 2345 750 2418 propter
803 2345 1064 2418 peccata,
1103 2342 1236 2415 eget
1293 2337 1473 2399 Pater
1537 2336 1666 2398 solo
1725 2337 2062 2411 Servatore,
2106 2342 2172 2394 ut

509 2445 682 2508 opem
719 2427 866 2489 Filio
893 2425 1062 2500 fciat,
1127 2425 1238 2487 hoc
1287 2433 1376 2487 est
1424 2425 1522 2486 tali
1583 2434 1828 2486 naturae.
1873 2426 2170 2494 Praeterea

507 2515 684 2578 verba
715 2515 854 2579 illa:
882 2515 1079 2580 Filius
1110 2523 1250 2578 tuus
1295 2517 1443 2578 vivit
1472 2514 1561 2591 63;
1623 2515 2048 2596 interpretatus
2079 2522 2168 2576 est

509 2607 665 2667 dicta
695 2605 878 2668 fuisse
909 2624 941 2667 a
967 2607 1277 2669 Servatore
1311 2614 1552 2686 propter
1609 2604 1983 2676 modestiam,
2010 2622 2163 2685 quo-

508 2695 665 2757 niam
699 2714 818 2756 non
850 2693 1067 2757 dixerit
1101 2715 1116 2756 :
1159 2694 1332 2758 Virut
1351 2717 1376 2768 ;
1403 2714 1597 2776 neque
1639 2693 1971 2756 ostenderit
1996 2692 2160 2774 si-ip-

506 2804 636 2846 sum
675 2784 1024 2866 praestitisse
1080 2783 1168 2846 illi
1218 2784 1414 2848 vitam.
1449 2784 1577 2847 Dici
1607 2785 1806 2858 etiam,
1843 2783 1999 2865 quod
2023 2802 2154 2845 cum

505 2874 915 2936 descendisset
945 2875 1015 2935 ad
1049 2873 1378 2950 inﬁrmum,
1434 2874 1866 2955 liberassetque
1915 2891 2048 2934 cum
2083 2871 2157 2934 ab

509 2963 874 3038 infirmitate,
937 2965 1051 3026 hoc
1105 2972 1214 3040 est,
1267 2982 1301 3026 a
1350 2965 1630 3045 peccatis,
1685 2983 1754 3026 ac
1809 2963 2160 3026 viviﬁcasset

2261 1795 2551 1879 Κατάόηθι,
2597 1799 2715 1873 πρὶν
2771 1799 3060 1857 ἀποθανεῖν
3113 1801 3176 1856 τὸ
3231 1799 3436 1858 παιδίον
3514 1823 3642 1876 μου,
3699 1798 3787 1857 διὰ
3853 1802 3913 1857 τὸ

2257 1887 2407 1952 τέλος
2456 1888 2600 1946 εἶναι
2655 1895 2750 1946 τοῦ
2806 1889 2972 1964 νόμου
3026 1889 3118 1946 τὸν
3159 1888 3380 1946 θάνατον
3423 1889 3656 1969 εἰρῆσθαι
3686 1889 3905 1968 νομίζει,

2258 1977 2594 2057 ἀναιροῦντος
2664 1975 2749 2034 διὰ
2817 1985 2925 2035 τῶν
2990 1978 3286 2058 ἁμαρτιῶν.
3357 1981 3487 2058 Πρὶν
3555 1977 3752 2045 τελέως
3800 1981 3906 2054 οὖν,

2258 2072 2412 2150 φησὶ,
2467 2070 2832 2139 θανατωθῆναι
2862 2071 3000 2128 κατά
3027 2072 3122 2136 τὰς
3153 2071 3440 2152 ἁμαρτίας,
3469 2069 3642 2133 δεῖται
3671 2073 3701 2129 ὁ
3728 2070 3910 2148 Πατὴρ

2258 2169 2350 2219 τοῦ
2402 2161 2565 2231 μόνου
2619 2165 2898 2241 Σωτῆρος,
2945 2159 3035 2218 ἵνα
3076 2161 3322 2238 βοηθήσῃ
3367 2165 3445 2234 τῷ
3491 2163 3617 2237 Υἱῷ,
3670 2157 3908 2218 τουτέστι

2255 2253 2324 2328 τῇ
2381 2247 2559 2324 τοιᾷδε
2615 2251 2788 2332 φύσει,
2847 2252 2985 2330 Πρὸς
3027 2251 3230 2316 τούτοις
3274 2253 3356 2312 τὸ.
3439 2241 3495 2310 Ὀ
3537 2253 3646 2316 υἱὸς
3682 2271 3778 2307 σου
3820 2252 3906 2328 ζῆ,

2254 2341 2390 2397 κατά
2433 2341 2649 2420 ἀτυφίαν
2694 2341 2952 2418 εἰρῆσθαι,
3025 2348 3104 2416 τῷ
3185 2339 3398 2421 Σωτῆρι
3457 2339 3748 2421 ἑξείληφεν,
3801 2338 3907 2395 ἐπεὶ

2254 2429 2350 2486 οὒκ
2405 2429 2554 2507 εἶπε,
2584 2431 2760 2506 Ζήτω,
2793 2427 2914 2487 eost:
2945 2429 3195 2510 ἐνέφηνεν
3223 2431 3376 2497 αὐτὸς
3408 2433 3785 2512 παρεσχῆσθαι
3812 2427 3903 2494 τὴν

2250 2521 2416 2590 ζωήν.
2476 2519 2632 2598 Λέγει
2661 2517 2715 2575 δὲ
2762 2517 2843 2576 ὅτι
2872 2517 3106 2586 καταϐὰς
3146 2521 3277 2598 πρὸς
3323 2521 3414 2576 τὸν
3468 2521 3758 2596 κάμνοντα,
3818 2533 3894 2588 καὶ

2249 2610 2532 2686 ἰασάμενος
2577 2611 2731 2668 αὐτὸν
2778 2609 2874 2678 τῆς
2933 2609 3108 2683 νόσου,
3159 2609 3394 2668 τουτέστι
3452 2616 3560 2668 τῶν
3607 2609 3894 2690 ἁμαρτιῶν,

2245 2701 2334 2757 καὶ
2375 2698 2461 2756 διὰ
2509 2698 2606 2769 τῆς
2670 2699 2907 2781 ἀφέσεως
2965 2701 3325 2776 ζωοποιήσας,
3378 2703 3532 2757 εἶπεν
3566 2718 3580 2732 ·
3654 2689 3714 2756 ι0
3800 2689 3900 2760 υἱὸς

2245 2811 2340 2849 σου
2398 2793 2487 2860 ζῆ.
2577 2790 2678 2848 Καὶ
2731 2787 2967 2868 ιεπιλέγει
3045 2791 3176 2869 πρὸς
3233 2791 3318 2864 τὸ,
3372 2789 3672 2849 ἐπίστευσεν
3728 2788 3759 2844 ὁ
3817 2783 3904 2842 ἄν·

2239 2882 2471 2958 θρωπος,
2533 2879 2613 2936 ὅτι
2686 2876 2932 2944 εὕπιστος
3003 2879 3091 2935 καὶ
3142 2881 3170 2935 ὁ
3213 2876 3534 2958 δημιουργός
3574 2877 3709 2954 ἐστι,
3739 2877 3832 2934 καὶ
3856 2873 3908 2919 ⁸⁸

2239 2967 2318 3024 ότι
2349 2967 2560 3026 δύναται
2617 2970 2646 3025 ὃ
2688 2967 2879 3048 Σωτὴρ
2923 2968 3013 3025 καὶ
3056 2967 3134 3042 μῆ
3177 2968 3358 3048 παρὼν
3385 2967 3714 3048 θεραπεύειν.
3768 2966 3904 3024 Δού-

511 3062 750 3136 propter
800 3054 1241 3128 remissionem,
1277 3053 1496 3116 dixerit
1529 3072 1544 3117 :
1577 3052 1780 3116 Filius
1811 3060 1950 3116 tuus
1981 3054 2185 3117 vivit!

2249 3056 2364 3122 λους
2419 3055 2475 3114 δὲ
2518 3059 2611 3116 τοῦ
2665 3055 2944 3134 βασιλικοῦ
2991 3055 3232 3138 ἐξείληφε
3311 3058 3434 3138 τοὺς
3489 3055 3746 3137 ἀγγέλους
3821 3061 3910 3114 τοῦ

508 3142 687 3206 Addit
716 3143 1036 3224 quoquead
1061 3145 1186 3206 haec
1207 3145 1393 3206 verba
1429 3142 1923 3208 :Credidithomo
1951 3162 1968 3219 ;
1999 3144 2159 3225 quod

508 3232 699 3295 facilis
728 3231 799 3294 ad
823 3232 1190 3294 credendum
1215 3232 1290 3294 sit
1321 3234 1496 3294 etiam
1519 3231 1728 3294 mundi
1748 3231 2161 3313 Opifex,quod-

509 3341 627 3403 que
657 3322 845 3403 possit
875 3320 1150 3383 Servator
1201 3322 1376 3384 etiam
1435 3341 1556 3384 non
1615 3339 1879 3402 praesens
1923 3339 2155 3383 curare.

511 3411 728 3473 Servos
756 3418 953 3472 autem
976 3410 1165 3490 reguli
1197 3413 1621 3492 interpretatus
1641 3418 1732 3471 est
1766 3409 2008 3489 angelos
2036 3410 2161 3490 opi-

510 3499 638 3561 ﬁcis
673 3499 904 3573 mundi,
937 3498 1349 3562 renuntiantes
1373 3499 1494 3560 illis
1523 3497 1718 3560 verbis
1745 3517 1759 3561 :
1795 3499 1851 3561 F
1854 3498 2003 3562 ilius
2025 3505 2165 3562 tuus

505 3590 684 3663 vivit;
715 3589 874 3668 quod
927 3589 1240 3651 commode
1270 3597 1330 3652 et
1359 3587 1542 3669 probe
1571 3587 1840 3664 haberet,
1880 3606 2001 3650 non
2029 3606 2160 3650 am-

508 3678 667 3758 plius
691 3695 926 3754 agensa
955 3694 1020 3737 se
1049 3677 1266 3755 aliena;
1301 3685 1358 3739 et
1387 3679 1539 3740 hanc
1569 3677 1644 3739 ob
1675 3696 1909 3739 causam
1953 3677 2161 3740 existi-

508 3776 625 3828 mat
642 3785 842 3829 servos
868 3767 1214 3831 renuntiare
1245 3767 1475 3848 regulo,
1509 3786 1642 3849 quae
1670 3768 1742 3830 ad
1775 3767 2028 3830 salutem
2052 3767 2158 3830 ﬁlii

507 3856 908 3938 pertinebant;
951 3855 1231 3938 quoniam
1283 3859 1506 3939 primos
1564 3859 1862 3920 existimat
1915 3857 2160 3938 angelos

506 3945 704 4008 videre
729 3946 1470 4012 actiones-’i74liominum.
1506 3948 1607 4028 qui
1639 3955 1781 4009 sunt
1809 3948 1867 4008 in
1906 3948 2150 4023 mundo,

506 4055 580 4098 an
612 4037 844 4099 fortiter
873 4045 932 4098 et
962 4037 1201 4099 sincere
1227 4037 1408 4100 vitam
1441 4038 1663 4117 degant
1682 4035 1758 4099 ab
1788 4055 1857 4098 eo
1886 4047 2156 4118 tempore

504 4146 626 4208 quo
656 4126 926 4191 Christus
957 4126 1310 4190 advenit.Ad
1328 4129 1595 4206 haec,per
1618 4126 1823 4188 horam
1843 4127 2156 4207 septimam

504 4216 644 4279 dicit
675 4215 974 4296 designari
1007 4229 1281 4278 naturam
1309 4215 1838 4297 sanati.Denique:
1877 4215 2157 4278 Credidit

503 4311 632 4388 ipse
655 4308 946 4370 etdomus
992 4308 1122 4385 eius
1175 4315 1323 4382 tota,
1354 4306 1780 4386 interpretatus
1810 4313 1899 4366 est
1927 4304 2048 4366 dici
2079 4304 2155 4367 de

499 4397 768 4476 angelico
797 4396 1030 4478 ordine,
1059 4397 1252 4478 deque
1283 4395 1624 4458 hominibus
1653 4395 1767 4476 ipsi
1790 4395 2156 4473 conjunctio-

500 4485 689 4548 ribus.
719 4485 817 4548 Ait
837 4487 1039 4562 etiam,
1095 4485 1318 4568 inquiri
1369 4486 1448 4548 de
1490 4484 1846 4566 quibusdam
1899 4485 2148 4564 angelis,

501 4582 701 4638 utrum
732 4575 1152 4658 servabuntur,
1185 4595 1398 4654 necne;
1427 4592 1646 4655 nempe
1677 4574 1754 4636 de
1779 4573 1874 4636 his
1907 4577 2005 4654 qui
2039 4573 2148 4636 de-

499 4666 866 4728 scenderunt
885 4665 961 4728 ad
979 4667 1128 4728 ﬁlias
1142 4663 1817 4738 hominum.Quinetiam
1839 4663 2148 4765 hominum
2235 4663 2388 4756 ςηξδδς
2423 4663 2735 4771 ’ᾖένζξςξτέ

2245 3146 2590 3228 δημιουργοῦ,
2637 3145 3077 3227 ἀπαγγέλλοντας
3135 3147 3192 3204 ἐν
3232 3152 3312 3222 τῷ
3343 3163 3358 3178 ·
3413 3137 3472 3205 Ὀ
3501 3161 3634 3211 παῖς
3665 3168 3764 3204 σου
3795 3151 3862 3224 Cit
3890 3160 3904 3175 '

2245 3234 2326 3294 ὅτι
2363 3237 2570 3301 οἰκείως
2616 3238 2705 3294 καὶ
2757 3238 2894 3294 κατά
2949 3238 3142 3317 τρόπον
3201 3235 3345 3318 ἔχει,
3389 3237 3640 3316 πράσσων
3712 3237 3910 3313 μηκέτι

2245 3329 2313 3384 τὰ
2366 3327 2601 3384 ἀνοικεία
2625 3344 2641 3362 ⁸
2707 3329 2795 3384 καὶ
2837 3325 2922 3383 διὰ
2961 3333 3116 3384 τοῦτο
3172 3327 3369 3402 νομίζει
3425 3323 3788 3406 ἀπαγγέλλειν
3835 3330 3911 3400 τῷ

2247 3415 2508 3496 βασιλικῷ
2547 3418 2670 3481 τοὺς
2723 3415 2938 3481 δούλους
2993 3418 3060 3475 τὰ
3114 3418 3234 3493 περὶ
3286 3421 3386 3484 τῆς
3427 3423 3521 3474 τοῦ
3575 3417 3690 3474 υἱοῦ
3720 3437 3910 3483 σωτη-

2247 3509 2386 3589 ρὶας,
2449 3506 2562 3564 ἐπεὶ
2617 3509 2703 3564 καὶ
2760 3506 3002 3586 πρώτους
3058 3506 3231 3564 οἴεται
3273 3505 3489 3585 βλέπειν
3544 3507 3639 3572 τὰς
3694 3505 3910 3584 πράξεις

2245 3604 2351 3654 τῶν
2405 3597 2460 3654 ἐν
2503 3601 2580 3672 τῷ
2622 3597 2810 3673 κόσμῳ
2865 3597 3154 3677 ἀνθρώπων
3199 3596 3323 3662 τοὺς
3353 3594 3630 3677 ἀγγέλους,
3665 3597 3710 3654 εὶ
3739 3595 3910 3676 ὲῤῥω-

2247 3688 2417 3765 μένως
2485 3689 2575 3745 καὶ
2645 3686 2938 3766 εἰλικρινῶς
2991 3685 3352 3744 πολιτεύοιντο
3405 3685 3472 3738 65
3513 3687 3618 3743 ἀπὸ
3665 3691 3767 3754 τῆς
3817 3696 3912 3746 τοῦ

2243 3782 2494 3858 Σωτῆρος
2548 3765 2856 3854 ἐπιδημίας.
2919 3765 3050 3836 "En
3104 3777 3236 3854 πρὸς
3307 3777 3408 3844 τὴν
3479 3775 3708 3853 ἑϐδόμην
3763 3777 3909 3857 ὥραν

2241 3867 2410 3948 λέγει,
2457 3864 2538 3924 ὅτι
2575 3865 2660 3924 διὰ
2718 3871 2818 3936 τῆς
2874 3866 3016 3946 ὥρας
3073 3868 3522 3948 χαρακτηρίζεται
3561 3867 3597 3935 ἠ
3627 3867 3784 3946 φύσις
3815 3873 3911 3925 τοῦ

2241 3959 2497 4024 ἰαθέντος.
2557 3957 2680 4016 Ἐπὶ
2750 3965 2906 4033 πᾶσι,
2990 3959 3074 4036 τὸ,
3131 3955 3469 4016 Ἐπίστευσεν
3529 3959 3684 4024 αὐτὸς
3725 3959 3818 4015 καὶ
3872 3957 3908 4026 ἡ

2238 4049 2374 4106 οἰκία
2458 4052 2614 4108 αὐτοῦ
2693 4046 2819 4126 ὅλη,
2909 4045 3204 4126 διηγήσατο
3275 4047 3360 4104 ἐπὶ
3433 4052 3532 4115 τῆς
3609 4046 3911 4127 ὰγγελικῆς

2239 4129 2471 4209 εἰρῆσθαι
2550 4127 2772 4205 τάξεως,
2832 4131 2942 4209 ,καὶ
3027 4129 3313 4208 ἀνθρώπων
3368 4135 3476 4186 τῶν
3572 4127 3912 4209 οἰκειοτέρων

2239 4207 2404 4283 αύτῷ,
2479 4213 2764 4277 Ζητετσθαι
2824 4207 2881 4266 δὲ
2928 4230 3098 4291 -φησι
3126 4207 3272 4289 περὶ
3323 4231 3480 4266 τινων
3527 4207 3815 4291 ἀγγέλων,
3865 4210 3912 4266 εἰ

2240 4291 2602 4365 σωθήσονται,
2647 4297 2755 4347 τῶν
2797 4289 3157 4348 κατελθόντων
3199 4290 3286 4347 ἐπὶ
3325 4292 3421 4355 τὰς
3450 4297 3557 4346 τῶν
3610 4289 3909 4370 ἀνθρώπων

2176 4355 2546 4451 1)θυγιιτέρπις.
2585 4355 2706 4451 ’Κσᾲ
2748 4371 2866 4451 ,τῶν
2940 4370 3228 4450 ἀνθρώπων
3314 4369 3369 4428 δὲ
3427 4380 3520 4431 τοῦ
3575 4355 3911 4451 δημιουργοῦ

2234 4448 2335 4518 τὴν
2377 4448 2648 4528 ἀπώλειαν
2679 4448 2961 4517 δηλοῦσθαι
3003 4448 3204 4527 νομίζει
3248 4451 3303 4508 ἐν
3345 4451 3422 4528 τῷ
3455 4468 3470 4482 '
3535 4453 3595 4510 Οἱ
3646 4451 3748 4510 υἱοὶ
3780 4448 3910 4520 ’τῆς

2236 4528 2507 4607 βασιλείας
2600 4525 2956 4597 ἔξελεῦσονται
3016 4525 3090 4598 εἱς
3121 4603 3134 4607 Α
3157 4533 3220 4588 τὸ
3293 4525 3483 4597 σκότος
3557 4533 3620 4588 τὸ
3703 4530 3914 4598 ἐξώτε-

2236 4603 2338 4694 ρονΔ
2359 4628 2374 4645 ·
2421 4613 2539 4694 καὶ-
2565 4612 2691 4692 περί
2733 4613 2946 4694 τούτων.
2981 4613 3074 4670 τὸν
3119 4603 3348 4694 Ἠσαίαν
3405 4611 3763 4694 προφητεύειν
3787 4615 3860 4694 ,τὸ
3894 4631 3913 4651 ⁸

2781 4695 2869 4750 καὶ
2921 4691 3112 4770 ὕψωσα
3143 4712 3160 4728 ⁸
3247 4693 3394 4752 αὐτοὶ
3450 4691 3535 4750 δὲ’
3574 4713 3642 4770 με
3697 4692 3913 4763 ἠθέτη-

495 4755 870 4818 fabricatoris
903 4756 1107 4818 mundi
1159 4755 1558 4835 perditionem
1600 4752 1885 4815 ieclarari
1935 4752 2148 4814 existi-

2249 4793 2331 4856 ταν
2367 4752 2407 4856 ί..
2430 4752 2670 4837 οὕάτινας
2698 4752 2842 4856 ύὶοὺς
2885 4752 3217 4856 ἀλλοτρίως,
3263 4776 3352 4832 καὶ
3395 4752 3606 4856 σπέρμά
3636 4752 3910 4856 πονηρὸν,

497 4853 620 4906 mat
650 4845 766 4906 hoc
795 4844 986 4907 dicto:
1019 4843 1170 4907 Filii
1223 4845 1404 4926 regni
1460 4844 1721 4933 exibunt
1765 4846 1832 4905 in
1872 4842 2151 4933 tenebras

2249 4853 2322 4910 ιαὶ
2376 4852 2574 4931 ἄνομον
2627 4853 2810 4933 καλεῖ,
2901 4856 2992 4912 καὶ
3031 4842 3350 4933 ⁸ἀμπελῶνα
3433 4842 3662 4919 ἀκάνθας
3721 4842 3912 4927 πόιήέ

497 4935 837 4996 exteriores
863 4933 950 5010 66;
978 4925 1312 5014 Isaiamque
1333 4933 1410 4996 de
1441 4931 1534 4994 his
1565 4933 1926 5014 prophetare
1956 4931 2100 4994 illud
2133 4950 2146 4996 :

2249 4954 2422 4998 ταντα.
2469 4925 2569 4994 Καὶ
2600 4943 2763 4993 ταῦτα
2787 4925 2892 5014 μὲν
2917 4937 2986 4992 τὰ
3031 4925 3421 5014 Ἡρακλέωνος.

492 5021 694 5086 Filios
721 5024 932 5106 genui,
965 5030 1026 5086 et
1055 5023 1332 5086 excitavi
1355 5045 1380 5097 ;
1424 5023 1776 5104 ipsiuautem
1804 5029 2170 5103 spreverunt
2198 5040 2293 5087 me
2316 5021 2370 5068 6⁷
2399 5046 2425 5098 ;
2457 5043 2608 5108 quos
2639 5024 2796 5089 ﬁlios
2823 5024 3054 5088 alienos
3084 5031 3144 5088 et
3171 5042 3381 5088 semen
3411 5041 3674 5108 nequam
3701 5031 3768 5088 et
3805 5026 3910 5090 in-

485 5111 712 5262 jilistum
744 5113 1026 5195 appellat,
1083 5115 1385 5194 vitemque
1443 5132 1576 5196 quae
1605 5111 1954 5194 produxerit
1999 5113 2224 5194 spinas.
2285 5112 2358 5176 Et
2427 5114 2556 5179 haec
2627 5115 2874 5198 quidem
2947 5122 3088 5179 sunt
3141 5116 3682 5181 commentationes
3740 5115 3912 5181 Hera

493 5218 526 5264 c
553 5221 748 5266 coms.

1771 5291 1859 5357 Et
1894 5300 2063 5356 tomo
2091 5296 2257 5380 XIX,
2281 5314 2438 5380 pag.
2471 5297 2616 5362 975.

571 5412 902 5478 Heracleon
933 5413 996 5477 in
1025 5413 1140 5478 hoc
1169 5410 1561 5490 dictuszuo
1575 5429 1682 5495 ego
1698 5412 1877 5490 vado,
1893 5429 1997 5476 vos
2013 5431 2139 5478 non

2303 5417 2393 5481 Εἷς
2447 5419 2532 5498 τὸ,
2603 5407 2790 5477 ’Ὅπου
2859 5417 2968 5498 ἐγὼ
3037 5417 3252 5500 ὑπάγω,
3325 5417 3484 5495 ὑμεῖς
3539 5415 3601 5475 οὗ
3642 5413 3909 5476 δύνασαθε

569 5604 624 5648 ⁵8
651 5603 752 5694 Sic
779 5605 914 5694 cod.
944 5604 1118 5671 Bodl.
1149 5603 1204 5649 57
1233 5607 1254 5666 Ι
1293 5607 1429 5672 Cor.
1464 5623 1566 5686 xv,
1601 5605 1700 5682 53,
1759 5605 1866 5670 54.
1909 5601 2122 5694 (ιο-γοα
2152 5605 2185 5662 ὅ

2249 5627 2278 5661 α
2299 5691 2314 5694 Α
2338 5605 2480 5667 huic
2510 5604 2663 5668 male
2695 5606 3004 5688 praemissa
3031 5609 3202 5678 deest
3233 5613 3294 5676 in
3323 5607 3496 5676 Bodl.
3522 5606 3575 5656 σί
3603 5607 3781 5675 Joan.
3822 5627 3908 5694 Iv,

488 5694 589 5757 48.
625 5694 680 5740 δ’
708 5693 894 5773 Ibid,
923 5695 1024 5763 49.
1057 5695 1112 5744 6³
1141 5695 1291 5764 Ibid.
1325 5698 1425 5762 50.
1456 5696 1510 5742 ⁶⁴
1539 5697 1639 5764 Sic
1668 5696 1840 5762 Bodl.
1869 5694 1924 5740 ⁸⁵
1953 5692 2053 5760 Sic
2085 5692 2185 5758 B01

2249 5740 2258 5758 .
2289 5691 2345 5740 ⁸⁵
2372 5696 2578 5762 Matth.
2611 5713 2715 5774 vn,
2755 5699 3069 5770 12.671“.
3105 5723 3146 5783 ι,
3182 5705 3244 5772 2.
