4148 6440
269 318 432 381 1317

1508 319 1980 384 FRAGMENTA
2026 319 2427 383 GNOSTICA.

3515 324 3669 389 l3l8

259 450 461 527 ἒλθεῒν,
523 453 657 533 φησί
708 453 809 533 γὰρ
843 469 858 484 ⁶
913 459 1033 518 Πῶς
1092 454 1146 511 ἐν
1190 453 1399 535 ἀγνοίᾳ,
1446 455 1534 511 καὶ
1578 454 1815 534 ἀπιστίᾳ,
1862 459 1945 513 καὶ

2042 459 2273 531 potestis
2297 458 2499 518 venire
2517 455 2603 537 68,
2627 455 2818 537 inquit
2848 479 2860 515 :
2898 456 3214 533 Quomodo
3261 459 3370 539 qui
3402 462 3468 522 in
3505 460 3688 540 igno-

262 541 648 620 ἀμαρτήμασιν
733 541 882 606 ὅντες
961 545 1016 600 ἓν
1116 543 1375 625 ἀφθαρσίᾳ
1473 542 1711 601 δύνανται
1782 542 1940 623 γενέ-

265 634 439 712 σθαις
498 629 637 708 μηδὲ
692 631 746 688 ἐν
804 633 973 708 τούτῳ
1031 634 1339 691 κατακούων
1392 633 1597 695 ἑαυτοῦ.
1648 635 1707 691 Εἰ
1748 634 1849 714 γὰρ
1893 640 1940 693 οἱ

263 722 322 776 ἒν
378 721 589 800 ἀγνοίᾳ⁴
650 724 738 779 καὶ
769 714 779 721 ’
807 722 1023 796 ἀπιστίᾳ
1084 725 1169 780 καὶ
1230 722 1607 802 ἁμαρτήμασιν
1651 721 1824 799 ὅντες,
1885 724 1939 779 ἐν

266 808 527 890 ἀφθαρσίᾳ
584 815 644 872 οὗ
686 810 923 869 δύνανται
969 811 1231 891 γενέσθαι,
1262 819 1381 878 πῶς
1433 815 1481 870 οἱ
1538 813 1828 871 ἀπόστολοι
1881 816 1938 870 ἒν

266 900 455 979 ἀγνοίᾳ
495 899 561 951 69
613 904 766 978 ποτὲ,
814 903 902 959 καὶ
943 901 998 960 ἐν
1064 902 1302 979 ἀπιστίᾳ,
1363 904 1453 961 καὶ
1494 903 1548 960 ὲν
1592 904 1938 984 ἁμαρτήμασι

268 988 569 1067 γενόμενοι.
617 990 674 1046 ἐν
701 992 959 1071 ἀφθαρσίᾳ
1014 991 1315 1070 γεγόνασις
1366 993 1618 1049 Δύνανται
1662 991 1748 1049 οὖν
1795 995 1841 1049 οἱ
1884 991 1937 1048 ἐν

266 1078 474 1158 ἀγνοίᾳ,
536 1082 623 1137 καὶ
681 1079 737 1136 ἐν
793 1081 1009 1154 ἀπιστίᾳ
1040 1084 1128 1137 καὶ
1159 1081 1214 1137 ἐν
1256 1082 1602 1162 ἁμαρτήμασι
1663 1083 1937 1162 γενόμενοι

268 1168 510 1247 γενέσθαι
568 1170 623 1225 ἐν
671 1170 951 1252 ἀφθαρσίᾳ,
988 1173 1031 1227 εἰ
1061 1169 1444 1247 μεταϐάλλοιεν
1478 1189 1495 1207 ·
1529 1170 1746 1230 δυνατόν
1790 1169 1844 1227 δὲ
1885 1167 1941 1213 Ἷθ

268 1259 458 1322 αὐτοὺς
490 1258 870 1336 μεταϐάλλειν,

2024 546 2256 618 rantia,
2290 551 2345 608 et
2369 545 2731 626 inﬁdelitate
2759 553 2928 619 sunt,
2952 553 3006 607 et
3040 549 3101 609 in
3151 550 3435 627 peccatis,
3484 551 3684 612 incor-

2023 633 2338 711 ruptibiles
2372 636 2508 716 ﬁeri
2553 635 2835 714 possunt?
2864 654 3061 716 neque
3095 632 3205 697 hac
3242 639 3298 697 in
3329 656 3395 699 re
3426 638 3540 700 sibi
3575 638 3689 719 ipsi

2023 740 2259 784 consen'
2276 723 2576 785 iens.Nam
2595 724 2644 785 si
2664 725 2719 785 in
2734 725 3226 803 ignorantia,ctin
3244 727 3683 802 incredulitate,

2026 821 2084 875 et
2112 813 2170 874 in
2207 815 2464 895 peccatis
2498 817 2879 887 exsistentes,
2919 816 3045 878 fieri
3072 836 3186 878 non
3220 828 3463 898 possunt
3494 819 3694 880 incor-

2022 903 2378 982 ruptibiles;
2412 906 2712 986 quomodo
2744 905 3019 985 apostoli.
3047 906 3145 987 qui
3172 907 3487 987 aliquando
3519 907 3686 970 fuere

2025 992 2082 1053 in
2124 993 2476 1071 ignorantia,
2523 1003 2582 1055 et
2614 996 2670 1055 in
2702 994 3145 1070 incredulitate,
3181 1005 3239 1057 et
3294 995 3352 1057 in
3400 998 3679 1077 peccatis,

2022 1083 2156 1144 facti
2188 1093 2327 1145 sunt
2361 1083 2876 1163 incorruptibiles?
2908 1085 3169 1147 Proinde
3192 1094 3458 1167 possunt,
3493 1088 3591 1168 qui
3622 1088 3682 1148 in

2019 1171 2460 1247 incredulitate,
2496 1181 2553 1233 et
2583 1172 2643 1232 in
2670 1172 3025 1252 ignorantia,
3051 1183 3109 1235 et
3138 1174 3197 1235 in
3233 1177 3491 1256 peccatis
3521 1186 3679 1250 sunt,

2019 1262 2150 1322 ﬁeri
2212 1261 2725 1342 incorruptibiles,
2772 1264 2820 1323 si
2878 1266 3299 1340 immutenlur;
3351 1265 3513 1346 atqui
3553 1266 3685 1328 ﬁeri

2017 1358 2232 1430 potest,
2267 1359 2330 1411 ut
2362 1352 2775 1413 immutentur.

1614 1457 1693 1521 Et
1719 1457 2001 1522 ulterius
2021 1476 2175 1539 pag.
2214 1455 2354 1522 280.

356 1550 414 1619 Ὀ
488 1550 815 1640 Ἡρακλέων,
900 1566 974 1629 ὡς
1031 1563 1390 1645 ἁπλούστερον
1450 1565 1730 1643 εἰρημένου
1786 1574 1880 1624 τοῦ
1919 1585 1936 1603 ⁶

274 1650 421 1721 Μήτι
502 1650 799 1735 ἀποκτενεῖ
852 1655 1081 1735 ἐαυτὸνς
1142 1657 1323 1735 φησὶν,
1393 1653 1474 1712 ὅτι
1530 1662 1777 1735 πονηρῶς
1821 1655 1942 1714 δια-

2100 1565 2431 1628 Heracleon
2465 1566 2713 1647 proinde
2752 1567 2920 1649 quasi
2953 1567 3067 1629 hoc
3097 1567 3321 1631 dictum
3337 1569 3686 1632 fueritsim-
3780 1591 3788 1603 ο

2027 1655 2259 1736 plicius:
2300 1657 2596 1736 Nunquid
2630 1657 3062 1737 interfecturus
3091 1665 3175 1720 est
3203 1658 3682 1737 seipsum7|,ait,

270 1736 610 1818 λογιζόμενοι
685 1746 733 1799 οἱ
787 1731 1033 1802 ’ἰουδατοι
1066 1731 1256 1804 ταυτα
1307 1731 1523 1826 ἔλεγον,
1568 1731 1940 1822 καὶ-μείζονας

2042 1746 2183 1825 mod
2224 1731 2480 1823 maligne
2513 1731 2844 1825 cogitantes
2890 1746 3080 1808 Judaei
3110 1747 3237 1809 hanc
3269 1731 3678 1828 loquerentur,

271 1829 493 1895 ἑαυτοὺς
550 1832 967 1914 ἀποφαινόμενοι
1011 1837 1102 1891 τοῦ
1158 1822 1432 1913 Σωτῆρος,
1480 1822 1569 1893 καὶ
1619 1834 1936 1911 ὑπολαμϐά-

2042 1822 2251 1915 ξεῑρεοδ
2276 1834 2448 1895 etiam
2483 1822 2869 1897 ostendentes
2894 1834 3022 1916 ipso
3051 1822 3368 1897 Servatore
3402 1822 3680 1918 majores,

272 1939 477 2000 νοντες,
537 1919 620 1978 ὅτι
676 1924 822 1980 αὐτοὶ
852 1923 950 2000 μὲν
996 1924 1374 1984 ἀπελεύσονται
1403 1925 1535 2006 πρὸς
1563 1926 1653 1982 τὸν
1685 1927 1813 1983 Θεὸν
1867 1926 1939 1992 είς

269 2008 567 2069 ἀνάπαυσιν
624 2013 837 2070 αἰώνιον
871 2030 884 2044 ⁶
945 2015 972 2070 ὁ
1032 2012 1088 2070 δὲ
1142 2014 1333 2095 Σωτὴρ
1390 2016 1463 2080 είς
1507 2016 1698 2096 φθορὰν
1749 2015 1838 2072 καὶ
1869 2017 1940 2081 είς

269 2099 518 2176 θάνατον,
582 2101 768 2161 ἑαυτὸν
837 2101 1319 2183 διαχειρισάμενος,
1380 2103 1515 2162 ὅπου
1575 2105 1791 2169 ἑαυτοὺς
1849 2106 1943 2162 οὒκ

270 2187 575 2266 ἐλογίζοντο
667 2191 944 2255 ἀπελθεῖν,
1044 2195 1143 2251 Καὶ
1232 2195 1420 2258 αὐταῖς
1504 2191 1674 2260 λέξεσί
1755 2217 1937 2275 φησιν,

272 2275 358 2335 ὅτι
402 2278 573 2353 ᾣοντο
628 2279 805 2360 λέγειν
868 2284 959 2338 τὸν
1012 2286 1239 2361 Σωτῆρα
1292 2285 1340 2340 οἱ
1386 2281 1654 2356 Ἰουδαῖοι,
1689 2283 1769 2340 ὅτι
1799 2282 1943 2362 Ἐγὼ

271 2370 507 2446 ἐμαυτὸν
562 2371 1031 2454 διαχειρισάμενος
1087 2377 1159 2440 εἰς
1224 2377 1417 2457 φθορὰν
1475 2376 1658 2454 μέλλω
1713 2377 1941 2454 πορεύε-

273 2463 421 2541 σθαι,
456 2460 589 2519 ὅπου
615 2465 773 2540 ὑμεῖς
817 2469 877 2525 οὐ
905 2463 1122 2523 δύνασθε
1150 2464 1348 2528 ἐλθεῖν.

2023 1932 2080 1986 et
2111 1925 2519 1987 ex'stimantes
2540 1943 2605 1986 se
2633 1925 2872 2006 quidem
2907 1926 3274 2006 profecturos
3299 1926 3374 1987 ad
3413 1926 3599 1990 Deum
3622 1927 3683 1989 in

2021 2012 2291 2095 requiem
2323 2016 2776 2095 sempiternam;
2802 2016 3176 2078 Servatorem
3213 2023 3409 2077 autem
3440 2016 3512 2079 ad
3542 2036 3680 2080 cor-

2023 2103 2385 2183 ruptionem,
2425 2113 2482 2164 et
2530 2104 2602 2164 ad
2660 2111 2936 2185 mortem,
2974 2103 3034 2165 vi
3061 2102 3175 2166 sibi
3204 2104 3320 2185 ipsi
3348 2103 3535 2188 illata,
3566 2125 3683 2187 quo

2025 2193 2251 2273 seipsos
2297 2213 2414 2255 non
2471 2193 2889 2255 existimabant
2937 2196 3330 2275 profecturos.
3366 2197 3436 2256 Et
3464 2195 3681 2258 iisdem

2022 2283 2221 2346 verbis
2248 2282 2467 2364 inquit,
2498 2284 2734 2347 Judaeos
2777 2285 3119 2345 existimare
3177 2282 3548 2347 Servatorem
3582 2286 3681 2347 di-

2024 2376 2316 2450 cerezEgo
2361 2372 2503 2433 mihi
2532 2372 2647 2453 ipsi
2677 2373 2727 2431 vi
2760 2372 3041 2453 allata,ad
3072 2373 3517 2454 corruptionem
3541 2392 3679 2454 pro-

2022 2464 2288 2525 fecturus
2330 2479 2488 2534 sum,
2526 2480 2643 2541 quo
2671 2479 2774 2523 vos
2805 2480 2923 2522 non
2956 2461 3203 2542 potestis
3230 2461 3455 2525 venire.

1559 2573 1644 2637 Et
1674 2580 1843 2638 tomo
1872 2571 2038 2650 XXI,
2064 2586 2226 2651 pag.
2264 2567 2403 2633 293.

361 2677 751 2760 Πυνθανοίμεθα
809 2675 855 2734 δ’
924 2678 987 2735 ἂν
1044 2685 1151 2737 τῶν
1206 2679 1301 2745 τὰς
1365 2681 1541 2760 φύσεις
1597 2679 1938 2759 εἰσαγόντων,

277 2765 369 2822 καὶ
425 2767 499 2830 εἰς
555 2768 642 2843 τὸ,
705 2755 838 2828 "Ott
882 2772 911 2826 ὁ
956 2769 1114 2849 λόγος
1170 2769 1299 2846 ἐμὸς
1344 2755 1403 2828 ού
1460 2774 1640 2849 χωρεῖ’)
1687 2755 1743 2825 ἐν
1787 2770 1940 2845 ὑμῖν,

276 2852 640 2913 ἀποδιδόντων
707 2860 843 2916 κατά
932 2849 1297 2940 Ἡρακλέωνα,
1381 2856 1462 2915 ὅτι
1532 2855 1616 2914 διὰ
1671 2856 1827 2915 τοῦτο
1885 2858 1945 2913 οὒ

2104 2675 2548 2753 Interrngentur
2577 2692 2609 2735 a
2639 2674 2835 2750 nobis,
2869 2674 2974 2753 qui
3003 2681 3214 2736 natura
3272 2673 3679 2753 introducunt,
3692 2709 3710 2746 ει

2026 2763 2251 2845 quique
2283 2763 2344 2824 in
2381 2764 2494 2825 hoc
2525 2771 2803 2826 contextu
2836 2784 2851 2827 :
2885 2764 3104 2827 Sermo
3143 2782 3308 2827 meus
3340 2782 3459 2826 non
3481 2763 3699 2827 locum”

2029 2853 2205 2916 habet
2234 2853 2301 2915 in
2330 2852 2499 2916 vobis
2538 2852 2624 2933 ⁷2,
2650 2854 2818 2933 juxta
2865 2852 3299 2916 Heracleouem
3357 2854 3679 2934 explicant,

278 2958 459 3024 χωρεῖ
515 2945 570 3002 ἐν
611 2949 765 3029 ὑμῖν,
822 2948 902 3006 ὅτι
934 2946 1292 3019 ἀνεπιτήδειοι
1340 2949 1459 3017 ἦτοι
1510 2946 1630 3004 κατ’
1688 2947 1864 3006 οὐσίαν
1909 2945 1945 3015 ἢ

2042 2942 2254 3004 idcirco
2286 2941 2482 3003 locum
2519 2962 2636 3003 non
2670 2942 2920 3024 habere,
2957 2944 3093 3024 quia
3124 2951 3264 3005 sunt
3303 2951 3544 3025 natura,
3594 2944 3685 3004 vel

280 3036 421 3092 κατά
480 3036 703 3114 γνώμην
736 3055 753 3072 ⁸
797 3044 914 3104 πῶς
954 3041 1000 3096 οἱ
1029 3035 1386 3109 ἀνεπιτήδειοι
1416 3035 1537 3095 κατ’
1570 3036 1747 3095 οὐσίαν
1775 3034 1945 3104 ἥκου-

2042 3035 2228 3097 animo
2261 3034 2579 3097 inhabiles.
2606 3034 2917 3107 Quomodo
2946 3035 3245 3100 inhabiles
3277 3046 3485 3099 natura
3512 3055 3547 3099 a
3574 3040 3688 3102 Pa-

285 3147 383 3183 σαν
428 3127 573 3206 παρά
614 3135 708 3185 τοῦ
749 3129 955 3208 Πατρὸς
990 3147 1008 3205 ;

1966 3133 2008 3185 c
2032 3132 2120 3188 tre
2151 3123 2517 3185 audierunt?

1840 3233 2002 3314 Pag.
2037 3230 2180 3297 308.

371 3333 430 3401 Ὀ
523 3333 828 3424 Ἡρακλέων
917 3343 1279 3422 ὑπολαμϐάνει
1377 3345 1546 3404 αἰτίαν
1621 3344 1957 3413 ἀποδίδοσθαι

296 3440 383 3492 τοῦ
426 3434 507 3511 μὴ
537 3432 783 3493 δύνασθαι
821 3437 1008 3501 αὐτοὺς
1065 3436 1274 3494 ἀκούειν
1330 3437 1423 3495 τὸν
1469 3434 1645 3505 Ἰησοῦ
1690 3435 1850 3517 λόγον
1877 3431 1958 3522 ⁷³,

2124 3338 2450 3401 Heracleon
2483 3339 2815 3421 suspicatur
2840 3356 3075 3402 causam
3106 3337 3416 3415 reddi,cur
3445 3338 3559 3421 ipsi
3590 3358 3688 3402 au-

2044 3427 2171 3490 dire
2205 3448 2323 3490 non
2365 3429 2595 3509 possint
2615 3427 2759 3493 Jesu
2775 3447 3140 3506 sermonem,
3169 3448 3366 3510 neque
3390 3428 3552 3491 illius
3572 3429 3695 3492 dic-

288 3521 428 3600 μηδὲ
458 3523 742 3604 γινώσκειν
773 3529 933 3586 αὐτοῦ
973 3527 1074 3595 τὴν
1127 3524 1343 3608 λαλιὰν,
1392 3527 1447 3583 ἐν
1501 3534 1599 3603 τῷ,
1657 3517 1846 3605 Ὑμεῖς
1904 3517 1945 3582 ξι

2045 3525 2103 3608 ta
2133 3536 2516 3608 cognoscere,
2549 3538 2654 3602 per
2679 3519 2824 3581 illud
2857 3540 2871 3583 :
2906 3520 3011 3581 Vos
3036 3535 3113 3581 ea:
3133 3527 3319 3599 patre
3348 3519 3590 3582 diabolo
3608 3538 3693 3582 es-

284 3620 379 3672 τοῦ
432 3616 638 3694 πατρὸς
683 3621 779 3673 τοῦ
820 3613 1065 3674 διαϐόλου
1121 3617 1241 3674 ἔστε
1272 3633 1289 3650 ⁸
1330 3607 1336 3608 ί
1368 3616 1556 3684 αὐταῖς
1618 3624 1743 3696 γοῦν
1786 3614 1937 3682 λέξεσ

2050 3607 2128 3670 tis
2155 3607 2258 3689 74,
2289 3607 2538 3689 istisque
2585 3608 2782 3670 verbis
2811 3609 2892 3670 ait
2922 3628 2938 3671 :
2978 3608 3178 3683 Quare
3208 3616 3410 3671 autem
3428 3626 3549 3671 non
3576 3625 3695 3689 po-

284 3725 420 3784 qmo't
452 3721 470 3739 °

561 3705 714 3762 Διατί
797 3708 857 3763 οὒ
910 3702 1125 3764 δύνασθε
1194 3706 1408 3766 ἀκούειν
1477 3708 1568 3764 τὸν
1641 3705 1802 3786 λόγον
1873 3706 1963 3768 τὸν

2049 3704 2214 3772 testis
2236 3697 2458 3761 audire
2474 3715 2807 3762 sermonem
2836 3699 3064 3760 meum?
3084 3716 3166 3760 an
3191 3698 3481 3778 quoniam
3499 3715 3576 3761 ea:
3586 3715 3698 3779 pa-

285 3794 422 3871 ἐμὸν
458 3812 477 3871 ;
520 3792 557 3863 ἢ
620 3793 701 3853 ὅτι
757 3797 915 3873 ὑμεῖς
996 3795 1057 3854 ἐκ
1137 3807 1233 3857 τοῦ
1310 3798 1510 3873 πατρὸς
1565 3804 1660 3855 τοῦ
1716 3793 1945 3853 διαϐάλοι

2048 3791 2140 3849 tre
2168 3787 2412 3849 diabolo
2441 3789 2722 3870 estis,pro
2739 3806 2803 3851 eo
2826 3787 2981 3868 quod
3004 3796 3196 3863 est,ea:
3210 3793 3463 3851 essentia
3479 3788 3697 3851 diabo-

283 3884 459 3955 ἐστές
531 3884 648 3941 ἀντὶ
725 3893 839 3968 τοῦ,
928 3886 990 3945 ἐκ
1058 3887 1157 3957 τῆς
1244 3889 1421 3952 οὐσίας
1499 3894 1592 3945 τοῦ
1662 3884 1906 3944 διαϐόλου
1938 3902 1954 3917 ο
2049 3884 2129 3937 li?
2147 3884 2540 3968 manifestans
2565 3884 2637 3939 de
2667 3887 2874 3941 caetero
2893 3886 3179 3968 naturam

1872 3969 1960 4032 καὶ
2042 3983 2179 4027 cum
2203 3967 2593 4045 praedixisset
2621 3970 2782 4047 ipsos
2807 3985 3003 4047 neque
3025 3966 3342 4030 Abraham
3365 3986 3495 4031 esse
3508 3968 3692 4049 ﬁlios,

286 3973 534 4056 φανερῶν
590 3971 647 4018 ⁷⁵
714 3975 897 4040 αὒτοϊς
966 3976 1154 4035 λοιπὸν
1238 3977 1337 4046 τὴν
1392 3978 1542 4057 φύσιν
1603 3976 1802 4057 αὐτῶν,

2049 3875 2129 3937 li?
2147 3877 2540 3956 manifestans
2565 3879 2637 3939 de
2667 3887 2874 3941 caetero
2893 3886 3183 3940 naturam
3215 3877 3355 3938 375
3395 3882 3691 3957 ipsorum,

285 4055 616 4143 προελέγξας
700 4065 913 4142 αὐτοὺς,
997 4065 1080 4124 ὅτι
1164 4065 1283 4124 οὕτε
1378 4055 1473 4126 τοῦ
1542 4055 1796 4143 Ἀϐραάμ
1863 4067 1945 4122 είση

2045 4055 2209 4117 haud
2237 4063 2402 4119 enim
2432 4061 2565 4119 odio
2585 4065 3092 4137 prosequerentur
3114 4057 3312 4131 illum;
3345 4075 3533 4137 neque
3554 4056 3695 4133 Dei,

287 4153 477 4228 τέκνα,
552 4152 613 4211 οὗ
667 4156 769 4234 γὰρ
826 4154 889 4212 ἂν
947 4155 1162 4233 ἐμίσουν
1224 4158 1382 4216 αὐτὸν
1416 4172 1430 4188 ⁶

1512 4153 1627 4214 οὐδὲ
1683 4162 1775 4212 τοῦ
1831 4162 1945 4213 Θεοί

2046 4164 2125 4209 ea:
2152 4163 2271 4227 quo
2295 4164 2416 4209 non
2446 4147 2785 4229 diligebant
2812 4148 3016 4210 illum.
3050 4148 3343 4210 Caeterum
3386 4148 3437 4209 si
3496 4147 3641 4209 illud
3681 4168 3694 4208 :

290 4242 375 4301 διὸ
436 4245 534 4301 οδκ
590 4245 824 4324 ἠγάπων
882 4247 1063 4312 αὐτόν,
1144 4248 1246 4306 Καὶ
1289 4248 1333 4305 εἰ
1375 4248 1471 4324 μὲν
1526 4248 1612 4323 τὸ,
1663 4236 1849 4323 εΥμεϊς
1903 4245 1945 4303 ἐπ

2055 4237 2168 4300 Vos
2209 4255 2290 4298 ex
2317 4246 2490 4317 patre
2517 4237 2755 4300 diabolo
2785 4238 2953 4317 estis,
2985 4237 3378 4319 eXposuisset,
3411 4248 3474 4300 ut
3503 4235 3563 4299 in
3594 4256 3701 4299 su-

288 4341 390 4392 τοῦ
452 4335 652 4415 πατρὸς
735 4336 826 4393 τοῦ
893 4333 1140 4396 διαϐόλου
1214 4338 1356 4414 tua,
1417 4334 1714 4417 ἐξεδέχετο,
1779 4337 1853 4401 ὡς
1911 4335 1965 4392 ἒν

292 4436 417 4488 τοῖς
485 4424 737 4506 ἀνωτέρω
800 4426 1191 4506 διηγησάμεθα,
1238 4429 1326 4485 καὶ
1368 4426 1543 4506 ἔλεγε,
1595 4448 1618 4484 ι
1662 4426 1760 4483 Διά
1798 4428 1859 4483 τὸ
1889 4426 1968 4491 ἔτι

2051 4326 2389 4408 perioribus
2438 4327 2819 4409 exposuimus
2880 4345 3009 4400 nos,
3062 4335 3123 4387 et
3170 4326 3439 4404 dixisset,
3487 4352 3516 4387 ι
3551 4326 3702 4399 Quia

2051 4417 2245 4479 adhuc
2275 4435 2344 4479 ex
2367 4416 2603 4480 diabolo
2635 4417 2932 4493 estis,non
2965 4417 3210 4496 potestis
3238 4417 3447 4479 audire
3474 4435 3703 4479 sermo-

293 4515 438 4591 ὑμᾶς
499 4502 756 4572 εῖναι-ἐκ
806 4502 914 4573 τοῦ-
954 4502 1223 4593 διαϐόλου,
1283 4517 1341 4576 οὗ
1373 4502 1586 4575 δύνασθε
1630 4516 1837 4573 ἀκούειν
1879 4518 1945 4573 τὸε

2052 4525 2189 4569 nem
2213 4507 2932 4583 meum;»admisissemus
2960 4508 3135 4568 etiam
3163 4502 3338 4568 illius
3368 4507 3701 4569 enarratio-

296 4603 464 4684 λόγον
490 4605 580 4662 τὸν
623 4604 778 4682 ἐμὸν,
812 4605 910 4661 κᾶν
950 4604 1349 4686 παραδεξάμεθα
1405 4606 1561 4664 αὒτού
1616 4606 1717 4675 τὴν
1766 4604 1945 4685 διήγη-

2052 4615 2190 4661 nem
2223 4615 2238 4662 :
2270 4615 2430 4660 nunc
2457 4607 2654 4659 autem
2687 4605 2894 4678 aperte
2924 4596 3390 4686 dicitquosdam
3424 4595 3702 4686 homines

300 4718 388 4752 σιν
423 4714 436 4728 ·
487 4695 595 4752 νυνὶ
637 4692 693 4751 δὲ
722 4693 882 4763 δῆλος
915 4684 1059 4753 ἐστιν
1106 4684 1419 4773 ὁμοοοσίους
1450 4698 1597 4761 τινὰς
1631 4702 1708 4770 τῷ
1738 4684 1945 4771 διαϐόλιε

2055 4707 2188 4752 esse
2212 4687 2481 4769 ejusdem
2504 4687 2848 4750 substantiae
2878 4704 3012 4749 cum
3031 4684 3291 4762 diabolo,
3325 4686 3428 4769 qui
3456 4685 3704 4750 alterius

297 4782 478 4864 λέγων
522 4784 850 4865 ἀνθρώπούς,
897 4785 1101 4866 ἑτέρας,
1161 4788 1236 4853 ὡς
1266 4786 1473 4846 οἴονται
1530 4789 1578 4845 οἱ
1636 4783 1727 4843 ἀπ’
1787 4788 1966 4863 αὐτοῦ,

2056 4788 2146 4844 est
2203 4778 2572 4854 substantiae,
2626 4787 2687 4840 ut
2725 4777 3067 4841 existimant
3115 4776 3278 4839 illius
3327 4779 3504 4840 etiam
3563 4796 3703 4839 sec-

301 4875 485 4941 οὒσίας
512 4876 858 4955 τυγχάνοντι,
888 4875 1016 4954 παρ’
1051 4876 1141 4943 οὓς
1178 4877 1396 4937 καλοῦσι
1442 4877 1707 4957 ψυχικοὺς
1738 4876 1775 4945 ἢ
1805 4899 1945 4934 πνευ·

2057 4879 2272 4934 latores
2298 4919 2315 4953 ,
2363 4870 2438 4933 ab
2494 4869 2622 4945 his,
2679 4887 2828 4950 quos
2870 4873 3082 4931 vocant
3126 4867 3415 4931 animales
3454 4866 3544 4932 vel
3572 4866 3702 4949 spi-

303 4965 592 5042 ματικούς.

2054 4961 2324 5024 rituales.

1852 5054 2016 5137 Pag.
2049 5053 2191 5120 312.

392 5167 483 5230 Εἷς
512 5173 677 5223 ταῦτα
729 5169 758 5223 ὁ
817 5155 1121 5246 ’Πρακλέων
1163 5168 1294 5249 φησί
1327 5187 1341 5202 ⁸
1392 5168 1530 5247 Πρὸς
1574 5168 1662 5232 οὓς
1707 5168 1735 5222 ὁ
1792 5164 1976 5244 λόγος,

2145 5160 2207 5223 1η
2237 5163 2363 5223 haec
2416 5159 2611 5242 inquit
2652 5159 2987 5224 Heracleon
3015 5180 3029 5220 :
3068 5159 3149 5223 Hi
3180 5159 3259 5222 ad
3285 5175 3433 5241 quos
3464 5163 3551 5222 est
3578 5176 3708 5222 ser-

308 5257 373 5315 ξκ
431 5258 531 5323 τῆς
587 5256 766 5322 οὐσίας
835 5264 928 5313 τοῦ
983 5247 1226 5315 διάϐόλου
1268 5255 1403 5325 ἦσαν
1437 5276 1453 5292 ·
1499 5258 1573 5323 ὡς
1631 5254 1815 5335 ἑτέρας
1885 5254 1942 5312 o3

2061 5268 2262 5328 mo,ea:
2280 5251 2624 5340 substantia
2643 5251 2878 5314 diaboli.
2905 5256 3113 5326 erant;
3137 5248 3386 5340 perinde
3403 5247 3572 5329 quasi
3588 5249 3711 5312 dia-

309 5369 417 5415 σης
445 5346 543 5414 τῆς
599 5345 693 5404 τοῦ
735 5343 982 5404 διαϐόλου
1013 5346 1191 5413 οὖσίας
1234 5347 1377 5428 παρὰ
1423 5346 1520 5415 τὴν
1550 5352 1658 5404 τῶν
1685 5346 1848 5424 ἁγίων
1878 5343 1943 5402 λο

2062 5341 2187 5405 holi
2211 5338 2542 5405 substantia
2576 5340 2811 5404 diversa
2838 5340 2916 5403 sit
2941 5340 3014 5403 ab
3071 5338 3331 5402 essentia
3369 5345 3709 5402 sanctorum

310 5437 476 5517 γικὴν
504 5432 596 5479 ⁷⁵⁴
639 5437 837 5498 οὐσίαν,

2061 5430 2308 5496 rationis
2338 5439 2635 5512 compote.

396 5610 453 5658 σε
478 5609 651 5677 Joan.
686 5629 812 5689 vm,
843 5613 944 5676 21.
973 5610 1031 5657 ⁸9
1058 5611 1157 5677 Sic
1226 5613 1398 5679 Bodl.
1433 5609 1487 5657 7°
1515 5613 1613 5677 Sic
1642 5611 1813 5675 Bodl.
1844 5609 1895 5653 ’τί
1925 5609 1945 5674 l

2042 5627 2097 5675 η.
2132 5626 2254 5687 vm,
2290 5611 2387 5673 92.
2423 5608 2478 5653 ’τί
2506 5608 2690 5687 Ibid.,
2726 5609 2824 5673 37.
2858 5605 2914 5650 ⁷³
2945 5611 3044 5674 Sic
3068 5606 3241 5671 Bodl.
3270 5605 3327 5650 ’τι
3353 5610 3521 5671 Joan.
3586 5621 3712 5683 Vllt,

307 5693 417 5758 44.
450 5692 505 5738 ’⁷⁵
537 5692 638 5757 Sic
667 5693 839 5758 Bodl.
882 5692 955 5738 ⁷⁵*
984 5693 1084 5757 Sic
1113 5692 1287 5759 Bodl.
