4148 6416
500 306 650 371 1319

1396 306 1787 370 APPENDIX
1833 308 1934 370 AD
1975 302 2310 380 QUINQUE
2358 307 2645 370 lRENzEI
2692 306 2979 369 LIBROS.

3722 301 3742 362 1
3755 297 3876 361 320

2001 437 2162 515 Pag.
2195 434 2334 500 314.

570 547 901 609 Heracleon
919 546 979 608 in
1010 548 1121 609 hoc
1139 547 1713 628 dictum,Desideria
1738 549 1932 629 patris
1953 545 2142 610 vestri
2161 552 2203 600 A

492 638 687 700 vultis
721 636 1012 715 facerem,
1039 637 1298 719 disputat
1320 637 1549 715 dicens,
1574 637 1873 700 diabolum
1911 655 2027 699 non
2046 636 2144 697 ha-

489 726 631 788 bere
662 726 1048 801 voluntatem,
1069 726 1173 788 sed
1210 726 1723 807 desideria.Cujus
1752 725 1898 788 dicti
1929 725 2131 789 absur-

485 814 643 877 ditas
663 824 907 897 apparet
933 835 1000 878 ex
1035 816 1275 891 se,dum
1329 814 1607 879 omnibus
1635 816 1696 877 in
1727 816 2002 878 confesso
2052 823 2143 878 est

485 904 654 966 illum
683 905 838 967 mala
857 906 1033 969 velle.
1060 904 1319 985 Colliges
1340 907 1515 967 etiam
1552 913 1611 967 tu
1644 906 1774 986 ipse
1802 904 2057 987 (etiamsi
2080 904 2141 966 in

485 994 799 1074 praesentia
821 1013 938 1057 non
969 994 1234 1055 sitnobis
1258 994 1331 1056 ad
1366 994 1763 1075 manusquod
1787 994 1844 1055 in
1876 994 2137 1055 medium

485 1082 898 1165 adducamust,
933 1103 1006 1146 an
1053 1083 1268 1145 alicubi
1320 1082 1381 1144 in
1441 1083 1746 1163 Scriptura
1778 1082 2031 1164 positum
2063 1083 2139 1145 sit

483 1171 832 1234 vocabulum
884 1172 1059 1253 velle,
1092 1172 1167 1235 de
1214 1171 1477 1236 diabolo.
1534 1174 1732 1254 Inquit
1778 1173 1956 1234 etiam
2007 1183 2140 1253 post

486 1261 610 1324 haec
640 1261 996 1333 Heracleon,
1021 1263 1147 1324 haec
1178 1261 1334 1323 dicta
1360 1261 1567 1334 fuisse,
1594 1281 1712 1323 non
1734 1262 1806 1323 ad
1840 1276 2132 1329 terrenos.

484 1360 692 1412 natura
734 1354 1087 1413 exsistentes
1137 1350 1365 1413 diaboli
1426 1352 1602 1425 ﬁlios,
1638 1351 1745 1413 sed
1797 1351 1868 1412 ad
1906 1369 2009 1412 eos
2039 1350 2140 1432 qui

480 1446 620 1499 sunt
669 1438 982 1513 animales,
1031 1437 1182 1499 facto
1233 1438 1456 1501 diaboli
1506 1438 1659 1501 ﬁlios
1691 1438 1981 1520 positione
2020 1459 2034 1499 :
2071 1457 2140 1501 ex

481 1526 697 1607 quibus
727 1535 979 1608 possunt
1009 1526 1251 1609 quidam
1305 1538 1516 1591 natura
1572 1536 1631 1589 et
1680 1528 1974 1609 posi-ione
2034 1527 2140 1589 ﬁlii

481 1615 584 1677 Dei
618 1635 774 1679 esse.
810 1616 1006 1698 Inquit
1034 1635 1157 1698 prie
1187 1636 1350 1694 erea,
1385 1618 1496 1679 hos
1541 1617 1669 1679 ﬁeri
1701 1617 1921 1680 diaboli
1956 1618 2129 1695 ﬁlios,

480 1726 549 1767 eo
572 1706 729 1787 quod
763 1706 1103 1778 dilexerint,
1160 1706 1496 1788 faciantque
1542 1706 1765 1769 diaboli
1813 1706 2130 1788 desideria,

2307 536 2366 605 ιΟ
2425 537 2728 625 ’Πρακλέων
2770 548 2845 613 είς
2900 548 2986 627 τὸ,
3057 546 3150 607 τὰς
3212 543 3483 620 ἐπιθυμίας
3528 548 3623 599 τοὺ
3682 541 3883 621 πατρὸς

2228 635 2382 703 ἡμῶν
2457 635 2632 693 θέλετε
2742 648 2946 710 ποιεῖν,
3048 631 3414 691 διαστέλλεται
3502 630 3700 711 λέγων,
3794 629 3889 686 τόν

2226 722 2469 783 διάϐολον
2521 725 2599 802 μὴ
2649 724 2798 806 ἔχειν
2838 724 3073 800 θέλημα,
3119 719 3251 778 ἀλλ”
3291 722 3589 798 ἐπιθυμίας.
3651 720 3750 778 Καὶ
3777 718 3885 794 ἒμ-

2225 814 2461 893 φαίνεται
2524 814 2735 872 αὐτόθεν
2793 816 2853 870 τὸ
2897 811 3210 880 ἀδιανόητον
3251 808 3307 853 ’Π
3336 807 3519 889 λόγου,
3564 807 3735 867 θέλειν
3782 809 3885 888 γὰρ

2224 903 2292 959 τὰ
2346 904 2555 982 πονηρά
2611 909 2714 968 πᾶς
2759 900 2823 958 ἂν
2876 924 2959 968 τις
3004 898 3343 980 ὁμολογήσαι
3371 898 3600 963 ἐκεῖνον,
3634 897 3884 967 Συνάξεις

2223 990 2278 1047 δὲ
2335 995 2422 1049 καὶ
2467 994 2625 1057 αὐτὸς
2660 990 2728 1072 (εί
2786 990 2872 1048 ἐπὶ
2927 993 3020 1049 τοῦ
3060 991 3318 1070 παρόντος
3362 988 3416 1044 ἐν
3457 988 3731 1070 προχείρῳ
3788 988 3888 1045 οὒκ

2222 1079 2424 1161 ἔχομεν
2472 1079 2849 1161 παραθέσθαι,)
2918 1080 2971 1137 εἴ
3028 1102 3131 1138 που
3199 1077 3253 1135 ἐν
3295 1084 3366 1156 τῇ
3409 1084 3592 1159 Γραφῇ
3620 1080 3682 1135 τὸ
3710 1077 3884 1134 θέλειν

2221 1170 2307 1227 ὶπὶ
2367 1173 2457 1228 τοῦ
2512 1167 2759 1231 διαϐόλου
2837 1170 3112 1232 τέτακται.
3173 1169 3318 1225 Μετὰ
3392 1170 3555 1226 ταῦτα
3638 1189 3801 1249 φησιν
3854 1169 3885 1225 ό

2225 1250 2550 1339 Ἡρακλέων,
2626 1261 2700 1323 ὡς
2751 1259 2852 1340 ἄρα
2906 1266 3068 1319 ταῦτα
3122 1257 3358 1337 εἴρηται,
3431 1258 3492 1315 οὗ
3545 1259 3681 1336 πρὸς
3759 1258 3887 1321 τοὺς

2223 1348 2374 1427 φύσει
2429 1355 2521 1405 τοῦ
2576 1345 2825 1405 διαϐόλου
2871 1349 3038 1427 υἱοὺς,
3084 1348 3206 1411 τοὺς
3253 1346 3505 1426 χοῖκοὺς,
3559 1343 3695 1401 ἀλλᾶ
3752 1348 3887 1425 πρὸς

2220 1436 2343 1503 τοὺς
2398 1437 2684 1517 φυχικοὺς,
2716 1436 2856 1493 θέσει
2905 1436 3048 1498 υἱοὺς
3097 1433 3345 1491 διαϐόλου
3395 1433 3711 1512 γενομένους
3745 1451 3761 1465 ·
3793 1433 3889 1512 ἀφ’

2219 1528 2293 1582 ὧν
2345 1531 2415 1603 τῇ
2443 1527 2595 1606 φύσει
2640 1523 2880 1583 δύνανται
2931 1545 3069 1589 τινες
3126 1523 3215 1580 καί
3262 1522 3403 1580 θέσει
3446 1524 3542 1581 υἱοὶ
3573 1529 3705 1580 Θεοῦ
3734 1544 3887 1604 χρη-

2225 1615 2467 1690 ματίσαι,
2528 1617 2625 1673 Καὶ
2709 1637 2840 1696 φησι
2912 1635 2997 1694 γε,
3081 1611 3161 1669 ὅτι
3224 1613 3366 1692 παρᾶ
3414 1618 3492 1686 τῷ
3542 1611 3886 1689 ἠγαπηκέναι

2216 1706 2310 1769 τὰς
2353 1704 2642 1782 ἐπιθμμίας
2698 1711 2793 1761 τοῦ
2861 1700 3108 1760 διαϐόλου
3164 1703 3253 1758 καὶ
3293 1714 3497 1782 ποιεῖν,
3544 1701 3702 1757 τέκνα
3737 1701 3885 1757 οὗτοι

481 1804 853 1892 cum‘natnzra
881 1794 1378 1892 liujusmodinon
1428 1795 1573 1892 sint.
1606 1794 1894 1892 Pisputat
1943 1796 2126 1892 enim,

2223 1800 2314 1852 τοῦ
2373 1791 2621 1852 διαϐόλου
2675 1794 2931 1873 γίνονται,
2976 1794 3035 1849 οὗ
3077 1791 3224 1873 φύσει
3266 1793 3494 1848 τοιοῦτοι
3551 1788 3725 1854 ὅντες.
3784 1792 3886 1849 Καὶ

483 1884 835 1946 vocabulum
865 1883 1137 1964 ﬁliorum
1163 1884 1453 1946 trifariam
1480 1883 1731 1963 intelligi
1757 1883 2000 1947 debere:
2028 1885 2139 1965 pri-

2223 1881 2579 1940 διαστέλλεται
2626 1884 2699 1948 ὡς
2760 1882 2858 1961 ἄρα
2917 1887 3120 1961 τριχῶς
3180 1878 3264 1937 δεῖ
3339 1880 3548 1937 ἀκούειν
3603 1885 3702 1948 τῆς
3746 1881 3887 1937 κατὰ

486 1992 647 2035 mum
679 1982 910 2047 natura,
963 1973 1214 2035 alterum
1246 1974 1568 2047 voluntate,
1604 1975 1844 2035 tertium
1875 1974 2136 2053 dignita-

482 2071 560 2124 te.
585 2064 829 2143 Natura,
854 2062 1154 2145 inquiens,
1180 2062 1330 2125 illud
1354 2073 1466 2137 est,
1500 2062 1657 2144 quod
1690 2063 1958 2141 genitum
1991 2073 2136 2126 esta

477 2151 733 2232 quodam
768 2151 1167 2235 genito,quod
1201 2152 1377 2214 etiam
1413 2153 1651 2235 proprie
1680 2153 1838 2215 ﬁlius
1869 2162 2137 2230 vocatur;

484 2241 783 2303 voluntate
814 2260 1121 2316 vero,cum
1150 2241 1283 2323 quis
1314 2240 1672 2304 voluntatem
1704 2242 1928 2304 faciens
1958 2243 2140 2305 alicu-

481 2329 798 2411 jus,animi
830 2332 920 2392 sui
936 2332 1165 2413 judicio
1197 2331 1376 2408 ﬁlius,
1411 2330 2134 2415 cujusfacitvoluntatem,

485 2428 747 2496 vocatur;
782 2435 1083 2501 posuemo
1113 2420 1420 2501 dignitate,
1466 2423 1635 2500 juxta
1668 2420 1826 2503 quod
1857 2421 2141 2485 dicuntur

480 2510 717 2591 quidam
752 2509 1040 2589 gehennae
1071 2510 1201 2593 ﬁlii,
1235 2520 1292 2573 et
1325 2512 1731 2585 tenebrarum,
1767 2519 1822 2572 et
1853 2511 2135 2593 iniquita-

483 2602 577 2673 tis,
615 2607 673 2660 et
700 2610 1067 2681 serpentum,
1102 2610 1160 2663 et
1215 2601 1551 2681 viperarum
1604 2599 1941 2682 progenies.
1998 2601 2131 2663 Non

479 2687 638 2751 enim
672 2698 965 2766 generant
991 2691 1139 2765 haec,
1165 2691 1379 2773 inquit,
1415 2690 1550 2752 talia
1579 2690 1849 2771 quaedam
1904 2708 2010 2751 sua
2038 2689 2135 2771 ip-

481 2798 683 2842 sorum
738 2787 969 2856 natura,
1020 2798 1156 2841 cum
1220 2781 1414 2861 potius
1464 2787 1871 2861 corrumpant,
1905 2798 2127 2841 consu-

484 2881 763 2952 mantque
804 2887 909 2931 eos
956 2869 1059 2950 qui
1092 2868 1153 2930 in
1186 2872 1313 2950 ipsa
1348 2869 1694 2945 inciderint;
1725 2868 1829 2931 sed
1846 2869 2126 2950 quoniam

481 2960 792 3023 eﬂ‘ecerint
820 2957 1058 3021 illorum
1090 2976 1297 3040 opera,
1322 2975 1526 3021 eorum
1561 2958 1669 3020 ﬁlii
1698 2966 2008 3021 vocantur.

2219 1972 2380 2030 τέκνα
2436 1972 2751 2048 ὀνομασίας.
2830 1977 3049 2051 Πρῶτον
3107 1973 3284 2051 (picei,
3358 1968 3595 2050 δεύτερον
3661 1970 3881 2047 γνῶμῃ,

2220 2061 2391 2141 τρίτον
2435 2061 2570 2134 ἀξίᾳ.
2634 2061 2733 2119 Καὶ
2773 2061 2923 2141 φύσει
2980 2059 3108 2135 μὲν,
3163 2062 3316 2139 φησὶ,
3376 2059 3490 2115 ἐστι
3519 2061 3580 2116 τὸ
3629 2061 3886 2137 γεννηθὲν

2220 2152 2323 2207 ὑπὸ
2379 2172 2521 2214 τινος
2576 2156 2859 2230 γεννητοῦ,
2918 2149 2947 2205 ὃ
3016 2151 3105 2205 καὶ
3160 2148 3353 2226 κυρίως
3380 2147 3565 2206 τέκνον
3592 2147 3841 2206 καλεῖται
3866 2169 3880 2184 ·

2222 2240 2412 2319 γνώμῃ
2451 2236 2506 2296 δὲ
2537 2236 2625 2296 ὅτε
2668 2240 2730 2296 τὸ
2758 2236 2970 2314 θέλημα
2999 2259 3079 2302 τις
3134 2237 3304 2295 ποιῶν
3353 2238 3493 2303 τινὸς
3521 2234 3607 2293 διὰ
3632 2238 3732 2306 τὴν
3759 2240 3885 2296 ἰαυ-

2220 2339 2315 2388 τοῦ
2340 2329 2585 2408 γνώμην,
2644 2328 2827 2385 τέκνον
2875 2326 3094 2401 ἐκείνου,
3131 2328 3191 2382 οὗ
3219 2339 3370 2383 ποιεῖ
3412 2328 3474 2383 τὸ
3514 2324 3748 2407 θέλημα,
3781 2349 3883 2384 κα-

2219 2416 2396 2476 λεῖται
2429 2434 2443 2449 ⁸
2478 2418 2595 2491 ἀξίᾳ
2620 2415 2699 2498 δὲ,
2750 2414 2867 2474 καθ’
2897 2417 2926 2472 ὃ
2973 2415 3184 2495 λέγεται
3238 2436 3377 2481 τινες
3419 2415 3640 2495 γεέννης
3694 2418 3873 2498 τέκνα,

2217 2509 2306 2566 καὶ
2360 2507 2605 2589 σκότους,
2660 2508 2748 2566 καὶ
2803 2506 3048 2582 ἀνομίας,
3122 2507 3211 2562 καὶ
3262 2504 3455 2586 ὄφεων,
3504 2508 3594 2564 καὶ
3651 2505 3867 2587 ἐχιδνῶν

2217 2599 2527 2676 γεννήματα
2560 2595 2578 2627 ‘
2636 2596 2709 2654 Οὔ
2751 2598 2853 2676 γὰρ
2895 2601 3073 2674 γεννᾷ,
3108 2596 3262 2676 φησὶ,
3306 2602 3470 2653 ταῦτα
3496 2617 3616 2653 τινα
3658 2601 3726 2673 τῇ
3754 2596 3867 2652 ἑαυ-

2214 2694 2321 2745 τῶν
2379 2692 2528 2768 φύσει
2560 2701 2577 2719 ’
2651 2687 2941 2767 φθοροποιὰ
3010 2687 3135 2765 γὰρ,
3193 2687 3281 2743 καὶ
3346 2683 3699 2744 ἀναλίσκοντα
3749 2688 3868 2751 τοὺς

2216 2774 2573 2853 ὲμόληθέντας
2624 2776 2696 2839 είς
2754 2774 2886 2832 αὐτά
2917 2793 2933 2808 ·
2990 2773 3111 2831 ἀλλ’
3162 2774 3277 2831 ἐπεὶ
3306 2771 3533 2854 ἔπραξαν
3560 2776 3626 2832 τὰ
3654 2774 3870 2832 ἐκείνων

2216 2865 2368 2947 ἔργα,
2399 2865 2558 2922 τέκνα
2584 2864 2755 2925 αὐτῶν
2787 2862 3021 2944 εἴρηται.

1714 3065 1796 3128 Et
1825 3073 1995 3129 tomo
2030 3066 2251 3142 XXIV,
2281 3078 2442 3145 pag.
2475 3060 2617 3127 320.

557 3173 677 3238 Nos
700 3173 941 3256 quidem
974 3174 1087 3236 hoc
1103 3171 1350 3235 dictum:
1382 3172 1858 3245 Inveritateinon
1877 3174 2130 3252 stetit78,
2154 3186 2193 3236 c

479 3264 888 3345 intelligimus,
927 3282 1042 3325 non
1098 3270 1375 3344 tanquam
1427 3266 1815 3325 ostendentes
1860 3273 2130 3326 naturam

480 3353 682 3429 talem,
745 3370 940 3433 neque
988 3352 1278 3413 docentes
1331 3350 1463 3413 ﬁeri
1519 3370 1638 3412 non
1697 3369 1877 3432 posse
1906 3359 1970 3415 ut
2002 3352 2129 3433 ipse

476 3442 710 3505 steterit
762 3441 824 3502 in
877 3437 1484 3503 veritate.Heracleon
1514 3457 1655 3501 vero
1686 3439 1746 3501 in
1777 3439 1893 3503 alla
1935 3440 2128 3524 inquit

480 3533 591 3596 hoc
618 3551 632 3595 :
669 3528 915 3593 Natura
945 3529 1140 3609 ipsius
1170 3546 1248 3591 ea:
1268 3531 1521 3592 veritate
1547 3546 1671 3591 non
1696 3535 1807 3605 est,
1840 3530 1947 3593 sed
1965 3548 2043 3595 ea:
2060 3550 2127 3597 eo

478 3620 639 3700 quod
669 3618 1049 3682 contrarium
1077 3626 1163 3681 est
1192 3618 1462 3698 veritati;
1488 3619 1785 3682 nimirum
1814 3638 1893 3682 ex
1916 3636 2129 3685 errore

476 3718 532 3772 et
554 3712 908 3790 ignorantia
940 3706 1257 3784 Quocirca,
1291 3708 1506 3790 inquit,
1536 3726 1736 3791 neque
1753 3716 1912 3773 stare
1931 3712 2000 3773 in
2020 3728 2127 3774 ve-

476 3799 662 3861 ritate
709 3798 937 3879 potuit.
969 3814 1161 3878 neque
1205 3798 1520 3862 veritatem
1573 3800 1639 3861 in
1680 3800 1882 3879 seipso
1910 3798 2134 3864 habere

479 3894 698 3967 potest;
749 3904 824 3951 ea:
871 3895 1093 3949 natura
1126 3905 1238 3950 sua
1263 3894 1581 3969 proprium
1610 3888 1839 3951 habens
1871 3890 2135 3953 menda-

481 3978 640 4040 cium
676 4024 697 4050 ,
765 3977 1139 4039 naturaliter
1241 3995 1553 4057 nunquam
1640 3977 1844 4041 valens
1938 3980 2141 4043 dicere

478 4071 813 4130 veritatem.
878 4064 1038 4129 Dicit
1092 4073 1310 4144 autem,
1371 4066 1529 4149 quod
1591 4086 1709 4129 non
1768 4068 1960 4131 solum
2006 4069 2136 4152 ipse

477 4153 729 4218 mendax
754 4162 868 4231 est,
900 4155 1041 4216 376
1072 4174 1276 4217 verum
1301 4155 1479 4219 etiam
1510 4161 1682 4237 pater
1708 4157 1922 4240 ipsius,
1956 4177 2135 4240 pecu-

481 4244 708 4307 liariter
737 4264 1040 4327 exponens
1067 4258 1251 4328 pater
1279 4248 1471 4330 ipsius
1531 4248 1608 4311 de
1649 4258 1861 4313 natura
1905 4252 2131 4332 ipsius;

477 4334 961 4417 quandoquidem
996 4355 1064 4398 ex
1091 4355 1295 4400 errore
1327 4346 1384 4401 et
1413 4338 1664 4403 falsitate
1694 4341 1989 4404 consistit.

2301 3162 2493 3248 Ἠμετς
2553 3172 2651 3247 μὲν
2708 3171 2797 3229 οὖν
2841 3178 2956 3253 τοῦ,
3004 3168 3091 3230 Ἐν
3146 3176 3218 3250 τῇ
3273 3171 3494 3248 ἀληθείᾳ
3550 3172 3654 3254 οὐχ
3705 3171 3877 3240 ἔστη-

2215 3283 2330 3336 κεν,
2389 3260 2675 3337 ἀκούομεν,
2733 3263 2836 3341 οὔχ
2918 3263 2992 3327 ὡς
3070 3262 3223 3340 φύσιν
3277 3262 3530 3331 τοιαύτην
3588 3262 3881 3344 ἐμφαίνον-

2211 3372 2300 3415 τες
2344 3347 2422 3426 ⁷9,
2470 3348 2588 3408 οὔτε
2631 3351 2693 3407 τὸ
2747 3350 3000 3408 ἀδύνατον
3029 3351 3147 3430 περὶ
3174 3357 3265 3409 τοῦ
3295 3352 3575 3420 ἑκτηκέναι
3617 3354 3775 3413 αὐτὸν
3823 3350 3885 3408 ἐν

2210 3438 2432 3507 ἀληθεία
2513 3440 2862 3520 παριστάντες
2897 3458 2911 3473 ⁸
2999 3442 3029 3497 6
3104 3439 3159 3496 δὲ
3220 3432 3524 3521 ’Πρακλέων
3579 3444 3654 3508 είς
3707 3448 3881 3500 ταῦτα

2210 3551 2341 3610 φησι
2394 3531 2458 3586 τὸ
2486 3548 2504 3565 ο
2565 3531 2638 3587 Οὐ
2688 3530 2788 3610 γὰρ
2847 3529 2907 3587 ἐκ
2960 3530 3059 3598 τῆς
3112 3529 3362 3598 ἀληθείας
3418 3533 3453 3600 ἡ
3517 3533 3668 3612 φύσις
3730 3531 3875 3590 ἆστὶν

2211 3619 2394 3701 αὐτοῦ,
2479 3616 2599 3677 ἀλλ’
2685 3619 2746 3677 ἔκ
2835 3626 2929 3677 τοῦ
3010 3618 3247 3679 ἰναντίου
3343 3626 3415 3699 τῇ
3490 3620 3734 3697 ἀληθείᾳ,
3807 3620 3877 3677 ἑκ

2211 3708 2422 3778 πλάνης
2474 3710 2563 3767 καὶ
2627 3708 2869 3789 ἀγνοίας.
2946 3712 3063 3788 Διὸ,
3136 3712 3320 3791 φησὶν,
3394 3710 3511 3768 οὔτε
3564 3712 3753 3778 στῆναι
3813 3709 3876 3770 δν

2218 3798 2462 3874 ἀληθείᾳ,
2536 3796 2655 3856 οὔτε
2736 3811 2898 3879 σχεῖν
2982 3798 3038 3855 ἐν
3113 3803 3257 3875 αὖτῷ
3309 3798 3560 3871 ἀλήθειαν
3626 3797 3871 3876 δύναται,

2217 3893 2281 3946 ιεκ
2323 3889 2421 3958 τῆς
2470 3893 2627 3949 αὐτοῦ
2695 3888 2901 3969 φύσεως
2961 3885 3098 3946 ἴδιον
3169 3888 3314 3970 ἔχων
3373 3891 3436 3947 τὸ
3489 3887 3701 3967 ψεῦδος,
3762 3910 3876 3970 φυ-

2220 3987 2385 4043 σικῶς
2442 3980 2521 4055 μὴ
2601 3976 2887 4054 δυνάμενος
2945 3999 3075 4035 ποτε
3147 3977 3400 4050 ἀλήθειαν
3455 3980 3650 4043 είπεῖν,
3712 3978 3877 4058 Λέγει

2220 4068 2297 4141 δὲ,
2332 4068 2413 4127 ὅτι
2442 4068 2504 4124 οὗ
2535 4069 2695 4144 μόνος
2725 4069 2880 4131 αὐτὸς
2901 4068 3134 4143 ψεύστης
3153 4071 3320 4150 ἑστιν,
3353 4067 3493 4125 ἀλλὰ
3514 4070 3604 4125 καὶ
3632 4071 3661 4125 6
3691 4069 3877 4149 πατὴρ

2219 4162 2399 4235 αὐτοῦ,
2445 4155 2613 4232 ἰδίως,
2672 4156 2851 4235 πατὴρ
2932 4158 3110 4237 αὐτοῦ,
3183 4156 3532 4229 ἐκλαμϐάνων
3573 4158 3674 4227 τὴν
3718 4161 3877 4238 φύσιν

2218 4250 2376 4309 αὐτοῦ
2410 4264 2424 4278 ·
2457 4246 2671 4325 ἐπείπερ
2700 4245 2761 4302 ἑκ
2788 4244 2997 4314 πλάνης
3026 4249 3114 4305 καὶ
3144 4249 3449 4326 ψεύσματος
3478 4247 3728 4316 συνέστη.

1764 4429 1901 4493 Sub
1928 4430 2129 4511 ﬁnem
2166 4428 2325 4491 torni
2354 4427 2575 4491 XXVI.

550 4528 1111 4594 Heracleoninillud
1139 4551 1153 4594 :
1182 4532 1292 4595 Est
1321 4534 1429 4614 qui
1460 4537 1769 4615 maritet
1785 4536 2119 4619 judicatﬂo,
2147 4548 2159 4597 I

2289 4526 2348 4593 Ὀ
2422 4525 2727 4614 ’Πρακλέων
2779 4536 2864 4609 τὸ,
2940 4523 3137 4595 ’Ἔστιν
3222 4539 3250 4594 6
3320 4544 3521 4610 ζητῶν,
3585 4538 3674 4595 καὶ
3744 4538 3874 4618 κρί-

471 4638 591 4683 non
611 4620 683 4684 ad
706 4620 944 4684 Patrem
981 4621 1184 4700 refert,
1218 4623 1512 4705 siquidem
1544 4624 1662 4685 ait:
1691 4624 1818 4700 Qui
1846 4629 2064 4707 quaerit
2078 4626 2134 4691 et

2223 4647 2343 4709 νων,
2388 4625 2484 4681 οὒκ
2533 4622 2777 4703 ἀναφέρει
2841 4624 2926 4681 ἐπὶ
2981 4627 3074 4683 τὸν
3117 4626 3348 4709 Πατέρα,
3405 4628 3621 4685 τοιαῦτα
3667 4625 3871 4706 λέγων·

457 4709 713 4788 judicat
733 4717 822 4774 est
842 4713 1036 4793 is,qui
1065 4729 1161 4774 me
1190 4714 1776 4788 vindicat,minister
1799 4705 1881 4777 ad
1895 4716 2007 4779 hoc
2021 4735 2132 4782 or-

2223 4705 2277 4772 ’0
2331 4718 2509 4786 ζητῶν
2584 4714 2670 4769 καὶ
2763 4735 2953 4793 κρινων
3049 4715 3187 4773 ἐστὶν
3259 4705 3343 4773 ὁ⁷
3372 4715 3592 4775 ἐκδικῶν
3660 4738 3750 4794 με,
3846 4720 3880 4776 6

472 4798 994 4891 {linatusguinon
1006 4807 1225 4864 temere
1235 4801 1512 4883 gladium
1522 4804 2137 4891 portut.vinde.vregis

2223 4803 2511 4884 ὑπηρέτης,
2613 4805 2643 4860 6
2726 4804 2798 4868 εἰς
2866 4811 3022 4861 τοῦτο
3102 4804 3449 4888 τεταγμένος,
3527 4808 3556 4863 6
3612 4807 3692 4883 μὴ
3750 4806 3881 4876 εἶκη

469 4888 710 4967 Μοῃδρεε
729 4898 931 4952 autem
944 4898 1031 4952 est
1045 4891 1675 4971 hic,quemadmodum
1686 4899 1961 4972 superius
1971 4888 2138 4959 dixit

2223 4894 2316 4962 τὴν
2388 4893 2661 4974 μάχαιραν
2732 4900 2930 4975 φορῶν,
3011 4894 3041 4951 6
3142 4894 3347 4962 ἔκδικος
3431 4903 3524 4954 τοῦ
3576 4895 3877 4974 βασιλέως.

474 4975 597 5039 illis
617 4975 1096 5070 (.lesus)_dicens,
1119 4977 1196 5070 In
1224 4997 1400 5058 quem
1427 4998 1530 5043 vos
1544 4984 2135 5060 speravistisﬁPos-

2223 4983 2448 5053 Μωῦσῆς
2503 4983 2559 5042 δὲ
2628 4983 2768 5043 ἐστιν
2825 4987 2975 5049 οὗτος
3030 4982 3108 5062 εί,
3182 4989 3317 5045 καθὰ
3384 4989 3696 5070 προείρηκεν
3767 4990 3879 5046 αὒ-

472 5074 563 5126 tea
583 5063 912 5158 subjungit:
937 5066 1304 5148 Quijudicat
1334 5076 1389 5133 et
1406 5072 1589 5153 punit
1619 5079 1706 5134 est
1735 5074 1994 5158 Moyses,
2023 5076 2132 5141 hoc

2223 5089 2329 5133 τοῖς
2398 5073 2626 5158 λέγων’Δ
2656 5076 2744 5143 Εἷς
2841 5073 2901 5132 ὅν
2979 5077 3134 5152 δμετς
3210 5063 3713 5147 ⁴1ι)ιπίσα1ξε.”1ἰ’ί·ι;⁹
3783 5077 3878 5137 ἐπι

468 5161 577 5230 est,
626 5155 755 5235 ipse
803 5158 1136 5249 legislator.
1174 5161 1385 5221 Postea
1427 5159 1673 5249 dubium
1729 5172 1933 5227 contra
1961 5155 2126 5249 seip-

2223 5165 2376 5248 ρέρει,
2434 5163 2540 5222 ὅτιο
2612 5155 2671 5224 ’0
2726 5164 2916 5245 κρίνων
2982 5168 3072 5224 καὶ
3127 5165 3369 5240 κολάζων
3428 5169 3683 5246 Μωυσῆς,
3716 5189 3883 5227 τουτ-

466 5261 594 5339 sum
630 5253 826 5307 movet
855 5244 1233 5339 _He_r_acle0n,
1269 5249 1479 5311 dicens
1527 5271 1541 5311 :
1591 5248 1903 5326 Quomodo
1932 5244 2132 5337 igitur

2223 5244 2354 5315 ἐστιν
2409 5255 2567 5319 αὒτὸς
2650 5253 2679 5311 ὅ
2730 5244 3044 5331 νομοθέτης’
3122 5258 3221 5316 Καὶ
3276 5258 3413 5332 μετά
3497 5244 3672 5317 τοῦτο
3732 5259 3876 5339 πρὸς

465 5333 617 5397 dicit
642 5351 818 5398 omne
835 5336 1144 5416 judicium
1158 5338 1275 5402 sibi
1306 5339 1609 5403 traditum
1620 5333 2132 5419 [uisset’Ete'xisti-

2223 5347 2405 5406 ἑαυτὸν
2472 5347 2739 5423 ἔπαπορετ
2791 5348 2820 5404 6
2907 5339 3213 5430 ’Πρακλέων
3256 5348 3452 5428 λέγων·
3500 5353 3623 5414 Πῶς
3652 5348 3744 5407 οὖν
3771 5333 3874 5408 λέ-

546 5518 600 5564 ⁷⁶
624 5517 798 5586 Joan.
826 5538 951 5598 vru,
983 5521 1082 5587 44.
1117 5521 1172 5568 ’Π
1202 5525 1301 5590 Sic
1357 5524 1527 5589 Bodl.
1562 5524 1617 5571 ’⁷⁸
1643 5534 1815 5599 Joan.
1849 5548 1934 5616 tv,
1963 5535 2066 5599 44.
2126 5534 2159 5578 ’τ’

471 5598 651 5664 2282.
684 5600 741 5645 ⁸³
764 5600 935 5666 Joan.
970 5623 1031 5679 κ,
1065 5605 1162 5668 45.
1190 5614 1193 5617 ’

2223 5532 2311 5598 Sic
2366 5531 2541 5597 Bodl.
2573 5531 2756 5602 2282.
2813 5532 2871 5581 ⁸ο
2894 5533 3073 5600 Joan.
3129 5554 3259 5621 vni,
3294 5536 3397 5602 50.
3453 5535 3503 5580 εί
3538 5534 3637 5599 Sic
3694 5535 3875 5601 Bodl.
