4124 6404
461 421 479 480 1
500 418 614 482 607

454 555 566 602 rant
605 546 853 618 discipuli,
914 553 964 600 et
1022 562 1050 600 a
1084 545 1341 618 ,Patribus
1373 546 1443 602 ita
1485 545 1671 602 sentire
1701 545 1860 602 edocti
1915 557 2102 614 essent,
2132 565 2166 612 Α
2192 567 2301 606 rum
2339 595 2350 617 ,

452 633 649 674 summa
686 617 782 674 ﬁde
813 617 1182 688 praedicandam
1215 618 1464 673 deﬁnivit.

525 689 967 752 Chalcedonensis,
1009 689 1347 759 iinpermistas
1378 690 1471 745 Dei
1503 699 1551 744 et
1596 689 1810 744 hominis
1865 691 2110 745 substan-

454 761 571 828 tias,
604 762 654 816 iu
687 763 831 815 unica
861 761 1044 816 Christi
1077 762 1348 832 liypostasi,
1372 762 1518 832 juxta
1552 763 1759 818 Patrum
1792 762 2113 832 placita,Eu-

454 833 614 904 tycliis
640 832 824 904 aspretis
846 831 1194 904 captionibus,
1226 831 1464 887 confirma
1506 834 1560 887 it.

523 903 763 973 Adjicere
804 903 945 967 libet,
987 911 1042 958 ut
1098 903 1148 957 in
1222 904 1390 965 seriis,
1454 904 1675 975 adeoque
1740 904 1951 958 suminis
2003 905 2116 960 ﬁdei

453 985 638 1030 nostra:
739 975 985 1045 capitibus
1090 975 1495 1040 conﬁrmandis,
1601 975 1834 1030 Aurelius
1935 978 2116 1041 Augu—

454 1049 618 1101 stinus
659 1089 673 1113 ,
751 1064 896 1117 quem
974 1045 1118 1102 unice
1191 1046 1359 1101 mirari
1432 1063 1490 1101 ac
1563 1047 1819 1117 suspicere
1892 1063 1947 1100 se
2019 1047 2117 1102 ﬁn-

455 1124 580 1189 gunt
690 1117 1072 1181 liaaresiarchai,
1148 1117 1209 1172 ad
1304 1117 1640 1189 traditiones”
1701 1117 2112 1184 ecclesiasticas,

458 1187 690 1260 tanquam
774 1191 830 1242 ad
908 1189 1135 1252 asiliiin,
1214 1189 1521 1260 confugerit.
1606 1187 1928 1259 Evangeliuin
2019 1206 2108 1244 se-

454 1264 670 1315 cundum
750 1261 1033 1314 Malitia-um
1109 1276 1222 1315 vero
1295 1260 1356 1316 ab
1431 1261 1538 1330 ipso
1613 1261 1946 1330 conscriptum
2022 1277 2108 1315 es-

456 1349 553 1395 se,
635 1340 811 1386 contra
886 1331 1056 1386 Fausti
1162 1332 1376 1386 Manich.
1479 1331 1833 1386 inﬁciationem
1925 1332 2101 1398 credit,

461 1402 726 1458 traditione
801 1403 998 1465 nixus,
1075 1418 1189 1474 quae
1263 1403 1323 1458 ab
1397 1402 1683 1474 apostolicis
1761 1403 1961 1457 sedibus
2009 1419 2099 1459 us-

455 1491 553 1544 que
609 1476 670 1530 ad
736 1475 1322 1546 prtesentestepiscopos
1405 1474 1924 1546 certatsuccessione
1987 1492 2100 1544 per-

458 1555 681 1610 venerat,
740 1545 883 1600 libro.
1003 1545 1240 1616 vigesimo
1313 1554 1486 1600 octavo
1537 1545 1739 1602 Centra
1790 1547 2098 1610 Faustum,

455 1634 563 1686 cap.
638 1619 689 1672 2.
752 1618 946 1672 Patrem
1022 1617 1320 1688 ingenitum,
1398 1617 1676 1686 Filiumque
1751 1617 1908 1671 eidem
1973 1634 2098 1672 con—

459 1689 859 1752 substantialem,
928 1688 1021 1742 etsi
1088 1689 1141 1742 in
1193 1688 1381 1743 sanctis
1443 1688 1636 1758 paginis
1703 1704 1801 1742 non
1874 1689 2101 1742 invenia-

459 1767 568 1825 tur,
640 1760 752 1815 ﬁdei
811 1761 1091 1814 assertione
1147 1760 1515 1814 defendentum
1579 1759 1726 1822 dicit,
1799 1759 2097 1828 .pist.174.

457 1831 654 1902 Integra
702 1832 799 1886 ﬁde
855 1831 1174 1902 credendum,
1240 1831 1372 1885 beat.

1799 416 2197 481 VABIOBUM
2249 417 2474 480 NOT/E

3707 417 3869 480 1608

2406 567 2530 622 quas
2609 550 2692 606 alii
2768 547 3000 622 apostoli,
3061 547 3388 622 discipulique
3469 546 3668 603 Domini
3740 549 3876 603 doc-

2193 623 2322 703 trina
2376 620 2756 703 plantaverant,‘
2803 621 3044 703 sanguine
3103 620 3403 697 rigaverant,
3505 625 3554 674 et
3633 627 3873 703 stupen-

2194 695 2269 748 dis
2326 690 2580 750 miraculis
2632 690 3088 760 conﬁrmaverant,
3167 692 3514 760 episcoporum
3571 690 3866 761 catalogis;

2196 766 2348 838 hujus
2403 765 2588 830 unius,
2646 776 2891 838 tanquam
2963 769 3259 838 caeterarum
3348 761 3867 831 praecellentissimas,

2197 834 2280 892 ab'
2322 839 2658 906 apostolorum
2731 834 3003 905 coryphzeis
3037 904 3045 906 _
3075 839 3135 887 ad
3209 849 3353 887 suam
3425 842 3623 887 aetatem
3666 849 3864 906 usque,

2197 903 2534 963 continentem
2589 915 2640 963 et
2687 903 2942 978 nunquam
3033 904 3373 959 intermissam
3468 903 3868 960 successionem

2197 981 2438 1035 contexit.

2272 1051 2462 1106 Deinde
2513 1066 2621 1106 eam
2687 1056 2829 1104 vocat
2899 1069 2922 1098 α
2980 1045 3288 1117 maximam,
3353 1065 3375 1096 ii
3447 1052 3499 1100 ut
3565 1062 3676 1117 quae
3743 1062 3868 1103 om-

2200 1139 2312 1178 nem
2371 1137 2627 1178 sacrorum
2684 1126 2976 1190 potestatem
3055 1117 3199 1190 jure»
3230 1116 3326 1171 sibi
3387 1116 3649 1188 vindicet,
3704 1128 3869 1173 caste-

2199 1210 2377 1264 rasque
2429 1209 2604 1248 omnes
2662 1188 2757 1247 sibi
2800 1189 3062 1247 inferiores
3125 1188 3324 1258 habeat,
3400 1204 3524 1259 quas
3588 1205 3684 1244 sua
3737 1207 3868 1245 auc-

2191 1266 2284 1320 tori
2297 1275 2396 1321 tate
2435 1274 2588 1336 regat.

2260 1341 2452 1409 Postea
2482 1329 2936 1409 {antiquissimam
2967 1353 2991 1409 ξ
3030 1329 3277 1409 appellat,_
3302 1345 3430 1409 non.
3477 1337 3680 1409 propter
3719 1340 3859 1386 tem-

2186 1425 2312 1478 pus,
2359 1408 2457 1463 nisi
2500 1408 2560 1461 de
2600 1401 2790 1478 Latinis
2844 1413 2901 1478 et
2957 1402 3362 1478 Occidentalibus
3418 1401 3695 1478 intelligas,
3739 1421 3860 1478 cum

2181 1473 2615 1550 Jerosolj'mitana,
2660 1477 2992 1550 Samaritana,
3033 1473 3376 1536 Caesariensis,
3408 1481 3493 1550 _et
3564 1475 3864 1550 Antioche-

2184 1567 2266 1614 na,
2335 1543 2474 1622 prius
2538 1549 2914 1622 ﬁdemﬂChristi
2956 1552 3288 1622 susceperint;
3337 1543 3423 1597 sed
3453 1554 3654 1614 propter
3683 1545 3862 1617 digni—

2187 1620 2361 1686 tatem,
2390 1631 2440 1677 et
2469 1621 2598 1693 quod
2626 1620 2737 1676 aliis
2782 1622 2946 1692 potior
3002 1621 3086 1682 sit,
3126 1629 3383 1686 ipsamque
3430 1631 3608 1670 omnes
3639 1625 3702 1672 ut
3746 1634 3862 1672 ma-

2185 1703 2310 1767 trem
2370 1692 2664 1767 suscipiant.
2855 1763 2881 1767 η
3175 1757 3186 1767 .

2256 1759 2582 1820 Postmoduin
2667 1785 2688 1813 ι
2733 1763 2966 1818 omnibus
3045 1759 3292 1830 cognitam
3330 1778 3350 1808 ii
3416 1773 3531 1814 esse
3614 1759 3856 1825 asserit,

1454 1831 1675 1906 Mai-iam
1743 1831 1834 1906 Dei
1915 1830 2103 1906 Christi
2138 1837 2323 1906 _sicut
2371 1853 2448 1900 ea,
2520 1852 2630 1906 quas
2684 1835 2813 1889 inter
2860 1829 3224 1906 ouinestcaput
3285 1829 3583 1906 extolleret,
3643 1840 3702 1884 et
3750 1847 3859 1906 _cu_-

460 1897 696 1968 matrem,
755 1909 804 1957 et
858 1901 1114 1978 viiginein
1166 1903 1476 1978 concepisse.
1510 1913 1558 1955 et
1596 1901 2112 1978 _virginem_genuisa
2138 1897 2275 1978 Bjus
2347 1897 2567 1962 reciore-s
2595 1949 2608 1971 ,
2672 1906 2824 1961 veluti
2872 1908 2922 1960 in
2951 1897 3220 1978 altissima
3276 1900 3433 1978 phato
3499 1909 3550 1954 et
3583 1974 3590 1978 _
3629 1903 3864 1956 clarissi-

461 1989 550 2050 se,
579 1982 721 2050 post
777 1983 1009 2050 partum.
1072 1973 1338 2050 Virgine");
1360 1973 1717 2050 permansisse,
1757 1973 1840 2050 lib.
1883 1974 1962 2050 I_)e
2021 1992 2111 2050 ec-

461 2043 695 2102 clesiast.
756 2043 1012 2115 dogmat.,
1068 2043 1217 2114 capit.
1276 2045 1362 2100 69.
1445 2045 1700 2114 Baptisma
1769 2043 1830 2098 ab
1903 2043 2111 2100 haereti-

460 2115 532 2169 cis
592 2117 824 2170 collatum
858 2159 872 2181 ,
955 2115 1278 2186 repetendum
1359 2131 1461 2170 non
1519 2131 1651 2178 esse,
1709 2133 1769 2168 ex
1855 2120 2112 2186 apostolo-

461 2202 569 2240 rum
640 2187 925 2251 traditione,
987 2185 1079 2240 etsi
1159 2188 1206 2240 in
1301 2203 1474 2242 eorum
1540 2186 1718 2241 litteris
1801 2185 1898 2240 non
1965 2187 2109 2242 inve-

463 2257 702 2330 niaturL
746 2258 871 2312 libro
909 2257 1156 2330 tisccundo
1203 2258 1284 2313 De
1332 2259 1431 2330 bap
1463 2302 1490 2330 ,ί
1533 2274 1643 2328 cap.
1694 2257 1746 2322 7,
1815 2267 1865 2312 et
1911 2257 2021 2312 libr.
2066 2272 2106 2324 1,

460 2345 566 2400 cap.
643 2327 731 2394 23,
793 2337 842 2383 et
906 2329 993 2383 lib.
1062 2345 1134 2393 iv,
1184 2346 1291 2400 cap.
1350 2327 1412 2384 6.—
1462 2327 1881 2386 Consuetudinem
1934 2331 2108 2385 matris

462 2399 704 2472 Ecclesia;
764 2400 815 2454 in
878 2400 1188 2468 baptizandis
1245 2399 1483 2471 parvulis,
1514 2409 1567 2456 ut
1613 2400 1924 2472 traditionem
1983 2418 2106 2472 apo-

453 2471 678 2542 s_tolicam
739 2487 1050 2542 nequaquam
1137 2473 1500 2542 spernendam,
1575 2471 1700 2526 libro
1771 2471 1966 2527 decimo
2019 2471 2105 2527 De

455 2540 661 2607 Genesi,
784 2540 946 2612 capite
999 2540 1236 2613 vigesimo
1298 2546 1460 2598 tertio.
1512 2543 1708 2597 Domini
1775 2543 2098 2613 passionem,

450 2613 867 2668 resurrectionem
902 2657 914 2679 ,
983 2614 1329 2669 ascensionem
1388 2615 1438 2669 in
1493 2616 1676 2669 coelum
1711 2656 1723 2678 ,
1780 2622 1829 2666 et
1911 2615 2101 2670 adven-

451 2693 556 2739 tuin
623 2684 838 2756 Spiritus
888 2684 1047 2739 sancti
1090 2685 1163 2756 de
1211 2686 1341 2740 ccelo
1411 2686 1749 2740 anniversaria
1808 2684 2100 2742 solemnita-

450 2764 516 2820 te,
579 2755 677 2812 non
748 2756 949 2827 scripta,
1016 2755 1100 2810 scd
1164 2756 1343 2812 tradita
1410 2758 1760 2812 observatione
1838 2757 2100 2812 celebran-

449 2829 585 2900 dam,
644 2827 790 2899 epist.
836 2828 976 2900 71l8,
1037 2844 1144 2898 cap.
1189 2830 1264 2883 1..
1301 2829 1585 2900 Baptizatos
1641 2845 1755 2882 esse
1821 2830 2098 2898 apostolos,

447 2899 542 2953 etsi
606 2899 954 2971 neuverbum
1021 2901 1219 2970 quidem
1273 2901 1333 2954 de
1404 2901 1498 2954 hoc
1555 2900 1805 2971 scriptura
1871 2900 2098 2971 habeat,

449 2986 547 3042 non
611 2969 964 3041 ambigendum
999 2969 1046 3035 ,ί
1081 2971 1223 3042 epist.
1286 2973 1407 3029 108.
1450 2971 1590 3026 Serie
1646 2969 1926 3042 traditionis
1952 2969 2100 3042 quae?

447 3041 585 3112 dam;
624 3043 752 3095 facta
807 3057 941 3108 esse,
1012 3047 1062 3094 et
1111 3041 1267 3098 nunc
1333 3043 1385 3097 in
1469 3043 1701 3112 baptismi
1785 3041 1980 3097 ritibus
2022 3044 2099 3098 fa-

445 3110 639 3184 cienda,
695 3128 805 3184 qua:
860 3113 912 3168 in
975 3112 1217 3183 Sripturis
1283 3115 1443 3184 gratia
1497 3110 1754 3169 brevitatis
1823 3120 2093 3184 tacentur,

445 3129 639 3176 cienaa,
731 3129 805 3167 ua
860 3129 912 3168 ιιι
975 3129 1217 3183 Sripiuris
1283 3129 1443 3184 gratia
1498 3129 1754 3169 brevitatzs
1823 3129 2093 3180 tacentur,

445 3181 530 3238 lib.
566 3182 644 3257 De
685 3129 791 3255 [tida
845 3189 895 3240 et
971 3185 1238 3257 oneribus,
1298 3186 1462 3256 capite
1517 3201 1668 3240 nono.
1730 3183 2096 3240 Eucharistiam

2195 1971 2274 2033 ina
2341 1979 2546 2049 specula
2599 1978 2848 2041 collocati,
2915 1976 3123 2049 aliarum
3177 1971 3519 2042 navigationes
3580 1974 3720 2049 inter
3752 1981 3865 2049 _tot

2194 2043 2448 2120 naufragia
2507 2050 2828 2122 dirigerent;
2907 2047 3330 2122 observarentque
3363 2085 3375 2107 ,
3427 2043 3861 2113 quemadmodum

2193 2117 2504 2192 unaquaeque
2598 2117 2648 2175 in
2739 2121 2998 2174 retinenda
3079 2117 3316 2192 religione
3362 2185 3371 2192 _
3415 2129 3470 2168 se
3552 2124 3853 2192 gereret“:

2193 2185 2372 2264 quippe
2421 2185 2575 2263 'quze
2665 2201 2986 2264 tyrannorum
3047 2197 3114 2264 _et
3177 2185 3570 2264 '_ha3reticorum’
3614 2188 3858 2264 procellis

2191 2257 2374 2333 agitata
2407 2307 2420 2331 ,
2477 2257 2549 2319 'et
2615 2257 2848 2317 nutantia
2947 2259 3094 2315 corda
3183 2257 3433 2333 fratrum_,
3511 2258 3858 2333 conﬁrmandi

2191 2327 2496 2406 pimceptum
2569 2334 2720 2390 simul
2793 2343 2844 2390 et
2917 2337 3213 2404 potestatem
3286 2344 3316 2382 a
3391 2327 3604 2383 Domino
3692 2344 3854 2384 acce—

2219 2407 2359 2466 isset.

2187 2424 2485 2550 plsSEbjicit,
2565 2499 2586 2528 ι
2619 2493 2650 2532 a
2698 2474 3074 2550 gloriosissimis
3117 2470 3343 2550 _duobus
3433 2469 3674 2549 apostolis
3740 2471 3846 2528 Pe—

2184 2556 2259 2603 tro
2326 2544 2377 2604 et
2441 2549 2621 2614 Paulo,
2655 2544 2946 2620 i'quoium
3009 2544 3244 2620 nimirum
3293 2555 3399 2620 prta
3461 2544 3670 2620 catiteris
3745 2550 3849 2598 tam

2183 2628 2302 2675 sunt
2356 2620 2540 2676 eximia
2604 2611 2942 2681 charismata,
3005 2625 3108 2670 tam
3167 2611 3672 2684 singularestdotes,
3743 2622 3848 2669 tam

2183 2693 2352 2763 magni
2395 2693 2455 2765 in
2503 2691 2709 2763 mystica
2771 2691 2864 2745 hac
2918 2687 3029 2765 navi
3086 2683 3374 2764 fabricanda
3427 2683 3667 2765 labores:
3707 2702 3847 2765 quo-

2182 2759 2316 2829 rum,
2392 2759 2614 2834 inquam,
2673 2761 3068 2824 conversatione,
3087 2773 3244 2834 _voce
3273 2765 3325 2810 et
3354 2759 3604 2834 institutis
3627 2797 3642 2820 ,
3700 2759 3845 2834 velut

2181 2827 2340 2890 sacris
2396 2827 2628 2890 anchoris
2668 2877 2679 2897 ,
2756 2834 2887 2887 inter
2949 2837 3020 2884 tot
3081 2829 3266 2884 fluctus
3304 2837 3356 2883 et
3401 2827 3612 2882 aliarum
3642 2828 3839 2894 ruinas,

2183 2914 2289 2978 tuta
2353 2907 2586 2978 salvaque
2627 2905 2869 2978 hactenus
2932 2900 3204 2978 permansit
3271 2919 3283 2952 :
3341 2913 3556 2978 quorum
3618 2897 3840 2978 denique

2185 2977 2438 3032 miraculis
2473 2970 2519 3040 ,’
2566 2977 2798 3036 vinculis,
2877 2970 3118 3043 sanguine
3191 2981 3274 3043 et_
3315 2970 3577 3043 martyrio,
3651 2970 3838 3024 clarius

2183 3064 2283 3119 prae
2343 3047 2542 3105 caeteris
2616 3058 2678 3119 et
2737 3040 3005 3102 dilucidius
3078 3044 3188 3114 ipsa
3244 3040 3404 3097 Roma
3461 3040 3638 3112 fulget,
3683 3056 3831 3112 quam

2185 3118 2433 3176 sideribus
2491 3118 2693 3174 coelum.

2259 3210 2283 3242 α
2328 3192 2508 3248 Romae
2537 3209 2567 3243 ι)
2603 3189 2844 3261 sequitur,
2882 3202 2998 3258 qua}
3023 3195 3077 3243 ut
3109 3184 3214 3241 suis
3245 3182 3599 3261 dictatoribus,
3641 3197 3826 3261 consu-

445 3253 709 3334 corporis'_
747 3262 797 3308 et
871 3253 1132 3334 sanguinis
1190 3253 1388 3311 Domini
1461 3257 1714 3334 apostolos
1780 3271 1878 3309 non
1950 3261 2327 3334 accc—clibus,
2365 3253 2766 3334 imperatoribus.
2816 3253 3137 3321 exercitibus,
3169 3257 3408 3312 mortales
3437 3253 3829 3334 omnes-gravis-

444 3325 583 3449 risse
643 3325 890 3404 jejunost;
954 3327 1199 3397 placuisse
1265 3335 1430 3382 tamen
1477 3325 1681 3398 Spiritui
1745 3334 1918 3381 sancto
1960 3371 1972 3393 ,

463 3412 686 3449 tenerem
745 3404 869 3449 tanti
953 3399 1256 3449 sacramenti
1334 3415 1364 3449 ιι
1427 3399 1610 3449 ieiunis
1667 3413 1863 3449 semper
1916 3414 1972 3449 ac

463 3412 686 3451 tenerem
745 3399 869 3470 tanti
953 3399 1256 3470 sacramenti
1334 3415 1364 3453 a
1421 3399 1610 3470 jejunis
1667 3413 1863 3470 semper
1916 3399 2092 3470 accipi;

449 3483 740 3536 moremque
800 3467 932 3522 hunc
964 3485 1047 3537 per
1105 3469 1392 3524 universum
1425 3467 1628 3524 'orbem
1666 3469 1851 3524 servari
1886 3511 1898 3533 ,
1949 3467 2095 3539 epist.

453 3539 571 3609 l18,
652 3553 790 3609 cap,
835 3541 887 3592 6.
965 3539 1260 3609 Antiquitus
1315 3541 1489 3594 tradito
1563 3549 1612 3595 et
1684 3547 1876 3595 retento
1951 3540 2096 3595 ﬁrmo

447 3608 697 3682 Ecclesia:
753 3608 871 3675 ritu,
926 3609 976 3664 in
1025 3608 1332 3682 baptismate
1397 3613 1626 3682 parvulos
1677 3611 1964 3677 exorcizari,
2023 3613 2096 3666 in-

447 3679 662 3747 sufflari,
728 3686 778 3733 et
837 3679 1124 3736 renuntiare
1208 3679 1426 3748 Satanae,
1497 3692 1551 3738 ut
1616 3701 1646 3737 a
1712 3687 1957 3753 potestate
2012 3693 2094 3738 te-

447 3754 744 3824 nebrarum,
796 3753 846 3805 in
905 3769 1110 3824 regnum
1162 3753 1345 3810 Christi
1421 3755 1827 3823 transferantur,
1888 3755 2010 3808 libro
2076 3769 2092 3810 ι

445 3820 516 3876 De
573 3823 772 3897 n_uplii8
835 3830 882 3877 et
944 3820 1191 3897 concita,
1250 3843 1358 3897 cap.
1419 3826 1508 3888 90,
1580 3839 1628 3880 et
1706 3820 1891 3880 libftv
1957 3826 2098 3882 Con-

443 3901 532 3948 tra
583 3893 712 3968 ML,
770 3910 878 3968 cap.
939 3895 991 3968 2
1053 3893 1128 3950 Et
1198 3893 1360 3952 II-l
1416 3898 1641 3968 quamvis
1703 3896 1914 3968 denique
1971 3914 2096 3952 nus-

444 3967 709 4039 quam_in
778 3966 1022 4039 Sripﬁtui-is
1090 3969 1337 4023 veteribus
1419 3966 1664 4039 legeretur
1735 3966 1954 4023 oblatum
2012 3985 2098 4038 pro

449 4036 660 4111 mortuis
742 4037 1064 4111 sacriﬁcium,
1158 4056 1256 4094 non
1328 4036 1526 4111 parvam
1599 4048 1768 4096 tamen
1852 4036 2098 4094 universae

445 4106 634 4164 Eccles.
695 4124 805 4179 quas
868 4109 919 4163 in
997 4109 1089 4164 hac
1153 4106 1516 4166 consuetudine
1569 4113 1768 4177 claret,
1821 4111 2096 4166 auctorita-

444 4188 544 4253 tem
604 4197 717 4253 esse
788 4222 800 4244 ,
850 4181 1060 4253 ubitin
1148 4184 1380 4252 precibus
1448 4184 1762 4253 sacerdotis,
1825 4197 1941 4252 quas
1995 4182 2096 4237 Do-

445 4251 580 4324 mino
633 4251 742 4324 Deo
803 4251 862 4306 ad
934 4252 1047 4324 ejus
1111 4251 1271 4310 altare
1343 4255 1638 4322 funduntur,
1707 4251 1870 4311 locum
1949 4270 2096 4310 snum

443 4322 592 4376 habet
651 4322 799 4377 etiam
857 4322 1222 4380 commendatio
1279 4336 1613 4388 mortuorum.
1682 4327 1770 4382 lib.
1832 4325 1902 4380 De
1957 4331 2094 4382 dura

434 4412 532 4466 pro
562 4395 779 4467 mortuis
805 4395 1034 4467 agenda,
1065 4413 1171 4467 cap.
1214 4399 1229 4451 l
1273 4405 1322 4452 et
1353 4401 1404 4462 4,
1447 4407 1496 4454 et
1525 4413 1757 4454 sermone
1792 4397 1860 4452 3i.
1890 4395 1950 4451 de
1979 4413 2092 4451 ver-

441 4467 519 4520 bis
561 4466 802 4538 Apostoli.
835 4466 956 4521 Aliis
1009 4466 1139 4524 locis
1169 4469 1468 4538 innumeris,
1510 4479 1559 4525 et
1613 4470 1906 4526 auctoribus
1937 4467 2093 4524 sacris

441 4535 762 4611 recensendis
790 4538 1020 4611 consulte
1049 4541 1370 4611 supersedeo.

512 4608 676 4689 Adest
709 4590 1020 4689 perspicere.
1455 4617 1552 4678 est,
1604 4612 1741 4689 licet,
1786 4609 1863 4666 vel
1885 4627 2082 4689 promp-
2108 4590 2149 4639 θ

2046 3328 2095 3403 in
2180 3334 2307 3388 sima
2365 3327 2605 3390 servitute
2658 3332 2775 3387 olim
2833 3341 3102 3403 presserat;
3152 3337 3344 3403 contra,
3375 3327 3667 3403 apostolicis
3699 3340 3831 3381 nunc

2178 3403 2601 3530 ansbtitutionibus,
2634 3398 2906 3459 eosdem-in
2930 3398 3208 3458 libertatem
3241 3399 3454 3455 ﬁliorum
3485 3398 3574 3452 Dei
3602 3413 3830 3454 asserere

2211 3494 2235 3530 e
2276 3485 2404 3529 iiiat.

2177 3477 2404 3530 debebat.

2252 3567 2276 3597 α
2313 3547 2490 3603 Romae
2521 3568 2542 3598 ι
2579 3548 2773 3611 deinde,
2813 3554 2867 3601 iit
2899 3546 3002 3602 illic
3025 3543 3254 3617 praesidia
3299 3540 3604 3617 defensionis
3660 3540 3829 3598 Chris-

2178 3617 2325 3673 tianae
2353 3619 2639 3688 reipublicae
2677 3621 2958 3684 collocaret,
2997 3615 3046 3674 et
3083 3617 3223 3688 regni
3255 3616 3332 3670 sui
3365 3615 3677 3688 metropolim
3710 3629 3830 3688 coii-

2177 3697 2392 3744 struerct
2421 3684 2667 3765 Christus,
2701 3690 2786 3746 ubi
2806 3684 3223 3765 idolomaniarum
3239 3684 3633 3765 receptaculum,
3661 3684 3823 3765 Iotlici-

2178 3776 2292 3815 nam
2334 3761 2715 3830 turpitudinum,
2749 3769 3035 3816 sanctorum
3091 3759 3452 3830 carniﬁcinam,
3505 3759 3832 3830 ipsissimain-

2178 3848 2274 3902 que
2314 3828 2584 3902 Babylona,
2617 3834 2829 3889 Satanas
2865 3833 3170 3898 condiderat,
3205 3851 3228 3883 ι
3264 3829 3518 3885 fundatam
3559 3836 3609 3885 et
3636 3828 3831 3884 consti-

2182 3912 2340 3960 tutam
2400 3905 2695 3961 Ecclesiam.
2732 3925 2752 3955 ι

2250 3975 2440 4050 Hujus
2490 3976 2660 4047 igitur,
2762 3977 2920 4048 pergit
3003 3974 3264 4050 Irenaeus,
3339 3979 3494 4030 tantae
3569 3971 3828 4050 Ecclesiae

2183 4064 2208 4119 ε
2279 4044 2594 4102 ῑιίίάὶῐὶοιιέιῐι
2634 4044 2652 4113 ,’
2717 4044 2908 4119 quam,
2965 4066 2988 4098 ii
3074 4045 3184 4100 viva
3236 4061 3359 4119 voce
3425 4065 3467 4119 r_
3501 4044 3744 4119 apostolis
3798 4061 3828 4095 ii

2180 4116 2327 4173 Petro
2376 4125 2425 4174 et
2480 4119 2674 4183 Paulo,
2733 4115 2893 4174 adhuc
2947 4118 3142 4174 clavum
3202 4116 3312 4189 ejus
3366 4115 3684 4188 regionibus,
3746 4132 3830 4189 at:-

2178 4189 2308 4259 cepit
2344 4232 2356 4250 ,
2426 4198 2679 4261 acceptam
2735 4197 3032 4261 conservat,
3114 4209 3136 4239 ι
3198 4186 3270 4261 et
3303 4186 3648 4244 annu'ntiatam
3691 4209 3715 4238 ii
3779 4186 3828 4240 in

2179 4261 2412 4315 universo
2472 4259 2657 4317 mundo
2727 4282 2748 4311 ι
2811 4260 3126 4316 hominibuss
3211 4259 3356 4314 ﬁdem
3426 4279 3447 4310 ι
3539 4265 3831 4314 constanter

2181 4350 2205 4383 ι
2265 4331 2541 4387 indicantes
2575 4377 2587 4398 ,
2631 4354 2652 4383 ii
2713 4341 2762 4387 et
2820 4335 2977 4403 palam
3037 4331 3362 4402 praedicantes
3394 4371 3406 4395 ,
3461 4352 3509 4403 ii_
3563 4329 3830 4403 confundi—

2176 4418 2289 4457 mus
2360 4424 2380 4452 ii
2463 4412 2514 4458 et
2565 4399 2915 4460 convincimus
2967 4399 3171 4458 nefarias
3249 4401 3542 4457 defectionis
3595 4417 3626 4457 a
3682 4399 3828 4458 Chri-

2175 4475 2238 4528 sti
2273 4477 2642 4548 communione,
2715 4483 2769 4530 ‘et
2820 4476 3158 4548 apostolorum
3224 4473 3468 4548 doctrina,
3528 4493 3552 4526 ι
3598 4489 3684 4548 eos
3718 4489 3828 4548 om-

2173 4560 2263 4599 nes
2321 4545 2404 4616 qui
2469 4566 2492 4599 ι
2545 4544 2867 4616 ιιῒιὶιῑιιιιιςι,’
2907 4546 3226 4617 gloriolaeque
3287 4546 3478 4600 inutilis
3509 4587 3528 4615 ,
3587 4546 3664 4599 vel
3724 4544 3830 4616 pri-

2167 4625 2334 4699 matus
2420 4619 2701 4699 appetentis
2733 4661 2785 4699 ,γ’
2830 4617 2983 4674 animi
3012 4694 3021 4699 Α
3055 4617 3276 4699 caecitate
3301 4659 3313 4683 ,
3383 4617 3476 4699 vel_
3503 4631 3824 4699 quacunque

442 4687 546 4763 tum
588 4687 683 4743 est,
714 4679 742 4727 i
787 4679 1074 4763 Grmcorum
1126 4698 1265 4738 more
1295 4683 1473 4738 dicitur
1506 4700 1517 4732 :
1548 4687 1795 4763 πάρεστιν
1824 4679 1957 4738 enim
1988 4679 2087 4739 illis
2166 4689 2281 4763 alia
2320 4679 2582 4763 accasione
2652 4679 2785 4745 ducti
2821 4733 2834 4755 ,
2912 4694 3082 4744 contra
3155 4690 3267 4760 ejus
3301 4679 3309 4683 ⁷
3340 4699 3410 4763 (διΔ
3463 4679 3827 4763 bierarehiciim

440 4760 571 4814 idem
604 4775 737 4829 saepe
766 4765 844 4813 est
883 4761 1012 4829 quod
1043 4761 1263 4828 ἔξεστιν,

514 4839 706 4904 Quibus
771 4840 1039 4894 emendate
1106 4844 1397 4914 agentibus.
1477 4843 1636 4913 Idem,
1694 4843 1906 4913 Graece,
2016 4847 2090 4900 ὧν

439 4920 848 4998 κατορθούντων,
881 4919 930 4975 id
991 4929 1071 4977 est
1099 4965 1112 4989 ,
1180 4947 1202 4978 ii
1263 4924 1448 4996 quibus
1509 4939 1715 4978 munere
1765 4938 1858 4978 suo
1947 4921 2098 4994 probe

441 4999 786 5069 fungentibus.
826 5018 846 5048 ii

513 5064 616 5126 Sed
649 5071 899 5142 quoniam
927 5065 1075 5142 valde
1113 5067 1324 5139 longum
1389 5074 1485 5122 est.
1536 5065 1706 5120 Multis
1760 5064 1926 5142 iisque
1975 5083 2096 5138 gra-

441 5137 675 5198 vissimis
745 5140 908 5197 verbis
1000 5138 1095 5192 hoc
1186 5137 1329 5204 loco,
1412 5146 1614 5209 totoque
1687 5137 1870 5208 capite,
1948 5137 2092 5195 docet

439 5214 576 5269 beat.
661 5221 849 5283 martyr
920 5210 1195 5283 Romanam
1291 5209 1566 5283 Ecclesiam
1635 5216 1993 5283 caputJesse
2043 5220 2093 5266 et

438 5287 660 5358 regulam
724 5280 961 5358 omnium
1013 5282 1244 5358 aliarum
1311 5298 1325 5338 :
1396 5281 1698 5358 proindeque
1761 5280 1895 5336 illius
1965 5281 2094 5358 dog-

437 5352 566 5412 mrta
649 5357 794 5412 unice
885 5352 1140 5424 suspicere
1190 5367 1239 5412 et
1293 5353 1569 5424 amplecti,
1645 5368 1704 5407 ac
1759 5353 2094 5424 successionis

441 5429 622 5483 seriem
689 5427 912 5482 omnium
971 5423 1226 5484 haereseon
1285 5423 1526 5481 ﬂuctibus
1561 5468 1573 5490 ,
1651 5433 1705 5478 ut
1778 5423 1973 5479 ﬁrmam
2046 5432 2096 5480 et

437 5498 745 5554 immobilem
824 5509 1053 5569 petram,
1133 5518 1225 5556 nos
1313 5514 1559 5568 opponere
1632 5495 1832 5569 debere,
1911 5506 1960 5550 et
2034 5498 2094 5551 ad

435 5569 572 5628 illius
662 5568 967 5633 tiadititines.
1045 5572 1260 5635 decreta,
1338 5570 1585 5639 ﬁdemque
1655 5568 1894 5639 adversus
1982 5583 2097 5623 om-

438 5643 575 5696 nium
634 5657 818 5715 eorum
855 5641 1072 5708 fraudes,
1129 5646 1212 5715 qui
1264 5641 1334 5696 in
1390 5637 1570 5715 solutis
1633 5637 1932 5715 publicaget
1985 5640 2092 5710 pie-

440 5714 556 5768 tatis
638 5713 932 5770 Christianm
1018 5708 1284 5785 perniciem
1363 5713 1484 5768 nihil
1551 5708 1647 5764 non
1712 5708 2086 5778 machinaniur,

438 5793 669 5851 tanquam
737 5786 797 5840 ad
850 5791 1150 5842 tutissimam
1186 5801 1375 5851 arcem,
1425 5791 1474 5838 et
1514 5786 1883 5838 sacrosanctam
1933 5799 2084 5841 seram

437 5855 703 5938 confugere
742 5879 757 5937 ε
787 5857 916 5938 quod
938 5857 1224 5938 singillatim
1255 5855 1634 5938 explicabimus.

2171 4758 2406 4816 Ecclesiae
2483 4761 2704 4817 ordinem
2736 4805 2753 4833 ,
2809 4770 2967 4817 caelus
3047 4767 3103 4817 et
3181 4758 3529 4816 conventicula
3604 4780 3626 4810 ι
3683 4759 3825 4814 ωιῖἰο

2173 4841 2317 4901 gum.

2253 4916 2390 4972 Hanc
2418 4934 2531 4974 esse
2559 4917 2835 4973 beatissimi
2867 4925 2993 4972 mart
3029 4917 3099 4972 ris
3129 4915 3450 4976 sententiam.
3500 4932 3649 4988 quam
3679 4935 3822 4988 para-

2253 4989 2455 5044 rasticos
2482 4990 2808 5044 exolicamus.
2835 4989 2971 5044 omni
2997 4934 3110 5044 {tice
3131 4988 3313 5044 clarius
3350 4987 3570 5043 indicant
3598 5006 3709 5044 otiae
3747 5007 3822 5044 se-

2178 4988 2455 5059 phrasticos
2482 4990 2808 5061 explicamus,
2835 4989 2971 5044 omni
3000 4987 3110 5044 luce
3131 4988 3313 5044 clarius
3350 4987 3570 5043 indicant
3598 4987 3709 5061 quae
3747 5007 3822 5046 se-

2178 5067 2414 5133 quuntur.

2251 5163 2273 5194 ii
2306 5142 2379 5198 Ad
2447 5143 2597 5215 hanc,
2632 5165 2655 5195 ii
2737 5143 3000 5215 subjungit
3030 5187 3042 5210 ,

2175 5232 2288 5288 nam
2355 5214 2632 5288 videlicet,
2690 5232 2787 5270 non
2833 5214 2901 5270 ad
2965 5215 3106 5270 urbis
3181 5215 3562 5288 amplitudinem
3594 5260 3613 5287 ,
3672 5232 3814 5288 popu-

2174 5286 2336 5341 lorum
2391 5287 2722 5358 frequentiam
2749 5329 2761 5348 .
2817 5303 3084 5358 censorum
3131 5285 3458 5358 gravitatem
3492 5330 3507 5354 ,
3559 5285 3816 5344 senatusve

2177 5364 2380 5431 statuta;
2425 5357 2529 5413 non
2585 5358 2653 5431 ad_
2713 5357 3015 5431 fortissimos
3095 5357 3207 5431 ejus
3270 5358 3521 5431 exercitus
3560 5403 3573 5416 .
3632 5358 3816 5431 glorioo

2177 5445 2286 5502 sos,
2327 5429 2386 5484 de
2437 5437 2540 5484 toto
2569 5429 2704 5502 torbe
2761 5429 3077 5500 triumphos.
3145 5429 3341 5499 imperii
3408 5429 3607 5502 culmen
3627 5429 3655 5502 ς’
3722 5445 3817 5486 non

2177 5499 2390 5571 denique
2440 5503 2500 5556 ad
2555 5501 2808 5558 Caesarum
2866 5499 3178 5572 majestatem
3206 5542 3219 5564 ,
3308 5509 3383 5572 ut
3430 5501 3598 5572 inepta
3627 5499 3818 5572 'scele-g

2179 5579 2392 5644 rataque
2463 5573 2768 5644 impudentia
2847 5573 3202 5643 interpretatur
3282 5571 3650 5630 Smidelm’us:
3735 5571 3816 5629 sed

2182 5645 2310 5716 cad
2352 5644 2480 5700 hanc
2528 5644 2801 5716 Ecclesiam
2833 5686 2845 5709 ,
2911 5665 2932 5695 ii
3006 5644 3057 5698 in
3121 5659 3217 5714 qua
3273 5644 3403 5716 sedit
3464 5652 3636 5700 vertex
3673 5659 3817 5716 apos-

2171 5714 2382 5788 telorum
2416 5758 2430 5782 ,
2509 5714 2688 5788 egique
2761 5721 3124 5788 successerunt
3197 5735 3219 5766 ι
3261 5715 3423 5774 Linus
3451 5759 3469 5788 ,
3529 5714 3813 5788 Anacletus,

2169 5786 2400 5843 Clemens
2435 5830 2449 5854 ,
2525 5785 2783 5842 Evaristus
2812 5830 2831 5857 ,
2897 5786 3202 5853 Alexander,
3267 5806 3290 5838 ι
3383 5785 3460 5842 α’
3514 5787 3600 5842 alii
3649 5787 3816 5843 ordine

2166 5873 2385 5928 omnes;
2456 5878 2479 5909 ι
2513 5873 2724 5914 necesse
2787 5866 2914 5928 est,
2966 5879 2989 5910 ι
3019 5859 3174 5930 iquia
3234 5873 3266 5913 a
3322 5857 3458 5930 Deo
3501 5867 3605 5930 opt.
3678 5873 3810 5930 max.

3125 5162 3150 5196 ii
3193 5142 3469 5199 Ecclesiam
3507 5186 3520 5208 ,
3564 5166 3585 5197 ii
3631 5145 3815 5201 Roma-

514 5922 713 6008 l_’r_iiuo_
744 5922 894 5999 igitur
953 5922 1302 6008 prétermissis
1326 5922 1342 5928 ’
1362 5927 1516 6008 totius
1547 5996 1557 6007 θ
1586 5922 1807 5986 Orientis
1829 5931 1942 6008 ,ρι-
1967 5925 2081 6008 Ife-
2161 5922 2491 6008 constitutum
2521 5948 2534 5996 ;
2588 5945 2692 6008 non
2758 5922 2952 6008 tantum
3016 5922 3317 6008 Edropeam,
3358 5922 3664 6008 africanam,
3682 5929 3812 6008 με·

439 5998 587 6058 ridiei
618 6043 632 6071 ,
700 5993 802 6058 imo
879 5993 1100 6059 universi
1166 6001 1302 6059 orbis
1368 5996 1756 6056 clarissimarum
1828 5993 2080 6056 Ecelesia-
2162 6001 2456 6060 xandrtnam
2488 6044 2502 6068 ,

2581 6001 3051 6075 Jerosolymitanam
3087 6045 3100 6072 ,
3152 6000 3165 6002 “
3187 6000 3550 6060 Antiochenam
3579 6044 3592 6069 ,
3645 6000 3809 6060 'Con-
