4150 6402
314 297 589 416 ιεδέ⁴

300 489 561 543 statores.

379 554 437 631 Ρ.
486 553 613 631 216.
673 558 807 626 Quae
1140 560 1382 631 fuerant,

305 627 443 704 Quia
545 629 788 704 fuerunt.
848 631 898 686 ln
957 631 1079 689 Fsu.
1134 627 1294 704 marg.
1335 627 1388 690 et

305 696 567 776 Voss._ln'_
577 699 797 776 Clarorn.
809 717 967 776 qua.
981 747 1015 758 ..
1047 696 1292 776 fuerunt.

378 770 656 844 217.Ipse
725 770 901 830 dabit.
970 770 1182 833 ln'Er.
1251 777 1380 834 Gall.

303 840 438 899 Feu.
486 840 676 900 Arund.
711 852 762 900 et
791 845 948 902 Merc.
983 845 1038 902 2.
1066 846 1307 905 donavit.

379 913 512 981 Qua
548 924 628 970 est
663 932 728 970 es:
765 917 1002 987 Virgine.
1047 917 1201 976 Eros.
1243 919 1381 978 Gall.

304 983 434 1040 leo.
473 993 524 1042 et
557 986 710 1042 Merc.
731 987 788 1044 2.
821 983 1064 1045 omittunt
1090 997 1187 1046 est.

349 1055 578 1184 Ῐᾶιέειέρι
603 1059 926 1132 praeuidens.
972 1060 1032 1118 In
1067 1061 1210 1118 Voss.
1235 1078 1385 1136 ,ρίο-

304 1142 509 1185 uiuens.

378 1198 475 1256 Ea:
499 1200 723 1259 virtuts.
765 1201 924 1260 Editt.
983 1219 1101 1260 cum
1153 1207 1239 1262 Ar.
1289 1205 1383 1263 0t-

302 1269 448 1326 thob.
488 1281 540 1326 et
567 1272 722 1329 Merc.
750 1273 808 1330 2.
839 1279 892 1332 et
919 1290 991 1331 ea:
1016 1276 1242 1333 uirtute.

376 1341 503 1416 218.
566 1343 847 1416 Tanquam
900 1346 1179 1406 hominem.
1217 1347 1377 1406 Editt.

305 1429 435 1488 cum?
456 1414 610 1488 Merc.
639 1414 978 1488 ei‘tanquam
1016 1418 1306 1478 hominem.

378 1485 502 1561 219.
535 1485 600 1561 In
650 1503 713 1561 ea
751 1485 993 1561 epistola.
1031 1491 1110 1548 Ea
1155 1495 1298 1549 deest
1329 1491 1382 1549 in

305 1555 449 1614 editt.
477 1566 528 1616 et
558 1555 795 1629 pluribus
823 1576 944 1617 mss.

377 1629 425 1685 Α
467 1638 631 1687 terra.
666 1630 812 1686 Voss.
844 1631 909 1689 de
932 1638 1107 1690 terra.

378 1697 456 1757 Et
491 1716 528 1758 a
555 1701 749 1759 Paulo.
785 1703 862 1759 Et
919 1703 1061 1761 deest
1108 1706 1161 1762 in
1216 1706 1302 1764 Er.
1330 1713 1380 1764 et

305 1770 458 1837 Gall.;
495 1789 528 1827 a
557 1771 610 1828 in
637 1773 782 1830 Voss.
825 1782 875 1830 et
905 1775 1059 1834 Merc.
1089 1776 1142 1833 2.

371 1843 558 1896 Adhuc
579 1857 717 1895 cum.
749 1847 840 1903 Ar.
886 1859 1006 1897 cum
1033 1847 1232 1901 adhuc.

377 1913 502 1970 220.
543 1919 616 1969 Et
637 1919 840 1967 tamen.
869 1919 942 1968 Et
987 1918 1130 1976 deest
1191 1920 1243 1977 in
1280 1920 1372 1977 Er.

303 1984 439 2042 Gall.
474 1986 574 2044 Feu
618 1995 670 2043 et
690 1989 825 2044 Merc
873 1989 928 2046 2.

375 2055 876 2118 Recircuiaiionem.
946 2060 1079 2119 Clar.
1141 2071 1189 2118 et
1225 2061 1371 2119 Voss.

301 2130 858 2189 recircumiationem.

373 2200 593 2258 Euenit.
626 2202 779 2259 Voss.
818 2206 988 2262 venit.

373 2271 793 2346 4dimpientem.
843 2275 1011 2333 Editt.
1048 2277 1375 2346 impientsm.

375 2342 666 2420 anino...
697 2348 1084 2420 recaptivatus.
1125 2342 1178 2404 ln
1218 2349 1374 2406 Merc.

301 2414 357 2471 2.
389 2414 532 2494 deest
569 2419 800 2484 omnino,
817 2414 884 2474 'et
921 2427 1101 2482 exstat.
1152 2422 1380 2494 recapti-

297 2493 488 2544 vatur.

336 2558 456 2643 ⁸Αιι
489 2559 730 2618 inimico.
775 2560 928 2618 Merc.
961 2561 1013 2617 2.
1055 2563 1124 2620 ab
1181 2562 1378 2620 inimi-

295 2645 378 2688 618
385 2674 397 2685 .

375 2702 556 2763 Lm
579 2713 676 2760 est.
718 2703 885 2763 Editt.
921 2705 1077 2764 laesus
1095 2712 1238 2763 erat.

369 2773 492 2833 εει.
563 2775 717 2843 Quod
769 2777 867 2832 sim
927 2777 1139 2847 dignus.
1209 2777 1368 2835 nam.

295 2860 410 2927 cum
477 2847 613 2905 Merc
705 2847 757 2904 2.
862 2850 1137 2920 quoniam;
1227 2849 1370 2906 Voss.

297 2931 493 3046 (N222.
548 2991 801 3050 Factum.
833 2991 994 3048 Merc.
1054 2991 1108 3046 2.
1162 2999 1212 3047 et
1278 2991 1374 3049 Ot-

296 3059 454 3136 tho_b._
467 3077 577 3120 esse
604 3064 830 3136 factum.

366 3132 660 3208 Liberatus
728 3134 925 3208 fuerit.
1012 3133 1165 3192 Editt.
1253 3149 1370 3192 cum

291 3204 495 3278 Arund.
528 3204 808 3278 iiberat'us
843 3207 975 3278 fuit.

365 3273 490 3335 223.
515 3273 1094 3337 Nitidissimum.Merc.
1128 3278 1183 3335 2.
1209 3292 1368 3335 nstin-

291 3346 584 3405 dissimum.

362 3417 541 3493 {Vsque
565 3436 732 3493 uana.
774 3421 982 3493 Arund.
1009 3430 1178 3493 atque
1198 3435 1362 3493 uana.

362 3489 429 3548 In
446 3487 566 3550 'eis.
599 3492 668 3549 In
695 3492 838 3550 deost
865 3493 916 3549 in
950 3487 1102 3549 Eras:
1139 3487 1275 3550 Gall.
1317 3499 1369 3548 et

292 3560 445 3618 Merc.
486 3564 540 3620 2.

346 3578 445 3618 erc.
486 3578 540 3618 2.

289 3634 450 3761 “ad
511 3635 840 3694 donandum.
883 3634 1044 3694 Editt.
1101 3635 1176 3696 ad
1233 3634 1366 3692 dono

360 3776 487 3853 224.
519 3777 853 3853 Medietates.
877 3778 1092 3837 Feuard.
1126 3779 1177 3836 in
1199 3795 1363 3853 marg.

286 3857 337 3904 et
376 3848 510 3905 Clar.
542 3847 909 3909 mediationes.

355 3918 596 3993 Per/icit.
627 3921 720 3978 Er.
753 3921 885 3980 Gall.
906 3923 1101 3980 Arund.
1131 3930 1182 3981 et
1201 3923 1355 3980 Merc.

285 3991 340 4057 ²’
356 3991 620 4119 ἕξεί.ῗᾷ

395 4063 645 4122 assiones.
691 4063 780 4120 lid.
815 4080 931 4124 cum
965 4063 1182 4123 Feuard.
1227 4082 1360 4141 pas-

279 4132 509 4195 sionem.

349 4205 474 4264 227.
546 4206 701 4264 Omni
763 4207 944 4265 modo.
1020 4206 1173 4265 Editt.
1243 4225 1358 4267 cum

285 4275 441 4336 Merc.
471 4279 526 4336 2.
563 4278 795 4336 omnino.

357 4349 644 4410 Nostrum.
713 4349 867 4408 Deest
946 4351 1000 4408 in
1066 4349 1159 4410 Er.
1222 4353 1354 4412 Gall.

287 4421 477 4478 Arund.
513 4430 566 4479 et
585 4422 748 4482 Merc.
784 4423 840 4479 2.

359 4493 540 4551 Libro.
587 4494 644 4550 In
691 4492 913 4550 Er.Gsll.
963 4493 1097 4551 Clar.
1159 4496 1356 4554 Arund.

285 4573 338 4626 et
365 4566 516 4622 Merc.
551 4566 605 4622 2.
631 4563 787 4624 iiber.

359 4636 485 4766 2138’.
520 4635 906 4697 Existimavit.
935 4635 1135 4696 Arund.
1167 4639 1363 4698 existi-

359 4730 368 4766 1
474 4750 488 4764 .

281 4727 718 4854 mag/arentia.
751 4780 878 4838 Mss.
913 4779 1292 4863 differentiam.

352 4852 670 4926 fiasmatis.
728 4851 942 4909 Feuard.
991 4868 1046 4908 In
1099 4863 1257 4926 marg.
1319 4860 1370 4910 et

281 4931 334 4981 et
358 4923 515 4980 Voss.
541 4923 947 4987 plasmationis.

344 4996 701 5046 Dominatur.
758 4995 894 5054 Clar.
924 4994 1078 5054 Voss.
1118 5002 1169 5051 et
1201 4995 1356 5053 Merc.

279 5066 331 5130 2,
360 5067 696 5125 dominetur.

344 5141 643 5190 Dominum
733 5141 1002 5190 nostrum.
1096 5140 1358 5190 Nostrum

279 5201 423 5259 deast
443 5202 496 5259 in
540 5202 692 5259 Eras.
727 5210 778 5259 et
803 5201 932 5258 Gall.

347 5275 481 5325 Et...
540 5275 742 5324 autem.
819 5275 890 5324 Et
952 5270 1094 5328 deest
1139 5270 1194 5328 in
1260 5268 1354 5329 Er.

281 5343 414 5403 Gall.
449 5351 498 5400 et
527 5343 674 5411 Feu.;
705 5346 890 5395 autem
913 5343 965 5400 in
993 5343 1192 5402 Arund.

349 5417 557 5487 ifocari.
583 5415 708 5472 Feu.
755 5415 810 5473 in
877 5430 1035 5487 marg.
1079 5413 1214 5472 Clar.
1262 5413 1356 5472 Ar.

277 5494 329 5545 et
355 5486 508 5544 Voss.
553 5501 765 5539 uocare.

349 5559 477 5617 229.
529 5558 763 5611 Auribus
777 5559 1012 5622 percipe.
1110 5555 1168 5613 In
1221 5555 1357 5615 Clar.

263 5633 540 5695 pereipite

347 5705 552 5753 Sunt...
586 5704 816 5766 quiest.
882 5700 1039 5759 Prius
1114 5699 1256 5756 deest
1309 5700 1362 5757 in

397 5773 532 5853 Gall.
593 5774 788 5853 Arund.
829 5779 881 5853 et
926 5772 1082 5830 Merc.

279 5845 439 5903 terius
497 5847 549 5902 in
619 5843 770 5903 Voss.
819 5851 1092 5916 utrumque
1148 5843 1201 5899 in
1240 5843 1361 5900 Clo-

274 5930 411 5974 rom.

1623 324 1881 437 VARI/i9
1927 374 2370 444 LECTIONES.

1539 501 1595 557 Ρ.
1659 505 1774 566 229,
1836 509 1999 562 Verba
2028 510 2159 559 sint.
2194 511 2250 570 lu
2315 515 2446 572 Clar.
2496 521 2545 568 et

1468 568 1613 629 Voss.
1667 587 1813 634 sunt.

1537 648 1882 706 Sermonibus
1934 654 2159 706 credetis
2219 656 2277 713 lu
2342 656 2426 713 Er.
2495 666 2547 714 et

1467 712 1598 773 Gall.
1631 724 1876 784 creditis,

1626 795 1813 876 illogsi.
1865 798 2140 876 farticpls
2168 810 2222 876 si
2250 801 2440 858 omissa
2493 801 2544 857 in

1465 867 1827 925 posterioribus
1865 870 2084 928 Feuard.
2125 870 2267 930 editt.

1527 933 1600 982 Et
1640 941 1877 991 credunt
1937 944 2121 997 multi.
2156 942 2315 1000 Editt.
2346 941 2472 998 Feu.
2497 949 2549 998 et

1465 997 1630 1062 Oxon.
1663 1010 1897 1062 credunt
1917 1016 1972 1063 et
1991 997 2295 1070 multi—Sed
2318 1014 2370 1069 in
2399 997 2540 1070 Eras.

1467 1070 1598 1131 Gall.
1675 1081 1873 1140 Arund.
1951 1093 2001 1142 et
2076 1086 2231 1143 Merc.
2311 1084 2361 1140 2.
2454 1087 2543 1141 de-

1468 1153 1544 1200 est
1576 1152 1648 1208 et.

1530 1220 1601 1269 Et
1644 1226 2067 1279 circumcisione.
2105 1228 2259 1286 Eras.
2310 1228 2441 1287 Gall.
2496 1237 2546 1285 et

1465 1283 1591 1347 Feu.
1665 1310 1778 1351 cum
1879 1297 2022 1356 Voss.
2106 1283 2438 1358 Bimae“
2482 1283 2537 1358 2.

1463 1371 1499 1408 a
1537 1365 1957 1419 circumcisione.

1538 1432 1639 1487 Qui
1686 1433 1737 1480 et
1778 1432 2042 1484 emebant.
2085 1434 2280 1494 Amud,
2341 1435 2396 1484 et
2447 1437 2540 1498 qui

1461 1500 1712 1553 emebant

1533 1563 1659 1621 230.
1681 1569 2131 1619 Accucurrerunt.
2160 1567 2323 1626 Editt.
2350 1581 2541 1621 accur-

1462 1639 1676 1688 rerunt.

1532 1699 1636 1750 Sed
1659 1703 1714 1751 et
1748 1700 2180 1753 adhortabatur.
2242 1701 2334 1760 Er.
2405 1704 2537 1764 Gall.

1460 1787 1576 1828 cum
1635 1771 1789 1829 Voss.
1849 1781 1898 1830 et
1957 1773 2110 1832 Merc.
2170 1774 2226 1831 2.
2302 1776 2541 1834 omittunt

1460 1847 1655 1971 cL233.
1703 1918 1984 1967 Prateriit
2025 1915 2176 1972 Editt.
2264 1922 2536 1980 praeterit.

1530 1987 1654 2042 2154.
1713 1989 1842 2038 Sine
1886 1989 2072 2037 Patris
2095 1988 2446 2052 beneptacito.
2483 1993 2538 2048 In

1460 2057 1604 2113 editt.
1658 2065 1710 2116 et
1761 2059 1908 2117 codd.
1947 2061 2136 2116 Arund.
2194 2070 2246 2117 et
2295 2061 2449 2120 Merc.
2482 2065 2535 2120 2.

1459 2131 1569 2251 gift
1604 2146 1692 2202 pro
1718 2135 1879 2188 sine;
1916 2131 1968 2186 in
1998 2130 2194 2190 Arund.
2230 2133 2370 2190 bona
2421 2135 2541 2198 pla-

1536 2215 1588 2248 0.

1536 2215 1588 2248 0.

1520 2272 2189 2339 Indeterminabiteinjlid.
2215 2277 2543 2330 intermina-

1461 2342 1636 2394 bilem.

1523 2416 2088 2480 CognominatisLIid.
2130 2421 2461 2480 cognomine.

1531 2479 1864 2538 Incognitus.
1946 2478 2037 2538 Er.
2115 2478 2249 2537 Gall.
2311 2481 2433 2539 Pen.
2492 2491 2542 2541 et

1461 2548 1616 2607 Merc.
1647 2547 1700 2604 2.
1736 2550 1971 2610 ἕρποι-ω.

1526 2622 1735 2671 Potest.
1768 2620 1860 2670 lid.
1886 2623 2078 2683 possit.

1530 2691 1644 2742 Sibi
1672 2690 1961 2767 elegerunt.
1995 2692 2056 2767 _ln
2093 2691 2228 2767 _l_'eu.
2285 2709 2453 2767 marg.
2489 2706 2540 2755 et

1460 2762 1610 2884 Vgss.
1643 2761 1933 2830 elegerunt;
1991 2764 2044 2820 in
2091 2764 2245 2822 Merc.
2295 2766 2348 2821 2.
2395 2761 2539 2828 deest

1460 2847 1483 2883 S
1565 2871 1574 2882 .

1456 2847 1574 2883 8101.

1517 2909 1726 2956 Omnes.
1773 2909 1878 2957 Eos
1930 2905 2129 2963 additur
2191 2906 2244 2963 in
2293 2908 2436 2967 editt.
2485 2922 2535 2970 et

1453 2975 1608 3034 Merc.
1648 2977 1709 3032 2.
1746 2976 1798 3033 in
1829 2978 1908 3034 his
1946 2993 2086 3042 vero.
2130 2986 2184 3035 ut
2221 2979 2346 3035 etin
2377 2982 2526 3040 Eras.

1453 3057 1503 3104 et
1527 3048 1662 3106 Gsll.
1694 3048 1834 3105 deest
1862 3060 2063 3100 omnes.

1518 3123 1887 3171 Generauerit.
1951 3120 2007 3176 In
2059 3119 2145 3176 Er.
2206 3122 2338 3179 Gall.
2399 3125 2524 3185 Feu.

1450 3188 1603 3247 Voss.
1640 3205 1691 3246 et
1717 3191 1878 3255 Merc.
1919 3192 1972 3248 2.
2017 3195 2316 3253 generavit.

1677 3264 1781 3314 Hic
1812 3266 1890 3313 est
1919 3265 2120 3339 autem.
2145 3263 2202 3320 In
2229 3267 2526 3339 quibusdam

1449 3331 1624 3389 edditt.
1658 3340 1705 3388 et
1732 3349 1859 3392 mss.
1897 3337 2060 3386 enim.

1519 3405 1730 3456 Reuetat
1761 3409 1965 3457 autem.
1999 3408 2148 3466 Editt.
2198 3424 2314 3466 cum
2343 3411 2435 3469 Ar.
2477 3419 2529 3469 et

1448 3477 1600 3533 Merc.
1639 3480 1801 3528 enim.

1517 3547 1858 3626 236.__1_“itios
1888 3553 1952 3602 ei.
1988 3552 2114 3609 Feu.
2165 3552 2217 3608 in
2258 3568 2417 3626 marg.
2478 3562 2528 3612 et

1447 3619 1602 3677 Voss,
1623 3619 1776 3683 ﬁlios
1799 3623 1932 3684 ejus.
2321 3673 2324 3676 .

1511 3692 1806 3743 Occidente.
1837 3695 1932 3744 Er-
1966 3694 2097 3753 Gall.
2130 3695 2255 3752 Feu.
2289 3703 2340 3752 et
2365 3696 2520 3755 Merc.

1445 3761 1499 3818 2.
1531 3761 1600 3813 ab
1625 3763 1916 3816 occidente.

1507 3835 1814 3885 Continere.
1841 3840 1909 3886 Se
1947 3837 2170 3894 additum
2205 3837 2259 3895 in
2294 3841 2440 3897 editt.
2474 3845 2525 3895 et

1442 3903 1649 3978 Anglic.
1681 3921 1782 3964 om.

1507 3976 1719 4027 Escam.
1757 3976 1916 4043 Editt.
1954 3991 2114 4031 escas.

1511 4045 1640 4104 237.
1715 4049 2066 4113 Eﬁugabitis.
2123 4050 2256 4109 Clsr.
2326 4055 2414 4109 Ar.
2473 4059 2524 4109 et

1441 4118 1596 4176 Merc.
1637 4118 1690 4175 2.
1721 4120 2018 4184 fugabitis.

1511 4188 1817 4242 Collocutus
1837 4197 1936 4244 est.
1972 4195 2123 4252 Eras.
2155 4195 2283 4252 Gall.
2318 4202 2369 4251 et
2388 4194 2517 4253 Feu.

1440 4262 1654 4313 locutus
1672 4264 1768 4313 est.

1511 4335 1645 4393 238.
1689 4340 2041 4404 Percipimus.
2073 4341 2190 4398 Vet.
2235 4340 2364 4399 Feu.
2407 4342 2516 4400 cod.

1442 4411 1578 4473 Clar.
1611 4421 1664 4472 et
1693 4411 1846 4470 Voss.
1883 4408 2230 4476 Percipient“.

1510 4487 1887 4550 Etfactorem.
1923 4481 2126 4542 Desunt
2171 4484 2224 4540 in
2266 4483 2348 4542 Er.
2383 4485 2517 4544 Gall.

1443 4565 1495 4616 et
1523 4560 1677 4616 Merc.
1709 4560 1764 4616 2.

1512 4633 1686 4682 Una...
1720 4628 1888 4680 satus.
1917 4626 2256 4684 Estfadditur
2283 4626 2339 4684 In
2376 4627 2521 4686 sditt.

1459 4709 1512 4760 et
1550 4703 1641 4761 Ar.
1671 4718 1730 4758 ac
1762 4702 1916 4758 Merc.
1951 4698 2006 4756 2.

1520 4787 1744 4838 Ducunt
1819 4783 2106 4835 hominem.
2189 4782 2286 4832 iid.
2353 4782 2526 4834 adduo

1453 4851 1772 4964 “Sig-unda.
1810 4913 1970 4962 Merc.
1993 4907 2042 4958 2.
2067 4907 2348 4960 secundus.

1515 4986 1664 5038 Unde
1685 4986 1944 5058 objectus.
1981 4982 2136 5042 Editt.
2168 5000 2283 5042 cum
2321 4984 2524 5058 Anglic.

1439 5059 1586 5110 unde
1606 5061 1658 5109 et
1681 5057 1936 5120 abjectus.

1503 5136 1708 5185 Deus...
1743 5133 1912 5183 dixit.
1956 5131 2041 5188 Er.
2092 5131 2221 5188 Gall.
2263 5147 2380 5188 cum
2437 5133 2522 5188 Ar.

1441 5212 1491 5262 et
1523 5204 1684 5264 Merc.
1725 5203 1778 5261 2,
1815 5205 2142 5254 Dominus...
2165 5203 2335 5252 dixit.

1504 5279 1748 5328 Patrem.
1859 5277 2031 5325 Tuum
2137 5273 2362 5330 additum
2471 5273 2525 5330 il

1441 5348 1640 5408 Arund.

1505 5433 1578 5483 Et
1607 5434 1829 5482 iterum.
1857 5430 2102 5482 Secundo
2183 5427 2409 5484 additum
2471 5429 2524 5485 in

1445 5503 1593 5574 editi.
1624 5512 1676 5560 et
1695 5501 1897 5574 Anglic.

1513 5573 1641 5633 239.
1684 5569 2155 5626 Prénuntiantes.
2229 5569 2383 5628 Voss.
2434 5583 2525 5648 Ire-

1443 5648 1788 5698 nuntiantes.

1507 5708 1868 5760 Crederitis...
1905 5705 2254 5757 credcritis...
2322 5707 2378 5762 ιιι
2435 5705 2525 5761 Ar.

1441 5854 1492 5904 2.
1527 5851 1929 5910 credideritis...
1954 5849 2202 5901 credetis.

1506 5915 1579 5967 Et
1615 5915 1863 5965 inviam.
1891 5915 1964 5963 Et
2018 5913 2162 5970 deest
2243 5913 2297 5968 in
2374 5910 2526 5970 Voss.

3533 399 3692 464 1870

2700 514 2763 572 Ρ.
2799 517 2923 576 239.
2970 526 3090 586 Ipsa
3122 530 3395 591 temporis.
3431 534 3486 589 In
3531 534 3707 591 eodem

2627 583 2933 674 dees’t’ipsa.
2961 583 3248 674 ettegnpus
3275 583 3484 674 legitur:

2627 725 2665 782 2
2696 657 2819 711 Ulla
2848 664 2982 716 alia.
3009 657 3167 720 Nulla
3207 671 3258 728 in
3292 657 3500 732 A'if'e't
3547 679 3703 736 Merc.

2669 770 2931 866 .Vespere.
2999 810 3132 869 Clar,
3182 827 3436 877 vespera;
3479 819 3604 879 Feu.
3655 823 3706 878 in

2627 884 2789 992 mearg.
2849 889 2886 925 a
2945 893 3194 946 vespera;
3264 886 3410 944 Voss.
3495 907 3532 949 α
3599 906 3707 943 ves-

2627 954 2662 992 υ
2699 957 2770 992 re.

2618 954 2770 1004 pere.

2685 1008 2951 1063 Quoniam
2997 1020 3199 1074 autem,
3294 1022 3344 1078 lu

2627 1082 2887 1140 quoniam
2929 1091 3076 1139 ante.

2698 1139 2820 1218 Ξιρ.
2854 1147 3160 1212 Aliquando
3198 1155 3544 1211 exhortante.
3611 1160 3703 1218 Ed.

2626 1227 2740 1296 cum
2770 1215 2920 1296 Voss.
2978 1228 3031 1296 et
3069 1223 3222 1281 Merc.
3285 1228 3337 1284 2.
3404 1215 3710 1296 aliquando

3426 1025 3578 1083 Merc.
3658 1031 3706 1084 1.

2623 1295 2753 1334 vero
2793 1287 3137 1345 exhortante.

2685 1350 2993 1424 scriptura.
3104 1359 3260 1416 Editt.
3367 1381 3480 1422 cum
3550 1365 3704 1424 Voss.

2622 1418 2678 1466 et
2698 1422 3013 1484 Scriptura.

2691 1488 2866 1558 super
2893 1489 3086 1540 multa.
3138 1492 3228 1550 Er.
3287 1495 3419 1554 Gall.
3486 1498 3606 1556 Feu.
3658 1497 3720 1558 et'

2618 1557 2775 1617 Merc.
2819 1557 2870 1613 2.
2916 1572 3085 1623 supra
3124 1566 3321 1623 multa.

2683 1632 3058 1702 Annuntiotus
3079 1636 3332 1694 sit.Editt.
3372 1656 3486 1696 cum
3529 1645 3621 1702 Ar.
3655 1651 3707 1701 et

2624 1699 2779 1757 Merc.
2812 1699 2866 1756 2.
2899 1709 3276 1759 annuntiatus
3294 1715 3392 1762 est.

2699 1773 2820 1829 tit.
2864 1775 3042 1826 Data.
3097 1778 3254 1835 Edin.
3289 1795 3411 1845 qua
3439 1785 3576 1837 data
3599 1791 3698 1844 est.

2687 1845 2797 1923 Per
2822 1850 3362 1923 gravaricationem.
3385 1855 3536 1914 Voss.
3555 1872 3701 1923 prir—

2622 1915 2990 1966 oaricatione.

2684 1985 2758 2035 Et
2790 1987 3118 2060 praedictam
3186 1993 3581 2060 pharisaicam.
3623 1999 3703 2056 E-

2621 2055 2732 2111 ditt.
2764 2072 2882 2112 cum
2906 2057 3054 2116 Voss,
3085 2065 3435 2129 praedictam,
3467 2074 3521 2120 et
3560 2055 3702 2122 ἰοὴὶ-

2623 2129 2900 2179 risaicam.
3045 2146 3055 2155 '

2691 2191 2898 2263 Erga...
2952 2195 3264 2256 erga.Editt.
3343 2218 3456 2258 cum
3511 2208 3605 2263 Ar.
3655 2217 3706 2262 et

2624 2257 2777 2317 Herc.
2815 2262 2866 2318 2.
2893 2267 3101 2316 circa...
3127 2272 3292 2322 circa.

2685 2333 2884 2384 Simete
2911 2336 3008 2386 illi.
3050 2337 3268 2398 Clarom.
3302 2344 3481 2394 simile
3512 2347 3670 2399 illud.

2688 2407 2808 2454 Ase
2833 2404 3182 2461 docebantur.
3261 2414 3318 2472 In
3426 2417 3556 2474 Clar.
3653 2425 3706 2476 et

2624 2473 2771 2533 Voss.
2804 2476 3164 2563 ducebantur.
3196 2483 3294 2541 Sed
3322 2486 3374 2543 in
3409 2473 3553 2545 mss;
3597 2473 3704 2548 ml

2622 2560 2784 2616 quens
2811 2560 3138 2610 commutatio
3168 2569 3201 2612 0
3229 2566 3281 2612 et
3304 2575 3355 2612 u.

2681 2618 2955 2705 ftisaias
2985 2626 3085 2674 ait.
3151 2625 3306 2685 Editt.
3347 2647 3460 2687 cum
3490 2633 3696 2705 Anglic.

2618 2688 2707 2738 ait
2731 2689 2926 2748 Isaias.

3558 2775 3699 2835 σιω.

2691 2758 2818 2815 242.
2873 2766 3152 2841 Tanquam
3206 2774 3451 2834 teipsum.

2615 2839 2761 2889 sicut
2784 2839 3030 2903 teipsum.

2679 2911 2754 2961 Et
2783 2911 2942 2974 forte
2977 2925 3106 2963 non.
3161 2913 3293 2972 Clar.
3344 2921 3397 2966 et
3437 2920 3602 2980 forte
3649 2925 3698 2971 si

2614 2994 2746 3030 ηοη.

2683 3052 2918 3104 Vende...
2963 3067 3198 3118 sequere.

2611 3129 2664 3179 et
2700 3123 2852 3182 Merc.

3052 3067 3198 3136 uere.
3268 3057 3419 3136 Editt.
3449 3076 3566 3119 cum
3595 3068 3688 3122 Ar.

2887 3133 3206 3195 praemittunt
3240 3135 3312 3186 et.

2680 3191 3046 3270 Sequebantur
3073 3215 3205 3255 eum.
3241 3198 3296 3256 In
3343 3201 3485 3259 Voss.
3545 3205 3692 3264 deest

2607 3282 2746 3324 eum.

2680 3339 2851 3395 Facit.
2884 3338 3036 3402 Editt.
3069 3340 3206 3398 facit.

2679 3410 2932 3489 {inferre
2997 3411 3148 3470 Editt.
3191 3420 3242 3469 ct
3297 3430 3419 3472 mss.
3460 3417 3685 3489 quidam,

2610 3499 2821 3540 aurerre
2830 3527 2838 3536 .

2717 3553 2806 3630 με.
2839 3553 3407 3630 Ipn._Eras._et_Gall.
3447 3559 3574 3630 ipse.

2679 3623 2930 3699 Exquirit
2958 3626 3116 3699 Deus.
3159 3628 3214 3699 In
3245 3628 3332 3683 Er.
3357 3623 3488 3686 Gall.
3516 3631 3608 3688 Ar.

2609 3701 2661 3752 et
2681 3695 2840 3755 Merc.
2879 3696 2942 3754 2.
2987 3697 3130 3754 deest
3171 3698 3323 3758 Deus.

2677 3766 2742 3840 In
2777 3773 3052 3840 quantum.
3084 3767 3176 3826 lid.
3202 3772 3438 3828 omittunt
3476 3774 3551 3828 in.

2678 3837 2806 3894 2M.
2877 3838 3221 3898 Permanere.
3287 3841 3369 3898 Er.
3444 3843 3575 3901 Gall.
3636 3854 3685 3901 et

2608 3909 2761 3967 Merc.
2797 3911 2820 3964 1
2837 3954 2848 3966 .
2882 3926 3108 3969 manere.

2672 3981 2789 4038 Hoc
2851 3981 3039 4039 ideo...
3105 3985 3160 4039 ln
3213 3984 3354 4042 editt.
3401 3987 3592 4045 Arund.
3633 3997 3682 4044 et

2605 4051 2760 4109 Merc.
2791 4051 2844 4109 2.
2891 4053 3021 4111 haec.
3471 4067 3476 4072 '

2616 4121 2822 4252 “gini!
2855 4125 3349 4198 congregabantur.
3389 4131 3444 4186 ln
3480 4131 3680 4199 iisdem,

2616 4213 2626 4250 1
2727 4235 2744 4252 ο

2604 4213 2722 4252 stuc
2727 4235 2744 4252 ο

2675 4265 2851 4324 Juteta
2888 4275 3088 4340 typum.
3125 4269 3260 4327 Clar.
3288 4271 3574 4329 secundum
3598 4281 3684 4347 ty-

2597 4353 2754 4412 pue-

2603 4407 2750 4529 ἐΕε
2809 4426 3015 4468 rursus.
3077 4412 3228 4468 Editt.
3294 4431 3516 4474 rursum
3571 4416 3683 4473 sine

2603 4496 2631 4537 e
2664 4523 2678 4537 .

2664 4523 3023 4611 Saeuior-um.
3062 4555 3207 4614 Voss.
3245 4557 3444 4614 secuti.

2679 4625 2889 4697 Itaque.
2923 4623 3187 4706 Itaguod
3215 4627 3265 4684 in
3309 4629 3430 4684 Feu.
3466 4639 3684 4704 marg.et

2606 4697 2862 4846 Yoif‘i‘abet.
2923 4767 3075 4826 Editt.
3144 4781 3194 4826 et
3254 4788 3375 4828 mss.
3456 4774 3678 4846 quidam.

2609 4839 2822 4898 habeat.

2681 4911 3136 4996 concupiscent“.
3170 4913 3254 4971 Er.
3303 4915 3438 4975 Gall.
3468 4926 3518 4974 et
3544 4917 3676 4975 Fea.

2608 4987 2902 5054 cupientes.

2612 5133 2624 5138 _
2679 5055 2807 5137 2i5.
2838 5055 3044 5138 non
3071 5056 3260 5115 solum.
3320 5061 3512 5116 Autem
3539 5059 3684 5117 addi-

2609 5133 2693 5183 tur
2723 5127 2778 5182 in
2805 5127 2949 5182 editi.

2677 5195 2801 5254 Ηωο
2827 5205 3020 5256 autem.
3054 5197 3206 5254 Editt.
3250 5201 3366 5257 Hoc
3398 5206 3600 5258 autem.

2684 5267 2973 5353 Tanquam.
2984 5270 3431 5329 misericordiam.
3457 5273 3680 5331 Clarom.

2605 5355 2758 5415 quasi
2785 5355 3018 5397 miseric.

2618 5483 2642 5493 _
2752 5411 2912 5484 foris.
2972 5410 3123 5468 Editt.
3165 5428 3282 5470 cum
3310 5414 3404 5473 Ar.
3439 5423 3490 5472 et
3525 5417 3681 5475 Merc.

2603 5483 2804 5625 r0229:
2835 5551 2948 5625 Ego
2979 5553 3264 5613 Dominus.
3299 5555 3450 5617 Eros.
3483 5557 3619 5618 Gall.
3637 5566 3688 5616 et

2605 5625 2730 5682 Feu.
2753 5622 2868 5696 Ego
2888 5622 3010 5683 sum
3046 5625 3320 5685 Dominus.

2678 5696 2891 5754 Scilicet
2945 5699 3260 5756 consecrati.
3321 5700 3406 5756 Er.
3451 5700 3585 5760 Gall.
3636 5707 3688 5757 et

1273 5787 1362 5828 os-
1445 5779 1845 5834 credideritis...
1888 5777 2250 5829 credideritis.
2280 5776 2341 5834 In
2369 5777 2523 5834 Merc.
2608 5767 2735 5825 Feu.
2775 5767 2978 5825 scilicet
3005 5774 3057 5827 et
3094 5772 3412 5828 consecrati.

2683 5840 3070 5898 Conseruntur.
3121 5841 3243 5898 Fen.
3304 5843 3357 5900 in
3413 5857 3580 5915 msrg.
3637 5850 3689 5900 et

2610 5909 2758 5970 Voss.
2798 5920 3150 5970 conservatus.
