3856 6256
481 108 966 192 NON-CIRCU
979 102 1299 182 LATlNG

1508 720 2427 853 ELENCHUS

597 1157 1101 1243 OPERUM
1160 1156 1433 1269 QU/E
1496 1157 1620 1240 IN
1672 1153 1919 1238 HOC
1981 1153 2322 1245 ΤΟΜΟ
2388 1153 3272 1242 CONTINENTUB.

1910 1534 1990 1541 .__.

1630 1567 1635 1571 '
1893 1535 1990 1574 ί-.-

2468 1549 2735 1567 -α-Ὗυ-ηδ

462 1855 649 1917 Liber
682 1856 759 1918 de
780 1855 1047 1933 Opiﬁcio
1078 1855 1213 1919 Dei.
3020 1932 3025 1937 Α
3076 1860 3200 1920 col.
3406 1860 3444 1919 9

472 1958 664 2019 Liber
693 1958 770 2019 de
800 1959 902 2018 Ira
932 1957 1067 2018 Dei.
3365 1961 3445 2019 77

467 2060 844 2123 Dissertatio
870 2060 948 2124 N.
979 2060 1038 2122 le
1064 2060 1318 2139 Nourry
1350 2058 1413 2119 in
1446 2058 1679 2120 librum
1709 2058 1786 2121 de
1814 2058 1917 2120 Ira
1945 2057 2084 2118 Dei.
3330 2060 3447 2125 11ι7

469 2161 845 2241 Disquisitio
874 2161 1113 2223 Nicolai
1146 2160 1223 2222 de
1254 2162 1521 2239 Lestocq
1559 2162 1622 2222 in
1656 2161 1891 2223 librum
1922 2160 1999 2220 de
2028 2155 2342 2220 Mortibus
2381 2161 2883 2236 persecuturum.
3335 2161 3451 2224 157

481 2265 819 2343 Appendix
853 2264 928 2344 de
954 2265 1206 2327 duobus
1232 2264 1392 2326 locis
1427 2264 1564 2326 cod.
1594 2281 1711 2324 ms.
1748 2262 1943 2341 hujus
1970 2260 2138 2323 libri.
3334 2263 3446 2323 171

468 2361 847 2425 Dissertatio
891 2362 1154 2424 Henriei
1185 2362 1489 2425 Dodwelli
1517 2362 1595 2423 de
1624 2361 1790 2442 Ripa
1812 2359 2049 2439 Striga.
3331 2360 3449 2421 175

466 2463 659 2525 Liber
690 2462 767 2524 de
800 2463 1117 2524 Mortibus
1147 2467 1655 2542 persecuturum.
3331 2462 3450 2523 190

476 2560 792 2622 Lactantii
840 2560 1217 2640 fragmenta.
3323 2561 3446 2621 275

474 2662 707 2724 Incerti
744 2664 1026 2725 auctoris
1064 2665 1348 2725 Puosmx
1378 2663 1710 2726 Lactantio
1747 2662 2043 2724 tributus.
3275 2664 3444 2727 Ibid.

474 2763 705 2825 Incerti
738 2765 1016 2825 auctoris
1048 2781 1304 2825 carmen
1330 2764 1406 2825 de
1440 2763 1744 2825 Passione
1772 2764 2052 2829 Domini.
3333 2768 3454 2830 283

478 2864 752 2927 Carmen
786 2863 864 2927 de
896 2865 1165 2927 Pascha.
3330 2868 3451 2933 285

478 2966 711 3029 Caecilii
743 2966 1093 3047 sympbosii
1124 2966 1445 3046 JEnigma.
3333 2970 3455 3031 289

479 3066 780 3146 Stephani
809 3068 1050 3130 Balusii
1089 3075 1254 3130 nota:
1290 3069 1350 3128 in
1382 3069 1616 3129 librum
1645 3068 1721 3129 de
1751 3069 2063 3130 Mortibus
2103 3075 2600 3149 persecuturum.
3332 3076 3452 3137 297

481 3167 782 3247 Ejusdem
818 3168 883 3229 in
928 3170 1055 3230 duo
1084 3168 1227 3231 loca
1255 3166 1537 3247 ejusdem
1574 3168 1716 3228 libri
1746 3167 1887 3230 dua:
1911 3170 2213 3248 epistolas.
3333 3176 3451 3237 379

482 3267 647 3329 Petri
684 3267 885 3328 Diazii
913 3267 1227 3329 sententia
1255 3266 1331 3328 de
1358 3264 1805 3347 quodamgloco
1837 3267 2147 3331 Lactantii
2178 3279 2497 3352 corrupto.
3278 3275 3447 3338 Ibid.

482 3366 771 3445 Epistula
811 3367 1056 3428 Baluzii
1087 3366 1164 3427 ad
1194 3366 1510 3429 Diazium.
3327 3375 3448 3439 380

478 3466 782 3546 Ejusdem
806 3468 991 3547 epist.
1022 3466 1102 3529 ad
1134 3468 1480 3533 Henrieum
1506 3467 1584 3530 de
1610 3469 1819 3531 Noris.
3332 3476 3448 3538 381

474 3568 760 3648 Epistula
786 3568 1051 3631 Joannis
1082 3567 1373 3637 Columbi
1405 3569 1481 3631 ad
1511 3569 1874 3631 Gisbertum
1908 3571 2251 3649 Cuperum.
3331 3577 3453 3640 385

480 3668 728 3729 Lectori
766 3668 1101 3729 benevolo.
3327 3678 3448 3740 387

480 3773 571 3835 De
614 3773 780 3834 libro
831 3774 954 3836 hoc
991 3773 1230 3854 judicia
1275 3779 1335 3836 et
1386 3775 1748 3836 testimonia
1784 3775 2052 3853 aliquot.
3331 3781 3453 3843 388

475 3878 742 3938 Joannis
773 3877 1063 3938 Columbi
1096 3882 1261 3939 notae
1290 3878 1353 3938 in
1383 3879 1618 3939 librum
1676 3877 1752 3939 de
1795 3878 2110 3941 Mortibus
2165 3882 2671 3957 persecuturum.
3331 3882 3453 3943 389

481 3978 722 4038 Nicolai
751 3977 1050 4038 Tuinardi
1088 3978 1398 4038 monitum
1428 3976 1672 4037 lectori.
3331 3977 3452 4042 535

478 4078 655 4138 Notae
680 4077 981 4138 Toinardi
1028 4078 1089 4138 in
1118 4077 1351 4137 librum
1386 4076 1461 4137 de
1496 4075 1808 4139 Mortibus
1847 4085 2351 4156 persecuturum.
3276 4078 3446 4145 Ibid.

479 4178 753 4239 Gisbcrti
789 4178 1019 4257 Cuperi
1057 4183 1240 4240 notae.
3332 4179 3452 4241 563

407 4346 411 4350 _
487 4281 666 4341 Pauli
699 4279 931 4342 Baudri
968 4284 1132 4342 nota:
1162 4282 1223 4339 in
1257 4281 1489 4343 librum
1522 4280 1597 4341 de
1627 4280 1939 4341 Mortibus
1971 4286 2475 4357 persecuturum.
3331 4283 3452 4344 587

481 4382 863 4445 Dissertatio
895 4384 969 4443 N.
1002 4383 1057 4443 le
1084 4383 1334 4463 Nourry
1360 4384 1423 4443 in
1456 4384 1684 4444 librum
1712 4382 1786 4443 de
1817 4382 2131 4443 Mortibus
2166 4390 2668 4462 persecuturum.
3320 4387 3440 4448 839

482 4484 779 4565 Ejusdem
811 4486 1290 4565 disquisitiones
1321 4485 1693 4567 dogmaticte
1723 4486 1784 4545 in
1814 4484 2239 4548 Lactantium.
2381 4561 2387 4566 ,
3291 4488 3436 4556 1011
