3912 6256
382 297 453 357 27.
1423 288 1609 344 FIRM.
1650 283 2012 343 LACTANTII
2049 280 2141 341 DE
2178 280 2469 340 OPlFlCIO
2508 281 2646 339 DEI.
3619 284 3719 345 28

375 409 761 466 immanissima
809 409 985 465 bellua
1032 406 1348 464 mirabiliter
1387 404 1633 461 eﬁ'ectum
1680 412 1783 458 est.
1836 403 1975 457 Deus
2000 403 2055 464 Α
2079 399 2433 457 Providentiae
2471 397 2651 455 inesse
2692 397 2976 463 rationem,
3005 410 3126 469 qua:
3155 396 3176 471 (
3202 396 3442 454 malum!
3474 396 3494 471 )
3527 399 3717 454 vani-

306 520 349 554 ν
377 503 544 570 enim,
575 480 664 574 qui
697 500 1085 573 providentiam
1125 508 1179 555 et
1226 504 1547 569 potestatem
1593 492 1978 582 suam’multa-
2081 501 2161 547 tas
2190 500 2307 547 erat
2346 491 2526 547 dicere
2567 489 2733 546 fuisse
2772 489 3022 546 animalia
3054 488 3377 563 prodigiosa,
3408 490 3462 547 in
3489 493 3717 565 quibus

375 612 496 652 rnm
542 611 724 654 rerum
771 593 1003 651 mirabili
1033 593 1291 648 varietate
1318 591 1485 646 voluit
1506 586 1811 651 ostendere,
1843 602 1976 658 quo.

375 690 519 747 niam
549 700 709 761 caput
735 689 849 760 eius
875 688 1120 742 animalis
1149 702 1256 741 non
1302 694 1407 740 tam
1454 683 1610 754 longe
1638 687 1972 753 porrexerat,

326 841 333 850 ,
375 792 436 838 ιιι
467 791 663 837 terram
693 789 878 852 posset
905 795 1000 835 ore
1042 780 1371 849 contingere,
1399 774 1541 845 quod
1589 783 1705 827 erat
1740 772 1976 827 futurum

376 873 637 930 horribile
663 884 823 944 atque
851 880 1069 938 tetrum,
1099 881 1152 926 et
1175 870 1296 940 quia
1315 883 1375 922 os
1403 867 1573 937 ipsum
1596 865 1822 934 profusis
1843 864 1978 919 den-

376 967 520 1023 tibus
549 967 629 1021 sic
656 971 976 1030 armaverat,
1007 971 1064 1015 ut
1103 960 1313 1015 etiamsi
1335 958 1688 1028 contingeret,
1725 954 1976 1025 pascendi

378 1069 561 1116 tamen
612 1058 920 1113 lacultatem
960 1056 1149 1109 dentes
1191 1052 1521 1114 adimerent;
1556 1048 1805 1119 produxit
1840 1048 1978 1102 inter

376 1167 471 1208 eos
500 1166 531 1205 a
559 1164 766 1205 summa
794 1147 969 1204 fronte
999 1145 1159 1201 molle
1178 1159 1241 1199 ac
1268 1141 1502 1198 ﬂexibile
1525 1141 1844 1204 membrum,
1872 1154 1978 1209 quo

376 1250 666 1323 prendere,
693 1263 800 1320 quo
829 1257 1013 1304 tenere
1057 1244 1330 1314 quodlibet
1370 1248 1572 1313 posset,
1603 1255 1671 1294 ne
1715 1238 1976 1293 rationem

376 1341 549 1398 victus
574 1340 841 1411 capiendi,
872 1340 955 1395 vel
998 1339 1236 1395 dentium
1282 1334 1591 1408 prominens
1650 1329 1975 1403 magnitudo,

376 1434 461 1493 vel
488 1434 715 1491 cervicis
737 1433 972 1489 brevitas
991 1430 1292 1503 impediret.

1008 1544 1238 1603 CAPUT
1276 1543 1367 1600 VI.

477 1666 557 1722 De
579 1663 794 1737 Epicuri
821 1678 1020 1735 errore;
1049 1670 1093 1717 et
1120 1660 1183 1715 de
1207 1659 1442 1714 membris
1462 1674 1733 1731 eorumque
1763 1674 1880 1713 usu.

2079 583 2334 640 nascendi
2370 584 2507 639 ratio
2530 582 2805 639 cessaret?

2081 715 2086 721 .
2151 677 2411 745 Quoniam
2455 676 2616 747 igitur
2656 674 2836 730 omnia
2882 689 3002 746 quae
3049 673 3294 731 videmus
3321 690 3442 731 cum
3474 676 3717 734 ratione

2080 780 2202 825 nata
2234 779 2376 835 sunt,
2408 770 2460 825 id
2484 771 2626 826 enim
2657 771 2830 840 ipsum
2850 771 3018 837 nasci,
3049 769 3264 826 efficere
3284 771 3382 826 nisi
3405 772 3543 827 ratio
3575 788 3716 828 non

2078 869 2277 932 potest,
2311 861 2650 917 manifestum
2681 873 2782 927 est,
2811 860 2940 916 nihil
2971 863 3191 916 omnino
3215 863 3439 918 rationis
3489 878 3717 934 expers

2081 953 2319 1024 potuisse
2337 955 2604 1025 generari.
2628 954 2768 1010 Ante
2794 957 2935 1009 enim
2963 955 3236 1025 provisum
3268 965 3352 1010 est
3376 956 3429 1009 in
3458 955 3716 1027 singulis

2081 1049 2379 1118 quibusque
2401 1048 2682 1121 fingendis,
2706 1058 2969 1119 quatenus
3000 1057 3055 1103 et
3083 1032 3384 1104 ministerio
3410 1050 3717 1104 membro-

2082 1159 2199 1197 rum
2232 1144 2299 1197 ad
2330 1144 2635 1200 necessaria
2674 1144 2797 1199 vita:
2844 1153 3109 1209 uteretur,
3138 1152 3193 1199 et
3234 1153 3503 1213 quatenus
3530 1144 3719 1214 adju-

2082 1236 2219 1306 gatis
2243 1236 2559 1307 corporibus
2617 1236 2755 1292 elata
2800 1235 3036 1303 soboles,
3064 1235 3341 1291 universas
3389 1236 3720 1306 generatim

2083 1336 2430 1383 conservaret
2468 1330 2787 1383 animantes.
2834 1328 2965 1383 Nam
3010 1329 3055 1382 si
3102 1328 3305 1399 peritus
3337 1327 3713 1396 architectus,

2084 1436 2207 1476 cum
2237 1436 2486 1493 magnum
2516 1422 2730 1494 aliquod
2760 1418 3045 1477 mdiﬁci'um
3072 1420 3251 1477 facere
3269 1421 3564 1488 constituit,
3583 1422 3719 1491 pri-

2087 1531 2176 1570 mo
2199 1517 2438 1572 omnium
2467 1516 2686 1586 cogitat,
2726 1531 2843 1585 quae
2870 1530 3077 1569 summa
3108 1512 3330 1584 perfecti
3370 1512 3581 1569 aediﬁcii
3617 1514 3719 1569 fu-

2087 1615 2206 1661 tura
2252 1609 2340 1674 sit,
2368 1616 2421 1662 et
2463 1617 2587 1662 ante
2615 1608 2885 1673 emetitur,
2916 1606 3100 1676 quem:
3121 1607 3296 1661 locum
3338 1606 3457 1661 leve
3479 1605 3718 1676 pondus

2088 1708 2352 1768 expectet,
2385 1699 2473 1754 ubi
2500 1699 2678 1769 magni
2707 1699 2887 1769 operis
2916 1709 3119 1753 statura
3138 1700 3209 1752 sit
3234 1697 3422 1764 moles,
3452 1713 3575 1769 qua:
3602 1713 3719 1754 co-

449 1781 569 1838 Νοη
620 1796 835 1851 Possum
891 1779 1143 1835 11001000
1196 1776 1365 1833 “meri
1390 1819 1404 1845 ι
1437 1776 1721 1846 quominus
1761 1774 1976 1845 Ευίίευτί
2008 1800 2058 1861 Β
2086 1790 2388 1845 lamnarum
2429 1791 2737 1857 intervalla,
2764 1791 2991 1860 qui,aut
3038 1789 3127 1844 ubi
3179 1804 3437 1859 aquarum
3491 1789 3719 1845 caden-

381 1874 656 1930 stultitiam
687 1887 895 1927 rursum
925 1885 1247 1940 coarguam;
1287 1868 1429 1923 illius
1469 1868 1611 1922 enim
1650 1875 1777 1921 sunt
1800 1865 1979 1921 omnia

329 1975 349 1997 '
382 1981 501 2038 quae
531 1965 725 2022 delirat
768 1964 1050 2021 Lucretius
1083 1982 1094 2016 :
1129 1962 1219 2034 qui
1240 2005 1254 2030 ,
1282 1973 1340 2017 ut
1377 1961 1685 2023 ostenderet
1731 1960 1981 2016 animalia

383 2074 492 2114 non
522 2058 749 2113 artiﬁcio
778 2057 956 2128 aliquo
986 2056 1180 2112 divina:
1207 2056 1421 2122 mentis,
1452 2055 1568 2121 sed,
1598 2064 1655 2109 ut
1683 2055 1842 2125 solet,
1869 2054 1982 2110 for-

386 2150 518 2206 tuito
543 2165 665 2205 esse
709 2159 862 2215 nata;
889 2148 1040 2215 dixit,
1067 2149 1120 2203 in
1151 2148 1410 2220 principio
1453 2147 1637 2202 mundi
1665 2148 1798 2202 alias
1827 2162 1985 2219 quas-

385 2243 508 2298 dam
540 2242 958 2298 iunumcrabiles
979 2242 1280 2297 animantes
1309 2241 1550 2297 miranda
1573 2244 1751 2312 specie
1776 2250 1831 2297 et
1866 2258 1984 2297 rna-

385 2336 664 2409 gnitudine
703 2337 863 2392 fuisse
894 2346 1066 2404 natas,
1099 2336 1193 2391 sed
1233 2351 1326 2392 eas
1370 2351 1684 2406 permanere
1734 2352 1839 2391 non
1884 2352 1984 2408 po-

388 2430 575 2497 tuisse,
603 2429 742 2500 quod
770 2430 888 2484 illas
930 2440 1021 2484 aut
1072 2430 1317 2484 sumendi
1356 2430 1457 2485 cibi
1491 2430 1732 2497 facultas,
1756 2439 1847 2485 aut
1891 2446 1983 2487 co-

386 2521 546 2577 eundi
576 2520 975 2592 generandique
1005 2522 1142 2575 ratio
1193 2520 1498 2576 defecisset.
1545 2521 1808 2577 Videlicet
1844 2532 1899 2578 ut
1930 2532 1987 2579 et

389 2616 582 2672 atomis
612 2616 723 2673 suis
744 2617 919 2671 locum
959 2614 1161 2672 faceret
1186 2632 1282 2687 per
1317 2617 1579 2672 inﬁnitum
1609 2628 1662 2674 et
1690 2619 1849 2699 inane
1887 2635 1985 2676 vo-

388 2709 695 2773 litantibus,
750 2708 984 2763 divinam
1027 2710 1415 2779 providentiam
1462 2710 1627 2765 voluit
1674 2711 1983 2769 excludere.

388 2802 496 2862 Sed
525 2818 646 2860 cum
693 2801 900 2859 videret
924 2803 977 2859 in
1008 2804 1257 2860 omnibus
1282 2821 1404 2877 quae
1432 2806 1656 2877 spirant.
1688 2806 1989 2863 mirabilem

2086 1886 2216 1938 tium
2245 1885 2506 1939 decursus
2531 1893 2586 1940 et
2607 1885 2802 1951 exitus,
2829 1894 2882 1940 et
2901 1885 3257 1955 receptacula,
3279 1885 3415 1950 haec,
3446 1885 3713 1955 inquam,

2089 1979 2238 2049 prius
2262 1978 2525 2049 providet,
2559 1988 2614 2033 ut
2638 1993 2988 2049 qtnecumque
3010 1986 3134 2033 sunt
3161 1979 3396 2048 perfecto
3409 1976 3518 2048 jam
3542 1977 3719 2048 operi

2088 2070 2411 2138 necessaria,
2440 2086 2562 2126 cum
2592 2070 2720 2140 ipsis
2766 2069 3125 2125 fundamentis
3168 2070 3368 2140 pariter
3407 2069 3662 2124 ordiatur
3695 2086 3714 2124 :

2090 2178 2186 2219 cur
2214 2164 2381 2218 Deum
2408 2163 2687 2234 quisquam
2710 2171 2860 2232 putet
2881 2164 2933 2216 in
2973 2161 3346 2217 machinandis
3372 2160 3719 2217 animalibus

2089 2268 2196 2311 nea
2238 2265 2363 2312 ante
2406 2254 2738 2326 providisse,
2773 2270 2891 2325 quze
2939 2253 3006 2309 ad
3052 2253 3343 2309 vivendum
3390 2252 3716 2313 necessaria

2090 2356 2291 2414 essent,
2319 2362 2479 2417 quam
2506 2346 2674 2417 ipsam
2700 2346 2858 2399 vitam
2886 2344 3073 2401 daret?
3095 2347 3225 2411 Quae
3245 2346 3425 2416 utique
3446 2356 3717 2402 constare

2090 2458 2197 2498 non
2225 2449 2427 2511 posset,
2445 2442 2545 2495 nisi
2571 2441 2718 2511 prius
2745 2439 2938 2495 eﬁ‘ecta
2966 2448 3149 2495 essent
3174 2440 3366 2509 quibus
3389 2448 3625 2496 constat.

2163 2532 2389 2587 Videbat
2425 2532 2585 2607 igitur
2611 2532 2873 2602 Epicurus
2916 2532 2972 2586 in
3013 2531 3332 2601 corporibus
3380 2531 3714 2587 animalium

2091 2624 2284 2679 divinae
2314 2624 2536 2679 rationis
2561 2623 2834 2679 solertiam
2863 2639 2875 2674 :
2910 2622 3003 2679 sed
3034 2631 3092 2676 ut
3116 2621 3372 2688 efﬁceret,
3404 2622 3547 2693 quod
3571 2633 3715 2681 ante

2090 2716 2464 2786 imprudenter
2485 2723 2867 2786 assumpserat.
2887 2714 3085 2784 adjecit
3106 2713 3253 2769 aliud
3280 2713 3714 2771 deliramentqu

2089 2808 2352 2879 superiori
2408 2823 2733 2881 congruens.
2785 2807 2930 2863 Dixit
2975 2807 3142 2876 enim,
3191 2823 3366 2879 neque
3406 2809 3595 2866 oculos
3634 2808 3715 2866 ad

1747 2922 2110 2981 VARIORUM
2141 2923 2374 2981 NOTAE.

468 3058 873 3114 Immanissima.
906 3059 1184 3129 Frequens
1210 3059 1489 3127 epitheton
1518 3058 1587 3113 de
1636 3059 1942 3129 elephantis
1972 3076 1987 3114 :
2018 3062 2064 3127 C
2095 3070 2169 3114 est
2194 3060 2294 3115 ista
2331 3061 2619 3115 uoluntaria
2638 3062 2886 3125 servitus;
2911 3060 3006 3115 lib.
3034 3076 3070 3114 ιι
3093 3058 3249 3115 Ofﬁc.
3279 3075 3397 3128 cap.
3426 3060 3494 3114 15
3520 3081 3533 3116 :
3571 3062 3716 3129 Quae

391 3129 518 3186 hinc
546 3146 666 3201 cap.
697 3131 732 3186 8
760 3130 895 3186 dixit
922 3147 935 3184 :
968 3129 1128 3184 Boves
1158 3131 1297 3185 lucas
1320 3147 1437 3183 cum
1462 3130 1842 3183 intmanissimis
1873 3146 1988 3183 cor-

429 3202 618 3256 oribus.

324 3280 331 3287 ‘
392 3221 778 3338 pozmenim,
809 3271 915 3342 qui.
945 3270 1193 3327 Omnium
1220 3287 1351 3327 mss.
1384 3281 1439 3327 et
1469 3272 1735 3342 editorum
1764 3280 1850 3325 est
1876 3271 1991 3327 hac

394 3344 573 3410 lectio,
604 3346 648 3399 si
677 3341 915 3414 excipias
934 3359 954 3398 ι
973 3343 1108 3415 Reg,
1132 3359 1195 3399 ac
1219 3344 1306 3400 ed.
1332 3344 1469 3402 Gali.
1496 3355 1549 3399 et
1577 3341 1770 3413 Spark.
1803 3342 1857 3398 in
1882 3342 1992 3413 qui-

393 3416 495 3472 bus
520 3423 604 3471 est
631 3414 786 3472 quod.

434 3430 495 3471 US
520 3423 604 3471 est
631 3423 786 3471 quod.

470 3431 917 3542 iviils‘ig‘izéumi
947 3500 1011 3540 ex
1045 3478 1109 3541 l7
1140 3502 1268 3542 mss.
1300 3495 1352 3542 et
1393 3486 1480 3542 ed.
1509 3485 1682 3542 Betui.
1708 3493 1763 3540 et
1792 3483 1986 3541 Cellar.

396 3556 457 3613 In
482 3558 514 3611 6
540 3572 667 3611 mss.
692 3556 957 3627 editisque
978 3559 1159 3612 multis
1189 3568 1271 3612 est
1302 3566 1375 3611 ut.

470 3627 576 3684 Sed
597 3638 652 3681 ut
672 3627 1035 3683 solet.0mnes
1063 3629 1204 3693 libri,
1234 3629 1344 3693 sed,
1375 3637 1431 3682 ut
1451 3628 1614 3695 solet;
1643 3629 1711 3683 ita
1739 3628 1877 3683 solet
1903 3628 1942 3681 ι.
1973 3645 1990 3684 ι

398 3698 737 3770 Instit.,cap.
762 3700 827 3754 12
849 3717 862 3753 :
887 3700 1049 3754 Stoici
1068 3710 1121 3753 ut
1147 3702 1331 3762 solent;
1363 3700 1453 3754 lib.
1481 3715 1573 3765 vn,
1599 3715 1647 3752 ο.
1667 3701 1698 3753 7
1727 3717 1738 3752 :
1772 3698 1839 3754 Ut
1860 3699 1994 3753 Aca—

398 3771 579 3827 demici
603 3770 786 3826 solent.
819 3770 979 3826 Posui
1019 3787 1141 3827 cum
1183 3771 1269 3827 ed.
1302 3771 1471 3829 Paris.
1506 3771 1663 3837 1515,
1713 3771 1769 3825 in
1797 3784 1993 3840 paren-

402 3843 539 3897 thesi
559 3842 580 3912 (
603 3853 659 3895 nt
688 3842 887 3910 solet).
915 3843 1046 3897 Bon.

473 3912 542 3968 Ut
568 3911 748 3968 atomis
770 3914 876 3967 suis
904 3915 1073 3967 locum
1100 3911 1485 3982 faceret.Vulgo
1506 3912 1706 3968 addunt
1738 3912 1993 3967 nonnulla

396 3984 562 4040 verba
583 3998 701 4052 quae
733 3998 832 4038 nec
855 3984 909 4038 in
932 4000 1063 4040 mss.
1097 3985 1295 4049 insunt,
1337 4000 1507 4054 neque
1530 3985 1582 4038 in
1619 3985 1705 4039 ed.
1738 3984 1895 4038 Rom.
1927 3983 1995 4038 Et

400 4070 525 4126 mox
575 4055 900 4109 recentiores
926 4097 941 4119 ,
973 4056 1029 4109 in
1064 4055 1246 4126 quibus
1292 4056 1533 4109 nascendi
1566 4056 1695 4109 ratio
1734 4064 1992 4110 cessasset.

400 4124 509 4181 Sed
539 4139 710 4193 neque
739 4128 977 4179 nascendi
1008 4128 1059 4180 in
1077 4124 1194 4182 'vet.
1227 4126 1374 4180 libris
1403 4137 1505 4181 est.
1538 4127 1702 4181 CELL.

474 4194 579 4249 Per
597 4196 856 4265 inﬁnitum
893 4206 939 4250 et
991 4199 1144 4251 inane
1184 4197 1525 4252 volitantibus.
1562 4197 1685 4253 Haec
1735 4197 1927 4250 absunt
1964 4213 1996 4252 a

401 4268 471 4324 ‘15
505 4282 634 4321 mss.
658 4277 712 4321 et
738 4268 825 4321 ed.
854 4267 1012 4323 Rom.
1050 4269 1242 4324 Extant
1268 4278 1447 4323 autem
1498 4270 1551 4322 in
1598 4268 1811 4323 caeteris
1837 4267 1996 4322 editis

400 4349 456 4393 et
506 4336 957 4410 ms§.2Bonon.,
1009 4340 1045 4394 2
1094 4340 1515 4410 Reg.,3Colb.,
1570 4340 1753 4403 Sorb.,
1806 4338 1992 4404 Cauc.,

402 4410 559 4474 Tax.,
592 4408 746 4473 Pen.,
780 4409 1137 4477 Ultr.,Baluz.
1161 4408 1231 4451 -ὲ-
1255 4412 1357 4465 Per
1383 4411 1639 4479 inﬁnitum
1669 4421 1713 4464 et
1733 4413 1886 4463 inane
1910 4426 1996 4463 ro-

401 4480 682 4553 litantibus.
712 4481 836 4535 Hmc
862 4483 1187 4547 respondent
1208 4484 1345 4553 stylo
1368 4481 1630 4536 Lactantii
1661 4482 1752 4536 lib.
1771 4498 1846 4546 lit,
1872 4496 1991 4550 cap.

401 4553 503 4607 l7:
536 4550 659 4606 Non
687 4561 761 4606 est
788 4554 1115 4620 providentia:
1136 4550 1286 4623 Opus.
1334 4553 1469 4608 Sunt
1509 4555 1641 4608 enim
1676 4554 1871 4607 sentina
1910 4569 1998 4621 per

401 4624 553 4679 inane
576 4624 877 4691 volitantia;
902 4624 971 4680 de
1012 4624 1115 4690 Ira,
1138 4641 1259 4694 cap.
1290 4627 1357 4680 ltl
1378 4627 1398 4677 .'
1418 4624 1479 4679 Si
1503 4625 1704 4695 quidem
1732 4642 1820 4695 per
1848 4625 1999 4678 inane

400 4695 560 4749 atomi
611 4696 840 4751 volitant.

903 4696 1248 4752 Heumannus
1290 4716 1303 4752 :
1352 4696 1458 4750 Per
1513 4697 1771 4761 inﬁnitum
1824 4696 1996 4750 inane.

1543 4768 1818 4823 ΒυιιειιΑΝ.

482 4837 609 4904 Qua:
634 4836 895 4910 (malum!
919 4836 940 4910 )
970 4839 1164 4893 vanitas
1196 4849 1325 4894 erat.
1368 4837 1458 4895 Sic
1504 4840 1685 4909 legunt
1715 4854 1843 4893 mss.
1875 4837 1995 4892 cod.

404 4908 440 4963 2
465 4908 626 4980 Bon.,
645 4908 689 4962 ’2
715 4909 872 4978 Reg.,
901 4908 1085 4973 Cauc.,
1120 4911 1349 4977 Erasm.,
1384 4914 1399 4963 l
1430 4910 1605 4974 Colb.,
1633 4910 1813 4964 Balnz.
1844 4915 1899 4964 et
1920 4918 2001 4980 ty-

406 4982 490 5050 pis
536 4979 731 5049 Vulgati
777 4978 948 5042 Crat.,
992 4981 1202 5045 Betul.,
1244 4985 1520 5050 Antwcrp.
1557 4980 1713 5046 1570,
1742 4978 1995 5044 Ternas},

408 5052 697 5115 Sonbron.,
730 5051 765 5104 2
803 5050 998 5117 Paris.,
1027 5051 1123 5118 ls.,
1159 5052 1352 5122 Spark.
1375 5094 1389 5117 ,
1435 5052 1575 5109 Gali.
1622 5068 1794 5123 eaque
1843 5050 2000 5123 lectio

409 5123 666 5196 probatur
686 5123 753 5196 ab
781 5123 1027 5187 Erasmo,
1058 5126 1193 5178 hanc
1220 5125 1537 5179 sententiam
1564 5122 1901 5179 Terentianae
1914 5122 2001 5196 illi

409 5193 639 5253 similem
685 5194 918 5259 dicente,
948 5196 1066 5265 qui,
1094 5196 1311 5250 malum!
1340 5197 1451 5250 alii.
1479 5196 1676 5250 Malum
1726 5198 1869 5249 enim
1902 5193 2000 5265 hic

411 5265 799 5335 intcrjectionis
830 5267 937 5319 vim
960 5262 1193 5321 'obtinet.
1240 5266 1435 5322 Cmteri
1481 5283 1610 5322 mss.
1644 5275 1698 5321 et
1731 5265 1859 5319 editi
1899 5262 1998 5318 ha-

412 5342 573 5401 bent,
620 5336 756 5406 quod
796 5338 988 5391 malum
1034 5338 1267 5401 vanitatis
1318 5348 1464 5402 erat;
1498 5338 1708 5397 vitiose.
1752 5344 1809 5389 ιιι
1853 5343 2001 5389 recte

412 5409 581 5464 sensit
612 5407 886 5463 Erasmus.
930 5408 985 5462 In
1032 5409 1178 5478 Lips.
1212 5410 1333 5478 quid
1372 5411 1562 5463 malum
1606 5408 1843 5462 vanitatis
1868 5416 2002 5472 erat;

414 5483 465 5537 in
494 5497 511 5534 1
539 5478 695 5534 Colb.
735 5480 870 5550 quod
907 5480 1122 5534 multum
1171 5481 1409 5535 vanitatis
1438 5492 1565 5535 erat.
1599 5480 1792 5550 Lectio;
1819 5486 2003 5550 nostra

414 5547 764 5607 conﬁrmatur
815 5567 880 5605 ex
922 5552 1227 5606 auctoribus
1281 5552 1501 5606 Latinis.
1549 5552 1637 5607 Sic
1666 5550 1730 5617 Q.
1762 5547 2000 5613 Curtius,

416 5625 511 5677 lib.
537 5636 650 5684 νισι,
683 5621 825 5694 Qum,
860 5623 1073 5676 malum!
1102 5625 1320 5677 amentia
1346 5634 1392 5678 te
1423 5625 1582 5694 coegit
1605 5622 1721 5694 belli
1744 5623 2004 5689 fortunam

417 5693 659 5761 experiri;
687 5693 764 5747 sic
786 5694 1025 5761 Plautus,
1057 5694 1296 5750 Menech.
1329 5711 1378 5748 v.
1406 5692 1554 5748 242‘:
1587 5692 1711 5758 Qum
1738 5694 1866 5756 Ita'c,
1897 5707 2005 5743 nia—

419 5764 904 5836 lnmlimpudentia
951 5767 1058 5836 est?
1104 5795 1172 5806 -—
1211 5767 1355 5832 Qum,
1384 5766 1609 5828 malum,
1639 5763 1835 5815 vanitas
1876 5771 2002 5836 erat.

421 5832 498 5891 ita
522 5832 733 5903 Cicero,
761 5833 911 5892 Orat.
947 5851 962 5891 ι
986 5834 1216 5906 Philipp.
1241 5852 1356 5906 cap.
1391 5838 1475 5911 0‘:
1504 5837 1769 5902 Quanam,
1796 5833 2005 5901 malum,

2100 3142 2167 3196 te,
2190 3133 2403 3197 malum,
2448 3132 2635 3198 inquit,
2660 3134 2792 3187 ratio
2822 3133 2877 3186 in
2922 3133 3074 3186 istam
3116 3149 3259 3201 spem
3284 3133 3526 3198 induxit;
3559 3135 3715 3188 adde

2100 3218 2198 3273 pro
2224 3203 2421 3257 Roscio
2439 3201 2721 3269 Comoedo,
2744 3204 2797 3257 in
2833 3202 2955 3274 ﬁne.
2984 3202 3185 3267 Livius,
3213 3203 3308 3258 lib.
3344 3219 3392 3270 ν,
3426 3218 3546 3274 cap.
3581 3203 3660 3258 54
3693 3221 3711 3259 :

2102 3274 2251 3339 Qute,
2273 3275 2488 3340 malum,
2522 3275 2658 3328 ratio
2695 3274 2805 3328 est?
2832 3273 3038 3329 Seneca
3063 3274 3129 3328 ad
3159 3274 3432 3343 Marciam,
3452 3273 3574 3344 cap.
3614 3277 3654 3331 5
3692 3293 3710 3331 :

2103 3345 2230 3411 Qum
2250 3346 2406 3408 enim,
2432 3347 2641 3409 malum,
2668 3346 2890 3399 amentia
2903 3346 3006 3398 est?
3026 3344 3157 3400 Bon.
3386 3358 3399 3365 '

2170 3416 2237 3470 In
2266 3416 2446 3486 quibus
2474 3417 2717 3471 nascendi
2756 3417 2909 3470 ratio.
2951 3416 3088 3471 Male
3113 3416 3312 3471 omissa
3341 3422 3425 3470 est
3454 3415 3573 3471 lucc
3601 3433 3710 3471 na-

2098 3489 2272 3542 scendi
2292 3487 2457 3542 dictio
2487 3487 2541 3541 in
2580 3502 2712 3542 mss.
2741 3487 2813 3543 20
2841 3486 3161 3558 etpluribus
3189 3486 3433 3558 vulgatis,
3461 3502 3583 3556 quae
3618 3489 3711 3543 le-

2092 3559 2238 3629 gitur
2260 3560 2312 3613 in
2339 3573 2356 3612 1
2386 3559 2544 3629 Reg.,
2578 3558 2846 3624 tBonon.,
2878 3557 3082 3629 Tax.,1
3108 3557 3297 3623 Colb.,
3327 3558 3508 3629 Baluz.
3541 3559 3711 3614 aliis-

2095 3627 2484 3756 guqlop‘timii,
2515 3644 2727 3685 necnon
2770 3630 2826 3684 in
2856 3630 3015 3684 editis
3042 3627 3326 3696 Tbomas.,
3360 3628 3464 3695 ls.,
3497 3629 3705 3701 'l’hys.,

2144 3718 2169 3754 a
2222 3742 2261 3756 ..
2283 3710 2419 3756 Snar
2441 3719 2474 3754 '.

2144 3710 2261 3765 aii.,
2283 3710 2474 3769 Spark.

2169 3771 2421 3828 Cessaret.
2452 3769 2528 3827 Ita
2559 3770 2838 3827 emendavi
2865 3786 2932 3826 ex
2960 3785 3092 3824 niss.
3136 3770 3388 3825 iBonon.
3436 3770 3639 3841 antiq.,
3684 3788 3707 3826 ι

2096 3841 2276 3909 Colb.,
2308 3844 2496 3898 Marm.
2514 3885 2529 3909 ,
2562 3842 2796 3898 Claram.
2824 3843 2954 3910 Quae
2981 3841 3141 3897 lectio
3170 3841 3327 3897 nobis
3354 3840 3552 3897 melior
3578 3840 3707 3899 visa

2096 3924 2200 3975 est,
2231 3930 2391 3977 quam
2422 3915 2472 3969 in
2500 3916 2713 3970 cazteris
2738 3922 2998 3969 cessasset.

2171 3985 2320 4039 Nihil
2359 3987 2563 4040 omnino
2597 3986 2811 4040 rationis
2850 4001 3028 4055 expers
3052 4024 3067 4050 ,
3108 3984 3331 4053 potuisse
3358 3985 3612 4053 generari.
3641 3984 3706 4040 Id

2099 4066 2198 4115 est.
2234 4058 2369 4112 nihil
2393 4058 2631 4126 potuisse
2660 4056 2925 4125 generari,
2956 4057 3008 4109 in
3039 4070 3145 4123 quo
3179 4070 3286 4109 non
3313 4055 3499 4126 aliquo
3529 4057 3703 4112 modo

2098 4128 2256 4194 ratio,
2283 4138 2334 4183 et
2366 4125 2699 4197 providentia
2718 4128 3016 4181 conditoris
3037 4128 3298 4181 eluceret.
3327 4125 3514 4197 Imus.

2169 4201 2297 4253 Ante
2315 4196 2468 4254 enim.
2498 4200 2586 4254 Sic
2608 4200 2819 4267 reposui
2841 4213 2911 4252 ex
2933 4211 3062 4250 inss.
3090 4197 3126 4249 2
3150 4197 3384 4262 Bonam,
3410 4197 3446 4251 2
3465 4196 3629 4267 Reg.,
3665 4196 3705 4252 4

2098 4269 2249 4325 Colb.
2282 4271 2568 4340 multisque
2589 4269 2728 4324 aliis.
2760 4268 2817 4322 In
2846 4284 2939 4340 sex
2965 4267 3181 4337 scriptis
3212 4267 3708 4340 totidemqnevul-

2099 4343 2237 4409 gatis
2267 4352 2353 4397 est
2381 4344 2445 4395 At
2475 4338 2645 4402 enim;
2680 4341 2729 4394 in
2756 4355 2862 4396 ius.
2897 4338 3034 4395 Ultr.
3055 4379 3070 4404 ,
3101 4340 3202 4393 Aut
3230 4339 3402 4403 enim;
3428 4340 3483 4395 in
3514 4354 3531 4393 ι
3559 4339 3702 4410 Reg.

2100 4423 2151 4467 et
2180 4429 2193 4465 ι
2220 4411 2396 4476 Colb.,
2425 4410 2564 4465 Adeo
2586 4411 2740 4465 enim.
2820 4420 2824 4429 '
3272 4440 3279 4441 ί

2174 4484 2444 4555 Adjugatis
2472 4482 2806 4555 corporibus.
2856 4481 2946 4536 Sic
2975 4496 3185 4555 omnes.
3227 4479 3456 4555 Verbum
3488 4481 3587 4555 alii
3629 4497 3705 4555 ex

2103 4552 2338 4609 Pacuvio
2367 4564 2422 4608 et
2451 4554 2625 4608 Plinio
2657 4553 2982 4622 probarunt;
3016 4553 3218 4608 rariora
3250 4567 3315 4607 ex
3337 4552 3530 4622 glossis
3556 4553 3706 4609 anti—

2102 4626 2243 4697 quis,
2274 4625 2617 4696 abjugassere,
2650 4625 2917 4697 abjugare,
2947 4624 3189 4697 abjugus.
3222 4624 3353 4679 BUN.

2180 4718 2278 4773 Ubi
2324 4718 2496 4788 niagni
2541 4717 2726 4784 aperis.
2769 4716 2917 4788 Ms._t
2945 4716 3151 4771 Bonon.
3185 4716 3376 4784 antiq.,
3410 4715 3707 4768 oneris...—

2109 4789 2287 4860 Magni
2316 4786 2501 4858 operis.
2536 4789 2669 4860 Bon.
2704 4788 2841 4857 apud
2865 4786 3056 4842 Isaeum
3089 4802 3537 4860 pravgmagnutn
3576 4803 3704 4841 one-

2104 4862 2175 4914 ris
2202 4857 2219 4913 Ξ
2248 4861 2325 4914 sic
2361 4861 2521 4914 modo
2566 4857 2723 4920 infra,
2754 4863 2977 4930 perfecto
3013 4860 3188 4929 aperi;
3228 4857 3320 4912 lib.
3352 4873 3444 4930 vit,
3469 4871 3587 4930 cap.
3618 4860 3641 4912 1
3682 4873 3698 4912 :

2105 4931 2463 4985 Fundamenta
2482 4932 2630 4992 ﬁrma
2643 4942 2687 4983 et
2708 4928 2932 4983 idonea..
2945 4972 2957 4983 .
2976 4928 3116 5000 aperi
3133 4929 3454 5000 perferendo.
3468 4928 3698 5000 Seneca,

2103 5019 2189 5070 ep.
2225 5002 2292 5057 55
2322 5020 2337 5055 :
2374 5002 2695 5071 spcluncw...
2744 5003 2915 5069 magni
2948 4998 3134 5071 operis.
3166 4998 3325 5054 Plura
3363 4998 3601 5055 Gronov.
3631 4998 3701 5053 ad

2103 5074 2219 5128 Liv.
2247 5074 2339 5129 lib.
2374 5089 2483 5139 χιιι,
2517 5088 2636 5142 cap.
2683 5074 2771 5126 57.
2805 5072 2937 5126 BUN.

2170 5167 2334 5222 Prius
2390 5168 2639 5237 providet.
2687 5167 2776 5221 Sic
2828 5165 3039 5220 restitui
3087 5179 3155 5237 ex
3205 5180 3331 5221 mss.
3381 5164 3615 5237 Bonam,
3666 5164 3701 5219 4

2106 5241 2262 5311 Reg.,
2314 5240 2348 5311 5
2388 5235 2565 5302 Colb.,
2607 5238 2818 5304 Marm.,
2866 5236 3273 5311 Baluz.,_Brun.
3301 5278 3315 5302 ,
3347 5235 3480 5311 edit.
3514 5236 3699 5299 Rorn.,

2106 5308 2278 5375 Crat,
2309 5310 2503 5365 Cellar.
2533 5311 2601 5364 Et
2628 5311 2819 5365 melius
2846 5308 3074 5378 quadrat
3098 5308 3211 5361 luce
3238 5308 3396 5363 lectio
3417 5322 3538 5362 cum
3572 5322 3699 5361 mox

2108 5384 2452 5450 sequentibus
2497 5392 2612 5435 ante
2643 5381 2939 5452 providisse,
2970 5394 3127 5452 quant
3153 5378 3189 5431 2
3219 5394 3347 5433 mss.
3375 5389 3442 5452 _et
3483 5378 3517 5433 9
3564 5378 3699 5435 edit.

2108 5449 2249 5523 prius
2278 5453 2537 5524 prwvidet.
2567 5454 2623 5507 lu
2644 5449 2718 5507 ⁷10
2745 5452 2902 5507 editis
2930 5458 3013 5505 est
3042 5450 3182 5518 prius
3210 5449 3455 5519 pervidet.

2181 5544 2246 5599 1n
2266 5545 2617 5598 machinandis
2634 5543 2958 5598 animalibus.
2984 5541 3050 5595 In
3072 5543 3338 5611 praeposui
3361 5558 3427 5596 ex
3447 5541 3699 5597 omnibus

2112 5632 2239 5671 mss.
2267 5625 2321 5670 et
2348 5616 2433 5671 ed.
2464 5615 2648 5681 Rom.,
2674 5614 2944 5685 Gymnic.,
2969 5612 3179 5667 Walclt.
3208 5613 3372 5668 Deest
3397 5613 3453 5668 in
3472 5613 3701 5683 vulgatis

2110 5697 2331 5813 oc‘Uixit
2371 5758 2523 5811 enim.
2556 5756 2682 5811 llaec
2708 5772 2773 5809 ex
2801 5755 3063 5827 Lucretio
3083 5755 3221 5811 libro
3249 5772 3322 5811 tv.
3356 5756 3431 5811 De
3460 5755 3566 5812 hoc
3589 5753 3699 5827 iam

2113 5828 2346 5901 loquitur
2371 5828 2677 5887 Lactantius
2706 5827 2841 5885 libro
2872 5841 2928 5883 ιιι
2958 5826 3192 5885 Divinar.
3232 5826 3467 5886 institut.
3497 5842 3616 5897 cap.
3642 5826 3699 5885 ὅ.
