3912 6256
73 1039 233 1089 .τ).26ἶ

105 1092 263 1153 Dux“,

72 1157 283 1220 '0\\LU.\?L

417 362 483 424 81
1422 365 1610 422 FIRM.
1650 361 2017 421 LACTANTII
2058 361 2184 417 LIB.
2216 363 2304 420 DE
2343 364 2632 426 OPIFICIO
2671 369 2809 426 DEI.

3663 375 3742 432 '52

417 494 516 553 per
542 492 741 550 corpus
790 492 955 536 omne
1010 478 1210 535 divisos
1232 518 1246 542 .
1274 492 1371 557 per
1411 493 1545 548 quas
1587 478 1896 533 discurrens
1926 475 2019 529 hu-
2046 480 2099 538 Α
2125 478 2413 534 virentium
2448 482 2836 551 multitudine,‘
2868 485 3285 557 unumquodque
3314 486 3511 542 animal
3552 488 3608 543 in
3645 490 3737 545 sui

421 585 564 637 mor,
593 580 649 626 et
673 570 924 643 sanguis,
955 571 1206 626 universa
1263 555 1503 625 membra
1546 571 1721 625 succis
1767 569 2014 624 vitalibus

419 662 699 733 irrigaret;
731 672 785 717 et
810 676 876 717 ea
905 662 1144 727 viscera,
1188 662 1414 715 formata
1471 661 1525 715 in
1578 676 1702 716 eum
1753 660 1970 714 modum
1999 702 2015 727 ,

420 753 509 823 qui
541 752 827 823 unicuique
852 753 1038 824 generi
1083 767 1148 808 ac
1186 752 1304 807 loco
1333 763 1490 823 aptus
1541 753 1672 817 luit,
1711 752 2016 822 superiecta

415 846 557 917 pelle
584 847 855 913 contexit,
886 862 1047 918 quam
1089 847 1176 903 vel
1205 847 1320 903 sola
1352 847 1755 918 pulchritudine
1780 847 2012 903 decora-

414 939 521 1006 vit,
558 939 641 995 vel
683 938 814 995 setis
837 938 1121 1009 adaperuit
1145 981 1161 1006 ,
1192 939 1279 994 vel
1335 939 1575 1009 squamis
1631 940 1899 1006 munivit,
1927 938 2015 994 vel

318 1072 336 1085 .
363 1055 383 1103 ξ
414 1031 611 1103 plumis
639 1031 941 1101 insignibus
988 1030 1289 1086 adornavit.
1313 1030 1452 1085 Illud
1491 1046 1621 1086 vero
1645 1041 2012 1086 commentum

415 1122 511 1179 Dei
537 1121 783 1178 mirabile
804 1163 821 1190 ,
843 1122 986 1193 quod
1017 1137 1120 1177 una
1149 1121 1465 1192 dispositio,
1500 1130 1555 1177 et.
1595 1137 1732 1177 unus
1760 1121 1975 1179 habitus
1995 1164 2010 1188 ,

412 1214 832 1272 innumerabiles
863 1215 1111 1287 imaginis
1160 1214 1411 1286 praeferat
1449 1215 1757 1271 varietates.
1788 1215 1922 1270 Nam
1957 1215 2010 1271 in

414 1307 668 1363 omnibus
720 1306 1015 1379 fere,quae
1063 1306 1305 1379 spirant,
1336 1307 1523 1363 eadem
1552 1308 1722 1364 series
1771 1317 1827 1364 et
1878 1308 2012 1363 ordo

417 1398 791 1456 membrorum
840 1407 941 1455 est.
983 1398 1221 1455 Primum
1254 1400 1396 1455 enim
1442 1408 1637 1470 caput,
1669 1409 1723 1457 et
1753 1400 1879 1457 huic
1917 1415 2013 1455 an-

414 1506 554 1548 nexa
579 1490 781 1549 cervix.
808 1491 941 1547 Item
971 1491 1114 1547 collo
1162 1500 1348 1562 pectus
1372 1491 1684 1561 adjunctum
1706 1533 1722 1560 ,
1750 1500 1805 1547 et
1846 1507 1913 1547 ex
1947 1507 2014 1547 eo

413 1581 783 1652 prominentes
833 1582 1007 1648 armi,
1058 1581 1343 1653 adhaerens
1394 1582 1597 1652 pectori
1636 1593 1845 1638 venter.
1879 1583 2012 1638 Item

416 1672 592 1728 ventri
623 1672 864 1729 subnexa
888 1672 1164 1747 genitalia.
1217 1672 1415 1730 Ultimo
1443 1672 1563 1729 loco
1589 1670 1788 1731 femina
1820 1674 2020 1746 pedes-

417 1779 545 1838 que.

2121 583 2322 637 genere
2345 579 2399 625 et
2415 573 2597 640 specie
2616 574 3036 642 pulcherrimum
3069 574 3176 631 est?
3203 576 3318 632 utsi
3333 576 3461 647 quid
3483 577 3733 634 vicissim

2121 662 2190 716 de
2219 663 2390 718 altero
2417 664 2470 719 in
2491 664 2720 721 alterum
2754 666 3127 733 transferatur,
3161 668 3294 723 nihil
3322 666 3637 739 impeditius
3657 669 3732 725 ad

2122 752 2431 822 utilitatem,
2461 755 2594 810 nihil
2617 756 2914 815 deformius
2928 758 2991 813 ad
3005 768 3282 829 aspectum
3304 759 3474 814 videri
3493 775 3730 817 necesse

2117 846 2189 900 sit
2222 861 2237 899 :
2270 853 2329 900 ut
2356 849 2404 901 si
2431 846 2720 917 elephanto
2743 849 3008 905 cervicem
3061 849 3322 919 prolixam
3349 850 3579 917 tribuas,
3625 859 3731 907 aut

2117 939 2324 994 camelo
2352 938 2607 1010 brevem;
2635 942 2722 998 vel
2766 943 2811 997 si
2838 945 3180 1013 serpentibus
3223 943 3412 1016 pedes,
3439 954 3535 1000 aut
3578 946 3729 1016 pilos

2116 1029 2304 1096 addas,
2330 1031 2384 1086 in
2414 1033 2608 1103 quibus
2636 1036 2873 1104 porrecti
2902 1036 3183 1105 aequaliter
3209 1037 3452 1107 corporis
3474 1036 3726 1106 longitu-

2116 1119 2187 1176 do
2211 1120 2343 1176 nihil
2373 1122 2517 1178 aliud
2532 1122 2802 1192 exhibeat,
2828 1126 2929 1181 nisi
2957 1135 3014 1182 ut
3029 1126 3255 1182 maculis
3278 1136 3426 1198 terga
3442 1127 3717 1194 distincti,

2111 1222 2164 1268 et
2192 1229 2591 1284 squammarum
2623 1218 2854 1274 laevitate
2881 1218 3085 1274 suﬂ'ulti
3106 1259 3122 1286 ,
3153 1219 3207 1275 in
3232 1220 3468 1276 lubricos
3495 1228 3709 1277 tractus

2114 1304 2351 1361 sinuosis
2370 1306 2600 1364 ﬂexibus
2628 1308 2959 1366 laberentur.
2972 1311 3030 1365 In
3048 1310 3485 1381 quadrupedibus
3503 1321 3718 1379 autem,

2116 1394 2256 1451 idem
2278 1396 2459 1467 opifex
2480 1408 2791 1455 contextum
2813 1402 2983 1470 spinae
3005 1417 3035 1455 a
3065 1416 3278 1458 summo
3303 1402 3478 1472 capite
3505 1402 3722 1461 deduc-

2118 1496 2228 1542 tum
2259 1488 2468 1560 longius
2509 1499 2662 1546 extra
2686 1506 2884 1563 corpus
2928 1494 3152 1561 eduxit,
3202 1504 3258 1550 et
3299 1495 3630 1551 acuminavit
3662 1497 3720 1552 in

2115 1581 2362 1647 caudam,
2387 1581 2730 1639 utobscoenae
2757 1585 3003 1655 corporis
3028 1594 3227 1655 partes,
3254 1587 3339 1642 vel
3370 1596 3593 1658 pr0pter
3612 1587 3722 1644 fte-

2116 1670 2337 1727 ditatem
2367 1681 2699 1744 tegerentur,
2723 1676 2807 1731 vel
2848 1685 3067 1747 propter
3094 1678 3510 1735 teneritudinem
3535 1680 3724 1736 muni-

2116 1774 2323 1835 rentur,
2356 1774 2417 1822 ut
2441 1767 2691 1823 animalia
2714 1768 2959 1840 quaedam
2990 1771 3196 1826 minuta
3221 1780 3276 1827 et
3307 1771 3559 1828 nocentia
3590 1789 3722 1831 mo-

484 1857 596 1915 Nec
619 1858 793 1914 solum
815 1860 1053 1915 membra
1075 1876 1230 1916 suum
1254 1870 1493 1918 tenorem
1528 1878 1592 1919 ac
1617 1863 1779 1919 situm
1805 1864 1860 1919 in
1891 1878 2011 1921 om-
2040 1869 2089 1931 Β
2115 1866 2173 1914 tu
2198 1858 2315 1928 ejus
2343 1867 2661 1915 arcerentur
2687 1875 2717 1915 a
2744 1874 2973 1931 corpore
3001 1877 3016 1915 :
3047 1861 3191 1933 quod
3219 1863 3521 1919 membrum
3547 1864 3594 1919 si
3622 1864 3722 1920 dc-

413 1941 583 2007 hibus
607 1959 844 2018 servant,
866 1951 962 2008 sed
986 1952 1148 2007 etiam
1175 1961 1353 2023 partes
1378 1955 1765 2012 membrorum.
1797 1957 1929 2013 Nam
1956 1958 2009 2013 in

417 2057 528 2100 uno
551 2043 724 2113 capite
766 2044 886 2120 ipso
909 2054 1112 2099 certam
1138 2045 1322 2101 sedem
1354 2047 1634 2118 possident
1680 2063 1862 2114 aures,
1895 2064 2015 2105 cer-

418 2142 528 2189 tam
558 2133 725 2200 oculi,
755 2149 912 2190 nares
937 2135 1085 2202 item,
1109 2151 1173 2191 os
1196 2152 1428 2207 quoque,
1459 2147 1515 2194 et
1540 2140 1592 2194 in
1630 2155 1697 2195 eo
1725 2140 1937 2205 dentes,
1959 2148 2015 2196 et

420 2224 619 2296 lingua.
651 2226 782 2294 Quae
813 2227 994 2282 omnia
1020 2243 1143 2283 cum
1186 2229 1294 2283 sint
1319 2230 1506 2285 eadem
1537 2231 1589 2285 in
1625 2231 1875 2286 omnibus
1901 2233 2018 2286 ani—

365 2372 399 2399 ,
419 2318 711 2389 nantibus,
744 2329 921 2376 tamen
949 2322 1157 2376 inﬁnita
1182 2331 1235 2377 et
1263 2323 1540 2394 multiplex
1568 2324 1855 2380 diversitas
1878 2325 2014 2396 ligu-

421 2417 660 2467 ratorum
689 2420 805 2476 est;
835 2411 977 2482 quod
1007 2427 1069 2467 ea
1092 2428 1213 2482 qum
1243 2414 1376 2479 dixi,
1406 2425 1497 2469 aut
1530 2414 1894 2484 productiora,
1925 2424 2019 2469 aut

420 2502 779 2559 contractiora
809 2503 1146 2560 lineamentis
1174 2506 1323 2561 varie
1355 2506 1727 2564 differentibus
1765 2524 2013 2579 compre—

420 2591 589 2652 hensa
616 2603 763 2653 sunt.
776 2594 935 2667 Quid,
959 2596 1088 2654 illud
1112 2613 1295 2656 nonne
1320 2598 1582 2668 divinum,
1610 2601 1751 2672 quod
1781 2602 1834 2656 in
1865 2610 2010 2656 tanta

2118 1950 2319 2017 trahas,
2351 1951 2723 2022 imperfectum
2751 1953 2812 2008 tit
2832 1953 3052 2022 animal,
3078 1968 3142 2011 ac
3171 1954 3373 2012 debile.
3406 1955 3509 2013 Ubi
3535 1965 3724 2013 autem

2117 2045 2288 2111 ratio,
2337 2052 2394 2100 et
2441 2058 2631 2100 manus
2673 2054 2790 2112 est,
2822 2055 2931 2101 tam
2970 2060 3079 2101 non
3104 2055 3190 2103 est
3231 2046 3285 2103 id
3311 2049 3722 2117 necessarium,

2116 2151 2276 2207 quam
2304 2135 2674 2192 indumentum
2700 2137 2930 2207 pilorum
2962 2155 2976 2192 :
3004 2139 3142 2195 adeo
3168 2139 3223 2194 in
3241 2154 3342 2196 suo
3366 2156 3599 2213 qumque
3624 2157 3725 2214 ge-

2118 2242 2249 2283 nere
2268 2228 2547 2299 aptissime
2560 2238 2888 2299 congruunt,
2914 2237 2972 2285 ut
2989 2245 3165 2301 neque
3180 2231 3327 2288 nudo
3345 2231 3725 2306 quadrupede,

2123 2335 2299 2391 neque
2352 2320 2574 2376 homine
2619 2329 2761 2376 tecto
2815 2322 3109 2395 excogitari
3159 2323 3452 2396 quidquam
3504 2326 3726 2398 turpius

2123 2415 2316 2484 possit.
2710 2474 2716 2481 ,

2190 2504 2299 2559 Sed
2329 2513 2507 2560 tamen
2531 2519 2652 2559 cum
2674 2504 2789 2575 ipsa
2819 2506 3032 2561 nnditas
3061 2505 3296 2563 hominis
3318 2508 3458 2566 mire
3493 2509 3562 2565 ad
3594 2511 3722 2582 pul-

2116 2597 2475 2654 chritudinem
2503 2598 2698 2665 valeat,
2725 2614 2831 2653 non
2859 2607 3037 2655 tamen
3061 2599 3225 2656 etiam
3256 2600 3422 2674 capiti
3446 2616 3726 2677 congrue.

1764 2716 2129 2776 VARIORUM
2166 2713 2398 2773 NOTE.

493 2854 598 2928 Per
623 2870 768 2928 quas.
798 2853 889 2911 Sic
906 2854 1264 2928 reposuiuex
1311 2870 1442 2910 mss.
1470 2855 1505 2909 2
1537 2856 1696 2923 Bon.,
1718 2857 1755 2911 2
1776 2856 1933 2928 Reg.,
1967 2858 2003 2912 2

417 2925 684 2992 Colhert.,
713 2925 872 2988 Tax..
903 2926 1116 2991 Baluz.,
1144 2925 1358 2992 Marm.,
1401 2927 1637 2983 Clarom.
1689 2944 1720 2981 a
1765 2925 2002 2985 secunda

420 3012 585 3055 manu
603 3039 619 3064 ,
650 3005 706 3054 et
732 2997 892 3055 editis
916 2998 1174 3068 quinque.
1203 2997 1373 3053 Recte
1410 3007 1467 3052 ut
1518 3007 1647 3068 puto
1666 3040 1683 3065 ,
1712 2998 2002 3055 referendo

2106 2864 2327 2930 pectunt.
2356 2853 2672 2930 Lactantius
2687 2869 2840 2930 saepe
2852 2855 3117 2930 ejusmodi
3139 2855 3406 2930 adjective
3437 2858 3509 2914 ita
3532 2861 3714 2930 ponit.

2092 2927 2223 2980 ~lloc
2271 2926 2609 3003 libro__,_cap.
2644 2926 2678 2981 8
2712 2944 2726 2981 :
2758 2926 3089 3003 ddspeciem
3115 2928 3305 3003 nullus
3329 2939 3412 3003 est
3442 2926 3726 3003 perfectior

2111 3013 2374 3070 numerus.
2405 2996 2538 3051 Ibid.
2565 3013 2578 3049 :
2603 3013 2710 3070 quo
2735 2998 2868 3070 nihil
2897 2998 2967 3051 ad
2986 2998 3206 3070 speciem
3234 2996 3548 3070 ftedius,'ad'
3567 3019 3725 3058 usum

423 3069 705 3140 advenas;
732 3084 831 3123 nec
878 3066 1172 3140 miale,‘per
1211 3084 1335 3138 quos
1365 3069 1417 3123 in
1448 3066 1634 3140 decem
1676 3071 1938 3140 vulgatis,
1961 3066 2079 3129 siC
2111 3068 2345 3140 inutilius
2364 3084 2387 3140 ;_
2429 3081 2555 3140 cap.
2592 3067 2700 3122 1οτ
2733 3068 2815 3121 Ad
2870 3066 3022 3123 usum
3064 3066 3344 3140 digitorum
3393 3072 3721 3140 tractabilis;

422 3139 629 3196 referas
647 3140 714 3194 ad
734 3141 887 3195 rivos.
921 3139 1050 3211 Mss.
1073 3139 1259 3211 decem
1283 3154 1404 3194 cum
1428 3139 1557 3195 edit.
1587 3141 1743 3196 Rom.
1770 3139 1858 3211 per
1872 3158 2004 3208 quae.

499 3211 634 3267 Setis
676 3211 964 3283 adaperuit.
1006 3209 1264 3283 Reitnm._
1300 3226 1491 3283 prave,
1542 3223 1668 3266 satis
1721 3209 2005 3283 adaptavit.

423 3280 600 3339 Betui.
630 3283 848 3353 operuit.
873 3281 991 3337 Lib.
1024 3297 1094 3336 vn
1121 3323 1136 3347 ,
1164 3296 1213 3337 c.
1238 3281 1309 3353 27
1333 3298 1347 3334 :
1376 3281 1642 3353 adoperta.

495 3351 815 3425 Insignibus.
832 3353 996 3425 Deest
1022 3353 1074 3406 in
1106 3368 1210 3407 ms.
1231 3352 1362 3425 Bov.

497 3422 929 3496 _Ima‘giuis.rMss.
957 3425 990 3478 7
1028 3439 1152 3479 cum
1207 3423 1337 3496 edit.
1389 3423 1465 3496 Is.
1520 3424 1722 3481 habent
1748 3426 2007 3496 imaginis.

428 3497 456 3552 1
480 3494 747 3560 Colbert.,
776 3495 1022 3566 imagines
1046 3536 1060 3556 .
1080 3565 1084 3566 ί
1107 3494 1387 3551 mendose.
1426 3494 1622 3551 Cmteri
1664 3511 1796 3550 mss.
1827 3494 1884 3551 et
1911 3511 2011 3551 ex-

426 3568 540 3624 cusi
563 3608 579 3634 ,
603 3565 965 3621 animantium.
991 3565 1127 3632 Quid
1167 3566 1212 3620 si
1244 3566 1389 3635 legas
1411 3606 1426 3631 ,
1457 3567 1851 3621 innumerabiles
1880 3568 2013 3621 ima—

426 3636 872 3710 ginurnprteferat
899 3638 1186 3710 varietates.
1202 3635 1263 3710 In
1285 3638 1555 3707 plerisque
1571 3639 1717 3710 enim
1738 3637 2014 3710 codicibus

426 3706 513 3766 cst
534 3706 903 3774 animantium,
936 3706 1074 3765 forte
1101 3723 1200 3777 pro
1228 3706 1541 3780 imaginum;
1559 3719 1614 3764 et
1643 3708 2011 3780 legiturinfra,

427 3781 698 3851 multiplex
726 3780 989 3851 diversitas
1020 3780 1355 3851 ﬁguratorum
1382 3789 1474 3834 est.

502 3848 776 3923 Prieferat.
808 3850 885 3923 lita
912 3848 1121 3923 restitui
1149 3865 1216 3905 ex
1245 3850 1275 3903 7
1292 3850 1452 3923 editis
1470 3848 2011 3923 omnibusque_mss.,

429 3920 650 3992 dempto
680 3937 787 3976 uno
813 3921 1019 3992 Regio.
1049 3922 1101 3974 in
1129 3936 1270 3989 quo,
1303 3921 1522 3976 sicutin
1543 3920 1735 3976 decem
1761 3920 2012 3991 vulgatis,

429 4002 516 4050 est
540 3990 797 4063 perferat;
822 3993 875 4047 in
903 3990 930 4047 1
962 3990 1203 4048 Colbert.
1240 3995 1488 4061 proferat.
1686 4061 1741 4063 μ
1862 3990 1873 3991 ί
1968 4058 1971 4061 ,

553 4061 702 4118 adem
726 4063 882 4118 series
926 4072 972 4117 et
1000 4063 1126 4117 ordo
1167 4062 1507 4117 membrorum
1545 4070 1637 4117 est.
1686 4061 1903 4117 Phrasis
1933 4072 2018 4118 est

430 4134 801 4199 Lactantiana,
828 4148 952 4204 quas
979 4133 1140 4188 simili
1167 4133 1387 4204 gaudet.
1415 4132 1553 4188 Infra
1581 4146 1702 4200 cap.
1732 4133 1838 4187 1οε
1865 4137 2015 4203 pedes

431 4207 534 4260 duo
559 4215 609 4261 et
637 4206 757 4272 item
784 4203 985 4259 manus.
1014 4204 1168 4259 Alius
1194 4203 1454 4273 dixisset,
1476 4214 1524 4259 et
1548 4204 1681 4258 idem
1707 4204 1833 4259 ordo
1859 4222 2017 4260 mem-

432 4277 704 4333 brorum...
739 4284 785 4330 et
815 4275 933 4329 dua:
951 4276 1072 4330 item
1099 4292 1301 4330 manus.
1584 4318 1587 4321 .

505 4347 770 4403 Subnexa.
802 4346 932 4401 Mss.
963 4346 999 4400 2
1028 4346 1162 4401 Bon.
1188 4347 1426 4402 subnixa.

506 4417 745 4474 Femina.
768 4416 959 4473 Nullus
983 4416 1191 4485 dubito,
1214 4418 1342 4488 quin
1370 4419 1450 4473 sic
1475 4419 1755 4486 scripserit
1781 4421 2015 4476 Lactan-

433 4490 543 4547 tius
575 4507 588 4543 :
620 4489 739 4560 quis
790 4490 937 4545 enim
980 4491 1215 4559 femora,
1266 4504 1455 4560 vocem
1499 4492 1632 4546 nulli
1681 4507 1786 4548 non
1834 4502 2014 4547 notam

434 4561 456 4635 (
485 4576 606 4633 qua:
635 4558 833 4635 novem
851 4573 962 4614 ree.
991 4573 1122 4635 mss.
1150 4568 1206 4613 et
1233 4558 1502 4635 editorum
1533 4571 1616 4618 est
1632 4561 1938 4635 )_mutasset
1960 4564 2016 4619 in

434 4629 629 4704 femina
648 4674 664 4700 ,
693 4631 835 4704 quod
886 4638 981 4704 est
1018 4630 1054 4684 5
1080 4629 1324 4704 Reg.,__2
1376 4632 1610 4698 Bonon.,
1632 4629 1830 4697 'Cauc.,
1859 4634 2018 4697 Tax..

437 4699 465 4758 1
495 4699 679 4769 Colb.,
707 4702 919 4763 Balttz.,
946 4700 1113 4773 Brt_t_n.
1139 4699 1196 4755 In
1236 4701 1428 4757 Marm.
1468 4713 1523 4758 et
1562 4705 1799 4759 Clarom.
1832 4714 1916 4759 est
1944 4705 2022 4773 [e-

436 4774 700 4847 moralia,
719 4770 1163 4847 corrupte:_Vide
1206 4788 1429 4847 quoque
1474 4776 1815 4847 feminum...
1855 4770 2023 4847 longi-

437 4844 584 4910 tudo,
618 4843 780 4904 infra.
812 4858 931 4913 cap.
968 4842 1037 4898 15
1059 4883 1073 4906 ,
1098 4843 1258 4913 paulo
1285 4842 1406 4914 post
1430 4842 1658 4901 initium.

510 4915 813 4987 Solum.At
843 4914 895 4968 in
918 4929 1020 4968 ms.
1046 4914 1176 4987 Bov.
1204 4915 1336 4980 sola,
1358 4916 1526 4985 idque
1553 4919 1683 4972 satis
1709 4927 1850 4987 apte.

510 4985 577 5057 In
604 5003 686 5042 eo.
715 4985 857 5042 Scite
872 4985 1245 5052 quamplurimi
1270 5002 1397 5042 mss.
1425 4985 1849 5057 vetuStioresque
1869 4988 2021 5042 editi.

436 5057 496 5113 In
523 5056 557 5111 5
589 5072 717 5128 mss.
749 5072 857 5128 rec.
882 5065 936 5110 et
964 5057 1120 5110 editis
1152 5058 1218 5113 10
1239 5058 1291 5111 in
1314 5074 1420 5120 ore,
1447 5059 1652 5128 ingrata
1680 5056 2021 5128 repetitione,

436 5127 701 5198 siquidem
724 5127 884 5182 modo
907 5128 1197 5196 prmcessit,
1227 5145 1285 5183 os
1306 5127 1521 5198 quoque.

513 5197 896 5270 Figuratorum.
929 5198 1003 5251 lta
1033 5214 1102 5270 ex
1116 5214 1267 5270 mss.
1316 5197 1349 5254 4
1385 5200 1555 5270 Reg.,
1597 5199 1630 5254 6
1671 5198 1946 5264 Colbert.,
1986 5201 2023 5255 4

439 5266 640 5335 Oxon.,
664 5266 846 5329 Coth..
866 5269 1039 5337 Lips.,
1066 5268 1326 5335 Clarum,
1360 5266 1508 5336 Emi,
1531 5269 1779 5337 Cantab.,
1806 5270 2020 5336 Marm.,

439 5342 628 5407 Brun.,
662 5341 1155 5412 vetustioribusque
1175 5340 1335 5396 editis
1359 5344 1613 5408 reposui;
1661 5341 1715 5395 in
1741 5343 1776 5395 2
1805 5341 1935 5412 Reg.
1968 5350 2025 5397 et
2070 5372 2079 5379 -

438 5412 623 5468 Baluz.
653 5411 940 5477 multisque
960 5411 1190 5480 vulgatis
1217 5420 1300 5464 est
1321 5412 1624 5477 ﬁgurarum.

512 5481 579 5537 In
602 5483 682 5537 sui
705 5498 886 5553 genere
930 5491 976 5535 et
1005 5483 1188 5549 specie.
1223 5481 1577 5553 Restituimus
1601 5482 1711 5553 sui,
1743 5497 1811 5538 ex
1840 5491 2026 5537 vetus-

438 5553 662 5611 tioribus
678 5551 833 5608 editis
858 5562 914 5608 et
935 5567 1066 5606 mss.
1090 5553 1123 5608 6
1139 5552 1346 5622 Βρεηό
1361 5551 1622 5619 Colbert.,
1651 5552 1841 5615 Cauc.,
1867 5555 2022 5621 Pen.,

436 5624 577 5683 Ultr.
606 5634 661 5680 et
690 5625 716 5678 1
748 5623 884 5696 Bon.
912 5623 1078 5696 antiq.
1111 5622 1164 5696 in
1193 5639 1300 5692 quo
1330 5633 1412 5696 est
1436 5624 1490 5677 in
1517 5626 1593 5678 sui
1624 5626 1819 5694 generis
1839 5626 2021 5696 specie.

434 5696 493 5753 In
515 5696 550 5751 5
578 5710 688 5749 ree.
720 5702 775 5767 et
806 5695 857 5747 in
887 5693 1097 5767 cunctis
1126 5691 1291 5767 (eripe
1320 5695 1575 5764 vulgatis,
1621 5691 1675 5749 in
1715 5712 1808 5749 suo
1847 5691 2028 5767 genere

436 5775 485 5823 et
505 5767 689 5835 specie.
723 5764 883 5818 Deest
907 5762 1097 5831 copula
1130 5764 1245 5835 in?)
1270 5780 1400 5819 mss.
1417 5762 1480 5819 et
1500 5767 1536 5822 2
1556 5767 1737 5821 editis.

513 5834 665 5893 Nihil
690 5835 978 5905 impeditius
1000 5836 1066 5887 ad
1087 5834 1375 5903 utilitatem,
1396 5837 1524 5893 nihil
1553 5838 1831 5908 deformius
1854 5840 1921 5894 ad
1942 5856 2026 5894 as-

2114 3138 2246 3214 ibid.
2274 3157 2298 3214 Ξ
2318 3137 2557 3214 Illud‘ad
2586 3154 2734 3193 usum
2763 3140 2909 3193 miris
2935 3139 3101 3214 modis
3122 3137 3331 3214 habile;
3355 3142 3424 3214 de
3455 3142 3559 3214 Ira.
3592 3137 3720 3214 cap.

2115 3208 2184 3263 10
2215 3226 2226 3261 :
2260 3208 2374 3275 Quo
2401 3209 2533 3281 nihil
2557 3218 2717 3276 potest
2748 3226 2855 3264 esse
2880 3226 2972 3264 nec
3019 3211 3319 3280 dispositius
3348 3213 3416 3265 ad
3438 3208 3682 3268 ordinem
3704 3253 3722 3281 ,

2114 3296 2206 3333 nec
2226 3282 2398 3353 aptius
2411 3279 2480 3333 ad
2490 3281 2783 3353 utilitatem,
2808 3296 2898 3335 nec
2919 3279 3152 3337 ornatius
3165 3284 3233 3336 ad
3253 3279 3716 3353 pulchritudinem,

2114 3367 2207 3405 nec
2229 3351 2397 3419 majus
2427 3352 2497 3404 ad
2516 3351 2718 3405 molem.
2745 3353 2880 3407 BUN.

2187 3420 2463 3477 Exhibeat.
2500 3421 2719 3491 Legitur
2747 3423 2891 3490 apud
2921 3425 3214 3480 Buneman.
3244 3423 3513 3490 exigebat;
3541 3433 3601 3481 et
3627 3426 3722 3482 ille

2116 3493 2197 3565 sic
2220 3495 2483 3548 rationem
2515 3492 2691 3565 reddit
2723 3493 2883 3565 hujus
2911 3496 3187 3551 variantis.
3215 3524 3288 3535 —-
3316 3494 3591 3565 Exigebat.
3623 3497 3720 3553 Sic

2116 3562 2221 3618 edo
2250 3580 2317 3619 ex
2346 3563 2701 3637 Bon.,_'l‘ax.,
2734 3563 2899 3630 Isaac,
2942 3567 3088 3637 quod
3106 3565 3308 3637 'Spark.
3344 3576 3402 3622 et
3421 3562 3716 3622 'ﬂeuman.

2117 3636 2489 3708 comprobant.
2516 3635 2753 3708 Reimm.
2783 3645 2839 3690 et
2865 3635 3363 3708 reliqui,ea:hibeat,
3394 3638 3541 3708 quod
3566 3640 3718 3695 vale-

2117 3706 2536 3779 retiidemquod
2567 3722 2755 3779 supra,
2788 3710 3053 3779 praeferat.
3088 3707 3224 3779 Bon.

2193 3776 2415 3831 Maculis
2460 3786 2601 3847 terga
2630 3776 2875 3831 distincti.
2901 3776 3252 3833 'Graacismus
3299 3786 3386 3834 est
3412 3818 3430 3846 ,
3480 3776 3717 3835 disiirrcti

2118 3848 2296 3919 quoad
2322 3858 2465 3919 terga
2491 3851 2702 3903 attinet.
2898 3917 2919 3919 ﬂ
2968 3918 2973 3919 γ
2998 3882 3005 3889 -

2122 3917 2149 3927 ”
2190 3917 2537 3989 Squamarum
2563 3920 2782 3974 levitate
2814 3917 3033 3986 sit/fulti.
3071 3917 3338 3975 Cellarius
3377 3918 3592 3976 dubitat
3646 3937 3715 3977 an

2110 3990 2351 4063 sincere.
2385 3990 2477 4063 Sic
2498 4006 2625 4063 vero
2648 4005 2862 4063 omnes,
2892 3991 2944 4044 in
2969 3991 3165 4063 quibus
3187 3991 3400 4046 meliori
3424 3993 3715 4063 orthogra-

2120 4060 2243 4130 phia
2271 4061 2484 4127 Parrh.,
2507 4062 2682 4116 Betui.
2708 4070 2763 4117 et
2782 4061 2948 4116 Torn.
2972 4062 3111 4117 1587
3125 4078 3454 4131 squamarum
3470 4060 3712 4129 lwuiiate,

2120 4147 2217 4201 per
2255 4148 2320 4186 te.
2354 4132 2445 4188 Sic
2470 4136 2537 4188 de
2563 4132 2668 4198 Ira,
2699 4147 2819 4199 cap.
2851 4133 2941 4198 10,
2970 4132 3232 4200 ιωυὶηιάο,
3260 4143 3320 4188 ut
3343 4132 3450 4201 hic,
3483 4135 3717 4190 Izevitate

2119 4203 2174 4258 in
2206 4203 2441 4258 lubricos
2472 4213 2693 4258 tractus.
2722 4203 2812 4258 Sic
2841 4203 3079 4274 Plinius,
3111 4204 3204 4258 lib.
3232 4220 3293 4267 ιι,
3323 4219 3443 4274 cap.
3474 4205 3530 4273 3,
3561 4205 3713 4259 lavi-

2121 4283 2221 4345 tate
2259 4274 2508 4328 lubricum
2532 4290 2716 4343 corpus
2759 4273 3101 4345 serpentibus
3129 4274 3468 4345 tribuitiNee
3506 4275 3712 4342 sulfulti

2119 4344 2281 4402 debet
2300 4360 2422 4401 esse
2442 4355 2771 4417 suspectum.
2796 4344 2990 4401 Noster
3014 4359 3136 4415 cap.
3155 4344 3212 4412 2,
3240 4344 3457 4413 suﬁ’ulta
3475 4347 3707 4471 υὲθιιιίε.

3549 4433 3634 4471 un.

3549 4433 3634 4473 οη.

2042 4457 2095 4517 D
2166 4486 2532 4559 rAcumirtavit.
2563 4487 2641 4542 De
2659 4487 2758 4543 hac
2810 4486 3192 4559 vocerconsule
3217 4457 3708 4559 Savaronem‘rqui

2122 4558 2275 4629 plura
2298 4559 2543 4627 exempla
2558 4559 2854 4629 collegitad
2873 4558 3061 4613 Sidon.
3086 4558 3182 4613 lib.
3202 4574 3293 4625 vn,
3317 4568 3372 4614 et
3386 4558 3453 4613 ad
3481 4559 3572 4614 lib.
3591 4575 3703 4615 VIII.

2195 4629 2257 4683 Si
2284 4629 2539 4682 detrahas.
2567 4629 2656 4686 Sic
2681 4631 2897 4697 reposui
2929 4645 2998 4687 ex
3033 4629 3282 4684 omnibus
3303 4644 3431 4686 mss.
3455 4640 3510 4684 et
3533 4630 3568 4685 5
3597 4630 3711 4687 edi-

2124 4699 2221 4770 tis.
2241 4699 2296 4754 In
2331 4700 2575 4754 undecim
2599 4700 2827 4770 vulgatis
2851 4712 2955 4767 est,
2986 4701 3031 4754 si
3055 4701 3310 4755 detrahet.

2199 4768 2261 4824 In
2287 4786 2379 4824 suo
2404 4786 2615 4841 quisque
2643 4768 2841 4841 genere.
2870 4770 2945 4826 Ita
2974 4771 3253 4826 emendavi
3288 4785 3355 4827 ex
3382 4786 3512 4827 mss.
3544 4771 3704 4835 Bon.,

2122 4841 2157 4895 4
2189 4841 2388 4911 Regiis,
2426 4840 2572 4908 Em.,
2605 4840 2770 4897 Bruti.
2800 4851 2853 4897 et
2868 4844 2996 4899 edit.
3026 4842 3211 4911 Rom,
3242 4841 3472 4907 Grani!"
3501 4843 3705 4905 Betul.,

2124 4908 2376 4974 Tornes.,
2403 4913 2696 4978 Soubron.,
2717 4912 2754 4966 2
2772 4914 2968 4980 Paris.,
2987 4908 3082 4974 Is'.,
3106 4909 3325 4976 Cellar.,
3349 4911 3588 4976 Walch..
3608 4928 3706 4981 ap-

2121 4983 2475 5053 probantibus
2516 4984 2758 5064 Betuleio
2802 4995 2857 5040 et
2885 4983 3134 5040 Francio.
3167 4982 3226 5038 In
3262 4985 3476 5040 caeteris
3516 4984 3706 5056 legitur

2159 5071 2338 5116 uoque.

2122 5071 2390 5195 ᾳηῗιὲδῗίι.
2435 5124 2657 5182 Correxi
2687 5142 2753 5181 ex
2785 5141 2914 5181 mss.
2941 5134 2997 5180 et
3020 5124 3268 5181 omnibus
3290 5125 3403 5182 fere
3437 5124 3618 5181 editis.
3648 5124 3704 5179 In

2125 5196 2160 5252 5
2183 5197 2409 5265 vulgatis
2428 5212 2538 5251 rec.
2564 5197 2788 5253 habetur
2810 5205 2994 5268 posset.

2200 5264 2307 5322 Sed
2341 5269 2507 5322 tamen
2537 5284 2670 5322 cum.
2705 5264 2953 5323 Additum
2987 5266 3124 5336 Sed,
3172 5282 3237 5323 ex
3268 5282 3401 5325 mss.
3428 5267 3464 5322 2
3490 5264 3706 5337 Reg..2

2126 5339 2362 5405 Bonon.,
2394 5339 2551 5404 'l‘ax.,
2578 5339 2614 5392 2
2640 5339 2902 5404 Colbert.,
2924 5338 3132 5406 Baluz.,
3151 5337 3389 5395 Claram.
3421 5354 3452 5393 a
3473 5337 3702 5395 secunda

2128 5425 2310 5474 manu,
2340 5409 2572 5465 eteditis
2598 5411 2855 5479 quinque.
2885 5408 3108 5465 Caeteris
3135 5408 3309 5465 deest.
3344 5409 3450 5467 Sed
3479 5426 3597 5464 cum
3623 5417 3702 5461 ta-

2097 5491 2240 5535 ‘meu
2265 5481 2379 5549 ipsa
2404 5480 2607 5536 auditas
2631 5481 2870 5549 hominis,
2889 5492 2994 5536 etc.
3020 5480 3155 5535 Hinc
3170 5479 3325 5546 forte,
3350 5481 3493 5551 quod
3515 5490 3702 5536 statua:

2128 5552 2284 5607 nudae
2312 5552 2517 5623 Graecis
2548 5553 2866 5619 placuerint,
2895 5552 3016 5623 quia
3050 5551 3125 5605 illi
3146 5551 3294 5623 nihil
3320 5550 3518 5606 velant.
3566 5550 3698 5605 Plin.

2127 5638 2310 5686 xxxiv,
2341 5626 2373 5677 5
2406 5641 2420 5678 :
2456 5622 2722 5688 Placuere,
2755 5622 2947 5692 inquit,
2975 5631 3023 5677 et
3046 5622 3218 5688 nudas,
3252 5633 3469 5678 tenentes
3510 5624 3703 5676 hastam

2127 5699 2190 5747 ab
2218 5694 2522 5761 epheborum
2541 5711 2568 5748 e
2590 5695 2867 5765 gymnasiis
2890 5693 3285 5764 exemplaribus.
3301 5711 3430 5765 quas
3451 5692 3703 5765 Achilleas

2128 5775 2327 5819 vocant.
2374 5765 2553 5820 Graeca
2593 5762 2674 5820 res
2698 5776 2771 5819 est
2798 5766 2926 5820 nihil
2954 5762 3140 5819 velare.
3174 5762 3406 5820 Romana
3433 5781 3495 5818 ac
3522 5762 3706 5818 milita-

2128 5839 2200 5893 ris
2229 5836 2463 5893 thoracas
2485 5837 2692 5894 addere.
2727 5836 2789 5893 Et
2829 5837 2965 5892 hanc
2986 5836 3278 5895 nuditatem
3305 5838 3359 5892 iu
3387 5835 3540 5909 signo
3564 5833 3708 5891 senis
