3912 6256
144 252 217 308 37
967 253 1120 308 CAP.
1172 250 1311 306 vnt.
1357 248 1445 305 ne
1485 246 1650 304 non.
1694 245 2055 317 PARTIBUS,
2085 249 2351 322 ocnus,
2395 251 2718 349 Αυιιιιιυς»ἱ
2798 242 2815 252 ’
3377 256 3448 313 ss

149 365 288 418 cium
328 364 685 422 constitutum
730 372 845 433 est,
876 366 1019 422 sicut
1047 368 1098 421 in
1132 368 1305 422 oculis
1327 364 1576 429 videndi;
1606 377 1745 433 quo-
1773 367 1822 425 Α
1853 365 2188 422 manifestius
2219 344 2302 422 est
2330 376 2565 423 mentem
2595 338 2736 435 esse,
2761 382 2880 439 quae
2907 381 3004 438 per
3029 367 3215 424 oculos
3240 381 3303 425 ea
3328 384 3450 441 qua:
3472 398 3509 415 ρ
3607 338 3771 418 (δίωμ-

148 471 262 511 rum
294 459 569 529 praecipue
613 458 1005 529 inexplicabilis
1043 469 1127 514 est
1167 473 1231 513 ac
1268 458 1404 512 mira
1435 455 1742 522 subtilitas,

149 555 270 619 quia
301 565 491 606 eorum
541 551 706 608 orbes
745 566 1082 622 gemmarum
1115 549 1521 616 similitudinem
1547 546 1744 618 praefe-

149 653 369 707 rentes.
396 643 462 698 ab
491 657 553 699 ea
584 653 741 715 parte
771 660 875 714 qua
905 641 1194 698 videndum
1241 641 1374 706 fuit,
1420 637 1748 695 membranis

152 735 553 805 perlucentibus
582 737 755 805 texit,‘
787 747 845 793 ut
892 737 1154 810 imagines
1182 752 1362 792 rerum
1390 744 1576 793 contra
1606 734 1749 804 posi-

154 837 330 885 tarum
357 840 604 903 tanquam
637 832 692 887 in
733 831 955 903 speculo
1000 831 1363 901 refulgentes,
1411 829 1476 884 ad
1527 841 1749 883 sensum

154 922 400 978 intimum
432 932 799 994 penetrarent.
832 924 935 980 Per
961 926 1053 979 eas
1078 924 1240 995 igitur
1266 922 1606 978 membranas
1628 936 1750 976 sen-

155 1028 245 1069 sus
271 1015 363 1070 ille
384 1058 398 1082 ,
428 1015 751 1106 qui'dicitur
776 1029 967 1080 mens,
1009 1030 1070 1070 ea
1102 1029 1222 1085 quae
1253 1023 1376 1069 sunt
1409 1013 1539 1068 foris
1568 1021 1750 1067 trans-

153 1109 299 1179 picit.
330 1108 408 1165 Ne
443 1108 583 1165 forte
610 1108 923 1174 existimes,
970 1118 1061 1163 aut
1107 1107 1400 1179 imaginum
1443 1106 1751 1162 incursione

153 1219 248 1259 nos
277 1217 507 1260 cernere
527 1204 605 1276 (ut
630 1203 939 1275 pltilosojihi
967 1203 1236 1273 dixerunt)
1259 1201 1511 1273 quoniam
1534 1198 1752 1255 videndi

130 1293 388 1349 .ofiicinm
414 1294 471 1350 in
500 1310 567 1351 eo
596 1295 757 1351 debet
785 1309 906 1350 esse
933 1293 1075 1364 quod
1108 1293 1275 1361 videt,
1308 1307 1416 1347 non
1444 1293 1495 1346 in
1521 1306 1586 1347 eo
1608 1290 1753 1362 quod

154 1387 362 1444 videtur
401 1406 414 1442 :
459 1397 551 1443 aut
600 1388 898 1444 intentione
947 1387 1125 1451 acris,
1155 1402 1278 1442 cum
1328 1382 1575 1442 acie'aut
1620 1384 1754 1440 effu-

155 1481 307 1538 sione
335 1483 642 1550 mdiorum,
674 1484 924 1556 quoniam
943 1523 959 1550 ,
983 1483 1028 1537 si
1054 1482 1126 1537 ita
1156 1488 1331 1549 esset,
1360 1480 1567 1536 radium
1591 1494 1753 1552 quem

156 1576 325 1629 oculis
356 1574 719 1641 advertimus,
769 1575 1107 1640 videremus,
1153 1573 1325 1629 donec
1376 1574 1614 1628 intentus
1659 1586 1754 1628 aer

158 1680 278 1722 eum
307 1666 423 1723 acie
441 1709 455 1733 ,
483 1674 573 1722 aut
598 1665 754 1723 effusi
780 1666 917 1722 radii
943 1666 1010 1722 ad
1035 1665 1089 1722 id
1116 1665 1263 1737 quod
1288 1663 1577 1721 videndum
1604 1667 1752 1721 esset

162 1759 527 1826 pervenirent.

234 1848 371 1904 Cum
396 1861 567 1907 autem
592 1847 873 1906 videamus
917 1836 1109 1906 eodem
1155 1856 1432 1905 momento
1471 1848 1749 1919 temporis,

160 1942 477 2014 plerumque
526 1957 658 2000 vero
696 1942 842 1999 aliud
889 1950 1148 2014 agentes,
1180 1941 1535 1997 nihilominus
1578 1950 1756 1996 tamen

158 2036 407 2092 universa
438 2050 561 2107 qua:
585 2043 776 2092 contra
806 2043 931 2091 sunt
959 2035 1131 2105 posita
1156 2034 1475 2101 intueamur,
1497 2034 1680 2088 verius
1705 2043 1760 2088 et

1849 465 1974 512 sunt
2003 459 2284 529 opposita,
2330 462 2682 531 transpiciat,
2716 463 2867 531 quasi
2919 476 3016 531 per
3059 463 3324 516 fenestras
3368 461 3452 516 lu-

1849 562 2005 608 cente
2045 554 2207 619 vitro,
2255 563 2347 609 aut
2397 555 2663 625 Speculari
2715 554 2890 624 lapide
2921 553 3202 610 obductas.
3254 555 3322 609 Et
3366 554 3455 609 id-

1850 645 1995 700 circo
2023 661 2197 713 mens,
2235 654 2288 700 et
2313 647 2562 702 voluntas
2608 664 2673 702 ex
2714 648 2885 703 oculis
2915 663 3061 718 stupe
3093 647 3451 718 dignoscitur.

1852 738 2009 808 Quod
2032 740 2246 811 quidem
2271 748 2326 795 ut
2346 739 2619 796 refelleret
2640 741 2943 805 Lucretius,
2972 738 3307 811 ineptissimo
3327 754 3457 796 usus

1851 840 1934 886 est
1961 840 2294 899 argumento.
2338 832 2393 886 Si
2422 836 2568 887 enim
2595 847 2750 887 mens
2783 830 2998 905 (inquit)
3031 846 3126 902 per
3150 832 3336 888 oculos
3366 832 3451 887 vi-

1852 922 1964 991 det,
1997 924 2162 979 erutis
2191 910 2245 979 ἐι
2270 923 2480 979 effossis
2511 926 2680 980 oculis
2714 926 2899 995 magis.
2923 925 3168 989 videret;
3197 925 3455 997 quoniam

1854 1018 2056 1072 eruisse
2104 1030 2226 1071 cum
2270 1019 2513 1088 postibus
2565 1017 2707 1075 fores
2756 1019 2877 1089 plus
2924 1017 3160 1075 inferunt
3205 1019 3456 1088 luminis,

1854 1114 2101 1183 quam"si
2145 1113 2339 1168 fuerint
2385 1114 2652 1170 obductae.
2688 1114 2947 1171 Nimirum
2988 1116 3126 1186 ipsi,
3169 1117 3252 1172 vel
3283 1117 3461 1187 potius

1856 1204 2114 1276 Epicuro,
2144 1207 2233 1276 qui
2265 1222 2387 1261 eum
2421 1207 2636 1274 docuit,
2670 1207 2853 1263 effossi
2884 1209 3025 1263 oculi
3065 1217 3250 1276 erant,
3288 1223 3357 1265 ne
3381 1208 3462 1263 vi-

1856 1297 2068 1365 derent,
2095 1297 2320 1353 effossos
2349 1298 2529 1365 orbes,
2562 1309 2615 1353 et
2645 1303 2829 1370 r‘uptas
2870 1299 3151 1354 oculorum
3185 1300 3367 1368 fibras,
3404 1310 3462 1355 et

1857 1389 2114 1445 fluentem
2144 1406 2240 1461 per
2273 1406 2437 1446 venas
2466 1392 2804 1460 sanguinem,
2835 1400 2887 1447 et
2915 1400 3222 1449 crescentes
3250 1408 3316 1449 ex
3344 1392 3463 1447 vul-

1858 1482 2095 1537 neribusv
2113 1497 2327 1550 carnes,
2378 1491 2432 1537 et
2478 1483 2739 1538 obductas
2783 1483 2848 1537 ad
2897 1483 3143 1539 ultimum
3189 1484 3467 1542 cicatrices

1859 1572 1993 1627 nihil
2021 1587 2180 1643 posse
2216 1573 2351 1627 lueis
2381 1572 2690 1641 admittere,
2717 1573 2817 1629 nisi
2844 1571 2982 1629 forte
3031 1574 3251 1630 auribus
3281 1574 3469 1631 oculos

1859 1664 2063 1720 similes
2090 1665 2236 1719 nasci
2264 1664 2510 1731 volebat;
2562 1673 2619 1719 ut
2655 1679 2764 1719 nou
2803 1673 2912 1719 tam
2957 1663 3150 1731 oculis,
3181 1680 3340 1736 quam
3388 1666 3470 1721 fo-

1784 1746 1836 1808 B
1862 1757 2160 1813 raminibus
2185 1758 2563 1813 conteremus":
2589 1772 2695 1829 quo
2720 1754 2854 1813 nihil
2882 1758 2949 1813 ad
2978 1756 3217 1829 speciem
3248 1759 3467 1829 foedius,

1860 1848 1927 1905 ad
1960 1864 2116 1903 usum
2155 1848 2396 1904 inutilius
2441 1847 2560 1903 fieri
2592 1857 2788 1918 potest.
2834 1849 3164 1918 Quantulum
3207 1850 3353 1905 enim
3382 1851 3468 1906 vi-

1864 1940 1995 1996 dere
2021 1954 2325 2010 possemus,
2355 1940 2398 1995 si
2429 1954 2586 1995 mens
2629 1940 2698 1995 ab
2743 1940 2949 1996 intimis
2982 1941 3346 2010 penetralibus
3374 1955 3471 1998 ca-

1870 2033 1994 2105 pitis
2020 2047 2116 2104 per
2157 2033 2376 2105 exiguas
2406 2046 2760 2089 cavernarum
2795 2032 3017 2089 rimulas
3045 2034 3379 2111 attenderet;
3412 2041 3474 2090 ut

1483 2170 1842 2232 VARIORUM
1879 2170 2110 2230 NOTE.

158 2318 222 2373 de
251 2318 459 2383 Divin..
501 2319 612 2375 52:
642 2321 705 2376 Si
735 2321 843 2375 sine
881 2319 1043 2375 oculis
1068 2334 1173 2372 non
1203 2326 1367 2388 potest
1411 2326 1613 2371 exstare
1643 2315 1753 2388 elﬁ-

159 2392 290 2443 cium
341 2400 386 2444 et
434 2406 623 2445 munus
678 2391 964 2445 oculorum.
1000 2387 1211 2444 Ben—4
1228 2390 1457 2456 Quorum
1501 2387 1759 2457 prmeipue

155 2460 532 2528 inexplicabilis
554 2470 625 2516 est
654 2479 715 2516 ac
741 2463 871 2516 mira
897 2461 1153 2516 subtilitas
1175 2501 1189 2527 ,
1239 2469 1343 2515 etc.
1379 2459 1551 2526 Quam
1579 2457 1753 2513 subti-

154 2531 363 2585 litatem
391 2532 638 2599 miratur,
681 2542 735 2588 et
764 2533 976 2588 caeteris
1007 2533 1165 2599 longa
1195 2545 1258 2585 ac
1290 2531 1547 2598 przeelara
1572 2528 1758 2596 dispu-

156 2602 366 2674 tatione
391 2602 756 2659 admirandam
786 2604 992 2674 prtebet
1019 2598 1210 2659 Galen.
1245 2600 1342 2657 lib.
1374 2615 1431 2669 ιι,
1464 2614 1516 2655 c.
1556 2598 1630 2665 6;
1660 2598 1762 2653 Ba-

156 2672 243 2727 sil.
256 2715 273 2740 ,
311 2673 407 2728 ubi
435 2689 615 2744 supra.
642 2672 834 2730 Isms.

230 2764 550 2837 Hcmbrqnis
594 2767 973 2837 perlucentibus
1015 2767 1157 2823 texit.
1206 2764 1321 2821 Cic.
1369 2779 1408 2821 tt
1450 2762 1518 2820 de
1562 2761 1765 2819 Natura

156 2835 411 2892 deorum.
442 2834 628 2893 Imus.

231 2904 305 2961 Ut
332 2908 602 2979 imagines
645 2922 817 2963 rerum
863 2918 1040 2964 contra
1084 2908 1366 2979 positarum
1420 2914 1662 2975 tanquam
1709 2905 1763 2958 in

158 2978 369 3050 speculo
390 2978 756 3050 refulgentes,
789 2980 858 3033 ad
886 2997 1087 3034 sensum
1117 2981 1353 3034 intimum
1398 2987 1758 3050 penetrarent,

157 3058 264 3120 etc.
300 3048 722 3120 Nobilem'iilam
752 3060 912 3120 atque
942 3050 1167 3105 arduam
1192 3050 1544 3119 quaestionem
1594 3048 1761 3116 tangit

157 3119 225 3174 de
254 3118 421 3173 modo
445 3134 509 3174 ac
536 3120 744 3175 ratione
770 3118 1023 3185 videndi,
1053 3123 1104 3175 in
1145 3118 1250 3190 qua
1282 3120 1550 3190 variarum
1582 3129 1762 3190 secta-

156 3206 276 3245 rum
307 3190 586 3260 principes
632 3191 937 3264 philosophi
971 3187 1516 3264 desudarunt,.aliis
1557 3201 1653 3264 per
1681 3187 1764 3241 in-

161 3273 247 3315 tus
272 3259 700 3330 susceptionern,
735 3259 1029 3331 rursusque
1058 3262 1178 3315 aliis
1201 3276 1301 3331 per
1329 3259 1685 3331 materialium
1710 3266 1767 3312 et

158 3328 572 3403 corporearum,
613 3328 736 3388 aliis
764 3348 863 3403 per
890 3328 1219 3401 spiritalium
1242 3340 1297 3387 et
1325 3328 1765 3403 immaterialium

161 3401 350 3457 rerum
401 3402 698 3470 ittﬂttxum,
730 3401 821 3457 aut
849 3404 1107 3458 effluxum
1129 3445 1143 3469 ,
1175 3403 1437 3457 visionem
1466 3401 1580 3456 fieri
1611 3414 1762 3470 asse:

162 3473 432 3528 rentibus.
463 3473 573 3541 Qua
602 3469 690 3528 de
716 3491 776 3530 re
813 3474 966 3528 Plato
991 3474 1252 3528 videndus
1294 3474 1345 3527 in
1388 3472 1628 3536 Timzeo,
1675 3469 1768 3525 ubi

163 3544 229 3599 de
259 3545 470 3609 oculis,
501 3544 667 3599 Arist.
702 3561 775 3611 ιι,
825 3546 893 3600 de
923 3546 1101 3599 Anim.
1136 3554 1247 3599 tex.
1294 3544 1364 3599 66
1410 3552 1463 3599 et
1509 3548 1769 3612 seqq.,et

164 3614 256 3669 lib.
285 3616 360 3670 de
387 3614 546 3669 Sens.
579 3626 630 3671 et
656 3610 854 3671 Sensil.
898 3631 1016 3683 cap.
1046 3616 1107 3675 2:
1142 3616 1301 3670 Lucr.
1351 3630 1439 3679 1v;
1486 3610 1764 3683 Plutarch.

165 3684 231 3741 de
259 3686 454 3740 Placit.
486 3686 578 3740 lib.
628 3702 714 3753 tv,
760 3702 880 3755 cap.
936 3680 1036 3750 i3;
1084 3685 1224 3742 Gell.
1272 3687 1368 3742 lib.
1420 3701 1481 3750 ν,
1512 3698 1632 3752 cap.
1664 3680 1767 3755 163

166 3756 410 3811 Macrob.
447 3770 505 3810 nt
546 3752 761 3811 Saturn.
789 3752 906 3827 cap.
939 3757 1034 3821 l4;
1081 3757 1268 3811 Galen.
1317 3757 1412 3812 lib.
1447 3771 1516 3818 ι,
1545 3767 1666 3827 cap:
1702 3752 1772 3806 12

168 3838 222 3882 et
250 3828 320 3883 de
355 3826 582 3893 Placit.;
616 3827 838 3897 Hippoc.
859 3823 937 3882 et
964 3828 1172 3882 Platon.
1205 3828 1297 3883 lib.
1329 3844 1436 3889 vn,
1469 3839 1607 3897 cap._
1637 3823 1672 3897 ξ)
1715 3832 1772 3878 et

169 3914 357 3965 seqq.;
394 3893 923 3968 Avcn-Rois'Collig.
957 3899 1046 3952 lib.
1076 3913 1168 3963 ιιι,
1198 3913 1317 3968 cap.
1349 3899 1439 3953 58.
1474 3894 1611 3963 Quid
1635 3893 1771 3968 Lac-

171 3970 376 4023 tantius
401 3969 634 4033 sentiat,
666 3969 803 4023 haud
831 3965 965 4023 satis
988 3965 1352 4037 perspicuum.
1399 3970 1574 4035 Supra
1616 3965 1767 4034 posi—

168 4040 235 4094 tis
262 4038 487 4108 quidem
515 4040 694 4110 verbis
736 4041 945 4094 videtur
973 4056 1250 4103 asserere,
1297 4039 1561 4110 imagines
1580 4050 1770 4110 rerum

168 4107 463 4180 penetrare
505 4108 573 4165 ad
618 4124 831 4166 sensum
863 4110 1145 4175 intimum,
1195 4111 1244 4165 id
1277 4107 1590 4178 estrecipi
1635 4107 1774 4161 inte-

167 4181 284 4236 rius
305 4223 323 4247 ,
358 4180 502 4246 (ιιιοά
534 4196 638 4236 non
682 4181 1023 4237 Aristotelem
1051 4182 1223 4236 solum
1262 4180 1516 4236 docuisse
1536 4219 1552 4244 ,
1584 4192 1773 4233 verum

168 4253 335 4307 etiam
386 4251 665 4307 Platonem
688 4252 986 4321 gravissimi
1015 4253 1109 4307 viri
1144 4255 1538 4321 probaverunt,
1572 4248 1770 4303 Leoni-

168 4339 266 4379 cus
296 4324 353 4377 in
388 4323 681 4393 proloquiis
698 4320 998 4378 comment.
1033 4323 1099 4376 ad
1143 4322 1235 4393 lib.
1265 4323 1333 4377 de
1363 4322 1523 4378 Seus.
1553 4329 1613 4393 et
1637 4320 1776 4393 Sen—

1862 2315 1919 2371 in
1944 2330 2033 2371 res
2059 2315 2201 2389 visas
2221 2317 2463 2389 impingi,
2486 2326 2648 2389 atque
2675 2315 2745 2373 ita
2773 2316 2940 2387 ipsius
2967 2316 3109 2389 aeris
3132 2314 3469 2387 adjumento,

1865 2402 1929 2442 ac
1967 2388 2135 2460 quasi
2167 2387 2370 2444 fultura
2398 2387 2795 2460 'vectioneque,
2830 2396 2998 2460 putat,
3025 2387 3139 2442 ficri
3165 2389 3469 2460 visionem;

1867 2457 2225 2540 verberatum
2233 2461 2443 2540 quippe
2467 2476 2663 2540 laerem
2689 2457 2878 2540 illum,
2911 2459 3000 2540 qui
3033 2458 3308 2540 pupillam
3337 2457 3473 2540 con-

1871 2528 2049 2597 tingit,
2079 2527 2269 2597 aspelli
2300 2527 2685 2600 adobjectum,
2715 2531 2767 2583 in
2802 2545 2909 2653 quo
2937 2527 3065 2582 'llat‘
3087 2528 3233 2583 basis
3277 2535 3472 2594 mette,

1871 2599 2024 2653 cuius
2052 2599 2319 2653 fastiuium
2346 2602 2417 2653 sit
2441 2603 2494 2653 in
2526 2601 2638 2653 insa
2663 2600 2809 2653 nuuil
2835 2615 2864 2653 a
2892 2598 3067 2653 :uuod
3097 2607 3472 2653 commentum

1871 2599 2024 2668 cujus
2052 2599 2319 2671 fastigium
2346 2602 2417 2656 sit
2441 2598 2494 2655 in
2526 2601 2638 2669 ipsa
2663 2598 2864 2671 pupilla
2892 2598 3067 2671 :quod
3097 2607 3473 2671 commentum

1876 2684 1983 2724 non
2014 2668 2358 2727 modoinane
2403 2671 2640 2728 ostendit
2663 2668 3124 2737 Lactantii'ratio,
3156 2669 3251 2727 sed
3282 2669 3473 2739 etiam,

1878 2741 2004 2810 quia
2054 2739 2223 2795 nihilo
2254 2741 2407 2811 pejus
2454 2742 2720 2809 videmus,
2753 2757 2873 2797 cum
2915 2750 3063 2797 retro
3108 2741 3373 2811 cedimus,
3420 2749 3479 2796 at

1879 2811 2234 2883 regrediendo
2256 2810 2516 2883 impulsio
2545 2813 2634 2867 illa
2660 2813 2774 2867 fieri
2806 2828 2913 2867 non
2967 2820 3164 2882 potest,
3192 2811 3289 2867 sed
3339 2810 3478 2883 dun-

1879 2889 2035 2937 taxat
2082 2882 2308 2946 stando,
2344 2882 2453 2937 ’aut
2502 2884 2870 2953 procedendo.
2923 2885 3032 2937 Aer
3074 2892 3336 2951 praeterea
3375 2882 3477 2937 sub

1873 2967 2040 3022 aquas
2066 2967 2170 3007 non
2202 2953 2526 3022 penetrabit,
2574 2970 2797 3024 quarum
2844 2955 2895 3008 in
2942 2953 3106 3008 fundo
3149 2967 3237 3008 res
3279 2954 3474 3022 positre

1788 3011 1836 3075 C
1872 3011 2142 3078 videntur.
2168 3011 2353 3079 ls'nsus.

1947 3097 2049 3151 Aut
2068 3094 2315 3161 effusione
2341 3095 2626 3150 radiorum.
2650 3094 2816 3164 Cujus
2836 3094 3109 3162 opinionis
3135 3094 3284 3150 fuere
3304 3093 3469 3164 optici

1872 3181 2085 3233 omnes,
2126 3177 2181 3222 et
2223 3166 2465 3236 plerique
2497 3168 2940 3236 phi|050phorum
2971 3180 3139 3235 usque
3166 3166 3232 3220 ad
3263 3167 3476 3221 Aristo-

1873 3236 2057 3305 telem,
2082 3252 2217 3307 quos
2238 3238 2434 3293 deinde
2460 3247 2700 3294 secutum
2732 3237 2995 3293 Galerium
3027 3238 3256 3306 castigat
3294 3239 3479 3307 Aven-

1874 3308 2026 3373 Rois,
2070 3306 2126 3363 et
2165 3324 2287 3363 eum
2339 3318 2582 3364 veterum
2621 3309 2865 3379 quolibet
2899 3308 3265 3379 conferendas
3290 3306 3482 3379 _Julius

1873 3380 2057 3434 Caesar
2080 3380 2277 3450 Scalig.
2302 3380 2371 3436 de
2392 3377 2896 3435 SubtilitlExercit.
2925 3378 3055 3442 298,
3074 3393 3136 3450 Ac.
3172 3378 3259 3433 16.
3287 3377 3478 3450 latens.

1950 3449 2178 3504 Radium
2224 3448 2373 3519 quem
2402 3451 2564 3505 oculis
2614 3451 2948 3516 advertimus,
2997 3448 3302 3503 videremus.
3338 3448 3411 3503 Ita
3442 3450 3479 3506 '5

1877 3521 2035 3591 Reg.,
2078 3523 2112 3575 2
2150 3518 2389 3576 Colbert.
2431 3533 2539 3574 vet.
2587 3521 2713 3576 edd.
2761 3521 2919 3575 Rom.
2975 3520 3182 3574 Tridin.
3235 3518 3481 3591 Floreat.

1875 3590 2073 3664 Crateri
2105 3591 2243 3664 typis
2270 3591 2451 3664 excusi
2492 3600 2548 3646 et
2577 3591 2959 3664 mss.r(praeter
2991 3593 3014 3645 1
3055 3590 3261 3664 Bonon.
3305 3590 3477 3664 antiq.

1876 3663 1964 3717 cui
1993 3673 2074 3718 est
2102 3661 2298 3733 oculos)
2346 3662 2562 3729 habent,
2611 3663 2809 3715 tardius
2837 3678 2992 3730 quam
3045 3661 3208 3716 oculis
3258 3661 3484 3733 adverti-

1880 3749 1993 3787 mus
2021 3731 2322 3859 tltidleremns.
2351 3735 2420 3788 At
2447 3733 2604 3789 lectio
2632 3744 2816 3789 nostra
2846 3746 3064 3788 sensum
3094 3733 3264 3789 multo
3284 3731 3486 3787 clario-

1880 3820 1995 3859 rem
2043 3820 2093 3858 ra
2113 3813 2210 3859 iet.
2509 3838 2515 3851 ι

1879 3820 1995 3860 rem
2026 3806 2210 3860 habet.

1960 3896 2181 3951 Mentem
2220 3912 2356 3964 esse,
2399 3912 2513 3967 quia
2549 3913 2644 3968 per
2672 3896 2848 3951 oculos
2881 3912 2971 3962 ea,
3004 3903 3110 3952 etc.
3142 3894 3384 3968 Salvian.
3417 3895 3487 3953 de

1880 3966 2102 4022 Provid.
2136 3968 2227 4022 lib.
2255 3984 2333 4032 ιιι,
2361 3966 2482 4037 cap.
2515 3966 2583 4023 7':
2612 3968 2792 4022 Sciens
2833 3969 3083 4039 fenestras
3107 3966 3487 4039 quodammodo

1882 4054 1991 4093 esse
2018 4048 2307 4092 nostrarum
2338 4041 2584 4093 mentium
2621 4040 2791 4093 lumen
2819 4038 3107 4094 oculorum.
3143 4038 3251 4093 Alii
3296 4038 3487 4094 Oculos

1881 4110 2043 4164 animi
2072 4119 2244 4180 portas
2289 4110 2509 4176 dixere;
2539 4111 2784 4179 Origines
2816 4112 3191 4177 Adamantius,
3226 4107 3489 4180 Physiog-

1884 4195 2034 4235 nom.
2063 4181 2157 4252 lib.
2207 4197 2247 4247 ι,
2294 4196 2415 4252 cap.
2447 4183 2506 4247 l;
2541 4182 2729 4239 Cicero
2757 4180 2826 4237 de
2869 4180 3049 4250 Orat.,
3084 4182 3245 4235 animi
3290 4180 3486 4235 indices

1884 4260 2062 4306 vocat.
2094 4251 2379 4307 Carmen.

1962 4304 2125 4388 Quasi
2144 4304 2553 4395 adﬁnem;
2582 4304 2670 4379 Sic
2706 4321 2820 4379 Cic.
2852 4340 2870 4379 ι
2899 4322 3253 4383 Tusculanar.
3286 4321 3355 4378 Ut
3399 4325 3482 4395 fa-

169 4395 261 4449 sil.
293 4404 361 4465 et
384 4390 451 4447 ad
489 4394 525 4447 2
554 4390 795 4465 ejusdem
826 4394 919 4448 lib.
953 4394 1149 4463 Sealig.
1180 4392 1247 4465 de
1273 4394 1507 4449 Sttbtilit.
1550 4390 1617 4444 ad
1645 4390 1780 4446 Car;
1802 4396 1857 4458 D
1883 4393 2007 4461 cile,
2043 4390 2235 4463 inquit,
2265 4390 2487 4465 intelligi
2536 4396 2695 4463 possit
2739 4396 2988 4462 animum,
3021 4403 3068 4449 et
3091 4396 3289 4458 audire,
3326 4403 3374 4448 et
3399 4390 3481 4447 tti-

170 4465 302 4520 dan.
339 4463 632 4535 Exercitat.
663 4464 788 4530 525,
816 4480 935 4535 cap.
963 4467 1018 4530 5,
1041 4465 1150 4519 alii.
1182 4464 1362 4519 lseus.

247 4535 452 4590 Sensus
490 4534 612 4599 ille,
643 4536 730 4605 qui
758 4533 946 4590 dicitur
969 4552 1140 4599 mens,
1174 4545 1281 4590 etc.
1315 4535 1473 4591 Juxta
1505 4533 1633 4589 illud
1660 4533 1780 4588 vul-

173 4617 363 4677 gatum
390 4604 674 4672 Heracliti,
696 4606 765 4662 de
793 4622 899 4677 quo
927 4606 1170 4662 meminit
1196 4605 1775 4677 AristotelesProble-

176 4676 342 4731 matis
369 4677 609 4733 Section.
645 4679 732 4743 il,
767 4676 1095 4732 Problemat.
1124 4678 1195 4733 55
1230 4695 1242 4729 :
1280 4676 1423 4730 Mens
1452 4676 1607 4741 uidet,
1636 4693 1779 4731 tuens

176 4750 347 4803 audit.
382 4746 486 4802 Sed
519 4748 711 4803 melius
748 4747 1003 4815 dixisset,
1043 4750 1252 4811 anima,
1297 4749 1409 4803 sive
1449 4748 1650 4801 animus
1671 4790 1683 4809 ,
1715 4756 1777 4801 ut

178 4818 296 4873 Cic.
327 4818 590 4873 tTuscul.
624 4835 746 4873 nam
778 4818 935 4888 longe
961 4819 1118 4875 aliter
1141 4819 1308 4887 accipi
1339 4827 1552 4872 mentem
1578 4828 1632 4872 et
1655 4818 1773 4870 ani—

179 4906 343 4963 mam,
375 4904 534 4963 quam
562 4899 711 4963 putet
740 4889 1079 4959 Lactantius,
1110 4890 1221 4944 dixi
1252 4904 1434 4959 supra,
1468 4889 1558 4943 lib.
1590 4904 1660 4942 vn
1689 4888 1781 4943 Inv

180 4961 363 5015 stitut.
397 4959 516 5028 cap.
553 4959 639 5013 12.
673 4960 856 5016 ιδευει.

262 5030 396 5099 Qua:
424 5031 551 5102 {oris
577 5040 713 5098 sunt,
747 5032 1034 5102 transpicit.
1090 5030 1239 5101 Lips.
1283 5031 1338 5097 2,
1385 5030 1651 5102 perspicit.
1683 5028 1784 5102 Ni-r

184 5101 264 5156 hil
315 5112 486 5157 muto.
534 5101 774 5158 Imitatur
819 5101 1085 5168 Lucretii,
1133 5104 1228 5157 lib.
1277 5103 1346 5169 4,
1388 5117 1442 5155 v.
1489 5101 1780 5167 272-279;.

185 5172 413 5243 foris...
443 5173 872 5241 transpiciuntur.
902 5172 1038 5228 Bon.

263 5242 563 5315 Imaginnm
586 5245 877 5299 incursione
923 5260 1015 5298 nos
1055 5260 1277 5299 cernere.
1330 5244 1418 5299 Sic
1461 5242 1690 5312 legimus
1722 5243 1782 5298 int

185 5315 441 5370 omnibus
464 5315 623 5371 editis
647 5325 702 5371 et
739 5330 895 5381 mss.,
925 5324 1119 5385 praeter
1146 5318 1173 5371 1
1206 5316 1443 5385 Colhert.
1472 5316 1557 5385 cui
1589 5315 1785 5369 estin-

188 5386 491 5456 gursiones;
521 5401 653 5441 mss.
684 5386 721 5440 2
750 5383 982 5452 Bonan},
1026 5384 1062 5439 2
1089 5386 1244 5456 Reg,
1273 5383 1432 5452 Tax.,
1454 5385 1488 5438 2
1512 5384 1786 5453 Colbert.,

185 5454 406 5525 Baluz.,
432 5456 695 5524 Clarom.,
727 5458 1101 5512 concursiones.
1175 5454 1191 5456 ἡ
1664 5470 1668 5474 ‘

269 5527 343 5583 Ut
372 5528 950 5598 philosOphidixerunt.
984 5528 1109 5583 Mss.
1143 5527 1178 5581 2
1219 5526 1392 5595 Colb.,
1427 5525 1572 5591 Em.,
1612 5526 1787 5585 Bruti.

183 5612 254 5654 ac
282 5596 413 5656 edit.
442 5596 640 5664 Betul.,
661 5596 885 5667 Cellar.,
912 5600 1187 5654 disserunt.
1220 5598 1415 5653 Caeteri
1444 5607 1499 5651 ut
1529 5598 1583 5651 in
1608 5605 1779 5653 textu.

266 5668 370 5723 Aut
397 5670 676 5726 intentione
700 5671 851 5736 aeris,
881 5686 994 5724 cum
1014 5670 1142 5725 acie.
1188 5680 1293 5725 etc.
1326 5668 1450 5723 Haec
1479 5668 1662 5737 opinio
1690 5684 1749 5724 ra
1761 5698 1787 5712 ο-

105 5809 121 5821 ,
184 5740 317 5800 dios
343 5756 446 5800 non
476 5750 668 5801 evocat
685 5758 699 5797 :
715 5740 813 5800 sed
833 5755 865 5797 a
891 5741 1115 5814 pupillae
1133 5740 1303 5800 radiis
1326 5739 1564 5799 vicinum
1595 5753 1785 5801 aerem

1887 4467 2026 4533 dere,
2072 4482 2175 4520 non
2221 4481 2307 4521 eas
2347 4476 2539 4537 partes,
2583 4480 2696 4536 qua:
2740 4466 2888 4534 quasi
2933 4466 3171 4588 fenestris
3206 4474 3346 4529 sunt,
3375 4474 3485 4519 etc.

3143 4550 3309 4588 διευς.

3120 4550 3309 4589 ιδιευς.

1963 4607 2185 4663 Lucente
2209 4609 2359 4663 vitro.
2391 4606 2518 4662 Mss.
2551 4606 2587 4661 2
2635 4607 2842 4662 Bonon.
2874 4615 2928 4661 et
2964 4606 2999 4661 4
3025 4605 3137 4670 alii,
3172 4606 3485 4675 perlucente.

1885 4680 1983 4736 Sic
2012 4681 2174 4733 etiam
2225 4680 2576 4734 lleumannus
2603 4688 2748 4733 amat
2770 4677 3030 4743 scribere,
3070 4691 3259 4731 verum
3307 4676 3492 4733 caeteri

1889 4751 2092 4805 habent
2118 4750 2350 4805 lucente.
3134 4805 3147 4815 .

1968 4821 2239 4891 Speculari
2284 4821 2474 4891 lapide.
2504 4819 2665 4890 Lapis
2705 4820 2794 4876 hic
2830 4817 3134 4890 pellucidus
3162 4819 3215 4874 in
3247 4817 3494 4891 tenuissi-

1892 4889 2021 4946 mas
2061 4893 2307 4947 bracteas
2339 4889 2855 4948 'scissus'fenestris
2908 4891 3210 4946 indebatur.
3261 4892 3338 4947 De
3387 4889 3494 4945 hoc

1892 4962 2053 5032 plena
2083 4963 2508 5027 manu‘Pitiscus
2535 4964 2589 5018 in
2619 4962 2752 5019 Lex.
2785 4962 2914 5019 Ant.
2945 4961 3194 5089 Ιὶοιῐι.¹’ξἶ
3222 4961 3278 5018 2.
3298 4961 3339 5018 f.
3363 4961 3493 5018 826.

3161 5050 3251 5090 ιιι.

1966 5104 2255 5163 Lucretius.
2290 5106 2459 5178 Hujus
2485 5106 2538 5163 hi
2563 5114 2692 5164 sunt
2716 5120 2928 5163 versus.

2020 5224 2276 5290 Prteterea
2293 5225 2335 5275 si
2359 5239 2447 5290 pro
2470 5223 2657 5290 foribus
2679 5228 2791 5290 sunt
2814 5223 2999 5290 lumina
3023 5228 3208 5290 nostra,
3277 5209 3288 5224 ’

2022 5289 2129 5337 Jam
2148 5290 2304 5351 magis
2329 5285 2575 5351 exemptis
2597 5287 2772 5352 oculis,
2798 5286 2990 5352 debere
3017 5285 3212 5352 videtur

2023 5349 2248 5402 Cernere
2270 5362 2356 5400 res
2378 5349 2580 5413 animus,
2594 5349 2817 5401 sublatis
2829 5350 3050 5412 postibus
3073 5349 3214 5411 ipsis.

1974 5454 2136 5511 Nasci
2164 5454 2382 5513 volebat.
2427 5455 2570 5513 Siea
2597 5470 2685 5510 me
2732 5470 2798 5511 ex
2845 5452 3097 5509 omnibus
3128 5467 3259 5507 mss.
3308 5459 3363 5507 et
3402 5451 3491 5507 ed.

1899 5523 2059 5584 Rom.
2089 5528 2317 5597 aliisque
2348 5527 2739 5597 antiquioribus
2784 5534 2867 5582 est
2894 5523 3260 5580 emendatum.
3314 5522 3374 5577 In
3426 5522 3493 5576 M

1901 5599 2133 5670 vulgatis
2159 5608 2243 5653 est
2270 5597 2522 5670 uolebant.

1974 5662 2358 5746 {idusununlta
2392 5669 2710 5746 resti_tui_‘ex
2751 5666 2950 5746 m_ss_.‘2
2976 5666 3209 5746 B09911...
3248 5662 3494 5746 anilem,

1900 5740 1938 5800 6
1963 5740 2145 5811 Colb.,
2174 5741 2210 5799 5
2235 5740 2410 5799 Oxon.
2437 5746 2492 5799 et
2513 5741 2547 5797 9
2574 5740 2713 5807 aliis,
2732 5740 2827 5796 'ed.
2860 5737 3016 5795 Rom.
3051 5736 3190 5792 M70
3210 5742 3264 5790 et
3288 5731 3492 5811 Cellar:
