3912 6256
272 270 351 330 49

1075 271 1231 331 CAP.
1272 270 1360 329 χι.
1403 271 1493 329 os
1535 270 1869 331 INTESTIN.
1909 272 1977 331 1N
2013 272 2178 331 non.
2220 228 2602 346 sonumque
2645 275 2802 334 usu.

3512 276 3586 333 50

273 389 528 460 spiritum
577 390 881 463 reciperet,
929 389 1055 446 dtttn
1109 390 1290 445 vitalis
1345 398 1540 444 ventus
1587 405 1681 459 per
1729 388 1879 445 illam
1905 411 1957 470 Α
1982 399 2206 446 vocatur
2227 393 2491 463 gurgulio.
2533 393 2583 448 is
2611 401 2822 449 constat
2855 409 2922 450 ex
2962 392 3178 449 ossibus
3220 393 3477 448 ﬂexuosis
3515 409 3579 447 ae

274 487 552 556 spargitur
577 485 879 551 raritatem,
903 492 956 540 et
983 482 1232 539 eumdem
1253 496 1441 538 rursus
1468 481 1723 551 paulatim
1756 481 1879 537 red-

273 576 468 644 deret,
491 576 615 631 dum
645 592 704 632 se
732 592 797 631 ex
828 577 922 632 illo
948 576 1201 646 explicat.
1230 574 1348 644 Ipsa
1385 574 1530 628 enim
1564 574 1878 629 vicissitudo

278 670 449 725 flandi
471 679 523 726 et
538 670 805 740 spirandi,
825 669 1229 742 respirandique
1247 677 1467 737 tractus,
1485 669 1647 725 vitam
1665 678 1878 724 susten-

279 773 364 818 tat
387 764 439 818 iu
467 777 709 835 corpore.
1242 752 1247 757 ’

350 940 617 1010 Quoniam
661 955 795 1013 ergo
836 940 945 997 duo
981 947 1107 996 sunt
1146 940 1203 995 in
1250 939 1467 996 homine
1515 939 1872 1009 receptacula,

273 1050 444 1089 unum
491 1035 673 1101 aeris,
716 1032 861 1104 quod
908 1032 1002 1087 alit
1037 1032 1296 1097 animam,
1341 1031 1569 1087 alterum
1603 1031 1871 1099 ciborum,

267 1125 418 1198 quod
450 1125 550 1181 alit
577 1139 796 1195 corpus,
835 1132 894 1179 ut
934 1123 1077 1180 flecti
1107 1123 1318 1187 cervix,
1361 1136 1425 1178 ac
1463 1122 1668 1178 moveri
1716 1121 1873 1177 facile

263 1218 467 1290 possit,
498 1218 633 1275 duas
663 1232 786 1275 esse
813 1233 909 1288 per
936 1217 1137 1273 collum
1160 1216 1370 1273 fistulas
1398 1230 1623 1273 necesse
1650 1225 1765 1282 est,
1794 1215 1872 1272 ci-

264 1311 474 1379 balem,
513 1325 579 1367 ac
612 1310 936 1382 spiritalem,
981 1324 1210 1381 quarum
1259 1310 1506 1381 superior
1548 1309 1617 1363 ab
1660 1322 1755 1365 ore
1800 1308 1871 1364 ad

262 1411 517 1457 ventrem
546 1403 705 1468 ferat,
733 1400 957 1457 inferior
975 1416 1005 1455 a
1032 1399 1250 1456 naribus
1280 1401 1347 1455 ad
1375 1401 1703 1471 pulmonem.
1727 1399 1871 1468 Qua-

260 1512 388 1553 rum
418 1497 579 1560 ratio,
609 1504 667 1552 et
684 1505 876 1551 natura
905 1494 1120 1551 diversa
1145 1503 1248 1551 est.
1276 1495 1373 1550 Ille
1399 1495 1545 1550 enim
1574 1494 1664 1564 qui
1691 1501 1774 1549 est
1799 1493 1867 1548 ab

258 1604 366 1645 ore
384 1590 663 1656 transitus,
692 1587 871 1643 mollis
892 1586 1114 1644 effectus
1144 1596 1251 1669 est,
1279 1596 1335 1642 et
1361 1586 1453 1658 qui
1484 1600 1698 1657 semper
1722 1585 1868 1640 clau-

264 1698 367 1739 sus
408 1682 675 1738 cohaereat
713 1682 837 1746 sibi,
869 1682 1010 1738 sicut
1044 1696 1108 1737 os
1148 1681 1357 1752 ipsum;
1386 1682 1640 1751 quoniam
1680 1689 1861 1750 potus,

260 1787 323 1832 et
355 1778 525 1841 cibus,
555 1776 756 1832 dimota
797 1786 851 1833 et
889 1775 1153 1847 patefacta
1193 1777 1337 1848 gula,
1387 1778 1511 1846 quia
1552 1776 1865 1846 corporales

1984 482 2259 551 mollibus,
2290 485 2441 554 quasi
2468 500 2533 540 ex
2557 486 2771 540 aunulis
2798 486 2850 552 in
2881 486 3072 540 cicutae
3101 484 3320 540 modum
3340 485 3577 540 invicem

1981 578 2279 645 compactis
2328 586 2382 631 et
2429 578 2859 641 colla-rentibus;
2908 586 3160 647 patetque
3211 591 3428 644 semper
3489 576 3575 629 hic

1983 669 2257 723 transitus.
2287 669 2495 725 Nullam
2527 671 2671 726 enim
2703 672 2941 739 requiem
2973 671 3183 727 meandi
3223 670 3424 724 habere
3466 672 3577 737 spi-

1978 760 2113 815 ritus
2144 770 2344 829 potest,
2376 763 2496 832 quia
2536 764 2611 826 is,
2657 765 2746 831 qui
2782 778 2995 832 semper
3018 771 3304 828 commeat,
3345 761 3580 817 demissa

1978 854 2180 910 utiliter
2202 854 2271 910 de
2301 856 2527 910 cerebro
2559 857 2785 911 membri
2820 856 3085 925 portione,
3114 856 3198 910 cui
3240 869 3344 908 uva
3376 868 3574 908 nomen

1977 958 2083 1008 est,
2111 948 2257 1002 velut
2285 963 2512 1004 occursu
2541 948 2773 1019 quodam
2807 948 3143 1014 refraznatur,
3173 963 3241 1003 ne
3261 957 3351 1001 aut
3376 949 3575 1001 teneri-

1976 1039 2214 1096 tudinem
2241 1040 2503 1096 domicilii
2525 1055 2649 1096 cum
2673 1041 2879 1110 impetu
2904 1041 3127 1095 veniens
3153 1047 3379 1094 attracta
3405 1038 3570 1107 pesti-

1973 1132 2105 1188 lenti
2145 1147 2274 1189 aura
2310 1142 2646 1204 corrumpat,
2677 1143 2771 1189 aut
2802 1142 2969 1189 totam
2999 1132 3229 1189 nocendi
3258 1132 3573 1187 violentiam

1972 1223 2200 1280 internis
2228 1226 2586 1296 receptaculis
2630 1226 2887 1294 perferat.
2932 1225 3168 1295 Ideoque
3209 1225 3371 1280 etiam
3412 1238 3573 1277 nares

1971 1316 2206 1372 breviter
2248 1327 2372 1372 sunt
2418 1327 2641 1387 apertae,
2682 1332 2802 1386 qua:
2843 1316 3043 1372 idcirco
3083 1317 3162 1371 sic
3199 1316 3568 1381 nominantur,

1971 1412 2092 1481 quia
2120 1426 2215 1481 per
2240 1426 2332 1466 eas
2355 1412 2442 1467 vel
2471 1410 2629 1476 odor,
2667 1411 2753 1466 vel
2779 1410 3000 1479 spiritus
3039 1424 3171 1465 nare
3209 1423 3315 1463 non
3344 1408 3564 1472 desinit,

1969 1519 2090 1576 quae
2115 1513 2239 1560 sunt
2260 1503 2420 1574 hujus
2450 1503 2640 1558 fistulae
2657 1502 2811 1574 quasi
2835 1501 2995 1557 ostia.
3020 1491 3223 1556 Tamen
3248 1500 3363 1555 haec
3389 1499 3567 1553 fistula

1968 1594 2226 1665 spiritalis
2248 1609 2359 1650 non
2388 1604 2592 1649 tantum
2620 1594 2686 1648 ad
2717 1607 2897 1658 nares,
2934 1607 3122 1649 verum
3157 1591 3225 1647 ad
3264 1605 3327 1669 os
3353 1605 3569 1662 quoque

1968 1687 2261 1758 interpatet
2285 1687 2339 1742 in
2362 1687 2622 1743 extremis
2648 1686 2813 1756 palati
2837 1684 3167 1756 regionibus,
3200 1684 3290 1739 ubi
3317 1698 3379 1739 se
3401 1682 3568 1737 colles

1969 1779 2201 1835 faucium
2231 1788 2539 1850 speetantes
2573 1792 2731 1834 uvam
2772 1777 2964 1833 tollere
3003 1775 3268 1844 incipiunt
3305 1773 3359 1828 in
3394 1783 3568 1828 tumo-

254 1883 408 1939 suut,
436 1874 665 1945 spatium
690 1874 791 1930 sibi
818 1872 1189 1930 transmeandi
1216 1874 1439 1929 faciunt.
1469 1873 1702 1944 Spiritus
1729 1888 1861 1929 con-
1893 1839 1941 1900 Β
1968 1886 2105 1929 rem.
2135 1869 2302 1942 Cujus
2330 1871 2411 1927 rei
2438 1885 2601 1928 causa
2640 1877 2696 1926 et
2733 1869 2871 1924 ratio
2918 1882 3026 1921 non
3067 1867 3298 1922 obscura
3339 1872 3452 1929 est;
3482 1863 3566 1918 lo-

249 1978 360 2031 Ira,
403 1968 497 2037 qui
539 1976 628 2024 est
667 1967 1047 2038 incorporalis,
1093 1982 1158 2025 ac
1201 1968 1401 2034 tenuis,
1449 1968 1571 2039 quia
1621 1970 1855 2037 spatium

241 2059 354 2116 sibi
383 2059 562 2118 facere
585 2074 698 2118 non
724 2069 955 2133 poterat,
988 2061 1198 2133 accepit
1218 2060 1360 2118 viam
1394 2068 1691 2132 patentem,
1731 2076 1853 2133 quae

1964 1966 2168 2038 quendi
2195 1969 2340 2023 enim
2364 1965 2671 2021 facultatem
2710 1979 2815 2019 non
2845 1962 3191 2027 haberemus,
3229 1959 3295 2025 si,
3337 1968 3394 2014 ut
3420 1959 3560 2030 gulae

1959 2058 2064 2116 iter
2089 2059 2159 2116 ad
2196 2075 2258 2117 os
2292 2068 2523 2128 tantum,
2551 2061 2623 2116 ita
2650 2058 2896 2131 gurgulio
2935 2057 3005 2112 ad
3043 2070 3204 2113 nares
3235 2063 3440 2112 tantum
3466 2068 3561 2124 pa-

1624 2195 1983 2255 VARIORUM
2021 2196 2248 2254 NOT/E.

316 2333 634 2389 Vicissitudo

232 2415 345 2471 tus,
377 2416 489 2462 etc.
521 2405 604 2461 0h
626 2406 681 2461 id
710 2405 824 2462 folli
847 2405 1140 2470 confertur,
1171 2408 1254 2463 vel
1286 2409 1465 2477 patius
1496 2408 1724 2477 humana
1751 2407 1835 2461 in-

228 2476 447 2534 dustria
484 2478 784 2533 naturalem
815 2478 1091 2534 solertiam
1132 2476 1332 2534 imitata
1363 2490 1467 2535 est.
1501 2479 1630 2534 Vide
1657 2476 1835 2531 Theo-

226 2549 523 2615 doretutn,
574 2548 837 2605 Sermone
885 2549 920 2603 5
968 2550 1034 2604 de
1065 2549 1409 2606 Providentia
1450 2551 1565 2605 Dei.
1603 2549 1833 2603 Verbum

216 2620 412 2746 gandi
440 2619 631 2703 legitur
671 2621 900 2703 ill.mSS.
942 2620 977 2673 2
1012 2619 1175 2692 Reg,
1206 2622 1254 2703 .2
1300 2622 1533 2687 Bonon.,
1573 2620 1610 2674 2
1649 2617 1830 2682 Colb.,

282 2692 428 2746 aluz.
458 2701 511 2746 et
530 2708 581 2745 tn
608 2691 858 2746 omnibus
882 2690 995 2746 fere
1020 2694 1269 2746 vulgatis.
1304 2693 1472 2746 Abest
1495 2698 1673 2746 autem
1702 2705 1731 2743 a
1766 2689 1830 2746 15

282 2692 428 2746 aluz.
458 2689 516 2746 et
530 2692 581 2745 in
608 2691 858 2763 omnibus
882 2690 995 2747 fere
1020 2689 1269 2763 vulgatis.
1304 2693 1472 2747 Abest
1495 2698 1673 2747 autem
1702 2705 1731 2743 a
1766 2689 1834 2746 15

221 2776 373 2817 mss.
404 2777 504 2818 nec
529 2777 637 2817 non
666 2764 736 2818 ab
762 2762 919 2817 editis
951 2761 1197 2819 RomJet
1221 2761 1444 2826 Cellar.,
1469 2763 1563 2817 sed
1592 2762 1834 2816 retinen-

221 2833 388 2889 dum.
417 2832 628 2897 Flandi,
658 2833 713 2888 id
735 2842 818 2889 est
839 2833 1029 2902 spiritu
1052 2834 1271 2889 ductum
1297 2849 1475 2890 aerem
1503 2831 1832 2888 reddendi...

219 2903 514 2975 spirandi,
546 2904 598 2959 id
625 2916 709 2960 es:
739 2904 932 2975 spiritu
946 2905 1166 2959 ductum
1197 2920 1376 2960 aerem
1400 2904 1715 2960 admittendi
1739 2920 1754 2960 :
1780 2904 1833 2957 iu

220 2974 337 3030 hac
358 2976 504 3031 enim
526 2975 749 3029 admissi
773 2974 1078 3046 redditique
1094 2976 1234 3031 aeris
1257 2976 1685 3045 reciprocatione
1705 2990 1835 3030 con—

216 3046 379 3102 sistit
414 3047 594 3102 omnis
638 3047 933 3117 respirandi
974 3056 1190 3111 tractus,
1236 3047 1289 3101 id
1328 3056 1412 3101 est
1453 3057 1621 3101 totum
1663 3047 1834 3115 respi-

218 3119 389 3173 randi
413 3117 709 3189 negotium.
735 3117 919 3188 Itaque
954 3117 1239 3189 legendum
1271 3118 1565 3172 vicissitudo
1593 3118 1757 3187 [laudi
1785 3126 1833 3189 et

216 3188 501 3255 spirandi,
523 3190 848 3244 abstinendo
872 3203 902 3243 a
927 3188 1141 3260 virgula
1180 3188 1461 3258 interjecta
1498 3189 1637 3242 inter
1672 3188 1840 3257 ﬂandi

216 3271 280 3314 et
301 3260 562 3327 spirandi,
594 3274 756 3331 quam
786 3261 982 3329 apponi
1014 3260 1291 3331 praestabit
1315 3269 1439 3330 post
1470 3260 1727 3331 spirandi,
1752 3268 1838 3331 ut:-

218 3339 362 3399 pote
389 3347 511 3393 cum
543 3328 956 3387 vicissitudode
980 3328 1085 3402 qua
1116 3331 1202 3385 hic
1226 3328 1419 3402 agitur,
1445 3328 1551 3387 non
1583 3330 1654 3386 sit
1671 3328 1837 3384 flandi

216 3412 464 3465 tantum,
490 3403 587 3459 sed
616 3411 672 3458 et
695 3403 957 3473 spirandi.
988 3403 1268 3466 Hscous'r.

315 3473 485 3528 Vitam
523 3470 790 3538 sustentat,
824 3483 926 3530 etc.
971 3473 1049 3529 Ita
1082 3483 1283 3539 tamen,
1317 3480 1375 3528 ut
1416 3470 1674 3543 quidquid
1705 3471 1837 3526 utile

216 3561 297 3602 ac
323 3544 456 3601 vita:
494 3546 861 3601 necessarium
891 3546 942 3599 in
979 3544 1325 3615 pulmonibus
1364 3544 1699 3615 elaboratum
1728 3552 1832 3615 est,

214 3617 300 3672 ad
332 3618 610 3672 sinistrum
637 3616 819 3672 cordis
842 3613 1200 3671 ventriculum
1228 3614 1500 3670 deferatur
1530 3633 1543 3669 :
1575 3613 1835 3684 quidquid

217 3688 444 3755 inutile,
483 3690 625 3754 illac,
659 3704 762 3759 qua
793 3689 1192 3758 inspiravimus,
1225 3685 1455 3759 effletur.
1495 3683 1607 3740 Adi
1624 3684 1693 3759 de
1727 3683 1836 3740 hoc

218 3759 639 3818 Theodoretum
676 3757 799 3817 cum
839 3757 1196 3816 admiratione
1229 3758 1608 3814 disserentem.
1655 3757 1837 3811 Βετο-

217 3847 410 3889 ιειυε.

306 3927 460 3994 Quod
497 3927 592 3983 alit
630 3928 875 3982 animam.
907 3926 1025 3983 Non
1068 3927 1157 3982 hic
1191 3925 1506 3980 rationalem
1542 3924 1831 3995 intelligas,

214 3998 327 4057 sed
345 3998 562 4055 vitalem
587 3999 729 4053 illam
748 3999 902 4054 nobis
915 4013 1035 4053 cum
1054 3998 1228 4054 brutis
1256 4012 1620 4052 communem.
1639 3996 1827 4051 lsmus.

308 4069 379 4126 Ut
402 4071 541 4139 ﬂecti
579 4070 757 4136 cervis,
784 4086 846 4123 ac
883 4071 1071 4124 moueri
1106 4070 1258 4140 facile
1296 4068 1474 4138 possit.
1508 4067 1830 4140 [itecAverba

216 4136 432 4197 absunt
464 4156 493 4193 a
521 4141 588 4196 19
622 4156 756 4197 mss.
786 4151 948 4210 atque
973 4136 1132 4196 editis
1154 4139 1191 4194 2
1217 4136 1322 4194 vet.
1359 4140 1513 4194 Rom.
1542 4153 1606 4193 ac
1630 4136 1830 4193 Cellar.

216 4212 355 4338 Inui?
380 4211 617 4269 Colbert.
647 4222 702 4268 et
733 4213 786 4268 in
818 4209 998 4268 Baluz.
1035 4227 1132 4284 pro
1159 4209 1417 4267 adverbio
1441 4210 1615 4280 facile,
1641 4221 1724 4265 est
1750 4211 1833 4279 fa-

216 4300 277 4338 ει
324 4301 443 4337 tme.

214 4300 443 4338 cuttme.

304 4354 455 4409 Duas
479 4371 586 4410 esse
614 4372 704 4423 per
732 4355 925 4410 collum
958 4355 1229 4424 ﬁstulas...
1266 4353 1499 4419 cibalem,
1529 4368 1590 4405 ac
1618 4352 1829 4424 spiritu-

222 4425 354 4480 lem.
380 4427 550 4493 Quam
579 4428 808 4482 cibalem
838 4423 1148 4483 Lactantius
1179 4425 1451 4488 nominat,
1482 4438 1545 4478 ea
1573 4423 1696 4493 gula
1725 4430 1827 4490 est,

667 2335 853 2406 ﬂandi,
896 2345 943 2389 et
967 2336 1221 2406 spirandi
1266 2337 1655 2405 rcspirandique
1694 2343 1833 2389 trac-

216 4512 372 4571 ςιιιεῐεΔ
398 4499 664 4571 οἰσοφάγος
700 4498 906 4555 Graecis
948 4499 1279 4571 runminatur.
1310 4496 1677 4571 Atquehetiam
1716 4493 1832 4571 qui-
1858 4494 1914 4556 1)

218 4564 464 4644 busdam
489 4564 780 4644 ρτόμαχος,
809 4581 862 4625 et
892 4570 1028 4644 adeo
1048 4570 1124 4644 _ab
1152 4570 1268 4638 ipso
1297 4568 1458 4644 etiam
1485 4564 1831 4644 GelsoetGa-

221 4639 1091 4715 leuo._Spiritalis'vero,‘Grrecis
1110 4647 1345 4715 τραχεξᾳ
1371 4641 1611 4714 ἀρτηρία,
1637 4651 1832 4715 aspera

224 4711 433 4764 arteria
445 4708 465 4771 ,ἡ
486 4727 553 4767 eo
579 4713 718 4781 quod
738 4711 1112 4779 cartilagineis
1141 4708 1355 4765 annulis
1378 4708 1611 4765 constat.
1635 4708 1833 4764 Noster

224 4782 607 4851 gurgulionem
635 4792 809 4838 vocat.
846 4783 1049 4837 BETUL.

308 4848 413 4906 Ille
447 4855 583 4907 enim
619 4855 706 4919 qui
745 4863 819 4907 est
855 4856 918 4907 ab
957 4869 1043 4907 ore
1085 4852 1352 4907 transitus.
1397 4849 1479 4906 Ita
1521 4848 1734 4904 restitui
1765 4865 1832 4903 ex

225 4924 807 4995 omnibusimpressis
837 4934 891 4979 et
931 4940 1059 4978 mss.
1107 4926 1151 4979 si
1199 4924 1437 4995 excipias
1479 4936 1642 4975 unum
1672 4920 1827 4976 Colb.

224 5008 351 5051 rec.
382 5004 438 5049 et
459 4994 591 5051 edit.
606 4992 763 5051 'Gall.
798 4996 849 5050 in
881 4996 1073 5060 quibus
1103 4992 1333 5060 est,'llli
1353 4996 1488 5049 enim
1512 5008 1632 5063 qua.

226 5123 237 5134 ,
305 5066 377 5122 1n
398 5068 579 5122 cicuta:
596 5067 825 5121 modum.
849 5065 995 5137 Virg.
1029 5066 1213 5136 Eclog.
1238 5066 1275 5120 2
1299 5083 1312 5119 :

362 5182 589 5299 Egnati
613 5184 890 5249 disparibus
909 5190 1103 5247 septem
1125 5189 1373 5247 compacta
1389 5182 1561 5232 cicutis

230 5371 562 5498 mniumque
582 5391 782 5448 semper
806 5375 890 5430 hic
914 5374 1180 5432 transitus.
1210 5376 1287 5432 Ita
1314 5388 1447 5432 mss.
1477 5372 1532 5429 in
1559 5371 1722 5430 editis
1751 5383 1833 5430 est

312 5514 503 5581 Nares,
535 5526 643 5588 etc.
670 5516 927 5573 Numerat
951 5514 1188 5573 Galenus
1212 5518 1433 5588 spiritus
1451 5518 1829 5584 instrumenta,

233 5600 420 5656 nares,
452 5602 537 5654 os,
565 5587 774 5655 fauces,
803 5602 1052 5656 asperam
1080 5587 1359 5653 arteriam,
1390 5596 1442 5643 et
1480 5589 1785 5656 pulmonem
1815 5608 1827 5642 :

234 5660 549 5717 nutrimenti
571 5675 701 5717 vero
732 5660 1207 5727 vasa,os,dentes,
1236 5659 1595 5725 stomachum,
1625 5662 1831 5715 ventri-

232 5730 449 5802 culum,
489 5730 736 5802 jejunum
781 5739 837 5786 et
874 5731 1051 5786 tenuia
1100 5732 1370 5788 intestina.
1423 5727 1687 5785 Caeterum
1728 5730 1831 5786 alia

226 5801 438 5858 narium
484 5801 589 5874 est,
634 5802 934 5859 secundum
985 5802 1226 5875 Festum,
1279 5801 1541 5861 derivatio
1582 5818 1594 5856 :
1636 5815 1831 5872 nempe

1940 2334 2085 2409 quod
2129 2349 2224 2409 per
2269 2350 2332 2390 ea
2374 2338 2490 2394 nasi
2542 2338 2838 2405 foramina,
2874 2337 3058 2394 odoris
3100 2335 3364 2407 cujusque
3406 2338 3558 2409 gnari

1941 2406 2133 2461 simus.
2165 2407 2372 2462 Bs'run.

2023 2476 2115 2531 Vel
2138 2479 2352 2545 spiritus
2388 2495 2512 2533 nare
2552 2495 2654 2533 non
2680 2480 2886 2534 desinit.
2922 2479 2996 2535 Ita
3041 2477 3233 2533 Festus
3273 2487 3329 2532 et
3353 2476 3547 2532 Isidor.

1940 2546 2091 2620 Orig.
2127 2549 2216 2602 lib.
2253 2565 2331 2611 xt,
2359 2564 2479 2619 cap.
2516 2552 2566 2615 1,
2601 2550 2688 2618 qui
2718 2565 2815 2620 pro
2838 2566 2963 2605 nare
2990 2550 3150 2603 habet
3175 2564 3423 2620 manare;
3451 2549 3550 2604 sed

1942 2617 2069 2674 hinc
2096 2617 2481 2675 restituendus.
2504 2617 2688 2676 lszus.
2717 2617 2880 2686 Nare,
2906 2620 2994 2675 hic
3016 2620 3156 2675 idem
3180 2619 3323 2689 quod
3347 2617 3537 2674 ﬂuere.

2016 2690 2146 2755 Qum
2169 2700 2286 2763 sunt
2310 2692 2466 2760 hujus
2494 2691 2684 2753 ﬁstula:
2702 2693 2848 2763 quasi
2863 2693 3028 2763 gestia.
3052 2692 3182 2763 illanc
3211 2689 3550 2763 restituenda

1939 2758 2159 2832 fuerunt
2186 2758 2466 2818 Lactantio
2492 2778 2559 2819 ex
2596 2758 2829 2831 Bonon.,
2861 2762 3018 2829 Tax.,
3051 2762 3209 2830 Pen.,
3241 2761 3548 2832 Lips.,qua:

1939 2831 1994 2886 in
2023 2831 2142 2886 aliis
2171 2832 2387 2888 desunt.

2010 2904 2092 2957 Ad
2122 2919 2179 2957 os
2209 2920 2409 2994 quoque
2439 2906 2745 2994 interpatet.
2788 2903 2877 2994 Sic
2919 2903 3471 2994 emendavipcx‘mkss.

1938 2972 2390 3045 Bonou.,Tax.,
2438 2976 2779 3045 Regio—Put.,
2822 2976 2857 3030 ’5
2896 2976 2968 3029 al.
3004 2975 3160 3044 Reg.,
3207 2974 3240 3029 5
3282 2972 3463 3045 Colb_.,
3504 2976 3540 3029 4

1937 3043 2137 3116 Oxon.,
2182 3044 2370 3108 Goth.,
2401 3043 2557 3108 Pen.,
2589 3044 2762 3116 Lips.,
2801 3046 2947 3107 Em.,
2982 3043 3131 3116 Gatl,
3161 3043 3539 3116 Marm_._._Sor—

1859 3103 1906 3167 C
1937 3114 2093 3182 hon.,
2125 3103 2299 3181 'Vict.,
2349 3103 2560 3182 Baluz.,
2611 3103 2880 3181 Ciarom.,
2927 3103 3014 3171 ed.
3055 3103 3188 3170 Gell.
3231 3123 3285 3168 et
3319 3112 3534 3168 Walch.

1944 3187 2152 3242 meliori
2184 3201 2364 3255 sensu,
2411 3203 2569 3258 quam
2609 3188 2725 3243 hinc
2763 3204 2882 3258 qua:
2921 3188 2973 3242 in
3001 3189 3033 3242 1
3064 3203 3174 3242 rec.
3207 3193 3262 3240 et
3290 3185 3342 3239 in
3380 3183 3542 3239 editis

1940 3267 2068 3312 sunt
2094 3258 2256 3314 verba
2286 3260 2385 3312 iter
2420 3269 2580 3329 patet,
2619 3275 2741 3329 quae
2768 3274 2888 3315 cum
2919 3259 3128 3328 syntaxi
3160 3266 3411 3329 constare
3444 3271 3540 3311 ue—

1939 3342 2209 3398 quaquam
2240 3327 2486 3397 possunt.
2527 3327 2813 3399 Interpatct
2850 3327 3027 3385 autem
3059 3329 3230 3391 dixit,
3262 3327 3383 3396 quia
3426 3340 3537 3380 non

1940 3408 2088 3453 recta
2113 3399 2182 3454 ad
2208 3413 2272 3454 os
2292 3401 2483 3468 tendit,
2513 3401 2611 3457 sed
2633 3401 2698 3456 ad
2723 3415 2901 3455 nares.
2918 3399 3329 3470 Aliquantulum
3356 3408 3536 3470 autem

1939 3479 2088 3553 patet
2115 3473 2183 3553 ad
2219 3486 2304 3535 os,
2336 3481 2389 3527 et
2426 3467 2664 3553 meatum
2691 3486 2905 3553 quoque
2930 3472 2997 3553 ad
3025 3467 3159 3525 illud
3204 3469 3385 3553 habet.
3418 3467 3536 3553 Yox

1938 3549 2118 3611 autem
2169 3543 2283 3596 haec
2338 3543 2470 3597 satis
2518 3543 2701 3596 latina.
2751 3541 2834 3595 Ita'
2873 3542 3181 3611 pulmonem
3229 3541 3537 3611 interpatet-ts

1936 3609 2088 3664 rimis
2105 3610 2240 3665 dixit
2257 3612 2574 3679 Macrobius,
2598 3613 2687 3667 lib.
2721 3628 2792 3666 vtt
2822 3608 3123 3680 Saturnal.,
3146 3627 3266 3680 cap.
3286 3610 3375 3664 15.
3400 3608 3534 3663 Par-

1939 3680 2033 3735 tim
2073 3697 2136 3735 ca:
2175 3682 2396 3738 Tnvsro.
2445 3683 2555 3738 Nec
2594 3683 2908 3738 Lactantius
2955 3693 3139 3738 uoster
3183 3683 3331 3738 vocis
3372 3680 3530 3750 hujus

1935 3761 2124 3824 auctor
2143 3762 2228 3807 est
2258 3771 2270 3805 :
2301 3763 2448 3808 extat
2469 3769 2683 3821 quoque
2713 3754 2849 3824 apud
2872 3754 3028 3809 alios.
3504 3800 3507 3803 .

2010 3822 2176 3896 Colles
2199 3825 2443 3896 faucium.
2469 3825 2553 3879 .lo.
2578 3822 2817 3881 Cauci‘et
2840 3824 3006 3896 Isaeus
3028 3824 3311 3896 legendum
3341 3835 3530 3896 putant

1935 3894 2117 3959 tolles;
2167 3894 2307 3965 quod
2349 3895 2401 3949 in
2435 3896 2581 3950 nullo
2609 3896 2785 3965 reperi
2811 3895 3015 3951 codice.
3067 3894 3124 3949 lu
3166 3896 3193 3948 1
3224 3894 3378 3951 Colh.
3414 3911 3524 3951 rec.

1934 3975 2017 4037 est
2048 3965 2201 4020 calles
2227 3968 2490 4037 faucium;
2523 3968 2575 4021 in
2604 3968 2639 4021 2
2667 3965 2798 4037 Reg.
2829 3981 2939 4033 rec.
2970 3974 3024 4021 et
3051 3966 3139 4021 ed.
3170 3967 3328 4021 Rom.
3362 3966 3522 4036 1474,

1935 4032 2327 4109 Venetalwo,
2354 4038 2616 4106 Florent.,
2648 4032 2819 4099 Junt..
2844 4038 3072 4109 Graph.,
3101 4037 3249 4108 folles
3277 4032 3522 4109 faucium.

1933 4106 2002 4181 At
2030 4107 2081 4181 in
2114 4106 2239 4181 Mss.
2271 4108 2307 4161 2
2334 4109 2590 4181 Βοηθμ..
2637 4106 2967 4181 ΚρείοτΡιιι.
2994 4120 3063 4181 01
3102 4106 3148 4165 ’4
3178 4110 3249 4181 al.
3278 4106 3461 4181 Reg”
3489 4114 3525 4166 7

1934 4175 2225 4249 Yaticanis,
2254 4181 2287 4234 5
2307 4175 2758 4247 Colb.,Sorbon:.
2792 4180 3153 4247 Ultr.,Cant.,
3182 4175 3523 4249 Em.,Cant.,

1932 4245 2080 4311 Gat.,
2112 4250 2326 4315 Marm.,
2359 4245 2523 4313 Vict.,
2555 4252 2817 4315 Clarum,
2848 4245 3052 4315 llaluz.,
3080 4252 3241 4306 Brun.
3290 4262 3345 4307 et
3378 4254 3429 4307 in
3456 4245 3525 4309 14

1934 4319 2161 4395 vulgatis
2189 4322 2453 4395 estgcolles
2498 4324 2742 4392 faucium.
2779 4322 3092 4395 Perpeudat
3118 4323 3285 4395 lector
3325 4339 3390 4377 au
3427 4341 3526 4395 pro

1935 4389 2090 4443 colles
2116 4401 2168 4445 et
2196 4390 2374 4459 folles,
2413 4389 2559 4447 tolles
2588 4396 2657 4448 sit
2688 4389 2995 4461 legendum.
3051 4392 3219 4447 Tolles
3262 4395 3404 4449 enim
3428 4389 3526 4451 vo-

1937 4469 2129 4533 cantur
2158 4461 2423 4531 glandulae
2452 4466 2522 4519 ob
2551 4465 2832 4533 quamdam
2858 4462 3067 4533 glandis
3096 4464 3518 4521 similitudinem.

1938 4528 2112 4606 Tolles
2142 4528 2318 4606 autem
2348 4549 2445 4590 seu
2490 4528 2614 4590 tales
2656 4544 2739 4591 est
2795 4528 2885 4606 (ιιῖ
2907 4534 3155 4606 observat
3187 4533 3399 4606 Festus)
3436 4546 3522 4590 tu-

1938 4618 2057 4676 tuor
2103 4604 2153 4656 in
2204 4603 2473 4676 faucibus,
2534 4622 2655 4674 qua:
2703 4603 2813 4676 per
2842 4604 3251 4676 diminutionem
3300 4603 3525 4661 tonsilla!

1935 4671 2203 4727 dicuntur.
2240 4675 2402 4738 Plin.,
2446 4671 2624 4739 lil).'n,
2656 4671 2825 4741 0⁷57,
2860 4674 3080 4728 tonsillae
3132 4675 3187 4727 in
3223 4676 3446 4739 homine,
3468 4680 3522 4732 in

1933 4759 2025 4797 sue
2051 4744 2331 4814 glandula’.
2364 4746 2468 4801 Sed
2495 4755 2551 4800 et
2593 4748 2764 4810 tolles,
2801 4761 2895 4799 seu
2926 4744 3194 4812 tonsillas,
3225 4760 3359 4814 quas
3386 4746 3510 4802 Cel-
3551 4783 3555 4787 ο

1935 4828 2029 4889 sus
2057 4827 2211 4889 vocat
2233 4816 2531 4889 glandulas,
2550 4817 2878 4889 recentiores
2902 4815 3101 4889 medici
3119 4826 3314 4870 vocant
3337 4816 3522 4889 amyg-

1936 4884 2107 4956 dalas,
2138 4886 2308 4941 Graeci
2358 4897 2535 4940 autem
2591 4886 2922 4956 paristbmia.
2959 4886 3125 4941 Tolles
3154 4897 3332 4941 autem
3363 4903 3393 4941 a
3423 4884 3523 4943 tul-

1936 4955 2115 5028 l_eudo,
2136 4958 2258 5025 quia
2287 4966 2490 5026 partem
2520 4955 2767 5013 attOlluut
2790 4959 2841 5012 iu
2875 4967 3158 5013 tumorem.
3180 4958 3310 5028 Legi
3338 4970 3516 5015 autem

1932 5026 2072 5100 forte
2101 5038 2381 5100 praestaret
2418 5030 2612 5099 (inquit
2649 5029 2992 5100 llecquetius)
3036 5030 3147 5082 tolli
3200 5026 3359 5099 quam
3412 5035 3517 5086 tol-

1933 5097 2067 5152 lere.
2100 5097 2254 5153 Unde
2280 5100 2358 5154 sic
2404 5097 2792 5155 restituendus
2814 5097 3020 5155 veniret
3050 5101 3137 5154 hic
3182 5097 3336 5167 locus
3368 5118 3380 5154 :
3420 5103 3521 5159 Ubi

1934 5184 1987 5222 se
2013 5168 2160 5223 tolles
2182 5171 2416 5242 faucium
2462 5181 2743 5242 spectantes
2766 5188 2915 5226 uvam
2939 5171 3051 5225 tolli
3076 5172 3324 5241 incipiunt
3362 5175 3415 5227 in
3436 5185 3520 5242 tu-

1934 5254 2145 5293 morem.
2180 5241 2247 5294 Et
2275 5241 2477 5294 utinam
2498 5241 2621 5297 huic
2643 5243 2853 5297 lectioni
2887 5241 3127 5297 faverent
3154 5241 3516 5308 mss.,coutra

1934 5326 2160 5379 quorum
2192 5310 2350 5365 ﬁdem
2382 5312 2512 5366 nihil
2541 5322 2748 5369 mutare
2785 5314 2950 5369 volui.
2979 5312 3120 5368 Nihil
3152 5314 3298 5368 enim
3341 5315 3518 5371 obstat

1932 5381 2221 5450 quominus
2272 5392 2449 5454 tumor
2491 5382 2721 5439 faucium
2770 5386 2923 5441 collis
2952 5385 3271 5454 appelletur,
3296 5401 3397 5440 nec
3432 5403 3520 5441 rc-

1933 5463 2171 5574 plugtltaut
2219 5453 2529 5523 peritissimi
2605 5455 2795 5511 medici
2859 5453 3235 5512 Gaudeli'ridus
3297 5467 3352 5512 et
3410 5457 3520 5513 Ευ-

1933 5536 1957 5574 S
1983 5538 2045 5574 ac
2065 5538 2187 5574 llllS.

1929 5531 2187 5579 stacltius.

2007 5594 2087 5660 Si,
2114 5604 2169 5648 ut
2197 5595 2332 5665 gula:
2358 5595 2471 5649 iter.
2498 5594 2573 5649 Ita
2604 5598 2819 5666 reposui
2856 5613 2919 5653 ex
2944 5615 3073 5655 mss.
3106 5601 3343 5655 omnium
3370 5608 3521 5654 vetu-

1932 5665 2184 5742 stissimis
2209 5666 2533 5742 optimisque
2561 5667 2585 5719 1
2617 5665 2823 5742 Bdnon.
2843 5678 2923 5742 bet
2967 5671 3278 5742 Regio-Pint.
3312 5684 3521 5742 necnon
3564 5696 3569 5701 ~

1932 5736 2230 5811 exlsaeana
2258 5736 2512 5811 editione
2537 5754 2548 5788 :
2572 5738 2715 5811 quod
2755 5739 2942 5795 melius
2974 5736 3108 5808 fluit,
3132 5756 3289 5811 quam
3322 5742 3368 5793 si
3395 5740 3523 5795 sicut

1932 5807 2068 5878 gula:
2106 5807 2199 5864 iter
2250 5808 2317 5866 12
2358 5809 2844 5877 manuscriptorum
2894 5826 3005 5867 rcc.
3043 5807 3099 5868 et
3147 5807 3531 5886 edit..Favent
