3856 6256
398 295 463 352 51
903 271 905 274 Ι
1377 290 1562 349 FIBM.
1603 288 1971 347 LACTANTII
2003 289 2137 347 LIB.
2179 289 2270 346 DE
2307 288 2599 348 OPIFICIO
2639 289 2750 347 DEI
3634 290 3701 347 ἐξ).

407 417 566 477 teret,
613 421 716 465 nec
759 409 1060 480 procedens
1088 423 1162 464 ex
1199 420 1270 464 eo
1305 407 1526 478 spiritus
1555 406 1773 462 efﬁcere
1814 421 2001 461 vocem
2030 407 2084 470 Α
2107 403 2352 468 diffusus,
2387 404 2573 474 irrigat
2599 403 2905 459 universum
2934 415 3150 472 corpus,
3183 414 3238 459 et
3264 414 3499 475 vegetat.

407 503 526 557 sine
557 502 751 572 lingua;
781 501 1080 556 ministerio
1102 499 1303 570 posset.

472 593 700 662 Aperuit
751 594 911 663 igitur
972 593 1111 646 viam
1165 591 1279 645 voci
1327 590 1505 644 divina
1555 589 1771 644 solertia
1813 606 1877 644 ex
1909 589 1998 645 illa

404 685 580 740 ﬁstula
646 685 910 754 spiritali,
963 694 1020 738 ut
1068 693 1248 753 posset
1309 683 1486 752 lingua
1546 681 1844 736 ministerio
1899 697 1997 736 suo

404 775 571 845 fungi,
601 785 654 829 et
694 776 839 829 vocis
881 775 1044 844 ipsius
1094 774 1414 829 inoffensum
1467 784 1707 827 tenorem
1757 772 1998 841 pulsibus

404 870 516 922 suis
547 869 598 921 in
629 867 793 922 verba
821 865 1131 921 concidere.
1162 866 1263 932 Qui
1295 875 1522 929 meatus,
1547 865 1591 918 si
1623 864 1806 932 aliquo
1836 863 1997 918 modo

404 963 736 1030 interceptus
760 961 849 1024 sit,
883 968 1088 1013 mutum
1113 959 1273 1012 faciat
1301 971 1521 1012 necesse
1541 963 1641 1010 est.
1677 956 1831 1011 Errat
1851 957 1994 1010 enim

400 1053 649 1124 profecto
675 1054 920 1123 quisquis
957 1052 1116 1106 aliam
1149 1065 1369 1105 causam
1417 1057 1596 1118 putat,
1628 1064 1724 1104 cur
1752 1050 1997 1105 homines

401 1148 534 1202 muti
565 1147 692 1202 sint.
717 1140 832 1201 Non
856 1145 998 1200 enim
1031 1146 1111 1217 (ut
1134 1145 1290 1215 vulgo
1327 1142 1589 1212 creditur)
1631 1144 1860 1198 vinctam
1897 1159 1992 1212 ge—

401 1248 528 1295 runt
554 1241 782 1310 linguam
815 1259 829 1294 :
858 1239 953 1294 sed
977 1239 1010 1292 ii
1038 1240 1274 1292 vOCaICm
1304 1239 1452 1291 illtttn
1494 1236 1740 1306 Spiritum
1774 1253 1869 1306 per
1899 1253 1995 1292 na-

399 1347 492 1389 res
521 1333 672 1403 quasi
693 1325 1001 1402 mugientes
1031 1330 1385 1400 profundunt,
1411 1329 1555 1399 quod
1589 1331 1704 1384 voci
1739 1330 1995 1386 transitus

400 1428 467 1481 ad
497 1437 559 1482 es
603 1436 694 1480 aut
741 1426 915 1479 nullus
941 1425 1163 1479 omnino
1208 1432 1315 1488 est,
1361 1433 1452 1475 aut
1484 1437 1588 1477 non
1614 1423 1694 1476 sic
1725 1432 1911 1491 patens
1938 1433 1996 1477 ut

401 1522 613 1591 plenam
646 1535 830 1575 vocem
861 1521 1035 1588 possit
1062 1519 1329 1573 emittere.
1360 1516 1512 1583 Quod
1549 1516 1862 1586 plerumque
1900 1531 1992 1570 na-

399 1623 516 1668 tura
549 1613 636 1680 fit;
669 1614 954 1681 aliquando
990 1613 1156 1667 etiam
1185 1626 1313 1666 casu
1344 1610 1556 1677 accidit,
1593 1619 1651 1665 ut
1672 1611 1861 1665 morbo
1889 1610 1992 1665 ali-

397 1722 504 1777 quo
529 1707 620 1762 hic
646 1707 824 1761 aditus
873 1707 1128 1774 obseptus
1170 1720 1354 1758 vocem
1407 1718 1512 1757 non
1557 1703 1884 1757 transmittat
1925 1702 1992 1756 ad

2176 497 2552 552 Intestinorum
2581 512 2795 568 quoque
2827 495 3148 565 multiplices
3192 497 3374 567 spirte,
3421 514 3488 553 ac
3531 500 3698 569 longi-

2101 592 2228 645 tudo
2249 591 2299 645 iu
2324 606 2383 646 se
2399 593 2702 653 convoluta,
2730 600 2783 644 et
2811 604 2916 642 uno
2943 599 3118 645 tamen
3141 590 3429 644 substricta
3458 593 3692 657 vinculo,

2098 698 2257 752 quam
2289 683 2568 737 miriﬁcum
2605 685 2693 737 llei
2722 701 2856 752 opus
2881 685 3001 739 est?
3023 683 3154 737 Nam
3187 683 3272 738 ubi
3307 697 3608 738 maceratus
3634 703 3694 740 ex

2099 791 2157 830 se
2186 777 2335 830 cibos
2360 775 2510 829 alvus
2537 777 2794 842 emiserit,
2819 776 3069 846 paulatim
3096 791 3188 844 per
3214 776 3331 830 illos
3361 776 3693 831 internarum

2099 870 2368 924 anfractus
2398 869 2776 935 extruduntur,
2814 881 2869 923 ut
2900 869 3154 940 quidquid
3187 869 3316 937 ipsis
3350 870 3494 924 inest
3525 872 3693 938 succi,

2099 976 2207 1032 quo
2231 975 2428 1031 corpus
2477 962 2656 1026 alitur,
2707 961 2962 1016 membris
3006 960 3256 1014 omnibus
3300 960 3589 1014 dividatur.
3637 963 3697 1015 Et

2099 1061 2279 1107 tamen
2325 1053 2519 1108 necubi
2553 1052 2690 1108 forte
2733 1052 3067 1114 obhaereant,
3123 1066 3187 1106 ac
3232 1051 3509 1115 resistant,
3557 1053 3697 1122 quod

2095 1145 2214 1199 ﬁeri
2267 1154 2499 1214 poterat,
2530 1155 2749 1215 propter
2776 1147 3013 1216 ipsorum
3060 1145 3412 1199 voluminum'
3440 1145 3700 1201 flexiones

2089 1240 2151 1294 in
2174 1255 2233 1296 se
2263 1255 2408 1310 same
2437 1241 2746 1304 redeuntes,
2775 1250 2830 1295 et
2860 1240 2976 1296 ﬁeri
3007 1242 3124 1295 sine
3151 1240 3386 1308 pernicie
3419 1257 3526 1294 non
3554 1250 3701 1308 pote-

2097 1344 2201 1396 rat,
2231 1333 2433 1389 oblevit
2454 1349 2515 1389 ea
2546 1335 2867 1388 intrinsecus
2893 1333 3159 1387 crassiore
3189 1347 3370 1398 succo,
3402 1340 3461 1386 ut
3507 1348 3699 1402 purga-

2097 1433 2277 1480 menta
2311 1425 2398 1479 illa
2430 1426 2636 1479 ventris
2663 1425 2732 1479 ad
2773 1425 2948 1479 exitus
2978 1438 3105 1478 suos
3147 1423 3352 1478 facilius
3394 1439 3491 1493 per
3539 1423 3702 1478 lubri-

2096 1535 2218 1574 cum
2266 1519 2584 1574 niterentur.
2619 1519 2711 1573 Illa
2763 1533 2976 1588 quoque
3021 1518 3159 1571 ratio
3200 1517 3552 1572 subtilissima
3593 1526 3697 1585 est,

2096 1611 2238 1682 quod
2269 1611 2467 1676 vesica,
2518 1611 2672 1680 cujus
2704 1625 2857 1664 usum
2887 1610 3134 1664 volucres
3163 1624 3269 1664 non
3319 1608 3542 1675 habent,
3573 1623 3694 1664 cum

2097 1703 2168 1758 sit
2195 1703 2263 1756 ab
2288 1703 2553 1757 inteStinis
2577 1715 2848 1772 separata,
2879 1717 2978 1757 nec
3006 1704 3170 1756 ullam
3201 1701 3394 1756 habeat
3439 1701 3698 1782 fistulam,

399 1799 659 1870 linguam,
695 1798 960 1867 faciatque
984 1798 1054 1852 de
1084 1797 1425 1867 loquentibus
1451 1807 1650 1850 mutos.
1677 1795 1829 1862 Quod
1869 1810 1991 1850 cum
2023 1805 2072 1864 Β
2099 1815 2202 1867 qua
2233 1816 2297 1853 ex
2330 1799 2432 1852 illis
2461 1799 2667 1852 urinam
2698 1797 2896 1860 trahat,
2926 1796 3226 1863 completur
3264 1805 3477 1863 tamen,
3508 1805 3564 1849 et
3604 1791 3700 1858 hu;

399 1890 673 1956 acciderit,
720 1889 960 1943 auditum
1005 1901 1222 1958 quoque
1270 1888 1477 1942 obstrui
1522 1902 1743 1941 necesse
1778 1897 1893 1952 est;
1941 1894 2003 1941 ut

397 1984 525 2053 'quia
555 1997 739 2039 vocem
766 1985 1020 2044 emittere
1042 1999 1152 2037 non
1193 1992 1402 2052 potest,
1435 1996 1505 2036 ne
1548 1981 1833 2035 admittere
1868 1980 1993 2049 qui-

399 2076 521 2133 dem
547 2077 739 2146 possit.
775 2075 1050 2145 Loquendi
1093 2089 1222 2144 ergo
1261 2089 1422 2129 causa
1468 2072 1766 2142 patefactus
1793 2081 1879 2127 est
1909 2070 1996 2126 hic

399 2177 628 2223 meatus.
673 2167 806 2221 Illud
851 2181 1062 2236 quoque
1113 2175 1362 2235 praestat,
1393 2175 1452 2219 ut
1491 2166 1542 2218 in
1584 2164 1812 2218 lavacris
1856 2164 1996 2218 ccleo

403 2258 644 2322 brandis,
673 2259 791 2330 quia
827 2272 983 2312 nares
1013 2257 1244 2311 calorem
1282 2255 1423 2311 ferre
1473 2272 1576 2308 non
1610 2257 1871 2324 possunt,
1905 2267 1999 2310 aer

396 2350 617 2405 fervens
643 2361 741 2405 ore
782 2350 1046 2413 ducatur;
1083 2350 1244 2414 item,
1277 2350 1323 2402 si
1373 2348 1507 2402 forte
1537 2347 1866 2416 spiramenta
1899 2363 1996 2401 na-

401 2443 540 2498 rium
567 2443 783 2515 frigoris
811 2446 995 2521 pituita
1036 2443 1400 2513 prmcluserit,
1450 2457 1545 2510 per
1572 2456 1633 2495 os
1663 2457 1846 2496 auram
1883 2453 1994 2496 tra-
2035 2435 2039 2437 ’

400 2536 530 2594 here
557 2538 845 2607 possimus,
879 2553 945 2592 ne
971 2538 1246 2592 obstrueta
1272 2535 1486 2590 meandi
1515 2534 1788 2600 facultate,
1836 2535 1996 2603 Spiri-

395 2640 484 2686 tu‘s
509 2631 892 2700 stranguletur.
923 2631 1036 2684 Cibi
1068 2645 1196 2683 vero
1226 2631 1276 2683 in
1305 2630 1483 2683 alvum
1529 2629 1750 2698 recepti,
1779 2638 1835 2684 et
1873 2643 1993 2682 cum

401 2731 557 2793 potus
584 2721 810 2776 humore
837 2721 1108 2792 permixti,
1140 2737 1258 2774 cum
1280 2722 1389 2790 jam
1413 2721 1593 2776 calore
1618 2722 1850 2790 percocti
1883 2721 1996 2775 fue-

398 2816 524 2880 rint,
569 2825 754 2870 eorum
799 2829 994 2870 succus
1023 2814 1368 2869 inenarrabili
1414 2813 1574 2868 modo
1607 2829 1705 2883 per
1752 2811 1992 2869 ιιιθιηιπει

2101 1907 2251 1946 more
2274 1891 2618 1946 distenditur.
2649 1891 2704 1946 Id
2735 1890 3005 1958 quomodo
3045 1889 3162 1955 ﬁat,
3204 1905 3310 1943 non
3355 1897 3442 1943 est
3488 1888 3703 1941 difﬁcile

2099 1983 2402 2054 pervidere,
2429 1983 2810 2038 intestinorum
2835 1983 2980 2036 enim
3012 1990 3210 2050 partes,
3238 1995 3359 2051 quae
3379 1982 3450 2036 ab
3473 1980 3596 2034 alvo
3625 1979 3700 2033 ci-

2101 2076 2226 2130 bum
2273 2085 2566 2146 potumque
2615 2075 2948 2144 suspiciunt,
2985 2074 3316 2143 patentiores
3359 2083 3488 2128 sunt
3535 2087 3697 2144 quam

2101 2177 2308 2223 castora:
2331 2168 2514 2237 spirte,
2549 2178 2602 2223 et
2634 2168 2804 2221 multo
2850 2168 3145 2221 tenuiores.
3183 2165 3274 2218 [lac
3307 2167 3546 2219 vesicam
3595 2167 3701 2219 cir-

2102 2263 2559 2332 cumplectuntur,
2611 2271 2665 2316 et
2689 2262 3006 2314 continent:
3054 2259 3119 2314 ad
3171 2274 3303 2329 quas
3357 2271 3540 2329 partes
3579 2274 3702 2314 cum

2099 2367 2256 2425 potus
2300 2365 2353 2409 et
2392 2356 2545 2410 cibus
2601 2357 2766 2408 mixta
2825 2353 3204 2422 pervenerint,
3258 2354 3443 2407 limum
3483 2353 3700 2423 quidem

2095 2447 2336 2504 'Crassius
2366 2446 2424 2500 ﬁt
2453 2489 2467 2511 ,
2498 2457 2552 2501 et
2577 2456 2873 2501 transmeat
2895 2490 2908 2512 ,
2945 2447 3138 2499 ltuinor
3171 2453 3352 2499 autem
3397 2445 3579 2499 omnis
3609 2459 3701 2513 per

2100 2541 2246 2595 illam
2283 2539 2693 2594 teneritudinem
2721 2540 3043 2609 percolatur,
3069 2554 3300 2608 eumque
3323 2538 3522 2602 vesica,
3548 2537 3699 2605 cujus

2100 2649 2254 2702 teque
2282 2633 2458 2687 tenuis
2499 2633 2815 2703 subtilisque
2845 2634 3155 2694 membrana
3185 2642 3289 2698 cst,
3336 2629 3613 2695 absorbet,
3648 2641 3701 2686 ct

2097 2726 2398 2796 colligit,-ut
2421 2726 2584 2790 foras,
2604 2742 2704 2797 qua
2732 2736 2922 2781 natura
2948 2726 3153 2781 exitum
3174 2725 3447 2796 pitefecit,
3467 2726 3699 2781 emittat.

1729 2951 2087 3010 VARIORUM
2127 2951 2351 3009 NOTAE.

395 3069 557 3142 etiam
591 3069 755 3142 textui
784 3076 970 3142 nostro
993 3068 1028 3120 2
1051 3067 1228 3142 Goth.,
1259 3066 1466 3142 Belum,
1498 3066 1688 3142 Brom,
1709 3066 1761 3120 in
1794 3068 1987 3136 quibus
2016 3070 2060 3133 C
2092 3083 2210 3142 esse
2240 3078 2386 3138 patet
2412 3085 2480 3125 ex
2507 3070 2951 3138 prtecedentibns.
2988 3071 3044 3125 In
3067 3073 3103 3125 9.
3127 3073 3259 3141 Reg.
3288 3076 3475 3138 rec.,5
3498 3074 3686 3142 Goth.,

401 3141 572 3194 solum
599 3141 790 3208 legitur
817 3140 946 3191 sicut
977 3139 1111 3207 gula!
1133 3141 1250 3200 iter,
1281 3138 1458 3191 deleto
1483 3139 1546 3189 si.

476 3208 588 3263 Nec
617 3212 892 3278 procedens
917 3225 981 3260 ex.
1001 3225 1058 3260 eo
1086 3209 1296 3276 spiritus
1319 3209 1519 3277 efﬁcere
1552 3223 1720 3261 vocem
1755 3208 1864 3261 sine
1888 3208 1991 3261 lin-

2090 3138 2327 3212 Clarom.
2355 3143 2673 3209 excusisque
2703 3144 2904 3200 multis.
2933 3138 3232 3212 possumus:
3253 3145 3412 3197 male.

2167 3211 2394 3277 Spiritus
2419 3213 2784 3282 stranguletur.
2810 3211 2971 3266 Ismtts
3020 3227 3070 3266 et
3098 3214 3475 3268 Gatttleﬂ'ridus
3510 3216 3696 3283 legen-

402 3297 515 3353 guaz
542 3282 820 3353 ministerio
865 3290 1053 3353 posset.
1088 3279 1508 3353 Il:ec__suppleta
1550 3291 1673 3353 sunt
1699 3293 1772 3353 ex
1801 3294 1929 3331 mss.
1957 3279 1995 3332 2
2093 3281 2219 3335 dttm
2249 3297 2370 3336 esse
2399 3279 2623 3338 censent
2646 3285 3044 3353 strangulemur.
3080 3286 3202 3350 quia
3233 3279 3598 3351 strangulatio
3633 3286 3698 3340 ad

402 3340 634 3417 Bonum,
662 3355 683 3405 1
715 3340 875 3417 Πεςς.ξ
899 3350 1054 3412 Tax.,
1087 3350 1119 3402 5
1147 3340 1563 3413 (3011),,’Βε11ιιῑη
1593 3350 1848 3413 Sorbnn.,
1873 3352 1994 3403 (Ila-

401 3437 540 3476 rom.
573 3423 622 3474 iu
649 3433 817 3491 marg.
848 3431 1006 3488 atque
1032 3421 1190 3474 editis
1212 3422 1278 3474 Is.
1327 3433 1379 3475 et
1410 3419 1606 3487 Spark.
1638 3435 1758 3487 qme
1791 3421 1841 3474 in
1873 3423 1995 3475 aliis

403 3493 802 3553 desiderantur,
834 3502 886 3544 et
909 3492 958 3544 in
995 3491 1102 3560 ipsa
1135 3492 1371 3545 editione
1401 3491 1464 3545 Ο.
1492 3491 1552 3544 F.
1589 3491 1882 3546 Fritzsche.

482 3563 637 3616 Errat
674 3564 828 3623 enim,
863 3572 968 3616 etc.
997 3564 1154 3616 Errat
1182 3563 1338 3632 igitur
1366 3563 1615 3632 princeps
1637 3563 1989 3631 medicorum,

405 3632 786 3704 Hippocrates,
841 3637 928 3702 qui
974 3633 1214 3702 apboris.
1249 3633 1316 3688 59
1355 3635 1389 3686 I.
1428 3649 1529 3697 vn,
1571 3636 1644 3687 ait
1674 3647 1766 3688 eos
1802 3636 1996 3704 quibus

398 3705 681 3760 cerebrum
707 3706 885 3774 aliqua
936 3719 998 3758 ex
1029 3715 1190 3758 causa
1221 3719 1540 3758 concussum
1570 3704 1751 3769 fuerit,
1774 3721 1996 3760 necesse

400 3792 521 3831 esse
553 3779 733 3830 statim
787 3787 963 3829 mutos
1010 3778 1122 3830 fieri
1151 3792 1165 3838 ;
1209 3786 1260 3828 et
1303 3777 1600 3844 apltoristn.
1635 3778 1666 3828 5
1697 3775 1788 3829 lib.
1826 3793 1856 3828 v
1881 3819 1894 3840 ,
1929 3791 1994 3830 ex

405 3847 665 3901 ebrietate
697 3847 797 3901 hoc
825 3849 1025 3900 malum
1054 3847 1215 3900 etiam
1249 3847 1467 3900 evenire
1509 3845 1838 3911 subindicat,
1868 3857 1922 3899 et
1946 3847 1995 3900 id

404 3919 602 3971 let'hale
619 3919 751 3972 adeo
771 3935 911 3979 esse,
936 3919 977 3969 si
1009 3917 1297 3970 convulsus
1325 3917 1500 3980 fuerit,
1537 3918 1635 3970 nisi
1668 3916 1798 3970 febri
1829 3919 1998 3972 corri-

406 3989 598 4056 pi-atur.
639 3989 768 4041 Vide
795 3989 858 4039 ad
893 3989 1005 4041 lure
1032 3986 1378 4040 Vuilichium.
1409 3988 1608 4041 BETUL.

484 4059 817 4121 Nures'quasi
840 4056 1332 4127 mugienles.Addidi
1361 4064 1506 4124 quasi
1532 4074 1597 4113 ex
1626 4059 1998 4126 mss—Quasi

405 4129 682 4198 nmgieutes
723 4128 1061 4198 "profundunt.
1089 4128 1288 4182 Eadem
1322 4129 1431 4182 fere
1459 4144 1618 4183 causa
1649 4140 1731 4182 est
1761 4130 1998 4183 affectio-

408 4201 491 4251 nis
513 4212 564 4253 et
599 4200 834 4254 lmsinnis
860 4199 910 4250 in
961 4207 1107 4252 muto
1133 4210 1187 4253 et
1218 4199 1401 4252 surdo.
1434 4199 1562 4253 Vide
1607 4202 1854 4262 Aristot..
1879 4217 1996 4268 pro-

407 4271 566 4323 blem.
591 4272 625 4323 2
643 4279 690 4324 et
706 4271 758 4336 4,
776 4271 944 4324 sectio
965 4269 1054 4324 ⁸55.
1075 4270 1492 4325 Alexandrinum
1510 4277 1548 4324 A
1560 4271 1798 4340 phrodis.
1823 4271 1994 4340 probi.

407 4342 529 4394 158.
559 4342 626 4393 is.

481 4412 557 4463 De
599 4411 934 4478 loquentibus.
972 4411 1048 4466 De
1077 4427 1173 4479 pro
1219 4427 1300 4465 ex.
1329 4411 1605 4482 Frequens
1639 4411 1740 4467 hoc
1768 4413 1996 4469 Lactan-

410 4483 504 4547 tio,
536 4493 590 4535 et
621 4483 740 4536 aliis
769 4482 981 4547 Ovidio,
1017 4484 1177 4537 Floro
1200 4523 1215 4546 ,
1247 4483 1479 4546 Justino,
1512 4497 1738 4553 quorum
1771 4487 1881 4537 loca
1913 4487 1994 4540 in-

410 4553 607 4608 dicavit
629 4555 972 4608 Btrrmannus
1005 4555 1069 4607 ad
1094 4553 1273 4619 ()vid.,
1294 4554 1394 4608 lib.
1425 4571 1441 4607 ι
1467 4555 1680 4620 Amor.,
1708 4557 1795 4622 10,
1829 4556 1862 4608 8
1895 4575 1906 4609 :

529 4670 590 4720 Et
613 4670 850 4734 quidquid
873 4683 1052 4732 magno
1075 4670 1139 4718 de
1158 4668 1284 4719 Jove
1311 4670 1428 4720 fecit
1450 4684 1605 4720 amor.
1719 4671 1843 4721 BUN.

480 4774 723 4827 Auditum
750 4791 963 4842 quoque.
995 4784 1098 4829 etc.
1120 4773 1461 4844 Experientia
1489 4776 1814 4829 contrarium
1841 4785 2001 4830 testa-

413 4857 516 4900 tur.
537 4846 701 4898 lmmo
728 4845 819 4912 qui
848 4848 993 4899 surdi
1025 4857 1336 4910 nascuntur,
1356 4849 1486 4900 muti
1516 4848 1620 4899 sint
1649 4861 1871 4901 necesse
1895 4852 1997 4901 eSt.

407 4915 724 4969 —Auditum
740 4931 938 4985 quoque
959 4917 1150 4969 obstrui
1178 4933 1377 4970 necesse
1395 4926 1486 4970 est.
1510 4916 1565 4972 Si
1599 4925 1779 4970 tamen
1811 4927 1996 4971 natura

411 4998 464 5042 et
495 5003 519 5039 a
555 4988 832 5058 nativitate
861 4988 1146 5058 contigerit
1179 5006 1189 5036 :
1217 4989 1355 5057 quod
1389 4989 1431 5043 si
1461 4988 1656 5041 deinde
1683 4989 1876 5041 morbo
1901 4988 1999 5043 ali-

408 5074 534 5128 quo,
567 5072 670 5111 non
723 5057 773 5111 id
823 5057 1046 5114 necesse
1096 5072 1221 5113 esse
1253 5059 1468 5112 tradunt
1499 5058 1712 5122 medici,
1746 5068 1802 5112 ut
1829 5059 1999 5115 refert

409 5128 648 5199 Apltrnd.
682 5129 769 5182 ιιὺὶ
800 5145 981 5199 supra.
1017 5131 1082 5184 Is.

481 5198 561 5252 Ne
580 5200 850 5252 admittere
871 5198 1072 5271 quidem
1101 5199 1367 5268 possit.Ex
1391 5199 1451 5252 21
1476 5212 1605 5271 mss.
1627 5209 1681 5253 et
1700 5200 1769 5254 10
1784 5211 1887 5256 vet.
1906 5203 1993 5256 ed.

407 5273 637 5339 expunxi
661 5285 843 5323 vocem
876 5270 1124 5332 auditum,
1151 5287 1269 5340 quae
1291 5278 1373 5323 sat
1393 5270 1595 5324 inutilis
1625 5271 1853 5338 videtur,
1871 5288 1994 5327 cum

411 5341 495 5394 hic
523 5343 588 5394 de
609 5356 741 5395 voco
771 5343 1062 5396 emittenda
1092 5353 1147 5394 et
1169 5343 1400 5412 deivocc
1428 5343 1754 5396 admittenda
1782 5355 1991 5412 agatur,

411 5412 550 5479 quod
587 5429 690 5464 non
722 5429 881 5465 nemo
915 5413 1179 5478 intelligit.
1217 5411 1296 5464 Ne
1337 5411 1856 5468 auditumadmittcrc
1878 5417 1993 5481 qni-

409 5486 521 5535 dem
555 5485 712 5551 possit
739 5499 1016 5552 perperam
1050 5484 1242 5553 legitur
1287 5485 1339 5536 in
1369 5485 1403 5536 Ξ
1451 5484 1677 5550 Βοιιοιι.,
1713 5485 1843 5540 'l‘ax.
1879 5501 1929 5541 ct
1964 5488 1995 5540 6

410 5555 795 5608 recentioribus
814 5556 1063 5625 vulgatis.

478 5627 673 5678 Aurum
703 5627 902 5679 Iro/tere
927 5627 1197 5695 possimus.
1229 5625 1300 5680 Ita
1325 5627 1530 5680 restitui
1560 5641 1626 5681 ex
1657 5644 1785 5680 mss.
1823 5638 1995 5681 veter-

408 5696 606 5750 rimisl
647 5697 879 5761 Bonum,
923 5698 1080 5767 ltcg.,
1132 5697 1275 5763 Put.,
1325 5698 1514 5762 (Iano,
1542 5698 1704 5761 Ultr.,
1741 5703 1774 5753 5
1813 5700 1991 5763 Goth.,

409 5767 796 5837 Baluz.,Vict.,
831 5771 1019 5837 Brun.,
1039 5769 1124 5825 ed.
1153 5769 1309 5825 Rom.
1335 5770 1490 5825 M70.
1517 5771 1582 5824 Et
1611 5770 1686 5824 sic
1709 5770 1991 5840 legendum

2098 3353 2386 3414 hominem,
2405 3370 2508 3408 non
2533 3353 2597 3408 ad
2619 3370 2799 3408 aerem
2825 3357 3076 3420 pertinet.
3100 3356 3204 3408 Sed
3231 3365 3534 3424 repugnant
3558 3373 3692 3410 mss.

2095 3432 2150 3497 et
2175 3424 2305 3497 editi
2353 3435 2546 3492 prseter
2594 3427 2661 3478 Is.
2697 3427 2762 3480 Et
2799 3427 2902 3480 dici
2933 3436 3108 3497 potest
3137 3441 3317 3481 aerem
3349 3428 3696 3496 strangulari,

2098 3495 2146 3548 id
2175 3503 2258 3547 est
2284 3493 2525 3549 faucilms
2545 3497 2735 3563 premi.

2164 3585 2359 3642 Eorum
2385 3604 2584 3650 succus,
2608 3597 2712 3642 etc.
2760 3587 2871 3642 Non
2919 3588 3025 3641 alvi
3057 3588 3158 3642 hoc
3185 3587 3424 3642 ofﬁcium
3453 3601 3556 3653 eSt,
3591 3588 3685 3643 sed

2099 3655 2500 3720 inte~tinornm,
2531 3675 2649 3728 qua:
2701 3669 2981 3726 exceptum
3031 3676 3101 3713 ex
3133 3661 3431 3713 ventriculo
3477 3675 3697 3714 succum

2097 3727 2360 3794 tantisper
2390 3727 2589 3792 fovent,
2623 3730 2748 3782 dum
2780 3745 2877 3797 per
2903 3741 3094 3782 venam
3130 3732 3483 3784 meseraicam
3533 3732 3583 3783 in
3611 3732 3697 3798 je-

2097 3811 2194 3851 cur
2223 3801 2544 3871 evectuspin
2583 3801 2894 3867 sanguinem
2946 3802 3292 3862 convertitur,
3325 3802 3697 3871 indequcuni-

2103 3884 2252 3922 versa
2280 3869 2520 3936 corporis
2552 3872 2786 3922 membra
2821 3872 3150 3926 nutriuntur.
3180 3873 3379 3926 BE'I‘UL.

2172 3939 2537 3992 lntestinorum
2569 3957 2764 4010 quoque
2795 3943 3101 4004 multiplices
3128 3943 3309 4006 spim’,
3337 3953 3441 3997 etc.
3469 3943 3696 3997 Maxime

2103 4009 2245 4063 illius
2299 4011 2438 4077 quod
2489 4012 2632 4065 εἱλεοὶ
2684 4009 2956 4072 vocatur,
3015 4014 3211 4080 gracili-
3263 4015 3511 4067 nimirum
3544 4015 3688 4067 illttd.

2102 4081 2550 4135 Flexuosissimos
2578 4083 2737 4137 orbes
2773 4083 2980 4138 Plinius
3007 4086 3247 4139 nominat
3280 4103 3290 4136 :
3323 4084 3511 4140 Celsus
3541 4101 3692 4152 vero,

2100 4153 2269 4206 sinus.
2301 4155 2498 4207 BETUL.

2173 4243 2241 4296 Et
2265 4261 2376 4317 uno
2417 4255 2581 4297 tamen
2628 4246 2896 4299 substricta
2923 4248 3146 4302 uinculo.
3191 4247 3263 4300 Ita
3301 4249 3366 4302 15
3397 4263 3528 4302 mss.
3558 4262 3692 4317 quo-

2104 4331 2218 4368 rum
2245 4314 2351 4369 duo
2385 4327 2506 4368 sunt
2531 4318 2823 4382 veterrimi,
2848 4327 2902 4372 et
2929 4325 2960 4371 δ
2992 4319 3209 4373 editi.ln
3248 4320 3308 4372 ltl
3332 4320 3547 4387 scriptis
3577 4314 3684 4372 rec.

2102 4396 2155 4438 et
2183 4387 2212 4459 7
2241 4387 2514 4459 impressis
2531 4402 2636 4459 rec.
2656 4398 2699 4439 et
2716 4405 2816 4442 uno
2834 4399 3053 4444 tantum.
3075 4389 3309 4459 Utraque
3327 4389 3488 4444 lectio
3519 4393 3650 4445 bona
3671 4427 3686 4455 ,

2023 4451 2076 4522 D
2102 4467 2153 4510 et
2180 4458 2230 4510 in
2261 4451 2398 4510 idem
2421 4458 2630 4511 recidit.

2185 4527 2247 4580 Et
2269 4538 2433 4581 tonum
2461 4530 2638 4582 necubi
2661 4532 2791 4599 forte
2826 4530 3132 4585 abhorreant.
3165 4529 3254 4585 Sic
3280 4547 3346 4587 ex
3387 4529 3690 4586 veterrimis

2105 4599 2405 4671 etAoptimis
2458 4615 2584 4652 mss.
2619 4602 2653 4653 ‘2
2709 4603 2940 4669 Bonum,
2986 4602 3329 4671 ltegio—Pot.,
3364 4605 3386 4656 1
3426 4604 3497 4655 al.
3533 4604 3685 4670 liegL,

2103 4668 2335 4742 3_Colh.,
2371 4670 2575 4736 B:tluz.,
2606 4672 2737 4725 'l‘ax.
2765 4672 3046 4727 emendavi
3071 4668 3271 4727 'necubi
3299 4714 3314 4739 ,
3337 4673 3480 4742 quod
3528 4668 3692 4728 est‘ne

2103 4739 2330 4804 alicubi;
2363 4744 2412 4793 in
2446 4742 2476 4795 7
2514 4759 2622 4796 rec.
2651 4754 2750 4806 est,
2789 4760 2851 4798 ne
2891 4745 3016 4809 cui;
3049 4744 3099 4798 in
3130 4761 3224 4799 sex
3271 4739 3381 4800 rec.
3409 4757 3462 4799 et
3490 4745 3544 4800 in
3575 4742 3687 4798 vul-

2100 4815 2256 4880 gulis,
2291 4829 2352 4865 ne
2377 4815 2484 4880 qui.

2178 4899 2392 4954 Oblerit.
2417 4902 2551 4958 Vera
2579 4904 2756 4967 lcetio,
2787 4921 2944 4971 quam
2970 4907 3174 4960 reStitui
3204 4921 3265 4959 ex
3295 4903 3422 4960 m‘ss.
3454 4907 3678 4960 Tornes.

2101 4981 2154 5026 et
2183 4973 2388 5026 Erasm.
2419 4985 2580 5046 atque
2638 4977 2793 5036 editis
2833 4976 3033 5042 Graph.
3062 4988 3114 5029 ct
3165 4977 3338 5030 Betttl.
3394 4979 3684 5046 eademque

2101 5046 2387 5118 sententia,
2417 5045 2640 5100 Erasmo
2673 5057 2830 5110 teste,
2863 5049 3128 5118 reperitur
3148 5048 3288 5118 apud
3322 5045 3684 5104 Aristotel.iet

2102 5113 2245 5188 Plin.
2279 5116 2334 5168 ln
2364 5116 2397 5169 9
2429 5133 2554 5169 mss.
2574 5128 2627 5170 ct
2647 5118 2681 5171 6
2704 5117 2914 5172 excusis
2930 5113 3042 5172 Vrec.
3073 5127 3157 5173 est
3181 5113 3425 5188 opplevit,
3458 5121 3612 5174 male.

2178 5185 2490 5240 Nitcreutur.
2524 5188 2598 5240 Ex
2627 5203 2756 5242 mss.
2780 5185 3460 5255 vetustissimist'Bononq
3492 5189 3684 5258 Regio-

2102 5255 2201 5309 Pnt
2233 5298 2245 5321 ,
2279 5262 2310 5310 4
2340 5258 2412 5310 al.
2465 5258 2620 5326 lingu,
2674 5259 2827 5322 Pcn.,
2854 5258 3040 5323 Goth.,
3068 5260 3101 5316 4
3125 5259 3305 5326 Colb.,
3341 5259 3505 5324 Virt.,
3533 5255 3679 5321 (32.1.,

2101 5328 2308 5389 Marm.,
2337 5329 2594 5392 Clarum,
2620 5330 2807 5390 llruu.,
2825 5332 2956 5385 edit.
2985 5342 3090 5384 vet.
3117 5333 3152 5387 3
3174 5333 3356 5395 Rom.,
3375 5331 3495 5385 Ald.
3527 5330 3680 5394 11515,

2100 5398 2271 5451 Paris.
2311 5398 2467 5460 1525,
2504 5399 3057 5461 l‘:trrltas.,Florent.,
3081 5402 3310 5469 (ΙΙ-τιμὴ,
3339 5403 3434 5463 ls.,
3464 5404 3680 5463 Cellar.,

2099 5469 2174 5520 sit:
2213 5470 2512 5543 etnc._.tl.t\'i,
2547 5471 2741 5524 rectius
2787 5489 2940 5539 quam
2990 5475 3323 5536 mitterentur,
3379 5475 3522 5543 quod
3552 5471 3679 5528 cst'9
3759 5485 3762 5488 '

2099 5541 2578 5608 tnanust'riplOrum
2639 5559 2746 5595 rec.
2801 5555 2848 5596 et
2890 5550 2920 5596 ό
2952 5549 3299 5613 vulgaturum.

2182 5631 2354 5685 Vesica
2373 5675 2385 5697 ,
2412 5638 2556 5705 cujus
2585 5652 2728 5688 usum
2759 5637 3004 5697 volucres,
3041 5648 3144 5692 etc.
3175 5637 3313 5690 Plin.
3346 5637 3484 5693 Infra
3511 5639 3684 5692 alvum

2096 5719 2124 5755 a
2155 5705 2335 5779 priore
2363 5719 2511 5779 parte
2535 5707 2731 5779 vesica,
2750 5723 2868 5776 qua:
2891 5709 3018 5762 nulli
3047 5724 3143 5761 ova
3166 5708 3520 5779 gignentium,
3543 5721 3682 5778 prae-

2099 5783 2177 5827 ter
2217 5775 2582 5832 testitudittem
2614 5775 2894 5847 (hactenus
2941 5795 3005 5834 ex
3039 5775 3203 5836 Arist.
3216 5775 3246 5850 Ῐ
3265 5780 3395 5836 nulli
3428 5781 3528 5836 nisi
3546 5775 3676 5835 san-
