3856 6256
365 320 441 386 55
1333 321 1518 378 FIRM.
1558 322 1925 382 LACTANTII
1962 320 2092 380 LIB.
2138 321 2227 379 DE
2265 316 2558 376 OPIFICIO
2599 317 2709 375 DEI
3600 311 3672 372 56

364 453 680 516 purgatum,
707 441 852 513 quod
879 440 927 497 si
956 450 1103 515 recte
1129 456 1252 498 cum
1283 441 1424 497 virili
1451 444 1679 499 mixtum
1704 445 1793 509 sit,
1822 454 1965 498 utra-
1994 457 2043 516 Α
2071 443 2212 499 niem
2239 440 2499 511 cujusque
2524 453 2687 496 sexus
2712 437 2779 494 ad
2802 436 3089 507 imaginem
3112 431 3443 504 respondere
3469 442 3675 488 mater-

368 551 479 607 que
506 543 762 592 concreta
789 543 847 590 et
869 535 1027 590 simul
1068 534 1344 606 coagulata
1396 535 1676 591 informari
1703 555 1716 591 :
1750 546 1804 593 et
1850 538 1964 608 pri-
2071 551 2216 592 nam.
2234 534 2290 590 ld
2310 543 2491 590 autem
2511 532 2816 607 prmvalete
2834 527 3225 602 duobus.qttod
3246 524 3406 583 fuerit
3419 526 3673 591 ιιῒιετὶιιες

367 642 520 684 mum
543 627 763 699 quidem
789 641 886 683 eor
915 627 1151 682 hominis
1178 626 1381 698 efﬁngi,
1428 629 1571 698 quod
1604 630 1657 684 in
1688 644 1754 685 eo
1799 631 1869 685 sit
1914 640 1969 686 et
2072 630 2303 685 alterum
2344 628 2487 684 enim
2535 619 2932 698 quodammodo
2951 621 3296 694 amplectitur
3315 631 3372 674 et
3409 617 3674 674 includit:

369 720 480 776 vita
505 722 689 775 omnis
713 730 770 776 et
798 721 1060 789 sapientia
1087 735 1103 785 ;
1135 719 1370 791 denique
1389 729 1558 776 totum
1584 736 1722 793 opus
1742 722 1972 793 quadra-
2046 721 2203 777 hinc
2250 720 2563 791 plerumque
2602 717 2742 785 ﬁeri,
2789 725 2849 773 ut
2894 716 3053 772 unius
3101 722 3308 770 tantum
3349 710 3676 767 lineamenta

372 814 583 887 gesimo
629 814 716 870 die
769 814 1154 870 consummari.
1186 814 1267 869 Ex
1314 814 1828 871 abortionibushtec
1856 816 1970 871 for-

370 916 521 964 tasse
539 906 773 961 collecta
803 914 946 961 sunt.
976 906 1035 961 In
1060 906 1237 961 avium
1273 916 1449 962 tamen
1482 908 1697 963 [retibus
1739 908 1969 977 primmn

371 1001 563 1057 oculos
593 999 723 1069 ﬁngi
748 999 969 1056 dubiant
1004 1014 1109 1054 non
1136 1009 1238 1061 est,
1282 999 1425 1070 quod
1455 1000 1506 1054 in
1543 999 1661 1055 ovis
1713 1015 1855 1071 saepe
1881 1000 1973 1055 de-

372 1093 789 1164 prehendimns.
839 1090 995 1147 Unde
1042 1090 1157 1146 fieri
1189 1106 1295 1145 non
1350 1105 1509 1161 posse
1548 1091 1805 1159 arbitror,
1845 1090 1975 1162 quin

378 1184 529 1242 ﬁctio
555 1201 583 1238 a
613 1184 789 1255 capite
820 1190 1000 1238 sumat
1028 1181 1334 1238 exordium.

371 1279 420 1346 ἵ
448 1275 846 1355 Similitudines
871 1286 1049 1331 autem
1077 1276 1130 1330 in
1151 1274 1466 1347 corporibus
1496 1274 1725 1331 ﬁliorum
1756 1275 1836 1331 sic
1866 1275 1983 1333 ﬁeri

377 1379 592 1441 putant.
624 1368 757 1424 Cum
800 1368 1006 1424 semina
1030 1367 1173 1423 inter
1201 1383 1262 1422 se
1290 1368 1555 1437 permixta
1580 1367 1909 1431 coalescunt,
1934 1368 1981 1423 si

372 1460 541 1517 virile
564 1458 924 1529 superaverit,
955 1458 1094 1529 patri
1119 1458 1351 1513 similem
1392 1459 1701 1528 provenire,
1742 1474 1838 1515 seu
1866 1475 1980 1516 ma-

2079 813 2395 884 prtetendat.
2423 812 2477 868 Si
2507 826 2639 868 vero
2665 825 2815 881 aequa
2850 808 3004 865 fuerit
3042 822 3107 864 ex
3135 807 3250 879 pari
3282 814 3526 862 semente
3556 819 3680 875 per-

2082 907 2290 970 mixtio,
2323 907 2522 977 ﬁguras
2542 920 2757 977 quoque
2783 904 3033 968 misceri;
3085 909 3145 956 ut
3163 899 3380 957 soboles
3408 899 3499 953 illa
3530 913 3679 953 com-

2082 999 2280 1061 munis.
2307 1007 2401 1052 aut
2428 1006 2675 1052 neutrum
2728 994 2936 1051 referre
2963 992 3231 1059 videatur,
3258 990 3379 1061 quia
3412 998 3588 1043 totum
3617 1004 3683 1042 ex

2083 1092 2254 1147 altero
2276 1106 2380 1144 non
2410 1089 2593 1150 habet,
2621 1096 2716 1142 aut
2743 1095 3052 1155 utrumque,
3090 1083 3213 1154 quia
3244 1091 3451 1153 partem
3478 1080 3546 1135 de
3569 1080 3684 1134 sin-

2081 1182 2225 1253 gulis
2246 1190 2481 1234 mutuata
2501 1190 2602 1235 est.
2624 1178 2757 1234 Nam
2782 1178 2833 1233 in
2858 1175 3179 1248 corporibus
3203 1172 3513 1230 animalium
3541 1171 3689 1227 ride-

2087 1290 2229 1340 mus,
2258 1283 2348 1330 ant
2373 1272 2625 1329 confundi
2649 1282 2933 1343 parentum
2974 1270 3207 1334 colores,
3238 1284 3303 1324 ac
3330 1267 3442 1323 ﬁeri
3468 1266 3689 1323 tertium

2088 1366 2265 1423 neutri
2286 1365 2658 1437 generantium
2681 1363 2888 1429 simile;
2912 1369 3005 1416 aut
3023 1361 3303 1431 utriusque
3323 1359 3403 1414 sic
3427 1373 3496 1413 ex
3506 1357 3690 1428 primi,

2084 1468 2142 1515 ut
2161 1459 2518 1515 discoloribus
2534 1458 2791 1514 membris
2812 1470 3080 1528 peromne
3095 1469 3294 1525 corpus
3311 1467 3541 1511 concors
3554 1453 3694 1508 mix-

378 1567 523 1622 rcm,
555 1565 652 1608 seu
682 1550 989 1616 heminam;
1020 1549 1067 1606 si
1095 1550 1355 1607 muliebre
1381 1550 1749 1623 praevaluerit,
1782 1568 1977 1623 proge-
2008 1545 2057 1606 B
2086 1558 2205 1606 tura
2256 1549 2515 1607 varietur.
2558 1550 2814 1622 Dispares
2857 1563 3075 1622 quoque
3128 1556 3333 1605 natura:
3383 1546 3488 1603 hoc
3527 1545 3696 1603 modo

1771 1687 2131 1745 VARIORIIM
2167 1686 2397 1744 ΝΟΤΕ.

383 1826 517 1881 lian.
542 1839 662 1896 cap.
708 1826 778 1890 9;
811 1824 1006 1881 lsidor.
1036 1824 1130 1880 lib.
1164 1841 1199 1879 ιι
1226 1825 1375 1896 Orig.
1426 1839 1546 1891 cap.
1582 1826 1633 1891 l;
1668 1825 1784 1880 Pet.
1840 1825 1980 1880 Mes-

382 1899 524 1953 sium
543 1937 557 1962 ,
581 1895 619 1951 1.
647 1912 663 1950 ι
688 1896 896 1952 Variar.
927 1897 1054 1952 lect.
1083 1910 1133 1951 c.
1165 1912 1291 1961 xut;
1331 1895 1460 1951 Lev.
1489 1897 1806 1959 Lemnium,
1841 1896 1934 1950 lib.
1962 1913 1977 1951 ι

385 1967 680 2023 deOccult.
712 1967 832 2023 Nat.
881 1967 1031 2033 mir.,
1058 1982 1177 2036 cap.
1207 1966 1271 2029 ις
1300 1967 1458 2022 Joan.
1515 1967 1723 2021 liiolan.
1774 1967 1867 2020 lib.
1912 1968 1982 2023 de

383 2038 633 2099 Hominis
661 2039 934 2093 Procreat.
964 2052 1084 2107 cap.
1125 2038 1215 2103 l2;
1241 2038 1434 2093 Franc.
1457 2038 1731 2092 Bonamic.
1766 2038 1863 2092 lib.
1914 2037 1982 2093 de

385 2109 647 2165 Aliment.
677 2124 795 2178 cap.
825 2109 926 2174 ὄις
957 2108 1199 2163 Balduiu.
1231 2109 1398 2163 Rons.
1428 2110 1520 2164 lib.
1569 2108 1637 2165 de
1667 2108 1825 2164 llum.
1858 2108 1983 2164 vita:

386 2180 709 2252 primordio,
740 2195 790 2235 c.
825 2180 907 2235 10.
942 2179 1384 2236 LINDENBROGIUS.

467 2250 574 2322 Sed
600 2267 774 2322 eorum
797 2267 965 2306 semen
991 2253 1291 2322 sanguinem
1318 2265 1425 2303 esse
1441 2259 1732 2322 purgatum.
1759 2250 1830 2305 Ita
1860 2250 1986 2306 scri-

392 2320 476 2376 bit
523 2319 881 2388 Aristoteles,
935 2319 1105 2377 etita'
1139 2323 1318 2377 scribo
1371 2337 1491 2375 cum
1540 2319 1577 2374 5
1616 2331 1723 2374 vet.
1760 2321 1884 2375 edd.
1933 2332 1987 2375 et

386 2391 646 2446 omnibus
693 2391 862 2446 ferme
885 2406 1040 2450 mss..
1069 2393 1254 2462 sicque
1282 2392 1566 2461 legendum
1599 2407 1719 2447 esse
1764 2405 1987 2448 censent

391 2471 509 2533 gres
556 2463 864 2533 peritissimi
894 2463 1083 2517 medici
1130 2478 1263 2533 quos
1311 2464 1576 2517 consolui.
1627 2463 1751 2516 Mss.
1792 2478 1898 2517 rec.
1954 2465 1979 2518 1

391 2531 531 2603 Reg.
560 2531 634 2605 «ξι
673 2535 697 2588 1
727 2532 880 2587 Colb.
932 2531 1284 2605 impressiqne
1332 2535 1386 2587 11
1446 2534 1661 2605 habent
1695 2535 1942 2605 sanguine
1966 2577 1981 2598 ,

395 2602 561 2676 male.
591 2602 915 2676 Sanguinem
941 2604 1085 2660 enim
1118 2602 1449 2659 menstruum
1479 2604 1595 2676 (ait
1625 2602 1982 2673 Hecquetius)

386 2674 687 2799 in‘parletn
708 2675 942 2731 hominis
972 2675 1281 2733 formatum:
1311 2674 1497 2732 venire
1511 2686 1767 2748 putarunt
1792 2676 1984 2731 medici

389 2756 463 2799 've
488 2760 627 2799 eres.

389 2756 627 2800 ναίει-οε.

476 2815 541 2868 Et
594 2816 814 2882 primunt
858 2817 1062 2887 quidem
1086 2833 1175 2872 cor
1200 2817 1439 2881 hominis,
1481 2827 1587 2873 etc.
1619 2815 1810 2872 Addita
1852 2831 1987 2871 cou-
2022 2858 2033 2873 .

389 2886 627 2968 junctlo,
661 2898 727 2968 et:
756 2886 973 2968 ermss.
1007 2897 1063 2942 et
1078 2889 1294 2968 editish
1316 2887 1676 2968 prmia-Sall.
1711 2886 1983 2968 etSpark.

396 2957 456 3027 "in
484 2957 675 3027 quibus
695 2957 1053 3015 desideratur.
1073 2957 1403 3015 Censorinus
1417 2958 1486 3014 de
1497 2960 1585 3013 die
1603 2958 1794 3025 Natali,
1814 2961 1987 3027 capite

398 3026 472 3098 ὅ,
519 3030 712 3082 multas
759 3030 1045 3085 multorum
1092 3030 1373 3098 opiniones
1414 3044 1724 3092 recensens,
1782 3030 1833 3082 in
1884 3026 1987 3082 hac

395 3097 746 3167 Empedoclis
788 3101 979 3167 dogma
1024 3097 1191 3155 fuisse
1239 3110 1482 3155 secutum
1522 3099 1863 3154 Aristotelem
1890 3102 1985 3154 ait.

400 3169 713 3225 Aristotelis
744 3171 891 3225 locus
915 3171 1054 3225 alius
1079 3170 1209 3224 mihi
1236 3186 1344 3224 non
1377 3179 1459 3225 est
1490 3174 1542 3222 in
1576 3179 1854 3237 promptu.
1890 3171 1990 3224 nisi

399 3240 502 3295 ille
527 3239 791 3311 fortassis.
833 3242 1036 3311 quiest
1065 3240 1117 3294 in
1161 3256 1218 3295 ιιι
1265 3241 1334 3296 de
1361 3240 1609 3311 Partibus
1649 3239 1988 3311 animalium,

405 3324 527 3379 cap.
569 3309 864 3381 secundum
892 3310 1162 3366 Theodori
1193 3312 1549 3367 demissiones
1576 3310 1629 3377 4,
1662 3309 1749 3381 ubi
1771 3309 1986 3381 quidem

406 3395 517 3455 n01
573 3380 795 3448 primam
844 3383 1072 3455 partium
1119 3383 1360 3452 corporis
1407 3382 1625 3455 humani
1667 3380 1828 3455 facit:
1871 3382 1993 3455 ἀλλὰ

404 3450 613 3530 ﬁctae;
651 3450 1086 3530 πρώτηῖγι-νομᾷγῃ
1110 3450 1226 3507 τῶν
1249 3456 1430 3530 μυρίων
1478 3453 1740 3530 ἆπὸινςων.
1793 3451 1994 3530 Probat

404 3522 464 3579 id
484 3522 778 3577 rationibus
808 3522 1203 3593 probabilibus;
1240 3522 1433 3592 neinpe
1452 3522 1593 3593 quod
1616 3522 1745 3593 fons
1773 3525 1991 3593 sangui-

403 3593 495 3647 nis
520 3594 610 3657 sit,
640 3602 691 3648 et
722 3597 789 3648 ob
810 3592 919 3648 hoc
949 3595 1145 3663 ipsum,
1175 3596 1299 3663 quia
1327 3592 1571 3663 corporis
1604 3592 1716 3649 fere
1744 3592 1993 3649 meditul-

404 3663 538 3719 lium
570 3665 619 3718 in
645 3674 811 3719 totum
838 3681 897 3721 se
915 3679 1112 3734 corpus
1127 3664 1406 3721 diliuodat.
1424 3665 1768 3721 Aristotelem
1799 3664 1994 3720 tortas-

404 3734 486 3789 sis
512 3735 673 3806 etiam
725 3735 865 3791 Plin.
921 3752 1017 3806 pro
1070 3751 1221 3792 more
1260 3745 1477 3792 secutus
1525 3748 1625 3791 est.
1673 3736 1802 3804 Ejus
1829 3736 1989 3789 verba

406 3818 570 3862 sunt:
603 3805 705 3862 Cor
733 3805 955 3874 primum
1000 3809 1321 3863 nascentibus
1368 3808 1585 3875 formari
1631 3808 1684 3859 iu
1714 3815 1853 3859 utero
1881 3816 1984 3858 tra-

409 3876 558 3939 dunt,
593 3878 775 3932 deinde
800 3879 1059 3933 cerebrum
1082 3920 1095 3941 ,
1147 3887 1275 3933 sicut
1302 3879 1589 3932 tardissime
1638 3876 1833 3931 oculos.
1884 3875 1992 3931 Sed

406 3949 550 4016 apud
583 3948 725 4003 Plut.
754 3960 807 4004 et
832 3948 981 4020 ,Gall.
1014 3950 1194 4020 ὀσφὺν,
1228 3949 1280 4002 id
1308 3958 1390 4020 est
1414 3948 1668 4020 lumbos,
1689 3946 1828 4020 sicut
1855 3949 1992 4001 cari-

408 4031 536 4071 nam
566 4021 734 4081 navis,
764 4019 993 4087 primum
1035 4018 1255 4073 formari
1287 4019 1560 4075 Aristoteli
1590 4018 1868 4081 tribuitur;
1898 4032 1994 4071 cor

407 4096 589 4142 autem
642 4090 935 4145 secundum
959 4088 1219 4154 medicos,
1251 4090 1303 4145 in
1330 4104 1436 4159 quo
1462 4089 1989 4159 videlicetvenarum

407 4160 842 4229 arteriarnmque
892 4160 1209 4229 principium
1239 4158 1359 4214 est.’
1388 4160 1495 4214 Sed
1543 4159 1662 4215 Gal.
1712 4158 1765 4229 in
1796 4158 1888 4211 lib.
1924 4159 1993 4211 de

410 4227 659 4285 Fmtunm
683 4227 1002 4286 formatione
1024 4227 1145 4299 post
1164 4232 1315 4297 jecur
1341 4231 1557 4286 formari
1588 4231 1681 4296 ait,
1705 4228 1992 4300 Chrysippi

405 4308 464 4356 et
486 4301 779 4371 stoicorum
804 4302 1051 4371 dogmata
1080 4300 1351 4356 refellens.
1384 4302 1705 4356 BBTULBIUS.

487 4370 692 4442 Eﬂingi.
744 4371 819 4426 Ita
869 4370 934 4442 ex
995 4372 1062 4429 19
1117 4372 1432 4428 melioribus
1493 4382 1548 4425 et
1599 4370 1991 4440 antiquioribus

408 4440 553 4497 mss.
596 4440 651 4497 et
704 4442 836 4497 edit.
888 4440 1085 4497 Cellar.
1138 4443 1369 4498 resumi.
1422 4442 1478 4497 In
1525 4442 1559 4497 9
1608 4442 1822 4510 scriptis
1875 4456 1984 4497 rec.

407 4522 466 4568 et
505 4513 573 4569 15
621 4514 846 4585 vulgatis
879 4523 977 4585 est
1037 4513 1400 4585 conﬁngiicor
1455 4512 1716 4585 hominis;
1773 4527 1874 4585 qua
1912 4512 1991 4585 Ade

408 4598 471 4639 re
521 4586 641 4639 vide
665 4582 1022 4640 Cénsorinum
1049 4584 1118 4640 de
1140 4582 1237 4639 Die
1279 4584 1482 4651 Natali,
1517 4597 1636 4652 cap.
1670 4582 1725 4646 5,
1753 4584 1840 4636 ubi
1872 4582 1992 4652 phi-

404 4655 758 4729 losophorum
788 4655 855 4729 de
890 4654 1213 4729 formatione
1242 4656 1473 4729 hominis
1502 4662 1751 4729 recenset
1779 4654 1991 4729 opinio-

405 4724 624 4783 nesf—
647 4726 715 4780 Et
743 4726 961 4794 primum
984 4725 1190 4797 quidem
1212 4742 1301 4781 cor
1322 4726 1542 4781 hominis
1571 4725 1813 4797 conﬁngi.
1842 4724 1954 4797 Crau
1973 4756 1985 4765 -

407 4812 523 4852 sam
567 4797 721 4852 affert
759 4796 1126 4860 Aristoteles;
1185 4806 1242 4852 et
1278 4797 1330 4852 id
1373 4812 1557 4851 verum
1598 4796 1894 4851 existimari
1936 4796 1989 4849 in

405 4869 657 4924 omnibus
694 4867 1017 4922 animalibus
1043 4867 1202 4922 tradit
1243 4868 1379 4924 Plin.
1409 4868 1504 4922 lib.
1535 4884 1591 4931 ι,
1616 4881 1734 4934 cap.
1766 4867 1856 4924 53.
1891 4866 1992 4921 Va-

404 4939 525 5010 rias
546 4940 827 5010 opiniones
859 4937 1307 5010 ponitCensorin.
1337 4953 1456 5008 cap.
1487 4937 1539 4993 5.
1573 4937 1758 5010 Iszus.

492 5008 603 5063 vna
626 5010 808 5066 omnis.
853 5009 944 5065 Sic
980 5010 1282 5079 reposuiex
1322 5010 1385 5063 2|
1426 5024 1555 5063 mss.
1593 5008 1911 5077 potioribus,
1938 5015 1993 5062 et

404 5082 563 5139 editis
589 5081 806 5147 Cellar.,
839 5079 1053 5136 Walch.
1084 5079 1139 5133 In
1171 5079 1205 5134 5
1228 5094 1339 5136 rec.
1360 5080 1647 5150 descriptis
1663 5088 1718 5134 et
1742 5080 1808 5133 M
1830 5093 1993 5133 excu-

401 5155 482 5211 sis
508 5154 708 5207 ρριυὶια
732 5152 969 5205 hominis.
1418 5210 1425 5215 '

480 5223 831 5290 Etsnpiemia.
862 5222 1020 5277 Juxta
1053 5221 1364 5290 opinionem
1393 5236 1601 5287 eorum,
1637 5220 1725 5290 qui
1757 5230 1991 5275 mentem

400 5297 456 5353 iu
478 5296 645 5351 corde
673 5295 829 5349 sitam
859 5292 1074 5359 volunt,
1108 5307 1208 5362 qua
1237 5292 1307 5347 de
1335 5307 1396 5347 re
1420 5292 1578 5348 latius
1606 5292 1699 5417 inll'.
1729 5307 1849 5357 cap.
1900 5290 1990 5345 16.

1690 5376 1849 5417 ειυς.

1690 5376 1849 5417 SIEUS.

472 5437 662 5493 Totum
681 5451 828 5504 opus.
857 5435 978 5487 \lss.
1002 5434 1019 5485 l
1042 5431 1281 5504 Golbert.
1300 5443 1353 5487 et
1376 5433 1538 5487 Brttn.
1572 5448 1634 5486 ac
1664 5433 1834 5487 Betul.
1860 5430 1992 5504 edit.

400 5520 561 5565 totum
584 5523 787 5573 corpus.
820 5504 1056 5575 Utraque
1080 5503 1241 5559 lbetio
1273 5506 1442 5566 bona;
1475 5504 1771 5573 eademque
1800 5503 1993 5575 lectio-

398 5595 527 5635 num
556 5579 786 5631 varietas
810 5575 943 5631 infra
971 5573 1091 5643 cap.
1127 5576 1227 5631 {3:
1263 5575 1442 5631 Totum
1461 5592 1587 5641 opus
1601 5573 1993 5642 quadragesimo

397 5654 481 5707 die
506 5649 869 5704 consummari.
917 5646 1190 5701 Plutarch.
1238 5647 1332 5703 lib.
1368 5664 1397 5695 ν
1443 5648 1509 5701 de
1552 5646 1736 5700 Placit.
1778 5644 1989 5699 Philos.

398 5720 711 5792 Hippocrat.
752 5718 972 5792 masculi
1002 5718 1482 5792 conformationem
1517 5718 1586 5792 .50
1634 5716 1844 5792 diebus,
1880 5715 1989 5792 fa;-

393 5785 553 5853 tuinic
584 5792 652 5851 42
679 5792 793 5849 ﬁeri
818 5789 1168 5849 existimavit.
1194 5790 1264 5847 At
1295 5789 1635 5853 Aristoteles,
1661 5786 1798 5841 libro
1820 5801 1888 5841 vn
1918 5785 1987 5841 de

2088 1824 2488 1897 Hist.uAnimal.
2514 1839 2637 1895 cap.
2658 1827 2723 1897 75,
2746 1825 2969 1897 longius
3000 1833 3213 1897 tempus
3258 1823 3466 1889 statuit,
3528 1823 3696 1880 nimi-

2086 1911 2205 1950 rum
2238 1895 2290 1951 in
2325 1894 2677 1953 masculile
2724 1894 2873 1963 dies,
2914 1899 2966 1951 in
3008 1894 3248 1950 foeminis
3292 1905 3401 1950 tres
3449 1909 3695 1951 menses.

2086 1966 2538 2023 Lmoensnoews.
2569 1997 2643 2010 —
2675 1967 2865 2038 Dispar
2892 1978 2975 2023 est
3009 1977 3186 2038 tamen
3216 1966 3273 2029 in,
3301 1977 3531 2038 utroque
3558 1982 3695 2022 sexu

2090 2039 2245 2092 ratio.
2278 2038 2408 2093 Nam
2425 2037 2651 2105 Plinius,
2676 2037 2887 2101 lib.’vn,
2916 2037 3109 2108 cap.6,
3135 2037 3389 2108 masculis
3405 2048 3617 2092 motum
3642 2038 3696 2093 in

2087 2118 2242 2163 utero
2263 2108 2674 2179 quadragesimo
2691 2109 2777 2164 die
2804 2107 3009 2171 tribuit,
3034 2107 3281 2175 femellis,
3314 2110 3695 2173 nonagesimo.

2093 2179 2219 2234 "me
2250 2178 2501 2252 fortassis
2529 2196 2593 2235 ex
2626 2179 2794 2252 Arist.
2826 2179 2906 2252 (ut
2936 2178 3215 2252 pleraque)
3248 2180 3539 2252 transtulit.
3574 2195 3696 2233 am-

2093 2250 2291 2315 putatis
2333 2262 2508 2305 Iamen
2552 2249 2905 2320 quibusdam,
2937 2249 3044 2305 'vel
3076 2249 3314 2306 mutatis.
3345 2249 3481 2306 Vide
3522 2252 3694 2306 etiam

2091 2321 2232 2375 Plut.
2282 2321 2372 2374 lib.
2408 2335 2440 2374 v
2480 2321 2671 2377 Placit.
2721 2338 2771 2377 c.
2806 2323 2894 2378 15.
2923 2321 3127 2377 Baros.
3160 2320 3481 2388 —Deuique
3525 2332 3695 2375 totum

2092 2408 2220 2465 genus
2250 2393 2635 2465 quadragesimo
2662 2393 2743 2465 die
2770 2394 3132 2448 consummari.
3166 2392 3259 2449 Sic
3286 2392 3501 2465 quidem
3539 2392 3691 2448 Plin.

2094 2462 2188 2515 lib.
2223 2479 2316 2527 vn,
2342 2462 2464 2532 ρςιρζ
2495 2467 2550 2530 6,
2599 2464 2883 2531 opiniones
2926 2474 3105 2519 autem
3132 2474 3379 2519 recenset
3413 2463 3620 2518 l‘lutar.
3658 2480 3692 2517 v

2095 2533 2285 2606 Placit.
2318 2549 2435 2602 cap.
2466 2535 2559 2589 21.
2583 2533 2881 2591 Varronem
2909 2550 3013 2589 non
3039 2534 3473 2606 quadragesimo,
3492 2535 3695 2606 intibic

2095 2604 2258 2677 refert
2294 2605 2627 2677 Lactantius,
2656 2606 2749 2659 sed
2776 2604 3187 2677 quadragesimo
3228 2604 3371 2661 nono
3396 2605 3693 2675 scripsisse

2097 2675 2257 2747 refert
2279 2675 2503 2742 Gellius,
2535 2678 2626 2730 lib.
2645 2692 2722 2743 tu,
2753 2674 2873 2747 cap.
2907 2674 3003 2744 1οζ
3017 2674 3201 2732 ΙεΑῖυε.

2169 2745 2402 2799 Primum
2433 2747 2606 2801 oculos
2633 2749 2759 2818 ﬁngi
2775 2791 2790 2814 ,
2822 2744 2927 2818 etcf.
2975 2748 3087 2802 Hoc
3134 2744 3481 2818 experientia:
3501 2761 3693 2818 erepu-

2095 2831 2260 2884 gnaro
2289 2818 2501 2885 egregie
2529 2816 2864 2873 demonstrat
2887 2817 3101 2874 Gniliel.
3135 2816 3375 2873 Ha’rveus
3402 2818 3453 2870 in
3480 2816 3694 2871 doctis-

2096 2886 2253 2957 simo.
2283 2905 2443 2956 quem
2470 2888 2538 2943 de
2563 2887 2924 2945 Generatione
2950 2888 3261 2943 animalium
3283 2929 3299 2954 ,
3332 2888 3691 2957 conscripsit.

2097 2956 2278 3012 libello
2298 2975 2309 2987 ’
2333 2960 2471 3012 ltnnc
2501 2960 2786 3014 consulere
2816 2962 2883 3016 de
2910 2959 3011 3014 hac
3037 2975 3097 3014 re
3129 2975 3195 3014 ne
3215 2959 3422 3028 pigeat;
3454 2956 3697 3028 egregia:

2095 3029 2238 3081 enim
2260 3040 2378 3082 sunt
2404 3031 2568 3099 tpsius
2583 3030 3007 3085 observationes.
3022 3029 3454 3086 Caunus—Et
3475 3029 3699 3085 Aristo-

2096 3099 2230 3153 teles
2255 3099 2323 3153 de
2349 3099 2601 3156 General.
2635 3117 2673 3155 ιι
2704 3102 2801 3167 ait,
2845 3102 3084 3158 omnium
3121 3100 3472 3155 animantium
3497 3101 3699 3154 oculos

2095 3182 2217 3241 sero
2247 3172 2389 3225 nasci
2410 3211 2425 3236 ,
2459 3171 2603 3226 nullo
2631 3183 2878 3240 excepto.
2909 3203 2979 3213 —
3000 3171 3066 3225 In
3092 3173 3262 3225 avium
3289 3181 3455 3225 tamen
3484 3172 3697 3241 [retibus

2096 3240 2313 3307 primum
2337 3242 2511 3296 oculos
2539 3243 2685 3310 ﬁngi.
2720 3242 2855 3297 Huic
2879 3242 3118 3312 opinioni
3144 3240 3498 3296 adversantur
3526 3244 3701 3312 pleri-

2094 3325 2199 3376 que
2221 3327 2429 3377 trllltles,
2463 3322 2519 3367 ut
2543 3313 2710 3368 refert
2736 3313 2875 3367 Plin.
2908 3313 2963 3369 d.
2991 3328 3111 3380 cap.
3146 3313 3446 3368 55.15.1305.

2168 3381 2354 3437 Sumat
2393 3385 2677 3437 exordium.
2731 3383 2800 3440 Ut
2825 3383 2919 3440 lib.
2955 3400 2971 3439 ι
3000 3383 3259 3447 lnstitnt.,
3283 3397 3403 3450 cap.
3432 3381 3468 3435 2
3497 3399 3509 3434 :
3543 3383 3702 3452 prin-

2093 3452 2289 3527 cipium
2308 3469 2541 3509 sumere.
2565 3455 2825 3527 Macrob,
2846 3455 3033 3527 Somn.
3071 3454 3243 3527 Scip.,
3268 3452 3363 3508 lib.
3387 3469 3425 3519 ι,
3445 3467 3565 3523 cap.
3588 3456 3692 3511 18:

2094 3522 2170 3575 Ab
2204 3542 2302 3578 uno
2332 3542 2591 3580 sumamus
2646 3526 2930 3580 exordium.
2964 3524 3095 3581 BDN.

2168 3594 2567 3662 Similitudines,
2593 3606 2701 3651 etc.
2737 3597 2811 3667 De
2856 3596 2958 3652 hoc
3004 3597 3123 3666 lege
3166 3595 3436 3667 prmcipne
3489 3595 3698 3663 Hippo-

2094 3679 2295 3739 cratem
2323 3672 2444 3739 περὶ
2468 3675 2558 3722 τοῦ
2585 3669 2759 3731 θόνου;
2782 3666 2971 3739 Galen.
2990 3667 3059 3722 de
3078 3666 3400 3739 formatione
3429 3667 3692 3739 fmtuum;

2096 3736 2463 3797 Aristotelem,
2490 3740 2583 3793 lib.
2604 3754 2655 3792 tv
2679 3739 2747 3793 de
2767 3737 3128 3794 Generatioue
3153 3738 3488 3804 animalium,
3513 3738 3695 3805 capite

2095 3808 2273 3879 t_ertio.
2302 3808 2752 3879 Philosophorum
2767 3809 2834 3863 de
2865 3809 2969 3879 hac,
2992 3824 3050 3879 re
3080 3808 3327 3879 dogmata
3353 3824 3532 3879 quer
3547 3808 3695 3876 apud

2094 3876 2471 3949 Censorinum,
2502 3878 2847 3933 Plutarchum
2865 3888 2919 3933 et
2944 3876 3227 3945 Calenum,
3248 3876 3385 3934 locis
3402 3880 3511 3949 jam
3530 3894 3695 3944 supra

2094 3948 2290 4020 citatis.
2329 3950 2629 4004 Βετιιι..-
2657 3949 3032 4005 Similitudines
3078 3960 3247 4003 autem
3291 3952 3345 4004 in
3394 3948 3697 4020 corporibus

2096 4019 2321 4083 ﬁliorum
2352 4021 2426 4073 sic
2455 4021 2570 4086 lteri
2589 4029 2788 4088 putant,
2821 4030 2926 4076 etc.
2960 4020 3211 4075 Nonnulli
3239 4021 3465 4087 scilicet,
3488 4019 3694 4074 contra

2093 4105 2229 4159 quos
2256 4090 2491 4157 disputat
2518 4092 2683 4146 Arist.
2717 4090 2809 4145 lib.
2846 4109 2861 4145 ι
2900 4091 2966 4147 de
2994 4090 3193 4147 Gener.
3244 4091 3453 4154 Anim.,
3481 4106 3603 4158 cap.
3637 4090 3692 4154 3,

2094 4160 2184 4228 qui
2216 4162 2734 4236 postea‘oliinionem
2764 4176 2916 4236 suam
2943 4162 3096 4236 effert
3120 4162 3361 4236 eod._lib.
3393 4177 3513 4228 cap.
3536 4162 3698 4226 i7,ct

2092 4245 2272 4301 seqq,
2290 4233 2453 4288 etlib.
2481 4249 2513 4287 ι
2548 4234 2615 4287 de
2639 4232 2840 4289 Gener.
2859 4232 3070 4296 Ἀιιὶιιι..
3097 4246 3218 4305 cap.
3241 4233 3294 4288 ὅ.
3326 4232 3511 4288 lss-zus.

2167 4324 2227 4379 Si
2255 4326 2396 4380 virile
2422 4326 2773 4390 superaverit,
2817 4337 2923 4381 etc.
2966 4324 3081 4383 Non
3114 4340 3329 4394 semper
3356 4324 3473 4380 haec
3517 4325 3697 4381 locum

2096 4394 2314 4452 habent.
2339 4396 2470 4451 Vide
2494 4396 2828 4467 liippocrat.,
2858 4395 3075 4463 Galen.,
3108 4397 3333 4452 Aristot.

2015 4471 2071 4532 D
2108 4557 2129 4559 _
2170 4485 2317 4541 Patri
2335 4488 2550 4542 similem
2576 4489 2856 4555 provenire.
2894 4487 3019 4543 Mss.
3050 4503 3162 4559 rec.
3196 4490 3220 4543 1
3254 4488 3414 4559 Reg.,
3448 4489 3473 4543 1
3508 4487 3692 4559 Colb.,

2095 4557 2243 4621 Gat.,
2274 4559 2432 4612 Brun.
2466 4560 2742 4628 peruenire.
2774 4559 2984 4625 Marm.,
3018 4559 3040 4614 1
3078 4558 3233 4614 Colb.
3278 4557 3413 4621 ree..
3456 4558 3588 4616 edit.
3625 4560 3693 4616 ls.

2094 4630 2321 4702 provehi.
2351 4627 2544 4685 Caeteri
2578 4631 2815 4685 maximo
2842 4643 3070 4685 numero
3091 4640 3148 4684 ut
3175 4631 3230 4685 in
3263 4639 3434 4686 textu.

2170 4720 2330 4776 Fieri.
2364 4722 2491 4779 Mss.
2521 4722 2672 4788 Gat.,
2718 4721 2906 4777 Marm.
2940 4731 2995 4778 et
3035 4721 3163 4778 editi
3221 4722 3376 4777 multi
3408 4737 3695 4792 perperam

2093 4792 2299 4848 addunt
2323 4794 2472 4856 solet,
2505 4793 2648 4863 quod
2691 4802 2953 4864 respuunt
2992 4792 3179 4849 caeteri
3222 4808 3357 4849 mss.
3383 4803 3439 4850 et
3485 4794 3621 4850 editi
3662 4793 3700 4849 2

2094 4863 2253 4919 Rom.
2284 4880 2345 4919 ae
2371 4863 2570 4921 Cellar.
2814 4908 2819 4913 .
3288 4866 3303 4871 ’

2170 4956 2487 5013 Ρνωιεηάαι.
2521 4957 2611 5014 Sic
2630 4972 2659 5010 a
2682 4972 2770 5012 me
2799 4972 2862 5012 ex
2880 4966 2994 5014 vet.
3026 4954 3188 5012 editis
3214 4955 3248 5012 5
3272 4964 3326 5012 et
3355 4954 3559 5012 Cellar.
3582 4972 3697 5012 om-

2096 5026 2357 5098 nibusque
2404 5043 2533 5083 mss.
2580 5027 2945 5099 emendatum,
2994 5037 3192 5099 praeter
3243 5028 3272 5083 1
3315 5025 3471 5084 Colb.
3500 5029 3590 5085 cui
3615 5038 3701 5085 est

2098 5097 2435 5168 praetendant.
2469 5099 2614 5165 Gat.,
2645 5097 2931 5167 pertendas.

2171 5191 2367 5262 18mm.
2404 5192 2459 5247 Id
2487 5201 2592 5255 est,
2625 5190 2879 5261 aequalis,
2909 5197 2969 5244 ut
3008 5198 3121 5246 not.
3154 5189 3235 5262 ad
3258 5188 3350 5245 lib.
3380 5204 3416 5243 ιι
3462 5189 3698 5247 lnstitut.

2096 5279 2216 5332 cap.
2247 5260 2313 5327 8;
2346 5264 2547 5325 Livius,
2578 5262 2669 5318 lib.
2694 5260 2759 5329 ιι,
2791 5274 2911 5333 cap.
2940 5263 2992 5328 3,
3023 5262 3117 5316 tiu.
3145 5278 3159 5316 :
3198 5260 3372 5317 Vivere
3399 5277 3545 5333 (equo
3573 5263 3703 5330 jure

2097 5351 2213 5388 cum
2243 5335 2456 5388 ueteris.
2489 5334 2621 5388 Bon.

2171 5423 2256 5479 Ea:
2284 5423 2397 5496 pari
2415 5433 2649 5477 semente.
2681 5424 2759 5496 Ita
2787 5422 3069 5496 scripsisse
3094 5422 3432 5496 Laetantium
3467 5424 3701 5496 probant

2100 5494 2337 5550 melioris
2368 5502 2505 5548 notae
2559 5511 2687 5547 mss.
2730 5495 3041 5565 Reg.-Put.ﬁ.
3081 5494 3117 5565 2
3159 5497 3231 5565 al.
3276 5495 3435 5565 Heg.,
3460 5495 3497 5548 2
3539 5494 3696 5553 Colb.

2098 5566 2331 5636 Clarum.
2377 5565 2537 5619 Brnn.
2579 5566 2706 5620 edit.
2757 5568 2913 5620 liom.
2974 5563 3141 5631 1470,
3172 5563 3381 5636 ϐισειρΙιῖ
3418 5572 3630 5622 lavente
3668 5568 3690 5620 1

2221 5634 2373 5692 Colb.
2429 5638 2513 5703 qni
2565 5638 2723 5690 habet
2774 5644 3016 5690 semente.
3052 5636 3121 5708 plu
3162 5637 3197 5693 3
3237 5634 3397 5708 Reg.,
3438 5638 3468 5691 5
3512 5636 3695 5702 Colb.,

2102 5707 2314 5781 Marm.,
2350 5709 2607 5763 Bolae-ct
2642 5707 3143 5781 l57editis,usemine,
3175 5707 3411 5780 quodut
3445 5709 3697 5781 usitatius

2099 5779 2489 5835 substitttcruut
2519 5780 2847 5836 recentiores
2875 5778 3101 5836 librarii.

3834 2153 3835 2207 1

3834 2208 3837 2295 1

3837 2308 3839 2387 1

3838 2406 3841 2471 1

3841 2506 3843 2567 1
