3912 6256
238 320 313 384 57
1230 324 1382 381 CAP.
1425 323 1567 381 XIII.
1610 325 1695 381 DE
1739 321 2040 383 MEMBRIS
2080 322 2579 384 lNFERlORIBUS.
3486 324 3559 385 58

242 442 365 502 ﬁeri
394 450 680 517 putantur.
703 441 836 499 Cum
869 440 1004 499 forte
1026 441 1079 497 in
1107 440 1293 497 laevam
1316 442 1452 497 uteri
1477 452 1680 513 partem
1711 455 1853 496 mas-
1878 441 1935 503 Ἀ
1960 440 2366 509 velutmollier;
2396 444 2481 499 cui
2513 450 2766 514 suscepto
2797 438 2950 513 fretu,
2998 457 3119 501 cum
3146 452 3330 515 partus
3358 458 3555 517 appro-

247 537 453 595 culinte
480 535 673 608 stirpis
698 550 884 591 semen
922 533 1192 595 inciderit.
1220 550 1424 591 marem
1468 534 1683 606 quidem
1711 535 1853 606 gigni

249 632 496 705 opinatio
522 638 641 696 est;
667 628 766 685 sed
793 628 916 700 quia
938 628 1009 684 sit
1037 629 1090 682 in
1122 627 1396 685 fmminina
1449 636 1599 696 parte
1623 642 1855 698 concep-

254 734 369 793 tus,
396 722 591 793 aliquid
622 721 676 776 in
704 737 765 777 se
789 721 989 777 habere
1016 718 1353 786 fmmineum,
1382 734 1543 791 supra
1570 735 1727 791 quam
1758 718 1852 775 de-

252 831 356 873 cus
376 815 522 872 virile
544 812 811 886 patiatur;
842 811 927 867 vel
956 810 1182 867 formam
1207 811 1495 883 insignem,
1524 811 1610 867 vel
1634 810 1853 867 nimium

251 911 567 975 candorem,
601 908 687 963 vel
714 906 959 978 Corporis
976 905 1269 972 levitatem,
1292 905 1380 961 vel
1406 914 1554 961 artus
1573 904 1852 973 delicatos,

250 1002 342 1058 vel
366 1010 627 1058 staturam
664 1000 909 1068 brevem,
959 998 1043 1065 vel
1074 1012 1261 1055 vocem
1312 998 1590 1067 gracilem,
1632 997 1715 1053 vel
1742 996 1857 1052 ani-

246 1112 399 1152 mum
423 1094 777 1158 imbecillum,
803 1092 890 1148 vel
920 1108 987 1149 ex
1015 1091 1100 1149 bis
1122 1091 1469 1163 plura.ltem,
1499 1091 1543 1147 si
1576 1099 1778 1162 partem
1801 1089 1855 1146 in

242 1187 499 1242 dextram
527 1201 714 1241 semen
739 1183 1005 1241 fmminini
1031 1199 1194 1240 sexus
1220 1184 1518 1251 inﬂuxerit,
1570 1183 1850 1240 fmminam

242 1279 468 1351 quidem
500 1278 801 1349 procreari:
843 1276 939 1333 sed
970 1276 1221 1346 quoniam
1271 1276 1323 1331 in
1362 1276 1657 1332 masculina
1708 1285 1858 1347 parte

242 1380 511 1443 concepta
563 1371 653 1435 sit,
710 1368 913 1425 habere
960 1369 1015 1423 in
1045 1383 1106 1425 se
1152 1368 1349 1439 aliquid
1390 1367 1678 1433 virilitatis,
1718 1369 1857 1422 ultra

243 1480 410 1535 quam
455 1477 619 1519 sexus
646 1463 781 1517 ratio
808 1461 1109 1532 permittat;
1141 1470 1235 1516 aut
1258 1461 1429 1516 valida
1476 1461 1737 1526 membra,
1766 1470 1858 1516 aut

242 1556 659 1612 immoderatam
689 1553 1098 1625 longitudinem,
1127 1565 1220 1609 aut
1244 1554 1452 1610 fuscum
1478 1554 1735 1618 colorem,
1764 1564 1858 1610 aut

238 1647 517 1717 hispidam
544 1647 758 1713 faciem,
789 1656 880 1701 aut
907 1648 1109 1701 vultum
1163 1647 1498 1714 indecorum,
1546 1658 1636 1703 aut
1670 1663 1856 1704 vocem

246 1741 550 1806 robustam,
578 1748 671 1793 aut
698 1740 937 1793 animum
966 1738 1252 1804 audacem,
1284 1748 1377 1793 ant
1405 1755 1469 1793 ex
1498 1738 1581 1793 his
1611 1740 1778 1809 plura.

1956 533 2216 606 pinquare
2240 534 2351 606 jam
2379 537 2565 607 coepit,
2595 543 2973 608 turgeseentes
3017 552 3267 592 mamma:
3315 536 3560 594 dulcibus

1956 626 2131 682 succis
2154 626 2553 695 distenduntur,
2581 635 2636 683 et
2661 627 2730 683 ad
2760 628 3089 685 nutrimenta
3136 628 3409 684 nascentis
3437 626 3559 683 fon-

1956 716 2102 773 tibus
2131 717 2318 774 lacteis
2367 718 2671 775 fmeundum
2718 730 2906 791 peetus
2944 721 3227 777 exuberat.
3257 719 3369 775 Nec
3413 720 3559 775 enim

1960 808 2184 866 decebat
2213 811 2356 867 aliud
2386 828 2546 883 quam
2597 822 2659 869 ut
2684 814 2900 885 sapiens
2949 813 3149 869 animal
3178 828 3210 868 a
3259 812 3424 870 corde
3463 813 3561 868 ali-

1958 905 2191 959 moniam
2215 904 2457 963 duceret.
2484 905 2648 978 quue
2678 907 2853 978 ipsum
2893 904 3248 963 solertissime
3274 920 3559 975 compara-

1958 1006 2069 1053 tum
2092 1008 2195 1064 est,
2228 1007 2288 1054 ut
2312 998 2550 1055 candens
2592 1013 2657 1056 ac
2697 999 2881 1070 pingui
2927 998 3124 1054 humor
3145 996 3560 1055 teneritudinem

1957 1092 2081 1146 novi
2111 1094 2353 1162 corporis
2381 1092 2657 1164 irrigaret,
2689 1093 2864 1149 donec
2893 1107 2957 1148 ae
2988 1089 3280 1163 capiendos
3310 1089 3563 1147 fortiores

1957 1180 2124 1247 cibos,
2150 1191 2206 1236 et
2224 1182 2477 1251 dentibus
2525 1184 2844 1250 instruatur,
2885 1192 2940 1239 et
2993 1182 3199 1238 viribus
3248 1180 3557 1237 roboretur.

1960 1273 2066 1329 Sed
2090 1273 2373 1329 redeamus
2397 1272 2464 1329 ad
2505 1275 2860 1345 propositum,
2891 1282 2951 1331 ut
2978 1282 3197 1340 caetera,
3219 1289 3341 1345 quae
3370 1287 3560 1344 super-

1957 1376 2083 1424 sunt
2103 1367 2339 1425 breviter
2361 1366 2713 1438 explicemus.

2545 1479 2776 1537 CAPUT
2813 1478 2956 1537 Xlll.

2402 1590 2481 1646 De
2504 1589 2746 1647 Membris
2768 1591 3117 1663 inferioribus.

2034 1750 2284 1807 Poteram
2330 1765 2475 1806 nunc
2516 1765 2616 1822 ego
2666 1751 2904 1821 ipsorum
2968 1765 3183 1824 quoque
3243 1751 3557 1821 genitalium
3614 1760 3637 1777 '

331 1831 387 1887 Si
418 1846 539 1886 vero
563 1830 920 1886 masculinum
975 1831 1027 1884 in
1060 1830 1365 1897 dexteram,
1417 1832 1748 1887 fmmininum
1797 1832 1849 1887 in
1878 1862 1929 1923 Β
1958 1841 2323 1897 membrorum
2354 1842 2635 1897 mirificam
2680 1844 2944 1898 rationem
2977 1843 3069 1899 ubi
3114 1858 3422 1915 exponere,
3454 1846 3561 1902 nisi

244 1922 525 1979 sinistram
554 1923 886 1993 pervenerit,
907 1932 1162 1994 utrosque
1181 1922 1344 1980 fmtus
1364 1934 1511 1980 recte
1533 1926 1849 1995 provenire;

242 2024 307 2071 ut
335 2026 394 2071 et
416 2017 646 2072 fmminis
668 2032 763 2087 per
784 2018 962 2071 omnia
993 2026 1200 2073 naturae
1228 2032 1340 2074 sua:
1359 2019 1527 2075 decus
1546 2029 1775 2087 constet,
1799 2030 1855 2076 et

237 2109 488 2164 maribus
538 2118 646 2163 tam
678 2119 884 2177 mente,
911 2125 1068 2180 quam
1102 2125 1328 2180 corpore
1356 2110 1520 2166 robur
1558 2111 1712 2167 virile
1736 2126 1855 2167 ser-

232 2208 422 2255 vetur.
469 2200 612 2256 Istud
662 2216 792 2255 vero
835 2202 1009 2271 ipsum
1052 2217 1209 2269 quam
1257 2201 1503 2259 mirabile
1545 2204 1850 2259 institutum

240 2291 363 2357 Dei,
394 2291 539 2362 (ιιιόά
563 2294 631 2369 ad
663 2292 1129 2348 conservationem
1178 2308 1437 2363 generum
1494 2295 1849 2367 singulorum,

237 2383 384 2439 duos
405 2399 570 2439 sexus
599 2386 766 2438 maris
793 2400 855 2438 ac
883 2383 1120 2441 [minime
1150 2385 1485 2441 machinatus
1508 2397 1627 2452 est;
1656 2387 1851 2458 quibus

233 2475 388 2532 inter
414 2492 474 2532 se
498 2492 593 2546 per
616 2476 903 2545 voluptatis
931 2477 1213 2533 illecebras
1234 2479 1520 2547 copulatis,
1546 2479 1849 2535 successiva

238 2567 469 2623 soboles
494 2578 796 2637 pareretur,
827 2583 894 2623 ne
915 2584 1076 2624 omne
1101 2584 1267 2636 genus
1297 2568 1594 2626 viventium
1617 2570 1852 2626 conditio

250 2660 598 2715 mortalitatis
624 2663 981 2732 extingueret.
1010 2661 1114 2718 Sed
1140 2662 1258 2732 plus
1284 2662 1494 2737 roboris
1520 2664 1757 2719 marilms
1775 2677 1857 2722 at-

246 2751 512 2805 tributum
536 2761 634 2814 est,
664 2767 772 2818 quo
803 2751 1012 2806 facilius
1039 2752 1103 2805 ad
1136 2753 1445 2824 patientiam
1467 2753 1576 2824 jngi
1598 2755 1856 2810 maritalis

241 2843 488 2899 fmmina:
532 2853 873 2913 cogerentur.
905 2844 1001 2899 Vir
1040 2845 1218 2915 itaque
1242 2846 1550 2900 nominatus
1576 2854 1680 2911 est,
1711 2846 1854 2916 quod

236 2934 426 3004 major
479 2935 529 2988 in
584 2950 653 2988 eo
696 2934 781 2989 vis
833 2943 950 2996 est,
1001 2950 1161 3004 quam
1219 2936 1270 2990 in
1321 2935 1577 3001 fmmina;
1627 2949 1682 2993 et
1731 2938 1856 2993 hinc

236 3029 425 3083 virtus
457 3043 651 3084 nomen
682 3029 909 3099 accepit.
939 3027 1068 3097 Item
1100 3029 1292 3084 mulier
1339 3032 1426 3099 (ut
1470 3029 1644 3085 Varro
1692 3030 1856 3085 inter-

1960 1948 2048 1988 me
2076 1932 2248 2002 pudor
2276 1932 2344 1988 ab
2375 1932 2681 2001 huiusmodi
2713 1948 2964 1991 sermone
2992 1944 3275 1992 revocaret
3316 1953 3330 1991 :
3379 1936 3561 2007 itaque

1958 2038 1988 2077 a
2017 2023 2170 2079 nobis
2199 2023 2514 2079 indumento
2536 2024 2876 2081 verecundia
2896 2066 2910 2091 ,
2958 2041 3079 2096 quae
3121 2035 3248 2081 sunt
3302 2025 3553 2096 pudenda

1960 2116 2227 2173 velentur.
2260 2115 2415 2186 Quod
2450 2118 2515 2172 ad
2546 2117 2685 2174 hanc
2717 2133 2833 2173 rem
2857 2118 3082 2185 attinet,
3112 2117 3268 2188 queri
3295 2119 3427 2173 satis
3478 2126 3564 2174 est

1961 2205 2209 2263 homines
2230 2208 2424 2279 impios
2444 2251 2461 2278 ,
2492 2224 2556 2264 ac
2584 2208 2859 2280 profanos,
2885 2224 3156 2265 summum
3182 2207 3336 2265 nefas
3363 2208 3559 2264 admit-

1959 2310 2104 2368 tere,
2133 2303 2223 2373 qui
2251 2301 2489 2358 divinum
2519 2311 2576 2359 et
2601 2303 2916 2359 admirabile
2944 2303 3035 2357 Dei
3062 2317 3229 2374 opus,
3259 2301 3327 2358 ad
3353 2318 3551 2375 propa-

1952 2392 2181 2462 gandam
2203 2396 2606 2451 successionem
2629 2394 3026 2466 inexcogitabili
3052 2395 3261 2450 ratione
3283 2396 3558 2465 provisum

1953 2493 2007 2539 et
2036 2484 2285 2542 effectum
2308 2528 2321 2549 .
2355 2488 2441 2542 vel
2469 2488 2536 2542 ad
2570 2488 2910 2558 turpissimos
2935 2496 3208 2556 quaestus,
3242 2486 3327 2542 vel
3358 2485 3427 2541 ad
3454 2486 3557 2542 ob-

1954 2589 2154 2631 seoente
2204 2577 2443 2632 libidinis
2474 2578 2723 2648 pudenda
2767 2592 2933 2647 Opera
2970 2586 3327 2641 convertunt;
3363 2585 3418 2630 ut
3443 2578 3556 2645 jam

1955 2666 2090 2722 nihil
2120 2668 2264 2724 aliud
2289 2684 2357 2725 ex
2385 2684 2444 2724 re
2474 2669 2811 2726 sanctissima
2841 2678 3045 2737 petant,
3074 2683 3233 2739 quam
3260 2668 3477 2723 inanem
3502 2679 3559 2724 et

1960 2760 2197 2815 sterilem
2228 2760 2579 2831 voluptatem.
2611 2762 2748 2831 Quid
2792 2761 3016 2831 reliquie
3060 2761 3303 2830 corporis
3330 2768 3514 2831 partes
3544 2800 3559 2823 ,

1961 2865 2090 2906 num
2122 2862 2311 2907 carent
2336 2855 2545 2910 ratione
2565 2895 2581 2919 ,
2630 2869 2693 2909 ac
2720 2852 3127 2923 pulehitudinc?
3151 2851 3479 2923 Conglobata
3507 2851 3562 2906 in

1961 2951 2115 2999 nates
2126 2960 2441 3017 caro,quam
2459 2946 2680 3003 sedendi
2700 2946 2884 3002 officio
2902 2945 3045 3015 apta!
3060 2954 3113 3000 et
3128 2943 3316 3000 eadem
3334 2942 3560 3009 firmior,

1959 3051 2121 3104 quam
2166 3040 2218 3093 in
2267 3040 2482 3095 exteris
2531 3040 2829 3105 membris,
2878 3056 2948 3095 ne
2997 3046 3276 3110 premente
3319 3036 3565 3106 corporis

240 3120 517 3192 Ριόιδιυν)
545 3136 574 3175 ³
624 3121 850 3177 ωοὶιίιίθ
870 3160 885 3187 9
930 3121 1211 3177 ἱηιηιιιιθιθ
1263 3129 1318 3179 ει
1366 3122 1607 3178 detracta
1650 3122 1846 3189 littera.
1877 3117 1923 3181 C
1954 3129 2102 3185 mole
2124 3131 2339 3188 ossibus
2360 3132 2598 3190 cederet.
2628 3132 2762 3189 Item
2790 3131 3070 3189 immittunt
3113 3129 3342 3187 deducta
3362 3172 3377 3198 ,
3405 3135 3462 3185 et
3488 3127 3566 3182 la-

1593 3257 1952 3317 VARIORUM
1984 3259 2216 3324 ΝΟΤᾹΞ.

322 3398 479 3454 Recte
502 3400 783 3469 provenire.
813 3399 904 3457 Sic
933 3400 1140 3455 restitui
1169 3415 1233 3455 ex
1258 3401 1330 3458 20
1357 3415 1488 3456 mss.
1517 3411 1570 3456 et
1599 3411 1704 3455 vrt.
1739 3401 1854 3456 edi-

241 3472 317 3525 tis
342 3481 470 3553 octo
482 3486 544 3524 ac
571 3470 773 3556 Cellar.
803 3471 860 3526 ln
879 3486 981 3556 .sex
1005 3486 1118 3528 ree.
1142 3473 1358 3544 scriptis
1397 3471 1731 3544 totidemque
1746 3473 1858 3528 vul-

241 3551 392 3613 gulis
420 3553 501 3597 est
528 3551 663 3596 recte
685 3551 965 3611 peruenire.

322 3634 499 3699 Quam
531 3633 762 3688 mirabile
791 3633 1078 3687 institutum
1102 3632 1237 3689 Dei!
1276 3634 1435 3690 Juxta
1466 3648 1656 3688 omnes
1684 3632 1856 3689 ferme

237 3720 385 3761 mss.
414 3704 649 3775 expunxi
703 3714 822 3774 post
852 3703 946 3758 Dei
976 3705 1197 3760 verbum
1230 3716 1324 3769 est,
1354 3704 1494 3775 quod
1548 3716 1662 3760 erat
1703 3705 1754 3759 in
1789 3705 1847 3758 ll

246 3776 510 3843 vulgatis.
549 3774 713 3845 1::ng
754 3776 970 3844 scriptis
995 3786 1050 3830 et
1078 3777 1237 3831 editis
1265 3774 1435 3830 νοιςῖ
1473 3774 1630 3829 Rom.
1664 3775 1857 3845 legitur

242 3846 582 3901 constitutum
601 3844 729 3908 Dei;
754 3846 805 3900 itt
830 3847 961 3902 edit.
988 3846 1192 3915 Graph.
1219 3848 1546 3901 constitutum
1582 3846 1708 3900 Deo.

325 3918 629 3971 Successioa
654 3916 870 3971 soboles.
904 3918 975 3971 Ita
1014 3933 1136 3971 cum
1181 3918 1387 3972 cunctis
1420 3918 1697 3984 impressis
1724 3932 1855 3972 mss.

244 3989 285 4043 5
318 3988 536 4058 ch.,l
568 3987 746 4058 Coll»,
776 3988 940 4054 Viet.,
974 3987 1163 4051 Brun..
1191 3998 1244 4044 et
1271 3999 1437 4043 recte.
1477 3988 1532 4043 In
1557 3987 1594 4041 2
1627 3988 1854 4052 nouom,

245 4057 425 4125 l’en.,
450 4058 609 4123 Tum,
650 4057 839 4123 Cauc.,
893 4061 1170 4113 successive
1210 4059 1439 4124 soboles;
1475 4060 1525 4112 in
1554 4061 1588 4115 ὅ
1636 4057 1793 4126 Reg.,
1825 4058 1861 4113 3

242 4130 437 4196 ηοω,
467 4127 611 4193 Gat.,
643 4132 665 4179 ‘l
699 4131 955 4196 Sorbon.,
977 4129 1210 4185 Claront.
1236 4148 1263 4183 ει
1288 4129 1520 4184 secunda
1542 4129 1859 4193 manu,sub-

247 4202 450 4265 sicfva;
480 4200 910 4265 alii5menduse,
942 4200 1217 4264 subsiciua,
1240 4202 1519 4264 subviciua,
1541 4209 1647 4254 etc.
1674 4201 1694 4253 l
1721 4199 1851 4270 Reg.

250 4272 407 4336 Pttt.,
438 4272 566 4324 sicut
591 4271 821 4335 soboles;
845 4282 1116 4339 corrupte.
1149 4272 1447 4325 Successiva
1475 4271 1671 4324 soboles
1701 4287 1853 4338 pare-

251 4354 433 4395 retur:
466 4356 586 4396 vera
616 4341 772 4395 lectio
795 4341 962 4396 tribus
1004 4342 1335 4397 doctissimis
1361 4341 1586 4397 medicis
1610 4344 1854 4410 probata.

252 4412 490 4479 Scriptis
516 4416 548 4465 6
573 4420 655 4466 est
682 4422 984 4482 pararetur;
1010 4427 1107 4468 nec
1136 4414 1295 4466 male.

344 4483 433 4537 i’ir
461 4486 652 4552 itaque,
678 4481 783 4536 etc.
818 4481 962 4538 Idem
995 4484 1155 4538 etiam
1184 4482 1418 4537 affirmat
1452 4481 1566 4537 Cic.
1595 4481 1859 4537 Tuscula-

251 4570 452 4610 narum
495 4554 848 4624 quaestionum
894 4556 1174 4609 secundo:
1222 4552 1348 4613 Viri.
1397 4553 1588 4621 inquit,
1646 4555 1859 4621 prapria

254 4628 482 4679 niaxime
510 4623 580 4677 est
609 4623 890 4693 fortitudo:
916 4627 1064 4696 cujus
1103 4641 1310 4696 inanem
1338 4625 1440 4678 duo
1466 4625 1691 4696 maxima
1715 4636 1855 4691 sunt,

253 4697 438 4750 mortis
469 4695 761 4765 dolorisque
804 4694 1129 4764 contemptio.
1168 4694 1425 4750 Utendum
1454 4704 1524 4748 est
1577 4695 1731 4763 igitur
1755 4696 1853 4758 his.

249 4769 302 4821 si
331 4769 531 4820 virtutis
559 4775 834 4834 compotes,
868 4767 945 4820 vel
992 4768 1181 4835 potius,
1223 4766 1267 4819 si
1319 4767 1413 4819 viri
1458 4766 1687 4820 volumus
1715 4783 1819 4820 esse
1840 4782 1859 4821 :

252 4841 498 4905 quoniam
547 4856 577 4890 (ι
605 4852 749 4890 vmts
774 4838 932 4889 virtus
961 4854 1141 4889 nomen
1195 4847 1265 4889 est
1295 4846 1545 4890 mutuam.
1579 4836 1669 4893 Sic
1694 4837 1857 4893 etiam

250 4909 465 4984 (σφοῖς
485 4911 515 4967 ή
535 4906 763 4984 ἀνδρείᾳ,
790 4910 890 4984 ἀτςρ
922 4915 1015 4965 τοῦ
1035 4907 1259 4984 μ’Λνδρός.
1293 4908 1489 4984 Bs'ruc.

330 4979 466 5034 Item
494 4975 676 5032 mulier
754 4988 809 5033 ut
840 4977 1001 5034 Varro
1027 4975 1410 5050 interpretatur)
1432 4996 1462 5031 a
1490 4979 1721 5050 mollitie.
1750 4981 1858 5037 Sex

253 5066 393 5106 mss.
427 5064 539 5104 rec.
567 5057 620 5103 et
664 5048 730 5102 12
761 5051 960 5115 vulgati
992 5048 1193 5104 addunt
1216 5060 1286 5103 est
1311 5050 1484 5115 dicta;
1512 5048 1605 5104 sed
1635 5051 1853 5106 frustra.

256 5121 396 5177 Vide
437 5119 814 5190 przncedentia.
853 5119 944 5175 lla:
997 5121 1115 5174 dure
1145 5135 1306 5174 voces
1348 5120 1541 5175 absunt
1579 5136 1607 5174 a
1639 5131 1727 5176 vet
1805 5134 1859 5177 et

251 5204 371 5261 ept.
402 5206 529 5246 mss.
575 5195 590 5245 l
626 5192 889 5263 Bonnn.,_
912 5191 1078 5263 Regio
1114 5192 1259 5259 Put.,
1289 5192 1434 5263 bal.
1484 5190 1642 5261 Reg.,
1674 5193 1706 5245 4
1736 5192 1859 5248 Col-

252 5260 421 5324 neu-2..
466 5263 620 5326 Peu.,
652 5261 818 5323 Viet..
851 5260 1235 5327 Gat.,'Martn.,
1293 5260 1577 5325 Clarum;
1608 5263 1770 5316 Brun.
1804 5273 1859 5317 et

250 5335 292 5382 ’1
326 5343 434 5387 vel.
470 5333 648 5386 editis.
679 5332 758 5385 Ad
780 5332 1071 5388 Varronem
1093 5349 1279 5387 omnes
1311 5332 1448 5388 hanc
1471 5332 1857 5389 derivationem

255 5404 535 5467 referunt;
562 5404 736 5472 major
776 5416 953 5457 tzunen
987 5419 1116 5458 usus
1144 5404 1299 5458 istius
1336 5405 1486 5459 vocis
1516 5412 1617 5470 est,
1650 5414 1705 5457 ut
1745 5405 1858 5458 viro

253 5477 450 5543 potita,
484 5493 512 5527 ει
540 5472 1131 5544 νίτείηθὰἰβοοτιιτιιυιν,
1183 5474 1485 5544 praesertim
1523 5474 1664 5544 apud
1694 5474 1857 5530 Jure-

253 5542 551 5603 cousultos.
588 5542 786 5599 Eadem
817 5542 929 5599 fere
956 5542 1278 5612 differentia,
1304 5555 1519 5615 qumest
1540 5542 1678 5613 apud
1702 5546 1855 5602 Grae-

253 5633 373 5694 cos,
392 5620 481 5688 qui
503 5617 753 5694 παρθένον
772 5615 957 5694 dicunt
969 5631 1093 5694 _e_am
1111 5631 1230 5687 qua:
1254 5616 1427 5694 _virum
1460 5631 1564 5671 non
1587 5617 1853 5694 gestavit;

254 5685 471 5765 νόμφήν,
494 5685 617 5761 quae
636 5685 867 5765 gestavit
894 5685 1142 5765 quidem,
1174 5685 1268 5765 sed
1294 5703 1357 5740 rx
1383 5701 1448 5765 eo
1478 5702 1584 5741 non
1616 5687 1853 5765 peperit;

249 5758 491 5839 γυὶνάῐγμ,
509 5758 641 5839 una:
668 5759 1112 5839 etiam_peper_it;
1144 5758 1236 5813 sed
1262 5764 1444 5839 ypapv.
1473 5759 1725 5839 quailam
1759 5774 1855 5824 pa-

250 5828 379 5893 iere
404 5828 601 5893 desiit:
628 5846 749 5903 quae
774 5829 1075 5889 differentia
1088 5840 1169 5887 est
1196 5828 1335 5900 apud
1364 5828 1851 5889 lsacium'l’zetzam

1885 4525 1942 4587 D

1961 3408 2014 3481 in
2045 3408 2415 3481 Lycophronis
2445 3408 2854 3466 commentario.
2880 3408 2936 3481 lin
2954 3406 3135 3462 Sacris
3156 3405 3352 3462 litteris
3372 3408 3564 3478 ἡγύνη,

1959 3478 2074 3537 fere
2092 3478 2211 3537 ἂντὶ
2235 3487 2325 3537 τοῦ
2346 3483 2541 3555 ἀλόχου
2564 3490 2870 3550 usurpatur.
2896 3480 3098 3535 Βετυι.

2031 3571 2113 3625 Ad
2142 3574 2450 3641 nutrimenta
2491 3573 2743 3626 nascentis
2790 3569 3246 3642 fomibuailactcis:
3260 3567 3351 3642 Sic
3374 3581 3564 3642 emen-

1963 3641 2083 3696 davi
2106 3657 2173 3697 ex
2198 3639 2503 3698 veterrimis
2527 3659 2658 3697 mss.
2686 3643 2721 3696 2
2747 3639 2981 3707 Bonam,
3004 3641 3193 3706 Caue.,
3218 3639 3564 3709 Regio-fut"

1960 3713 2031 3784 al.
2065 3714 2101 3769 5
2144 3712 2304 3784 Reg.,
2334 3712 2369 3768 6
2397 3712 2576 3784 βοηλ,
2610 3713 2770 3784 Tax.,
2818 3713 2975 3784 Pen.,
3017 3711 3180 3784 Uitta,
3207 3708 3358 3784 ξῗειιι.2
3397 3708 3563 3775 Vict.,

1965 3782 2112 3846 Gat.,
2145 3780 2360 3851 Maron,
2382 3783 2555 3850 Clar.,
2579 3783 2786 3849 Baluz.,
2822 3783 3013 3837 Brun..
3037 3780 3168 3835 edit.
3203 3780 3378 3834 Betul.
3408 3793 3567 3851 acce-

1965 3854 2129 3911 dente
2158 3856 2180 3909 1
2217 3850 2450 3911 Sorlion.
2485 3855 2537 3909 in
2565 3869 2672 3922 quo
2700 3864 2782 3909 est
2807 3853 2877 3908 ad
2902 3854 3212 3907 nutrimenta
3242 3850 3567 3922 nascentibus

1968 3926 2191 3995 fontibus
2211 3926 2422 3991 lacteis;
2451 3926 2503 3979 in
2523 3927 2559 3980 2
2581 3921 2713 3994 Reg.
2743 3935 2797 3981 et
2826 3926 2892 3980 M
2918 3921 3424 3995 vulgatisuascentis
3447 3922 3565 3995 fon-

1966 3990 2099 4051 libus
2129 3998 2313 4061 lactis;
2343 3990 2458 4052 in’5
2484 3996 2556 4050 al.
2587 3990 2746 4051 editis
2777 3990 3105 4049 nascentibus
3144 3992 3369 4063 [antibus
3398 3990 3564 4046 lactis.

1968 4067 2108 4122 Edtti
2157 4082 2421 4123 annorum
2471 4067 2611 4122 M72
2639 4077 2688 4122 et
2724 4066 2865 4122 1478
2911 4067 3111 4122 habent
3145 4062 3315 4119 etiam
3344 4062 3569 4134 fontibus

1968 4138 2520 4194 lacteis.—Foutibus
2550 4138 2746 4193 lacteis.
2778 4139 2869 4193 Sic
2894 4137 3059 4191 ubera
3108 4144 3297 4198 vocat,
3346 4133 3400 4188 et
3441 4133 3568 4187 Gel—

1967 4208 2104 4270 lius.
2156 4210 2250 4265 lib.
2300 4226 2409 4277 xu,
2456 4224 2576 4278 cap.
2622 4210 2687 4267 1.
2721 4208 2923 4263 fontem
2969 4208 3118 4261 illum
3166 4205 3567 4278 sanctissimum

1959 4281 2241 4352 corporis,
2271 4274 2483 4352 generis
2515 4274 2730 4334 humani
2779 4280 3163 4352 educatorem,
3199 4284 3309 4352 etc.
3345 4274 3568 4352 Basilius

1958 4345 2156 4404 Homil.
2200 4351 2235 4406 9
2253 4345 2350 4415 ,⁷1η
2381 4352 2704 4407 Hexaemer.
2733 4353 2960 4415 ἐπιζήτει
2990 4348 3043 4404 δὲ
3073 4350 3164 4408 τὰς
3187 4348 3370 4405 οἰκείας
3398 4345 3567 4418 mysi;

1957 4428 2045 4494 αςοῦ
2069 4422 2340 4494 γάλακτος,
2389 4432 2494 4477 etc.
2546 4420 2938 4494 S.‘Atlgllslln,
2995 4420 3327 4494 t‘Cout'essq
3360 4415 3563 4484 eap.'7.

1966 4482 2389 4563 Pulclterrintatn
2408 4482 2863 4563 quoqueiubei'nm
2884 4482 3004 4563 eum
3029 4482 3568 4563 fo_ntil_)_us_eompara-

1968 4562 2166 4618 tionem
2200 4564 2364 4619 habes
2388 4556 2736 4618 a'Plutareho
2765 4562 2817 4616 in
2852 4561 3015 4616 Paulo
3045 4558 3235 4614 λΕιιιὶι.
3268 4556 3457 4610 Isaws.

2033 4651 2342 4707 Indumenta
2362 4654 2700 4717 uerecundiae,
2723 4666 2836 4719 qtae
2858 4660 2975 4704 sunt
2996 4646 3234 4719 pudenda
3251 4686 3266 4709 ,
3292 4654 3397 4699 etc.
3433 4643 3568 4719 Vide

1964 4723 2190 4778 Paulum
2241 4724 2468 4790 Ephes.,
2520 4738 2578 4786 v,
2632 4722 2686 4775 4.
2737 4717 3045 4776 Praeclarus
3096 4728 3180 4773 est
3221 4718 3374 4771 locus
3427 4717 3569 4786 apud

1959 4793 2211 4859 Ariston,
2242 4794 2334 4849 lib.
2367 4809 2436 4848 vtt
2482 4793 2669 4858 Polit.,
2702 4807 2824 4862 cap.
2854 4793 2955 4844 ult.

2035 4884 2164 4961 Qua:
2189 4897 2303 4961 suat
2335 4886 2573 4955 pudenda
2592 4926 2606 4948 ,
2637 4894 2742 4961 etc.
2766 4880 3026 4961 Pudenda
3047 4878 3305 4961 ,_virilia‘,
3333 4878 3400 4961 ad
3446 4878 3569 4961 imi—

1961 4955 2221 5011 tationem
2246 4949 2580 5021 Graecorum,
2604 4957 2691 5023 qui
2726 4954 2896 5011 αἰδοῖα
2931 4952 3228 5007 nominant.
3254 4949 3449 5023 Arist_.,
3478 4950 3570 5023 int

1957 5028 2029 5079 de
2059 5027 2193 5081 llist.
2230 5028 2575 5093 animalium,
2610 5021 2780 5083 virilia
2827 5024 3042 5096 propria
3090 5023 3170 5096 sic
3221 5021 3404 5074 vocari
3448 5021 3567 5096 ait:

1963 5096 2237 5173 [ccipitrina
2284 5109 2500 5173 autem,
2550 5090 2791 5173 ὗστὲραν.
2831 5090 2951 5151 ’8θὰ
3005 5092 3336 5173 medicorum
3384 5090 3571 5145 schola

1959 5167 2315 5225 differentiam
2347 5170 2482 5223 hanc
2509 5186 2613 5223 non
2649 5165 2930 5231 observat,
2963 5165 3246 5233 utriusque
3277 5175 3441 5218 sexus
3468 5177 3571 5232 pu-

1959 5238 2133 5293 denda
2164 5239 2337 5296 αἰδοῖα
2369 5241 2652 5294 nominans
2674 5282 2688 5303 ,
2725 5248 2782 5293 ut
2816 5248 2871 5292 et
2899 5236 3074 5292 Julius
3103 5234 3313 5287 Pollux.

2034 5309 2275 5364 Sterilem
2302 5311 2631 5381 voluptatem.
2674 5301 2731 5365 id
2760 5318 2844 5365 est
2862 5350 2875 5375 ,
2907 5309 3024 5363 sine
3050 5320 3147 5376 spe
3178 5304 3365 5375 prolis.
3394 5301 3572 5357 FRAN-

1958 5394 2096 5435 CIUS.

2034 5451 2172 5517 Quid
2199 5450 2408 5521 reliqua!
2429 5453 2660 5519 corporis
2687 5458 2857 5522 partes
2875 5447 3019 5522 ?_Ita
3066 5446 3305 5522 reposui
3320 5460 3388 5501 ex
3404 5458 3569 5522 _mss.

1956 5521 1992 5574 2
2025 5513 2255 5586 B'onon.,
2282 5513 2600 5588 Regio-Pin.
2632 5513 2697 5576 et'
2731 5522 2766 5576 5
2807 5521 2877 5575 al.
2912 5519 3069 5591 Reg,
3120 5516 3163 5591 r6
3191 5516 3382 5591 Co_lb.,_
3404 5513 3569 5578 Tax.,

1960 5591 2116 5657 Pen.,
2140 5592 2313 5662 Lips.,
2336 5586 2491 5662 _Em.,
2514 5593 2725 5653 Marm.,
2750 5586 3017 5657 Clarom.,
3038 5589 3229 5662 Baluz.
3261 5586 3319 5662 [_n
3352 5586 3396 5662 (ξ
3431 5598 3569 5662 mss.

1956 5672 2011 5717 et
2036 5654 2193 5739 editis
2208 5654 2376 5739 ’11011³1ἶ
2408 5654 2547 5739 141ξὸ
2577 5674 2631 5719 et
2658 5664 2831 5739 H70,
2860 5676 2973 5733 quae
2999 5654 3257 5729 reliquae;
3280 5658 3334 5712 in
3364 5656 3401 5709 2
3431 5654 3566 5739 Reg.

1956 5744 2011 5789 et
2042 5734 2108 5787 l2
2133 5735 2409 5806 impressis
2431 5777 2445 5799 ,
2477 5737 2604 5804 Qua:
2630 5736 2833 5800 reliqui.

2031 5824 2096 5881 Et
2127 5826 2317 5883 eodem.
2356 5827 2698 5883 lleuntannns
2726 5824 2852 5897 legit
2881 5832 2952 5878 est
2986 5820 3179 5877 eadem.
