3912 6256
366 268 437 329 59
1336 260 1524 322 FIBM.
1560 259 1925 321 LACTANTII
1961 259 2098 320 LIB.
2137 259 2226 317 DE
2263 256 2559 319 OPIFICIO
2587 256 2703 318 DEI
2774 299 2781 305 -
3596 251 3670 310 60

365 382 595 440 tioribus
621 382 755 441 toris
776 382 950 440 valida
978 379 1279 452 longitudo,
1308 394 1418 451 quo
1441 378 1651 437 facilius
1676 391 1816 433 onus
1838 390 1960 433 cor-
1987 377 2035 439 Α
2063 375 2188 433 dine
2206 416 2221 443 ,
2250 390 2312 432 ac
2338 373 2549 431 modico
2578 371 2858 429 intervallo
2883 370 3083 428 distare
3109 370 3377 428 videatur.
3405 368 3535 426 llaec
3569 382 3667 424 co-

368 476 521 549 poris
564 477 892 534 sustineret:
921 491 1081 548 quam
1110 474 1371 545 paulatim
1399 471 1736 529 deﬁcientem
1784 471 1837 527 in
1866 487 1966 525 an-

369 579 584 639 gustum
630 586 803 641 genua
853 568 1220 641 determinant
1244 611 1259 635 ,
1292 582 1523 640 quorum
1552 565 1809 620 decentes
1840 562 1966 619 nodi

367 656 629 718 ﬁexuram
659 661 915 734 pedibus,
948 659 1015 717 ad
1044 661 1395 732 gradiendum
1438 659 1844 729 sedendumquc
1871 674 1969 731 ap-

368 754 670 821 tissimam,
723 752 980 824 praebent.
1030 752 1163 809 Item
1204 769 1359 811 crura
1411 767 1515 807 non
1563 751 1758 823 aequali
1805 752 1970 808 modo

369 844 561 911 ducta,
591 861 660 901 ne
688 838 943 901 indecens
970 842 1230 900 habitudo
1273 842 1601 898 deformaret
1643 842 1809 914 pedes
1830 884 1845 910 ,
1871 844 1968 898 sed

370 936 633 993 teretibus
663 936 803 991 suris
843 935 1137 991 clementer
1161 934 1467 989 extantibus
1488 974 1503 998 ,
1536 935 1845 1005 sensimque
1890 943 1969 989 te-

373 1027 581 1093 nuatis,
610 1036 665 1081 et
695 1026 903 1089 ﬁrmata
934 1036 1059 1081 sunt
1084 1038 1140 1081 et
1166 1033 1373 1080 ornata.

440 1114 500 1170 In
534 1116 725 1186 plantis
755 1131 882 1173 vero
908 1102 1096 1173 eadem
1142 1116 1400 1188 quidem,
1447 1117 1542 1173 sed
1589 1127 1764 1174 tamen
1813 1118 1970 1188 longe

372 1205 573 1276 dispar,
603 1222 762 1277 quam
811 1203 867 1262 in
917 1207 1163 1263 manibus
1206 1205 1344 1262 ratio
1392 1218 1476 1263 est
1510 1227 1523 1262 :
1552 1226 1670 1280 qua:
1718 1210 1970 1278 quoniam

374 1300 539 1356 totius
568 1301 814 1372 corporis
840 1302 992 1372 quasi
1025 1301 1376 1356 fundamenta
1402 1302 1842 1369 suui,f.miriticus
1878 1318 1972 1358 eas

374 1394 571 1450 artifex
598 1409 708 1451 non
737 1394 967 1451 rotunda
994 1395 1177 1465 specie
1197 1436 1212 1461 ,
1244 1410 1312 1450 ne
1339 1393 1503 1450 homo
1532 1404 1678 1450 stare
1705 1411 1811 1450 non
1843 1410 1971 1466 pos-

372 1498 492 1554 set,
538 1495 631 1542 aut
658 1487 780 1542 aliis
822 1486 891 1541 ad
935 1482 1185 1542 standum
1232 1486 1460 1557 pedibus
1490 1487 1790 1557 indigeret,
1836 1489 1973 1543 sicut

374 1578 787 1652 quadrupedes,
818 1578 912 1633 sed
940 1580 1305 1648 poi-rectiores
1324 1619 1338 1643 ,
1364 1578 1747 1649 longioresque
1776 1578 1976 1634 forma-

378 1675 490 1739 vit,
525 1682 583 1727 ut
623 1671 815 1727 stabile
844 1686 1040 1741 corpus
1066 1671 1343 1727 efﬁcerent
1391 1671 1614 1741 planitie
1659 1687 1798 1737 sua;
1831 1672 1975 1728 unde

2070 481 2188 521 rum
2217 465 2456 536 speciosa
2486 463 2813 535 germanitas
2834 503 2848 525 ,
2874 476 2984 518 non
3013 460 3118 518 levi
3148 460 3459 533 adiumento
3484 459 3671 516 nisum

2070 558 2265 629 pedum
2294 557 2502 624 firmat;
2531 554 2793 611 concitari
2818 554 2962 610 enim
2992 552 3059 609 ad
3090 570 3306 611 cursum
3339 568 3444 611 non
3477 566 3674 625 possu-

2072 663 2191 702 mus
2242 647 2368 714 iiisi,
2418 647 2599 718 digitis
2644 647 2698 700 iii
2724 644 2952 700 humum
2987 644 3186 716 pressis
3235 645 3459 715 soloque
3491 645 3674 700 niten-

2073 741 2238 804 tibus,
2271 738 2528 808 impetum
2574 738 2879 808 saltumque
2907 737 3204 807 capiamus.
3248 735 3567 806 Erplicasse
3592 736 3676 790 vi-

2071 831 2200 886 deor
2228 830 2403 884 omnia
2426 873 2441 895 ,
2492 844 2722 901 quorum
2754 830 2888 885 ratio
2916 830 3139 901 intelligi
3173 839 3369 901 potest.
3400 828 3554 885 Nunc
3590 828 3661 886 ad

2072 943 2132 982 ea
2161 925 2320 981 venio
2339 966 2354 990 ,
2383 941 2501 995 qua:
2530 926 2613 980 vel
2642 924 2801 981 dubia
2830 924 2913 980 vel
2941 924 3166 980 obscura
3192 933 3337 979 sunt.

2673 1035 2897 1093 CAPUT
2936 1036 3075 1091 XIV.

2242 1168 2316 1223 De
2336 1169 2689 1224 intestinorum
2714 1166 3049 1239 quorumdam
3080 1166 3258 1237 ignota
3283 1165 3501 1219 ratione.

2144 1306 2305 1362 Multa
2328 1321 2449 1361 esse
2476 1315 2689 1362 constat
2720 1306 2771 1359 in
2800 1318 3029 1375 corpore
3048 1348 3062 1372 ,
3089 1319 3319 1374 quorum
3343 1303 3475 1369 vim,
3500 1302 3667 1358 ratio—

2076 1412 2304 1468 nemque
2333 1398 2638 1467 perspicere
2687 1412 2873 1462 nemo,
2907 1395 3010 1450 nisi
3050 1395 3139 1467 qui
3172 1394 3329 1463 fecit,
3360 1404 3554 1466 potest.
3586 1393 3675 1450 Αιι

2077 1489 2275 1561 aliquis
2320 1504 2575 1544 enarrare
2599 1504 2659 1543 se
2685 1497 2837 1558 putat
2867 1502 3025 1558 posse
3062 1486 3189 1556 quid
3247 1486 3512 1549 utilitatis,
3541 1486 3674 1557 quid

2076 1584 2297 1639 allectus
2329 1583 2521 1638 habeat
2554 1582 2727 1636 tenuis
2755 1582 3066 1638 membrana
3097 1580 3186 1634 illa
3217 1581 3500 1652 perlucens
3520 1622 3535 1647 ,
3564 1596 3675 1652 qua

2075 1677 2473 1733 circumretitur
2499 1676 2653 1731 alvus
2674 1718 2687 1735 .
2718 1691 2782 1731 ac
2814 1660 3051 1747 tegitur?
3076 1674 3212 1741 Quid
3242 1690 3433 1730 renum
3462 1677 3683 1746 gemina

276 1752 291 1763 ’
376 1766 486 1822 illis
510 1765 739 1821 inditum
768 1779 964 1820 nomen
992 1773 1096 1821 cst.
1130 1764 1287 1835 Digiti
1312 1781 1465 1835 aeque
1492 1765 1733 1828 totidem.
1765 1776 1895 1837 quot
1918 1769 1969 1823 in
2075 1770 2414 1828 similitudo?
2444 1786 2580 1842 quos
2624 1771 2702 1825 ait
2733 1770 2900 1826 Varro
2930 1770 3002 1824 ita
3032 1768 3241 1833 dictos,
3282 1768 3427 1841 quod
3472 1769 3573 1823 rivi
3603 1769 3676 1824 ab

376 1858 626 1915 manibus
650 1902 664 1928 ,
697 1860 931 1929 speciem
962 1860 1152 1929 magis,
1175 1873 1333 1929 quam
1368 1875 1521 1913 usum
1550 1859 1806 1930 majorem
1835 1876 1975 1932 prte-

372 1950 612 2007 ferentes
634 1993 649 2016 ,
678 1949 907 2021 ideoque
934 1960 988 2005 et
1013 1948 1219 2019 juncti,
1274 1958 1327 2005 et
1372 1950 1560 2005 breves
1586 1992 1600 2014 ,
1626 1960 1681 2006 et
1710 1950 1974 2022 gradatim

378 2044 661 2113 compositi
694 2061 707 2096 :
739 2057 965 2114 quorum
997 2044 1087 2114 qui
1116 2050 1200 2098 est
1227 2042 1515 2107 maximus,
1544 2045 1795 2114 quoniam
1824 2044 1974 2101 illum

381 2134 522 2188 sicut
546 2134 602 2188 in
645 2148 805 2189 manu
834 2134 1073 2190 discerni
1114 2146 1143 2187 a
1174 2133 1386 2189 caeteris
1412 2149 1549 2203 Opus
1579 2148 1686 2189 non
1716 2143 1833 2190 erat
1854 2178 1872 2202 ,
1902 2137 1977 2192 ita

380 2224 434 2280 in
468 2226 712 2281 ordinem
745 2227 995 2282 redacms
1023 2235 1133 2292 est,
1165 2235 1223 2281 ut
1249 2233 1426 2281 tamen
1458 2226 1526 2283 ab
1555 2226 1675 2282 aliis
1702 2230 1975 2299 magnitu-

2077 1863 2162 1919 liis
2186 1864 2427 1920 obscoeni
2454 1862 2693 1917 humoris
2716 1864 2960 1916 oriantur
2988 1878 3001 1912 :
3031 1859 3173 1929 quod
3195 1870 3278 1915 est
3305 1860 3463 1930 longe
3491 1874 3674 1927 secus,

2076 1955 2199 2026 quia
2229 1955 2397 2026 spinae
2419 1954 2737 2009 altrinsecus
2761 1952 2937 2022 supini
2964 1950 3261 2015 cohaerent,
3289 1961 3344 2007 et
3365 1960 3493 2006 sunt
3513 1951 3581 2006 ab
3604 1954 3689 2007 in-

2081 2046 2290 2103 testinis
2310 2045 2568 2115 separati.
2593 2044 2729 2114 Quid
2758 2044 2937 2113 splen?
2960 2044 3091 2114 quid
3114 2042 3293 2114 jecur?
3321 2058 3444 2113 qua:
3473 2043 3687 2100 viscera

2079 2139 2232 2210 quasi
2250 2155 2317 2195 ex
2336 2138 2656 2195 conturbata
2683 2138 2940 2208 sanguine
2967 2135 3214 2191 videntur
3237 2150 3359 2190 esse
3379 2144 3638 2219 concreta
3662 2150 3680 2189 :

2079 2232 2208 2302 quid
2254 2230 2394 2286 fellis
2438 2231 2803 2285 amarissimus
2832 2229 3046 2300 liquor?
3073 2227 3198 2299 quid
3228 2227 3422 2300 globus
3452 2227 3679 2284 cordis?

1743 2321 2102 2381 VARIORUM
2142 2323 2368 2380 NOTAE.

465 2432 666 2491 Valida.
700 2439 858 2494 Deest
889 2440 939 2493 in
970 2454 1071 2493 ms.
1104 2439 1235 2493 Bov.

458 2508 737 2563 Flexuram
764 2510 1009 2581 pedibus,
1024 2509 1092 2563 ad
1114 2510 1450 2580 gradientium
1474 2510 1850 2580 sedandumque
1875 2527 1976 2581 ap-

382 2579 629 2651 tissimam
652 2622 667 2645 ,
696 2579 939 2650 prtebent.
986 2580 1077 2637 Sic
1118 2585 1305 2651 legunt
1334 2595 1523 2635 omnes
1570 2584 1734 2635 ferme
1763 2579 1891 2636 mss.
1915 2579 1982 2637 Vel.

384 2650 509 2706 edd.
533 2649 604 2705 At
625 2649 754 2706 mss.
783 2652 816 2706 Ξ
837 2652 968 2708 Βοη.
994 2660 1050 2706 et
1073 2649 1210 2714 τεεί,
1244 2654 1265 2705 1
1304 2652 1457 2719 Reg.,
1490 2653 1646 2711 Tum.
1677 2654 1711 2704 2
1735 2653 1978 2716 Galbam,

383 2721 618 2796 Clarum.
657 2722 854 2779 habent
874 2765 891 2796 ,ν
914 2725 1169 2796 ﬂexuram
1196 2723 1250 2776 in
1293 2723 1500 2796 pedibus
1547 2725 1615 2778 ad
1641 2724 1980 2796 grudieudum

385 2791 763 2864 sedandumque
786 2791 1107 2864 aptissimum
1131 2810 1278 2848 nsunt
1294 2791 1546 2863 ’prtebent.

461 2862 584 2936 Sed.
595 2862 717 2936 Haec
734 2862 908 2923 voxet
921 2877 1150 2935 quatuor
1163 2862 1448 2936 sequentes
1462 2865 1649 2919 desunt
1666 2864 1716 2919 in
1732 2880 1813 2920 ms
1840 2864 1975 2922 Bov.

460 2934 908 3006 Surisclementer
934 2934 1249 2991 extantibus.
1266 2936 1320 2988 ld
1342 2947 1423 2990 est
1446 2936 1639 2991 leuiter
1666 2936 1980 3006 prominen-

389 3004 550 3059 tibus.
590 3005 794 3063 Eodein
824 3008 970 3062 enim
1013 3022 1174 3061 sensu
1215 3007 1485 3061 adverbiis
1512 3004 1802 3073 clementer,
1840 3007 1976 3061 lenio

2082 2440 2329 2507 corporis
2360 2439 2557 2494 fabrica
2586 2453 2786 2505 opere,
2841 2437 2936 2491 lib.
2989 2450 3184 2507 nempe
3230 2451 3287 2501 ν,
3331 2449 3452 2504 cap.
3482 2434 3535 2488 2.
3601 2434 3688 2490 Ex

2082 2504 2373 2567 Bernuio.
2396 2510 2619 2578 --Qui'd
2642 2508 2896 2569 utilitatis.
2923 2507 3045 2576 quid
3074 2504 3285 2572 e/fectus
3310 2507 3491 2560 [iubeat
3520 2508 3687 2560 tenuis

2082 2583 2375 2636 membrana
2396 2582 2487 2635 illa
2511 2580 2797 2651 perlucens,
2815 2595 2914 2651 qua
2930 2579 3341 2651 circunmectitur
3358 2580 3561 2651 aluus:
3571 2586 3683 2633 etc.

2081 2652 2136 2707 id
2167 2662 2335 2708 totum
2366 2648 2583 2723 copiose
2611 2648 2833 2723 enarrat
2856 2649 3141 2715 Vcs-lius,
3191 2649 3287 2703 lib.
3321 2664 3353 2701 v
3396 2650 3463 2703 de
3516 2648 3684 2704 Hum.

2080 2738 2232 2788 corp.
2265 2721 2477 2787 fabricL,
2513 2737 2633 2791 cap.
2664 2721 2718 2776 2.

2158 2794 2308 2862 Quod
2363 2795 2479 2849 rivi.
2517 2789 2670 2861 Quod
2712 2807 2906 2848 sensus
2935 2790 3221 2862 postulat:
3246 2789 3300 2845 id
3337 2790 3572 2862 reposui
3612 2805 3685 2847 ex

2084 2860 2368 2936 praecipuis
2390 2880 2523 2919 mss.
2540 2860 2732 2936 uiginti
2751 2878 2911 2936 supra
2933 2860 3183 2936 laudatis,
3203 2872 3257 2917 et
3283 2861 3441 2916 editis
3467 2861 3675 2936 Gi-apli.

2082 2931 2138 2992 et
2163 2931 2409 3008 Gyinnic.
2438 2936 2498 2991 In
2527 2935 2563 2988 2
2583 2931 2761 3008 Colb.,
2811 2934 3017 3008 B:i|_i_i_2.,
3052 2931 3217 3008 Brun.
3263 2941 3349 2986 est
3379 2944 3516 3008 quos
3547 2933 3645 3008 rivi
3664 2948 3687 3008 ς

2086 3008 2136 3061 in
2166 3003 2271 3062 uno
2288 3008 2418 3075 Reg.
2470 3006 2768 3061 recentiore
2792 3016 2848 3060 et
2882 3005 2951 3058 l5
2981 3003 3227 3070 vulgatis,
3250 3006 3397 3075 quasi
3419 3004 3558 3075 rivi:
3580 3006 3687 3058 ἀπὸ

386 3084 480 3154 ter,
509 3076 733 3154 molliter
771 3080 934 3132 utitur
965 3077 1291 3154 Lactantius.
1327 3078 1465 3134 Sura
1507 3088 1591 3132 est
1620 3094 1742 3147 pars
1795 3088 1975 3147 poste-
2002 3078 2049 3140 C
2081 3086 2169 3154 rei“:
2196 3074 2611 3154 sequendos,
2642 3079 2685 3131 si
2707 3076 3189 3154 Grammaticorum
3218 3074 3679 3154 deductionihcre-

386 3146 509 3219 riui:
527 3148 728 3219 cruris,
761 3163 930 3219 eaque
959 3151 1254 3204 carnosior.

463 3216 529 3271 Et
556 3218 760 3284 ﬁrmata
784 3216 900 3273 sunt
924 3230 970 3274 et
997 3229 1198 3274 ornata.
1225 3219 1315 3274 Sic
1343 3219 1557 3287 reposui
1586 3235 1651 3275 ex
1682 3218 1841 3275 editis
1880 3218 1984 3274 Be-

389 3287 511 3359 tul.,
557 3287 779 3356 Cellar.,
824 3290 1039 3346 Walch.
1086 3291 1443 3359 omnibusque
1490 3306 1621 3344 mss.
1672 3297 1863 3355 printer
1903 3288 1978 3357 2,

389 3358 523 3433 lieg.
572 3375 682 3415 rec.
730 3370 1062 3432 cmterosque
1110 3366 1247 3433 typis
1277 3358 1541 3425 exeusos,
1588 3361 1780 3430 quibus
1808 3370 1892 3421 est
1930 3370 1983 3416 et

387 3430 538 3497 firma
563 3440 680 3485 sunt
704 3441 749 3486 et
770 3443 968 3487 ornata.

460 3499 719 3570 Corporis.
744 3503 821 3557 lta
845 3514 972 3559 mss.
998 3503 1033 3558 ἓ
1053 3504 1230 3567 Colb.,
1253 3498 1609 3568 Claromont.,
1634 3500 1786 3557 Brun.
1808 3542 1823 3567 ,
1847 3500 1977 3558 Bov.

389 3580 443 3626 et
473 3572 583 3643 alii.
615 3572 828 3643 Reliqui
857 3574 1003 3629 multi
1036 3578 1232 3630 habent
1258 3573 1445 3637 aperis.

464 3641 825 3716 Ommatium
873 3646 1119 3716 majorem
1166 3648 1507 3715 prarferentes.
1559 3643 1634 3699 ita
1663 3658 1803 3716 cum
1848 3643 1979 3700 edit.

391 3713 572 3781 Rom.,
608 3714 744 3770 M70
770 3726 825 3771 et
849 3713 1040 3771 Cellar.
1071 3717 1245 3770 cuncti
1277 3713 1408 3768 mss.
1434 3715 1675 3782 praeter!
1702 3714 1834 3783 Reg.
1868 3730 1978 3769 rec.

388 3795 445 3839 et
490 3785 550 3857 11
586 3786 826 3857 Vulgatos
847 3829 861 3853 ,
907 3789 1101 3857 quibus
1127 3787 1308 3851 deest,
1342 3788 1721 3857 majoremt-e-
1749 3784 1982 3854 Speciem

393 3856 590 3926 magis,
624 3855 778 3927 quam
802 3855 947 3912 usum
976 3862 1322 3930 praeferentes.
1354 3855 1470 3911 Neu
1500 3858 1572 3910 ita
1606 3855 1982 3930 Galenus,_qui

394 3939 795 3999 usumeorum,
824 3939 877 3984 et
903 3926 1118 3999 quidem
1152 3930 1440 3981 maximum
1484 3942 1553 3995 ac
1599 3926 1981 3983 multiformem

392 3997 661 4069 osugndit,
695 4002 788 4055 lib.
824 4015 879 4054 ιιι
901 3997 1061 4069 (σειν.
1096 3999 1129 4054 8
1155 4008 1208 4053 et
1237 3999 1382 4053 alibi.

465 4066 808 4125 Germanitas.
860 4070 969 4124 Hoc
1010 4066 1094 4124 est
1143 4073 1380 4124 fraterna
1408 4069 1658 4123 societas.
1704 4067 1795 4123 Sic
1842 4068 1984 4138 apud

394 4138 701 4195 Salvianuin
723 4184 736 4206 ,
768 4141 907 4196 libro
938 4156 973 4194 ιι
1001 4150 1184 4195 contra
1214 4141 1490 4194 avaritiam
1511 4182 1525 4205 ,
1555 4154 1674 4208 cap.
1702 4140 1757 4201 6.
1790 4139 1986 4210 legitur

398 4212 755 4276 Apostolorum
784 4214 1111 4279 germanitas.
1142 4211 1491 4266 chninuos.

468 4281 676 4336 Nisum.
703 4282 799 4339 Ms.
832 4282 961 4337 Bov.
985 4324 998 4347 ,
1031 4281 1248 4335 Νίκωνι.

470 4351 975 4432 Ϊεηιιὶξ-ηιρηιὺναηα
999 4353 1091 4432 illa
1122 4351 1596 4432 perlucens.G_r-.i'cc
1622 4354 1936 4432 Περιτόναιος
1966 4370 1980 4404 :

396 4423 610 4479 Pollux.
645 4425 812 4494 Hujus
838 4425 1266 4478 iiomenclatione
1294 4425 1467 4478 Latini
1494 4423 1738 4479 carentes
1763 4466 1775 4487 ,
1807 4438 1984 4493 graeco

397 4496 615 4550 nomine
656 4506 714 4549 ut
758 4511 855 4549 suo
885 4503 1126 4560 utuntur,
1161 4495 1259 4547 nisi
1291 4494 1431 4564 quod
1476 4495 1637 4561 aliqui
1680 4495 1984 4548 abdominis

400 4568 764 4622 membranam
799 4576 1107 4634 nuncupant
1138 4582 1154 4620 :
1182 4579 1212 4619 a
1252 4566 1746 4621 circumniunicndo
1775 4565 1987 4619 videtur

397 4652 594 4692 nomen
641 4652 761 4692 esse
805 4636 1132 4699 deductum;
1179 4638 1489 4704 potissimus
1514 4638 1656 4690 enim
1706 4637 1791 4691 hic
1834 4637 1987 4690 istius

399 4723 527 4764 usus
553 4718 653 4763 est.
682 4707 851 4763 Gallis
876 4709 1037 4762 etiam
1064 4708 1257 4762 dicitur
1282 4708 1544 4778 péritoine.
1577 4707 1663 4761 Ea:
1686 4708 1982 4763 Beroeam.

474 4778 587 4844 Qua
613 4779 984 4833 circumretitur
1010 4778 1175 4832 alvus.
1210 4779 1281 4831 lla
1314 4778 1521 4833 restitui
1567 4795 1633 4832 ex
1685 4779 1988 4833 veterrimis

396 4859 452 4920 et
479 4848 699 4920 cpiimis
745 4864 876 4904 mss.
907 4848 941 4902 Ξ
973 4849 1197 4912 Bonum,
1229 4849 1574 4920 Regio-Pun,
1626 4851 1660 4903 5
1703 4852 1774 4905 al.
1817 4850 1984 4917 ‘Reg.,

397 4919 587 4983 Cauc.,
620 4919 776 4984 Tax.,
809 4920 964 4985 Pen.,
1015 4922 1046 4973 6
1102 4920 1284 4983 Coll»,
1322 4919 1489 4984 Eun,
1535 4919 1698 4985 Ultr.,
1728 4920 1984 4981 Sorbon.,

399 4990 562 5054 νᾶα..
593 4990 740 5053 Gat.,
774 4990 986 5056 Maron,
1018 4991 1222 5057 BalnL,
1266 4990 1529 5054 Clarom.,
1577 4992 1736 5045 Brun.
1770 5000 1825 5043 et
1852 4990 1986 5044 edit.

400 5061 645 5126 Betuleii.
678 5062 733 5116 Id
762 5070 873 5128 est,
927 5065 1236 5116 membrana
1285 5064 1372 5116 illa
1405 5062 1544 5116 sicut
1572 5062 1671 5116 reti
1701 5060 1990 5115 inVolvitur

399 5133 655 5204 alvusaln
688 5147 817 5188 mss.
849 5148 955 5187 rec.
1004 5133 1040 5186 2
1078 5133 1236 5204 Βυεη
1268 5133 1566 5201 Catabrig.,
1617 5132 1643 5185 1
1674 5130 1934 5204 (Ζοιὺθιίη
1956 5146 1988 5185 a

400 5202 632 5260 secunda
664 5220 821 5258 manu
841 5246 855 5268 ,
887 5204 1039 5275 etin
1087 5202 1752 5275 quamplurimis‘excusis
1779 5211 1861 5253 est
1887 5202 1989 5275 cir-

398 5276 729 5330 cumnectitur
759 5276 919 5329 alvus.
950 5273 1263 5330 Membrana
1289 5284 1466 5328 autem
1498 5273 1616 5334 illa,
1648 5287 1744 5326 seu
1790 5274 1991 5340 perito-

403 5348 568 5410 uiuin,
595 5348 964 5415 complectitur
989 5345 1367 5407 ventriculum,
1394 5342 1666 5404 intestina,
1690 5352 1986 5407 omentum,

399 5418 809 5481 mesentcrium,
837 5419 1008 5485 jecur,
1044 5416 1241 5470 lienem
1266 5454 1281 5476 ,
1318 5428 1509 5476 rencs,
1541 5423 1823 5485 utramque
1850 5416 1991 5468 vesi-

401 5505 516 5542 CJHI
538 5530 551 5550 ,
581 5499 811 5553 uterum,
839 5484 892 5541 et
920 5502 1044 5540 vasa
1073 5485 1290 5539 deiiium
1319 5499 1674 5553 quiucumque
1702 5484 1840 5539 inter
1863 5500 1989 5552 sep—

404 5570 509 5612 tum
545 5552 905 5613 transversum
930 5568 983 5609 et
1001 5570 1158 5609 crura
1182 5556 1340 5608 silum
1372 5552 1592 5609 habent.
1619 5554 1684 5609 Et
1712 5556 1837 5611 licet
1860 5558 1992 5611 Lac-

403 5631 623 5682 tantiuiii
660 5629 875 5682 latuerit
906 5643 1031 5680 usus
1059 5625 1217 5692 hujus
1250 5625 1607 5689 lilt‘lltllraltm,
1640 5626 1878 5681 medicos
1909 5637 1990 5680 ιιι-

403 5716 524 5755 Itteii
560 5702 779 5752 iiiiiiiiiic
808 5701 979 5757 latuit,
1011 5710 1237 5764 quorum
1264 5694 1400 5747 haud
1426 5698 1759 5761 spernendos
1788 5699 1992 5766 aliquot

402 5780 683 5828 enumerat
709 5766 951 5821 Andreas
996 5766 1235 5820 Vesalius
1277 5767 1327 5819 in
1361 5767 1616 5836 praeclaro
1660 5768 1726 5822 de
1767 5769 1993 5823 lliimant

2004 4465 2063 4531 D

2084 3144 2281 3204 dim'us.
2318 3148 2423 3206 Sed
2448 3148 2573 3202 mihi
2598 3163 2785 3217 parum
2811 3147 3020 3217 placent
3043 3144 3406 3199 derivationes
3430 3144 3688 3217 cirGraz-

2083 3222 2184 3284 cis,
2216 3222 2306 3275 ubi
2333 3221 2435 3290 ipsi
2485 3215 2618 3272 alias
2664 3215 2822 3290 istius
2846 3219 2921 3271 rei
2953 3215 3677 3290 nm_n_enclatioue_shabent:

2084 3286 2373 3366 sicutipsis
2393 3293 2483 3366 ῥήν
2500 3306 2680 3354 ovem,
2701 3289 2903 3345 Latinis
2922 3304 3014 3342 ren
3035 3286 3177 3342 idem
3205 3287 3347 3366 quod
3374 3286 3481 3340 illis
3505 3295 3686 3361 νέφρος

2084 3358 2401 3434 εἰειιὶιῑὸειι.’
2676 3433 2681 3434 γ
2707 3432 2735 3434 __
2931 3430 2942 3434 _
3116 3429 3128 3434 _
3202 3428 3223 3434 _
3288 3358 3496 3434 Beroe.

2159 3428 2291 3500 Quia
2311 3435 2495 3503 spinis,
2522 3441 2627 3487 etc.
2658 3432 2827 3488 Aliter
2853 3430 3020 3486 Arist.
3047 3429 3149 3485 sub
3195 3428 3355 3484 ﬁnem
3398 3428 3556 3499 primi
3604 3428 3679 3487 de

2085 3504 2222 3560 Hist.
2249 3504 2593 3559 Auimaliuiu.

2161 3576 2298 3644 Quid
2318 3576 2498 3647 splen?
2517 3573 2730 3647 Cumin
2763 3573 2949 3647 splene
2966 3570 3373 3647 inultmsparsm
3396 3570 3504 3647 sint
3529 3578 3685 3625 arte-

2085 3639 2201 3709 riae:
2242 3639 2478 3701 calorem
2510 3645 2699 3708 recipit
2742 3661 2771 3697 a
2796 3639 2989 3706 'corde,
3021 3656 3127 3711 quo
3149 3641 3300 3696 illuni
3349 3639 3685 3699 feculeutum

2086 3730 2134 3772 et
2157 3719 2405 3772 limosum
2435 3717 2747 3786 Sanguinem
2776 3715 2945 3784 magis
2971 3714 3175 3783 coquit,
3208 3722 3264 3768 et
3291 3712 3491 3786 aliquid
3525 3728 3689 3768 assu-

2088 3781 2736 3858 mitindequonu'tritur.
2870 3781 2889 3784 ⁷
3171 3853 3181 3858 _
3246 3853 3260 3858 _
3326 3781 3536 3858 Barca.

2160 3859 2297 3925 Quid
2307 3853 2494 3930 jecur?
2524 3856 2683 3926 Quid,
2715 3855 3001 3930 Lactanti?
3028 3853 3214 3910 Nescis
3246 3853 3349 3909 hoc
3376 3856 3685 3930 membrum

2086 3946 2205 3986 esse
2225 3925 2579 4000 generosum?
2612 3931 2784 3982 neseis
2836 3931 2936 4000 hoc
2967 3928 3107 4000 inter
3156 3940 3355 4000 organa
3404 3925 3682 4000 nutriiivin

2090 3995 2341 4069 potentiae
2381 4002 2705 4070 praecipuum
2743 3998 2898 4070 esse?
2936 3997 3112 4052 nescis
3147 3995 3429 4070 ofﬁcinam
3461 3997 3688 4067 sangui-

2092 4066 2213 4126 nis?
2276 4066 2449 4126 nescis
2501 4066 2664 4140 hepar
2707 4070 2756 4122 in
2813 4069 2915 4123 hoc
2952 4070 3082 4140 ipso
3120 4066 3269 4140 cordi
3304 4066 3689 4140 “traderemu-

2089 4152 2210 4197 tuas
2236 4144 2465 4212 operas?
2494 4136 2667 4195 nescis
2698 4140 2749 4194 id
2777 4137 3275 4215 qiioil__Plato_dicit_,
3303 4136 3419 4215 "qn
3438 4140 3501 4215 ys.
3543 4136 3690 4215 ἧπαρ

2088 4207 2463 4289 πέφυκείχάριν
2496 4222 2586 4289 τῆς
2616 4207 2894 4284 μαντικῆςῖ
2924 4211 3085 4289 liecte
3112 4210 3324 4289 interim
3348 4207 3509 4289 facis,
3538 4207 3693 4289 quod

2088 4279 2356 4354 agnoscis,
2386 4279 2525 4354 quod
2555 4279 2695 4347 iuvat
2723 4281 3126 4337 concoctionem
3151 4279 3204 4333 in
3230 4280 3552 4354 ventriculo.
3574 4281 3693 4336 vir-

2089 4349 2200 4409 tute
2231 4349 2480 4409 nimirum
2505 4355 2721 4408 caloris.
3371 4349 3575 4405 BETUL.

2161 4426 2245 4481 Ea:
2281 4428 2577 4480 conturbata
2626 4423 2890 4494 sanguine.
2927 4420 3139 4494 Verum
3169 4419 3271 4494 hoc
3298 4422 3516 4491 quidem
3569 4430 3683 4489 est,

2090 4499 2228 4565 quod
2275 4498 2473 4564 jecoris
2502 4492 2798 4550 substantia
2844 4493 2915 4547 sit
2956 4492 3201 4561 sanguini
3230 4506 3401 4565 nuper
3430 4504 3696 4550 concreto

2088 4562 2377 4622 simillima.
3338 4562 3542 4617 381111..

2162 4639 2300 4705 Quid
2322 4637 2477 4708 fellis,
2508 4645 2612 4691 etc.
2634 4705 2655 4708 ῃ
2675 4634 2837 4708 Flava
2878 4633 3010 4708 bilis
3031 4631 3230 4708 _(cujus
3272 4633 3517 4708 vesicula
3566 4635 3697 4691 bilis

2088 4703 2351 4763 folliculus
2374 4709 2597 4772 Latinis,
2620 4705 2822 4761 Grmcis
2853 4703 3132 4777 xolndégco;
3158 4703 3477 4777 appellatur)
3509 4706 3694 4762 incre-

2091 4780 2326 4835 dibiliter
2377 4778 2593 4849 quidem
2646 4773 2927 4849 sanitatem
2978 4773 3194 4830 infestat
3239 4792 3261 4849 :_
3297 4773 3696 4849 liabet'gtamen

2088 4851 2248 4904 etiam
2290 4845 2737 4903 sua'couimoda.
2792 4845 2922 4899 Nam
2970 4859 3028 4899 ut
3076 4845 3293 4915 sanguis
3340 4846 3692 4915 pnriﬁcetur,

2088 4936 2224 4989 opus
2252 4932 2335 4975 est
2358 4921 2586 4976 derivari
2635 4919 2815 4986 aliquo
2845 4916 3251 4989 ﬁavamﬂbilein
3298 4918 3690 4986 copiosiorem.

2092 4987 2183 5045 Est
2205 4992 2367 5055 enim,
2404 5002 2460 5045 ut
2481 4991 2650 5059 inquit
2676 4988 2814 5042 Plin.
2842 4988 2910 5043 fel
2943 4987 3267 5059 niliiljaliud,
3300 5004 3458 5058 quam
3493 5005 3695 5059 purga-

2092 5072 2330 5116 mentum
2361 5057 2577 5131 pessimi
2632 5059 2927 5131 sanguinis.
2961 5060 3053 5112 Est
3082 5057 3245 5128 igitur
3271 5071 3409 5127 opus
3433 5057 3692 5128 reccpia-

2090 5132 2231 5197 culo,
2263 5134 2312 5185 in
2334 5129 2440 5202 quo
2468 5132 2592 5186 bilis
2620 5141 2673 5184 et
2703 5129 2951 5185 calefacit
2987 5131 3174 5202 liepar,
3221 5137 3276 5182 et
3303 5140 3606 5202 conservat
3622 5147 3697 5188 nc

2094 5198 2381 5271 putrescat.
2406 5202 2564 5258 Peltit
2587 5204 2708 5256 item
2738 5202 3125 5271 nutrimentum
3158 5198 3455 5271 intestinis,
3479 5211 3534 5255 et
3561 5201 3695 5258 abs-

2094 5268 2252 5343 tergit
2287 5275 2661 5329 intestinorum
2713 5275 2921 5326 sordes.
2963 5268 3365 5343 VidejdeLlioc
3416 5268 3695 5328 Vesalium

2092 5341 2308 5415 copiose
2326 5346 2677 5399 disserentem
2699 5358 2750 5415 c.
2775 5343 2828 5405 8,
2860 5343 2952 5397 lib.
2981 5357 3011 5395 v
3030 5358 3044 5405 ',
3063 5341 3203 5396 Plin.
3223 5341 3525 5415 lib.xxvtii,
3555 5359 3608 5396 c.
3635 5344 3690 5410 9,

2096 5410 2387 5471 medicinas
2418 5431 2483 5469 ex
2515 5412 2834 5469 animalibus
2886 5426 3231 5482 enumerans,
3295 5410 3439 5465 Inter
3488 5416 3690 5482 omnia,

2095 5488 2286 5556 inquit,
2318 5487 2616 5540 animalium
2640 5486 2708 5554 [el
2734 5487 3056 5556 praestantius
3076 5476 3359 5556 injeﬂ'ectu.
3410 5482 3506 5538 Est
3536 5476 3695 5556 enim

2096 5553 2184 5611 vis
2202 5558 2318 5627 ejus
2342 5559 2696 5618 exealt‘acere,
2756 5554 3022 5617 mordere,
3070 5554 3342 5627 scindere,
3375 5553 3695 5624 extrahere,

2094 5623 2383 5691 discutere,
2418 5640 2520 5681 etc.
3183 5623 3506 5679 BETULEIUS.

2170 5699 2305 5763 Quid
2335 5698 2511 5769 globus
2534 5697 2722 5769 cordis.
2749 5697 2875 5769 Post
2931 5699 3045 5752 huic
3072 5694 3259 5769 verba,
3285 5711 3445 5769 manu
3474 5697 3690 5769 exarati

2098 5772 2311 5826 codices
2336 5766 2565 5841 septem,
2594 5767 2803 5825 scilicet
2827 5768 2862 5821 2
2884 5768 3047 5831 Bon.,
3074 5766 3099 5822 1
3132 5766 3291 5838 ch.,
3321 5766 3344 5822 1
3368 5766 3629 5839 Sorbon.,
3659 5770 3693 5830 1
