3912 6256
218 289 285 344 6i
801 284 955 341 CAP.
997 281 1136 340 XIV.
1179 283 1266 340 DE
1302 280 1642 341 ‘INTESTIN.
1686 281 1941 340 IGNOTA
1981 281 2227 339 RA'L—
2263 282 2417 340 CAP.
2459 283 2576 339 XV.
2621 283 2709 340 DE
2749 281 2947 341 VOCE.

3447 283 3519 341 62

210 402 332 459 Nisi
362 403 501 460 forte
531 404 639 461 illis
681 403 1012 461 credendum
1058 402 1370 475 putabimus
1396 445 1410 470 ,
1442 402 1532 473 qui
1563 401 1814 459 affectum
1843 403 1897 463 A
1919 401 2121 458 dicere.
2146 398 2252 458 Sed
2290 400 2494 468 omnia,
2550 416 2671 471 quae
2719 400 2786 457 ad
2814 406 2992 458 motus
3020 398 3186 455 animi
3213 400 3516 469 animaeque
3549 404 3603 475 5‘

218 498 518 554 iracundiae
564 500 617 553 in
665 497 793 554 felle
838 497 1190 554 constitutum
1238 505 1456 567 putant,
1506 497 1720 567 pavoris
1766 497 1818 551 in

217 590 412 657 corde,
431 589 483 644 in
506 589 699 658 splene
720 589 940 644 lzetitiae.
964 589 1137 659 Ipsius
1158 597 1337 643 autem
1360 588 1558 659 iecoris
1584 588 1817 642 offlcium

222 683 412 739 volunt
440 696 593 745 esse,
627 690 687 735 ut
711 681 862 736 cibos
890 681 943 736 in
972 679 1094 734 alvo
1138 688 1444 749 concoquat
1489 679 1738 747 amplexu
1765 686 1819 732 et

220 772 485 829 calefacto
510 785 649 827 suo:
680 771 899 842 quidam
944 770 1193 825 libidines
1232 764 1413 825 rerum
1470 785 1817 825 venerearum

217 865 276 918 iu
300 863 480 934 iecore
498 862 763 918 contineri
784 862 1133 919 arbitrantur.

294 956 532 1011 Primum
555 954 659 1010 ista
683 955 992 1025 perspicere
1006 968 1233 1010 acumen
1253 953 1472 1010 humani
1493 968 1684 1009 sensus
1710 971 1814 1011 non

213 1057 431 1121 potest,
455 1050 577 1119 quia
613 1047 804 1103 borum
843 1047 1019 1103 officia
1050 1048 1103 1103 in
1125 1057 1313 1119 operto
1339 1050 1527 1113 latent,
1558 1064 1658 1104 uec
1688 1062 1817 1103 usus

208 1155 344 1195 suos
368 1140 636 1210 patefacta
666 1138 1057 1195 demonstrant.
1082 1139 1213 1193 Nam
1231 1140 1275 1194 si
1305 1139 1373 1195 ita
1396 1148 1559 1205 esset,
1590 1142 1818 1197 fortasse

207 1232 511 1306 placidiora
536 1248 767 1303 quaeque
791 1231 1066 1298 animalia,
1113 1234 1199 1288 vel
1222 1233 1352 1289 nihil
1385 1233 1526 1290 fellis
1571 1236 1813 1303 omnino,

210 1324 304 1381 vel
328 1323 512 1380 minus
539 1323 834 1395 baberent,
861 1339 1024 1393 quant
1054 1326 1213 1389 ferae;
1248 1325 1512 1385 timidiora
1545 1327 1659 1395 plus
1694 1342 1814 1382 cors

205 1417 319 1483 dis,
344 1416 608 1473 salaeiora
663 1417 783 1486 plus
832 1416 1050 1485 iecoris,
1102 1418 1390 1473 lasciviora
1441 1420 1557 1487 plus
1611 1421 1814 1489 splenis

206 1510 548 1566 habuissent.
581 1509 750 1565 Sicuti
770 1509 931 1579 igitur
952 1525 1048 1564 nos
1070 1509 1333 1565 sentimus
1359 1510 1546 1566 audire
1570 1512 1811 1582 auribus,

203 1603 384 1658 oculis
412 1617 656 1670 cernere,
684 1602 907 1658 naribus
926 1601 1160 1663 odorare
1183 1623 1199 1657 :
1223 1603 1294 1659 ita
1314 1602 1560 1673 proiecto
1579 1605 1812 1662 sentire-

208 1711 360 1762 mus,
390 1712 488 1750 nos
510 1694 634 1750 felle
656 1695 837 1761 irasci,
876 1694 1061 1764 iecore
1087 1710 1310 1765 cupere,
1342 1696 1527 1766 splene
1548 1697 1807 1767 gaudere.

207 1784 354 1841 Cum
380 1798 575 1849 autem,
603 1786 744 1842 unde
769 1784 1000 1842 affectus
1053 1787 1139 1842 isti
1172 1788 1407 1854 veniant,
1441 1788 1660 1845 minime
1689 1804 1814 1846 seno

210 1881 432 1947 tiamus,
462 1880 575 1935 fieri
606 1889 807 1949 potest,
837 1889 892 1934 et
916 1879 1132 1953 aliunde
1151 1880 1398 1946 veniant,
1433 1890 1489 1935 et
1536 1882 1678 1936 aliud
1707 1884 1813 1939 vis-

204 1987 333 2027 cera
383 1973 496 2039 illa,
546 1989 709 2042 quam
756 1974 1115 2043 suspicamur,
1184 1972 1443 2029 efﬁciant.
1482 1973 1595 2030 Nec
1629 1984 1808 2032 tamen

200 2066 532 2120 convincere
559 2079 869 2136 possumus,
899 2064 1034 2119 falsa
1068 2065 1211 2130 illos,
1240 2066 1329 2136 qui
1370 2066 1488 2122 haec
1510 2067 1807 2137 disputant,

1920 409 2121 458 dicere.
2146 409 2252 458 Sed
2290 409 2494 468 omnia,
2550 416 2671 471 quin
2719 409 2786 457 ad
2814 409 2992 458 motus
3020 409 3186 455 animi
3213 409 3516 469 animaeque

1920 493 2244 563 pertineant,
2278 499 2385 548 tam
2408 493 2657 550 obscurae
2682 491 2912 561 altaeque
2958 492 3184 547 rationis
3226 506 3350 546 esse
3374 409 3572 608 orbi-3

1922 594 2034 608 ι-Α..
2081 593 2133 608 -.ι
2159 599 2314 608 -.-..-.-.
2362 584 2629 608 L-_!-.--..
2661 585 2727 608 ,2.
2788 599 2843 608 Α-
2878 584 3081 608 ΙΕ-..3,ΙΑ
3131 583 3406 608 ..Α-..ἔλληη
3460 581 3513 608 1.]

1922 594 2054 651 tror,
2081 593 2139 639 ut
2158 599 2317 655 supra
2362 584 2632 640 hominem
2660 585 2749 652 sit,
2784 599 2849 641 ea
2878 584 3085 655 liquido
3131 583 3429 654 pervidere.
3459 581 3516 639 Id

1921 682 2098 731 tamen
2125 685 2331 731 certum
2352 686 2406 732 et
2432 676 2785 732 indubitatum
2816 690 2940 732 esse
2978 676 3159 741 debet,
3191 684 3270 731 tot
3294 690 3404 740 res,
3441 681 3518 729 tot

1920 767 2181 822 viscerum
2209 783 2430 847 generg,
2460 783 2622 822 unum
2656 777 2712 824 et
2752 767 2892 823 idem
2926 767 3126 824 habere
3154 765 3415 832 officium,
3459 774 3518 821 nt

1918 858 2151 912 animam
2180 858 2496 914 contineant
2521 858 2573 913 in
2596 872 2841 927 corpore.
2870 858 2977 914 Sed
3002 858 3128 928 quid
3155 858 3375 928 proltrie
3399 872 3516 910 ltttl-

1920 872 2151 912 animam
2180 870 2496 914 contineant
2521 875 2573 913 tn
2596 872 2841 927 corpore.
2870 870 2977 914 Sed
3002 870 3128 928 qum
3155 872 3375 928 promte
3399 872 3516 910 tutt-

1920 955 2067 1004 neris
2096 950 2321 1020 singulis
2347 949 2417 1004 sit
2446 949 2771 1020 iniunctum,
2800 949 2919 1020 quis
2966 950 3132 1016 scire,
3165 949 3265 1004 nisi
3298 870 3562 1047 anilem;

1918 1049 2117 1110 potest,
2148 1040 2233 1096 cui
2261 1040 2361 1095 soli
2386 1056 2524 1109 opus
2550 1055 2704 1095 suum
2737 1050 2920 1097 notum
2948 1041 3071 1097 est?

2507 1172 2734 1231 CAPUT
2779 1173 2892 1229 XV.

2587 1285 2666 1342 De
2700 1282 2850 1341 Voce.

1991 1421 2065 1476 De
2091 1435 2223 1477 voce
2245 1431 2426 1476 autem
2454 1435 2615 1491 quam
2646 1420 2908 1474 rationem
2926 1418 3156 1475 reddere
3172 1418 3514 1488 possumus?

1885 1514 2257 1575 .Grammatici
2285 1514 2501 1585 quidem
2548 1528 2613 1569 ac
2648 1512 2959 1584 philosophi
3000 1522 3187 1567 vocem
3236 1529 3356 1569 esse
3382 1513 3517 1569 deli-

1910 1610 2089 1672 niunt,
2104 1622 2287 1663 aerem
2307 1607 2496 1676 spiritu
2515 1606 2853 1662 verberatum
2872 1624 2885 1660 :
2904 1604 3046 1661 unde
3063 1606 3224 1661 verba
3238 1613 3366 1660 sunt
3381 1621 3518 1660 nun-

1908 1709 2128 1770 cupata,
2156 1699 2304 1769 quod
2330 1699 2619 1768 perspicue
2662 1697 2855 1753 falsum
2900 1705 3004 1752 est.
3050 1696 3168 1752 Non
3220 1698 3362 1752 enim
3412 1710 3517 1752 vox

1921 1803 2072 1848 extra
2092 1807 2155 1847 os
2178 1791 2434 1864 gignitur,
2462 1790 2557 1847 sed
2596 1790 2774 1855 intra;
2804 1798 2859 1845 et
2886 1788 3011 1845 ideo
3058 1789 3405 1844 verisimilior
3431 1797 3517 1845 est

1922 1885 2009 1939 illa
2035 1884 2327 1951 sententia,
2367 1885 2620 1954 stipatum
2647 1881 2917 1950 spiritum,
2946 1896 3069 1936 cum
3099 1881 3365 1936 obstantia
3399 1879 3517 1935 lau-

1920 1978 2060 2033 cium
2108 1978 2268 2034 fuerit
2313 1976 2515 2042 illisus,
2565 1989 2759 2030 sonum
2794 1974 2943 2029 vocis
2971 1974 3318 2043 exprimere:
3350 1972 3516 2028 veluti

1920 2086 2041 2126 cum
2074 2071 2126 2126 in
2148 2081 2422 2141 patentem
2447 2066 2979 2138 Cicutam,lahroqtte
2990 2066 3291 2138 subjectum
3316 2064 3520 2121 demit-

1463 2178 1823 2238 VARIORUM
1865 2181 2100 2242 ΝΟΤΛΕ.

198 2312 473 2379 Colbert.,
497 2310 632 2369 Tax.
663 2323 717 2369 et
756 2312 937 2368 Baluz.
970 2313 1172 2368 addunt
1195 2357 1209 2382 ,
1242 2314 1327 2381 qui
1367 2313 1507 2369 vivus
1541 2316 1802 2382 sanguinis

206 2357 336 2457 ᾗ)όέ
345 2357 446 2438 ἓξὲξ
459 2357 530 2440 ἳπῖ
545 2357 1210 2440 Τ’θ’ὸῖιῖἷὲἷέἰέτῖωἶῖτῖἇ
1240 2357 1408 2453 ιῖιθτέ.
1421 2357 1815 2450 asa-2.322313

205 2456 427 2511 excusis
477 2461 567 2526 qui
631 2470 765 2509 ututs
797 2457 1061 2527 sanguinis
1108 2459 1222 2526 fons
1270 2465 1366 2510 est.
1413 2456 1591 2520 Unus,
1638 2460 1688 2512 id
1731 2467 1815 2514 est

204 2528 380 2581 solus.
439 2528 505 2582 At
563 2527 681 2581 lucc
746 2528 783 2581 5
830 2528 990 2581 verba
1059 2528 1254 2582 absunt
1315 2527 1384 2581 ab
1426 2528 1813 2597 antiquissimis

207 2614 349 2669 mss.
405 2599 595 2669 Caua,
650 2598 687 2652 2
731 2598 867 2669 Reg.
914 2608 969 2654 et
992 2596 1063 2652 2:2
1090 2599 1232 2661 aliis,
1285 2612 1384 2669 nec
1429 2614 1533 2652 non
1564 2596 1647 2654 ab
1675 2600 1804 2655 edit.

210 2667 251 2721 2
304 2678 414 2722 vet.
468 2668 621 2723 Rom.
698 2667 869 2740 eaque
905 2669 1141 2739 expunxi
1189 2679 1245 2722 ut
1283 2668 1582 2723 Glossema.
1652 2670 1805 2738 Apud

215 2740 500 2795 Platonem
523 2742 573 2794 in
601 2739 826 2806 Timaeo,
860 2742 1018 2811 paulo
1046 2751 1172 2794 ante
1205 2739 1386 2803 liuent,
1406 2757 1495 2795 cor
1514 2741 1706 2796 dicitur
1722 2758 1807 2795 ve-

208 2827 403 2882 narum
432 2813 597 2881 origo,
616 2812 834 2882 {orisque
855 2810 1121 2881 sanguinis
1142 2828 1233 2879 per
1244 2826 1390 2863 omne
1410 2827 1593 2880 corpus
1614 2814 1809 2879 impetu

204 2881 440 2951 quodam
461 2881 741 2947 manantis;
768 2883 937 2951 quoin
970 2886 1088 2936 loco
1119 2899 1222 2936 non
1250 2891 1331 2936 est
1357 2882 1514 2941 vivus.
1536 2898 1803 2939 necunus.

280 2953 597 3023 Concoquat.
622 2953 699 3008 Ita
734 2970 836 3008 ms.
872 2954 1001 3008 Bov.
1031 2962 1240 3019 coquat,
1274 2953 1433 3021 idque
1460 2963 1624 3008 recte.

281 3023 582 3094 Patefacto.
616 3023 859 3090 Scilicet,
884 3040 1003 3078 cum
1033 3026 1370 3094 aperiuntur.

1990 2318 2171 2374 Aerem
2197 2320 2381 2386 spiritu
2426 2320 2764 2386 verberatum,
2794 2326 2899 2374 etc.
2928 2317 3134 2374 Seneca
3172 2316 3228 2371 in
3257 2332 3293 2371 ιι
3322 2316 3512 2373 Natnr.

1918 2401 2108 2459 qurest.
2144 2391 2213 2445 de
2248 2391 2498 2445 tonitruis
2549 2406 2744 2461 agens:
2775 2391 2974 2443 Prteter
3019 2393 3148 2452 haec,
3195 2389 3382 2461 inquit,
3417 2406 3512 2461 nae

1917 2472 2033 2513 tura
2059 2471 2131 2515 est
2157 2472 2306 2531 aptus
2327 2479 2415 2515 aer
2434 2461 2500 2514 ad
2528 2459 2689 2515 voces.
2718 2463 2911 2528 Quidni
2927 2461 2952 2513 ?
2970 2477 3084 2513 cum
3106 2474 3204 2513 vos:
3222 2459 3353 2531 nihil
3366 2460 3512 2513 aliud

1916 2532 2002 2596 sit,
2035 2530 2196 2601 quant
2214 2534 2341 2585 ictus
2361 2548 2467 2586 aer.
2512 2532 2654 2587 ldem
2699 2533 2857 2602 paulo
2893 2531 3174 2602 superius:
3205 2530 3341 2594 Quid
3373 2532 3511 2585 enim

1914 2611 1987 2655 est
2014 2618 2127 2667 vox,
2160 2603 2260 2656 nisi
2310 2603 2529 2656 intensio
2578 2600 2711 2656 aeris
2746 2603 3019 2662 audiatur,
3052 2600 3240 2671 lingula
3288 2604 3511 2670 formata

1915 2674 2196 2743 percussu?
2229 2673 2355 2728 Haec
2396 2673 2767 2743 philosophus,
2807 2682 2861 2729 et
2908 2671 3123 2743 quidem
3170 2672 3391 2726 stoicus.
3424 2672 3507 2727 Ex

1911 2742 2284 2798 Grammaticis
2330 2741 2636 2808 Diemedes,
2689 2745 2780 2801 lib.
2814 2760 2850 2799 ιι
2881 2762 2895 2798 :
2929 2741 3047 2797 Vox
3072 2752 3147 2796 est
3194 2744 3211 2812 (
3239 2752 3290 2794 ut
3335 2743 3509 2798 stoicis

1911 2815 2100 2883 placet)
2143 2816 2352 2886 spiritus
2400 2816 2582 2879 tenuis,
2625 2817 2805 2869 auditu
2832 2814 3109 2876 sensibilis,
3157 2827 3401 2886 quantum
3451 2815 3507 2868 in

1909 2886 2023 2953 ipso
2043 2898 2137 2942 est.
2165 2884 2252 2939 Fit
2283 2895 2452 2941 autent
2484 2887 2561 2940 vel
2586 2888 2734 2940 exilis
2762 2902 2902 2939 aura:
2942 2886 3126 2953 pulsu,
3162 2885 3236 2937 vel
3262 2884 3507 2938 verberati

1909 2904 2023 2953 ipso
2043 2904 2137 2942 est.
2165 2904 2251 2939 ru
2283 2904 2452 2941 autem
2484 2904 2559 2940 vet
2586 2904 2734 2940 exms
2762 2904 2902 2939 aura:
2980 2904 3126 2948 tusu,
3162 2904 3234 2937 vet
3262 2904 3503 2938 verberati

1909 2959 2042 3009 aeris
2068 2957 2194 3010 ictu.
2220 2954 2563 3012 Priscianus:
2592 2956 2895 3026 Philosophi
2918 2904 3503 3025 ﬁﬁninntmocemesse

1910 3029 2619 3081 aeremtenuissimumictum.
2640 3025 2998 3083 Beroe—De
3017 3027 3167 3080 Vocis
3179 3025 3502 3082 formatione

280 3088 585 3170 Placidiara
611 3088 968 3170 guteqtte,'_e_t‘c.
998 3088 1126 3170 Qua;
1170 3093 1418 3170 animalia
1445 3093 1524 3170 fel
1548 3093 1800 3170 habeant.
1830 3088 1875 3150 C
1908 3097 2027 3170 lege
2066 3097 2491 3170 Co'rdomzcsium
2521 3098 2850 3170 (Cordemoy)
2894 3100 2945 3152 in
2979 3097 3222 3170 oratione
3275 3097 3502 3170 Physica

199 3165 368 3222 docet
421 3167 589 3221 Arist.
622 3166 713 3221 lib.
743 3169 810 3219 de
864 3167 1000 3219 illst.
1025 3165 1257 3221 Animal.
1290 3181 1323 3230 I,
1354 3181 1473 3234 cap.
1508 3166 1591 3230 ιδ,
1621 3166 1711 3219 lib.
1740 3182 1797 3227 tt,

199 3253 330 3305 cap.
363 3238 450 3292 17.
477 3238 604 3292 ltetu
654 3236 747 3290 lib.
795 3236 863 3291 dc
907 3238 1151 3291 Partibus
1190 3236 1418 3289 Animal.
1470 3252 1540 3300 tv,
1593 3252 1713 3304 cup.
1743 3235 1796 3292 τὶ.

200 3308 351 3364 Plin.
376 3309 427 3361 itt
473 3309 841 3373 Chersoneso,
873 3306 938 3361 fel
971 3323 1075 3361 nou
1108 3308 1356 3359 omnibus
1384 3305 1566 3360 datum
1596 3307 1803 3361 anima-

200 3378 351 3433 libus
376 3394 496 3433 esse
522 3379 731 3443 scribit,
758 3380 808 3432 in
848 3379 1064 3434 Euhan:
1093 3377 1343 3430 Chalcide
1371 3379 1570 3430 nullum
1600 3376 1800 3445 pecori,

201 3450 258 3503 in
304 3449 458 3504 Naxo
489 3450 807 3518 prtegraudc
851 3465 1250 3519 getuutumquc.
1278 3457 1386 3519 etc.
1439 3448 1543 3503 Sed
1577 3448 1803 3519 lucc,ut

198 3523 331 3587 alia,
381 3536 446 3574 ex
480 3520 772 3575 Aristotele
800 3518 981 3575 habet.
1009 3550 1079 3560 —
1103 3518 1399 3588 Placidiora
1445 3535 1674 3588 quaeque.
1723 3518 1802 3574 lla

195 3606 398 3645 OlllneS
418 3591 651 3661 jungunt
675 3594 776 3645 hoc
804 3592 923 3645 loco
954 3603 1008 3645 ut
1052 3606 1171 3659 cap.
1202 3594 1234 3644 4
1259 3587 1320 3643 :1
1330 3587 1642 3661 iubeoilliora
1669 3600 1714 3643 et
1740 3591 1802 3642 ti-

200 3664 431 3716 midiora
452 3660 682 3732 quisque.
725 3662 1028 3733 Cyprianus
1071 3664 1163 3733 lib.
1210 3660 1802 3733 tu,__l_ll:gidversarius

203 3735 475 3803 fortiorem
492 3730 738 3804 quemque
760 3730 920 3802 magis
940 3732 1258 3804 aggreditur.
1292 3730 1435 3785 Valla
1466 3731 1801 3804 Lactatttittm

204 3801 557 3872 reprehendit
592 3806 662 3857 ob
694 3801 987 3872 pronuntui
1009 3801 1230 3873 quisque
1257 3808 1621 3872 comparativo
1646 3801 1803 3872 junc-

206 3884 319 3928 tum
344 3893 359 3928 :
388 3875 485 3929 sed
512 3875 751 3930 defendit
783 3872 1121 3930 n05trumex
1142 3874 1399 3930 Cicerone
1424 3884 1481 3929 et
1509 3875 1629 3929 aliis
1663 3872 1799 3929 Vos-

203 3947 316 4015 sius
340 3945 410 3999 de
437 3943 769 4012 Construct,
801 3961 919 4015 cap.
952 3946 1037 4001 16.
1340 3946 1615 4000 Boxum.

278 4010 590 4080 Timidiora,
620 4017 736 4085 plus
757 4010 953 4083 cordis,
981 4025 1090 4072 etc.
1119 4015 1312 4071 Ironia:
1348 4032 1517 4085 genus
1543 4027 1625 4071 est
1645 4033 1658 4067 :
1678 4016 1801 4083 quia

205 4103 329 4141 cum
365 4104 529 4157 pavor
558 4089 823 4145 tribuatur
850 4088 1020 4151 cordi,
1067 4088 1185 4155 plus
1213 4086 1415 4151 cordis,
1460 4088 1599 4142 idem
1629 4097 1710 4142 est
1738 4103 1803 4142 ac

206 4160 328 4231 plus
352 4157 578 4231 pavoris
599 4158 1160 4231 haberi.-—Ht~‘.cuusj.
1184 4158 1239 4231 In
1262 4174 1371 4231 gms.
1414 4158 1698 4227 lleg.-l’ttt.
1720 4170 1803 4212 est

205 4226 475 4282 timidiora
490 4226 606 4299 plus
631 4231 851 4296 iecoris;
880 4232 1042 4285 male.
1089 4228 1363 4295 Siquidem
1392 4226 1578 4284 auctor
1619 4239 1803 4283 noster

212 4302 266 4354 in
294 4301 483 4369 jecore
512 4301 726 4354 nonnisi
761 4300 1009 4355 virtutem
1034 4301 1295 4355 coctionis
1317 4300 1580 4364 ciborum,
1609 4310 1663 4353 et
1691 4299 1804 4353 lihi-

204 4371 367 4426 dines
396 4386 575 4425 rerum
601 4386 950 4426 venerearum
978 4370 1519 4436 locat.—Timidiora,
1549 4370 1663 4439 plus
1688 4386 1803 4423 cor-

1906 3169 1975 3222 de
2024 3171 2260 3242 loquela.
2284 3198 2355 3209 ——
2384 3168 3042 3242 Grammaticiquidem‘ac
3090 3168 3382 3242 philosophi
3413 3183 3503 3221 vo-

1906 3256 2011 3313 cent
2034 3238 2142 3295 esse
2162 3241 2435 3313 deﬁniunt,
2466 3258 2634 3313 aerem
2655 3238 2839 3313 spiritu
2856 3240 3192 3313 verberatum.
3218 3238 3504 3313 Gramma-

1906 3310 1992 3363 tici
2018 3313 2255 3380 quidem,
2284 3312 2588 3377 Diomedes,
2614 3308 2702 3367 lib‘.
2722 3329 2787 3378 ll;
2816 3313 3074 3367 Priscian.
3105 3309 3194 3364 ubi
3227 3309 3295 3364 de
3326 3308 3499 3374 Vore;

1904 3395 1969 3434 ex
2002 3382 2366 3452 Philosophis,
2397 3383 2551 3438 Plato
2604 3384 2655 3437 in
2685 3384 2890 3438 Timmo
2929 3383 3105 3449 docet,
3137 3394 3325 3452 vocem
3381 3394 3502 3435 esse

1908 3450 2259 3519 pulsatiouem
2279 3455 2563 3523 quamdam
2578 3454 2645 3507 ab
2663 3468 2789 3510 aere
2807 3469 2903 3524 per
2918 3466 3097 3514 aures,
3114 3450 3501 3524 cerebrumque

1903 3532 1958 3594 et
1984 3522 2309 3591 sanguinem
2325 3538 2493 3594 usque
2526 3524 2594 3578 ad
2622 3522 2855 3579 animum
2886 3532 3298 3593 penetrantem;
3330 3522 3498 3594 Arist.

1906 3592 1973 3646 dc
1988 3594 2164 3647 Anint.
2185 3595 2368 3650 tex.90
2389 3592 2785 3664 percussionem
2802 3592 3043 3664 respirati
3062 3594 3203 3648 aeris
3219 3592 3498 3664 abauima,

1904 3679 2024 3731 quae
2048 3675 2133 3719 est
2150 3666 2200 3718 in
2223 3667 2286 3718 iis
2306 3663 2543 3733 partibus
2567 3665 2632 3718 ad
2661 3663 2902 3719 vocatam
2930 3667 3202 3719 arteriam.
3238 3663 3380 3716 Idem
3402 3664 3497 3717 Ita-

1906 3738 1996 3789 bet
2025 3735 2148 3790 vde
2177 3735 2372 3791 Gener.
2400 3734 2662 3806 Animal”
2698 3751 2817 3806 cap.
2857 3736 2921 3800 7;
2958 3736 3153 3806 Senec.
3179 3748 3231 3806 in
3257 3733 3495 3806 Natural.

1905 3816 2120 3875 qttust.,
2153 3822 2271 3873 cap.
2298 3806 2388 3861 29.
2422 3805 2553 3859 Vide
2590 3804 2861 3861 Plutarch.
2909 3817 3082 3875 quatst
3114 3805 3146 3857 6
3176 3804 3495 3875 Platotticar.

1904 3872 2179 3945 «iurestht
2200 3872 2292 3932 lib.
2318 3892 2372 3931 1v
2393 3877 2459 3931 de
2488 3876 2724 3944 Placitis,
2748 3894 2869 3948 cap.
2903 3872 2971 3933 {9
2993 3896 3008 3944 ;
3029 3875 3289 3948 Gellium,
3319 3872 3408 3928 lib.
3438 3889 3495 3939 v,

1904 3963 2023 4015 cap.
2056 3950 2136 4003 15.
2175 3949 2350 4002 Laert.
2386 3949 2436 4001 in
2467 3948 2668 4002 Zenon.
2817 3947 2826 3948 “
3173 3947 3352 4001 lseus.

1981 4018 2132 4074 Unde
2155 4020 2305 4074 verba
2336 4029 2453 4073 sunt
2475 4062 2486 4083 ,
2521 4030 2625 4074 etc.
2656 4019 2938 4075 Lactantio
2966 4017 3310 4072 subscribunt
3342 4013 3490 4071 Pris-

1905 4088 2092 4145 cianus
2122 4102 2174 4146 et
2205 4090 2490 4145 Diomedes
2511 4131 2527 4157 ,
2561 4091 2702 4145 inter
2730 4092 2949 4146 Latinos
2980 4087 3374 4145 Grammaticos
3400 4102 3497 4141 co-

1904 4163 2132 4231 ryphaei.
2160 4161 2269 4218 Sed
2304 4162 2665 4229 Quintilianus
2697 4164 2968 4217 exsibilat.
3003 4162 3177 4214 Varro
3207 4173 3237 4231 a
3270 4158 3499 4231 veritate

1902 4229 2098 4322 (lcd‘uci
2115 4233 2357 4322 't‘navultz
2379 4233 2552 4322 Graeci
2582 4233 2799 4322 rbtp'ﬁhua
2819 4236 2920 4289 ἀπὸ
2939 4239 3025 4322 rei}
3056 4233 3184 4319 ῥέειγ
3202 4229 3498 4322 deducunt.

1908 4301 2060 4376 llude
2115 4303 2395 4372 Epicurei,
2445 4313 2583 4359 teste
2630 4301 2805 4360 Gellio
2836 4345 2851 4371 ,
2911 4301 3094 4359 vocem
3145 4303 3312 4376 ῥεῦμα
3358 4301 3500 4375 λόγον

1898 4373 2179 4428 dixerunt.
2210 4376 2414 4429 BETUL.

202 4442 308 4505 dis,
335 4452 441 4535 etc:
463 4440 669 4535 Ιιιιρυιῤ.
688 4442 738 4495 id
758 4444 902 4523 cervi
932 4441 1378 4535 ιιιθξὴιιςιίιιιίᾱξ.
1407 4442 1581 4535 Plura;
1596 4438 1802 4535 Cmteris
1829 4476 1879 4535 υ
1906 4524 1922 4535 ι
1981 4444 2101 4535 Ilion
2124 4446 2255 4499 enim
2275 4453 2513 4535 appete.
2540 4444 2666 4535 Haec
2688 4446 2966 4535 ratioltttic
2986 4441 3283 4526 definitioni
3308 4438 3498 4535 confu-

203 4513 467 4580 corruptis
505 4512 729 4569 vitalitas
762 4514 814 4565 in
845 4512 997 4567 corde
1025 4512 1200 4566 durat.
1234 4512 1394 4565 Bruta
1430 4511 1802 4567 existimantur

205 4584 543 4645 animalium,
564 4584 756 4652 Quibus
778 4584 970 4638 durum
1003 4585 1132 4653 riget
1156 4599 1184 4647 μ
1201 4583 1441 4646 audacia,
1466 4582 1659 4651 quibus
1684 4599 1802 4651 par-

206 4670 333 4709 vum
364 4664 482 4718 est;
516 4653 725 4724 putida,
778 4653 974 4724 quibus
1003 4653 1335 4723 praegraude.
1379 4654 1663 4711 Maximum
1703 4670 1801 4717 au-

206 4734 316 4778 tent
342 4737 448 4797 est,
505 4726 857 4797 proportione
876 4725 1146 4789 erunibus,
1191 4724 1795 4797 lepori,asiuo,gcervo,
1867 4781 1884 4797 ο

202 4795 505 4862 pantherae,
537 4795 801 4859 mustelis,
839 4796 1062 4867 hyenis,
1101 4805 1157 4849 et.
1184 4796 1432 4851 omnibus
1464 4794 1681 4867 timidis,
1709 4803 1803 4849 aut

205 4878 428 4935 promer
457 4880 657 4929 metum
683 4865 958 4930 ntalelic‘ts,
982 4875 1090 4922 etc.
1485 4866 1617 4921 BUN.

278 4938 571 5003 Sulaciora,
589 4937 701 5005 plus
707 4938 917 5008 jecoris.
943 4937 1069 4993 Haec
1083 4935 1347 4993 desuntin
1375 4952 1475 4992 ms.
1500 4938 1630 4992 Bov.
1660 4935 1799 4992 sicut

201 5018 258 5064 et
281 5010 331 5062 in
356 5009 540 5064 inultis
560 5008 699 5063 aliis.

274 5074 528 5135 Muneris.
553 5076 826 5137 Ms.5rec.
845 5079 1089 5146 numeris,
1103 5087 1351 5146 corrupte
1375 5096 1387 5130 :
1411 5078 1594 5147 scripti
1627 5093 1719 5134 sex
1745 5087 1801 5134 et

200 5153 438 5224 quinque
448 5151 768 5215 editi,uervis
778 5157 869 5224 τοῦ
883 5152 1026 5207 ἐπιθυ
1030 5156 1225 5224 uinitori
1236 5149 1391 5224 ,§icut
1401 5164 1492 5224 cur
1503 5155 1591 5204 τοῦ
1605 5151 1800 5224 Opposi-

202 5219 512 5289 ὂοῡςζδίευι
537 5224 836 5296 ἡγεμονικοῦ
854 5219 1114 5296 ἰιιοδινξιυ..
1140 5223 1204 5296 lit
1249 5219 1531 5296 Democrit.
1575 5219 1799 5296 adllip-

199 5311 237 5365 p
259 5310 360 5368 tera
370 5306 476 5349 tem
497 5290 762 5368 scribens,
780 5290 1387 5368 napdiatvdlcilﬁotadidot
1412 5293 1565 5367 ὀργῆς
1584 5293 1791 5350 τιθηνὸν.

272 5366 457 5420 Jecore
478 5382 684 5436 cupere.
706 5361 942 5419 Galenus
966 5380 1070 5418 non
1097 5361 1221 5418 dicit
1253 5377 1350 5417 nos
1370 5361 1549 5433 iecore
1575 5378 1792 5432 cupere,

200 5437 296 5491 sed
324 5440 492 5505 hcpar
518 5436 647 5491 facit
666 5437 848 5493 sedem

272 5505 366 5562 Tot
392 5503 664 5562 uiscerum.
697 5505 795 5561 Ms.
826 5507 957 5562 Bov.
979 5512 1121 5559 tanta
1150 5510 1358 5559 uiscera.
1391 5503 1559 5558 Tanta
1587 5504 1673 5559 hic
1697 5519 1795 5558 nu-

198 5595 401 5635 merum
434 5580 748 5650 significat:
779 5580 856 5633 sic
906 5578 997 5633 lib.
1030 5594 1044 5631 ι
1078 5577 1249 5650 Dixin.
1300 5575 1454 5642 Iust.,
1488 5590 1538 5629 c.
1571 5576 1621 5639 5,
1654 5578 1793 5630 circa

190 5652 374 5719 fluctu,
410 5649 705 5707 Tantarum
735 5666 907 5704 rerum
933 5649 1363 5719 gubernationem,
1396 5662 1499 5719 pro
1517 5655 1589 5700 tot
1604 5663 1789 5719 rerum.

262 5717 460 5782 Vocem
476 5739 588 5780 esse
602 5721 873 5790 deﬁniunt.
893 5717 1106 5774 liectius
1118 5728 1169 5773 et
1180 5719 1405 5788 eleganti
1415 5732 1475 5790 us
1490 5717 1693 5786 legeres
1706 5717 1794 5774 dc-

179 5798 349 5857 lendo
378 5812 514 5854 esse.
534 5795 625 5852 Sic
643 5787 807 5849 etiam
828 5790 1108 5860 legendum
1127 5804 1246 5847 esse
1263 5787 1409 5848 nutat
1423 5787 1789 5845 Hettmauuus.

1906 4516 2084 4569 taudze
2108 4532 2215 4569 nou
2238 4518 2438 4570 sufficit
2458 4532 2472 4581 ;
2496 4530 2620 4569 nam
2651 4518 2763 4571 haec
2789 4515 3088 4572 verberatio
3109 4528 3213 4566 non
3234 4521 3384 4566 extra
3410 4522 3493 4581 os,

1907 4588 2003 4640 sed
2026 4589 2159 4641 intra
2182 4586 2361 4642 fauces
2381 4579 2465 4640 fit.
2477 4586 2662 4656 Neque
2689 4589 2828 4641 enim
2846 4590 2935 4642 illa
2950 4584 3256 4656 verba-ratio
3282 4583 3335 4656 i_n
3352 4579 3499 4631 auri-
3533 4638 3544 4653 .

1906 4657 2333 4727 husiaudientis,
2378 4659 2471 4712 sed
2511 4651 2593 4712 esi
2625 4659 2676 4711 in
2709 4668 2922 4727 gutture
2959 4654 3245 4727 loque_u_tis.
3271 4651 3496 4727 Baros.

1990 4726 2152 4781 Veluti
2171 4745 2287 4781 cum
2306 4729 2360 4781 in
2389 4737 2640 4798 patentem
2669 4722 2903 4781 cicutam.
2936 4722 3070 4781 Vide
3098 4722 3500 4798 Theodorctum

1903 4801 2164 4867 praeclare
2187 4793 2538 4854 disserentem
2570 4813 2819 4854 set-moue
2846 4812 2896 4853 vr
2939 4800 3007 4853 dc
3048 4800 3229 4867 curat.
3259 4793 3498 4848 Grmcar.

1905 4866 2094 4923 Afieet.
2115 4872 2202 4939 qui
2233 4881 2314 4925 ρει
2329 4871 2396 4925 de
2426 4870 2753 4940 providentia
2774 4870 2975 4936 divina,
2999 4866 3268 4937 quomodo
3292 4879 3378 4917 ars
3407 4878 3501 4915 ua-

1902 4948 2039 4995 tttrtc
2054 4942 2307 4995 imitatrix
2318 4956 2515 5011 organa
2540 4941 2743 4997 musica
2759 4940 2827 4995 ad
2854 4941 3256 5011 vocishumana)
3274 4949 3503 5011 organo-

1900 5024 2022 5064 rum
2066 5006 2471 5067 similiutdinem
2498 5011 2787 5066 efﬁnxerit.
2825 5012 2955 5068 Esse
2985 5021 3162 5065 autem
3200 5009 3254 5062 in
3300 5006 3494 5061 iustru.
3534 5042 3549 5051 .

1900 5083 2095 5137 mentis
2108 5080 2356 5139 humanae
2374 5084 2518 5138 vocis
2530 5084 2864 5137 commistam
2882 5081 3166 5152 quamdam
3184 5079 3324 5152 tibia:
3338 5077 3500 5147 lyric-

1901 5167 2007 5221 que
2034 5155 2265 5208 musices
2290 5154 2691 5208 similitudinem
2722 5146 2954 5224 ostendit
2981 5151 3240 5224 prleclare
3267 5146 3495 5218 Nysscu.

1900 5225 1979 5278 De
2012 5226 2243 5279 hominis
2272 5224 2449 5293 upilio.
2477 5236 2598 5294 cap.
2631 5225 2687 5279 9.
2718 5223 2907 5280 lsaus.

1973 5283 2583 5365 Demittimus'spirituni.
2617 5294 2689 5365 lla
2706 5298 2923 5365 reposui
2950 5311 3015 5351 ex
3042 5308 3176 5348 mss.
3198 5291 3245 5365 2
3271 5289 3430 5365 Beg.,
3454 5283 3495 5339 9.

1899 5365 2163 5441 Colbert.,
2188 5361 2425 5441 BrunIet
2448 5367 2577 5441 edit.
2600 5361 2990 5441 Betulftltcteri
3012 5363 3209 5433 vulgati
3232 5370 3286 5417 et
3308 5361 3496 5441 decent

1899 5438 2080 5505 St't'lpli
2108 5451 2219 5491 rec.
2251 5438 2426 5490 ferunt
2444 5437 2762 5490 dimittimus.
2794 5439 2848 5491 lu
2875 5440 3079 5508 optimo
3107 5444 3163 5508 cl
3191 5437 3490 5508 vetustissi-

1905 5524 1993 5578 tttu
2019 5508 2333 5577 Regio-Pet.
2382 5519 2469 5563 est
2509 5509 2791 5575 mitu'mus,
2846 5504 2987 5570 quod
3027 5504 3198 5574 magis
3226 5505 3481 5578 placeret.

1904 5576 2253 5648 Versiocnint
2292 5579 2453 5632 latina
2488 5580 2724 5632 Platonis
2755 5580 2806 5632 in
2848 5579 3051 5633 Ttltlzl‘o
3075 5587 3199 5628 ante
3228 5576 3495 5648 llncnt‘sic

1902 5647 2057 5702 habet
2082 5667 2094 5701 :
2129 5650 2314 5703 Pulmo
2345 5650 2680 5703 distillatione
2706 5652 2960 5711 occlusus,
2988 5649 3144 5701 libera
3175 5656 3223 5698 et
3248 5639 3492 5718 expedita

1896 5722 2152 5786 spiracula
2183 5720 2324 5775 nobis
2346 5737 2444 5775 non
2468 5720 2694 5788 exhibet,
2730 5732 2777 5774 et
2799 5722 2916 5775 hinc
2941 5718 3141 5790 quidem
3169 5713 3341 5768 nullus
3370 5713 3489 5762 mit~

1897 5791 2021 5844 titur
2044 5792 2274 5861 spiritus.
