3912 6256
189 282 260 339 65
1190 283 1341 341 CAP.
1385 275 1522 343 XVI.
1565 282 1652 342 DE
1692 279 1929 344 MENTE
1968 284 2057 345 ΕΤ
2095 287 2259 348 EJUS
2299 289 2498 348 SEDE.
2769 311 2774 316 '
3399 285 3498 357 '66

184 394 479 457 dixerunt.
510 399 578 454 Et
607 412 737 454 sane
765 398 1096 470 argumentis
1124 400 1487 470 probabilibus
1514 401 1596 456 usi
1622 412 1747 458 sunt
1772 421 1784 458 :
1815 410 1868 467 Α
1893 419 2052 459 omne
2079 406 2377 471 collustret,
2405 417 2459 462 et
2489 407 2533 462 si
2561 407 2710 477 velit,
2734 409 2901 466 maria
2926 412 3189 482 pervolet,
3214 423 3408 480 terras,
3435 435 3497 475 ac

187 495 504 560 oportuisse
518 491 746 559 scilicet,
768 491 912 562 quod
934 493 1351 562 totiuscorporis
1370 494 1790 563 regimenhabe-
1898 495 2059 550 urbes
2086 508 2350 568 peragret,
2380 499 2556 554 omnia
2586 499 2838 572 denique,
2880 519 3000 573 qua:
3028 504 3268 573 libuerit,
3303 525 3494 574 ηιιεηηει

187 517 504 560 upunutaac
518 517 746 559 scutum,
768 517 912 562 quuu
934 517 1351 562 wttuscurpurts
1370 517 1790 563 t't'glmcnuttue-
1898 517 2059 550 urucs
2086 517 2350 568 peragret,
2380 517 2556 554 omnia
2586 517 2838 572 dentque,
2880 519 3000 573 qua:
3028 517 3268 573 llDllel‘ll,
3303 525 3494 574 quattu-

187 593 275 638 ret
300 583 480 654 potius
506 585 560 638 in
587 599 824 651 summo,
856 596 1122 657 tamquam
1151 585 1204 640 in
1234 601 1360 642 arce
1389 586 1657 653 habitare;
1691 602 1791 643 nec
1893 587 1974 644 vis
2002 591 2157 660 longe
2174 591 2387 663 lateque
2403 599 2669 650 Summota
2696 597 2824 666 sint,
2852 597 2905 652 in
2930 609 3222 669 conSpectu
3248 601 3349 659 sibi
3373 602 3492 673 ipse
3534 517 3563 684 ἒ

187 679 484 749 quidquam
533 693 658 735 esse
701 680 1024 748 sublimius,
1068 695 1230 752 quam
1263 681 1349 750 id,
1396 681 1536 752 quod
1575 683 1791 738 univer—
1890 684 2202 740 constituat.
2792 745 2798 751 ,

189 787 315 826 sum
344 773 547 828 ratione
577 771 911 839 moderetur,
944 773 1083 829 sicut
1108 773 1434 844 ipse'mundi
1465 774 1715 831 dominus
1735 783 1794 831 et
1963 777 2032 833 Et
2059 781 2284 836 miratur
2309 781 2520 853 aliquis,
2554 783 2600 839 si
2627 781 2807 840 divina
2832 799 2988 842 mens
3015 786 3108 843 Dei
3137 802 3235 861 per
3263 789 3484 845 univer-

93 2651 120 2798 ἒ

101 2799 117 2872 5

112 2891 118 2899 \

106 2905 127 3051 ξ

187 875 375 920 rector
402 865 454 919 in
482 879 696 918 summo
727 873 830 920 est.
862 865 1069 921 Deinde
1098 866 1242 936 quod
1271 881 1462 921 sensus
1493 867 1669 922 omnis
1689 909 1703 932 ,
1735 865 1790 922 id

187 969 281 1014 est
306 958 580 1026 audiendi,
614 967 670 1013 et
709 959 948 1027 videndi,
976 969 1031 1015 et
1056 958 1318 1014 odorandi
1345 959 1590 1015 ministra
1616 975 1787 1016 mem-

185 1049 285 1104 bra
306 1051 358 1105 in
376 1051 555 1120 capite
581 1050 692 1105 sint
712 1050 906 1118 locata,
931 1065 1157 1120 quorum
1189 1051 1428 1106 omnium
1457 1051 1556 1106 viae
1586 1067 1691 1106 non
1721 1051 1789 1107 ad

180 1153 407 1216 pectus,
441 1145 538 1201 sed
568 1145 634 1200 ad
655 1144 1144 1210 cerebrum‘fcrant
1170 1164 1181 1199 :
1209 1146 1410 1216 alioqui
1438 1161 1662 1202 necesse
1689 1160 1789 1201 nos

179 1249 328 1294 esset
357 1238 563 1294 tardius
590 1240 823 1304 sentire,
850 1228 1026 1294 donec
1069 1240 1335 1295 sentiendi
1367 1238 1596 1294 facultas
1625 1240 1788 1308 longo

178 1332 378 1386 itinere
396 1347 495 1402 per
518 1331 720 1387 collum
748 1330 812 1386 ad
839 1342 1024 1400 peetus
1052 1346 1221 1401 usque
1248 1331 1619 1386 descenderet.
1642 1331 1679 1386 li
1699 1345 1788 1386 ve-

178 1412 242 1480 ro
269 1433 365 1478 aut
394 1439 501 1480 non
530 1424 786 1492 multum,
818 1436 908 1479 aut
937 1425 1168 1480 fortasse
1194 1432 1532 1480 nonerrant.

254 1517 482 1573 Videtur
503 1517 647 1572 enim
670 1533 842 1586 mens,
865 1533 985 1587 quae
1003 1519 1335 1572 dominatum
1352 1517 1595 1586 corporis
1615 1525 1784 1586 tenet,

176 1613 234 1668 in
264 1627 481 1668 summo
506 1612 682 1682 capite
701 1613 1016 1675 constituta,
1045 1624 1315 1682 tamquam
1348 1612 1404 1666 in
1425 1612 1566 1668 ctelo
1595 1611 1738 1666 Deus
1768 1629 1782 1665 :

177 1705 283 1762 sed
310 1721 434 1761 cum
461 1711 512 1760 ln
537 1705 716 1772 aliqua
742 1704 811 1759 sit
839 1704 1180 1775 cogitatione,
1223 1719 1529 1759 commeare
1555 1703 1620 1757 ad
1655 1716 1783 1771 pec—

1891 884 1981 956 sas
2024 872 2210 929 mundi
2249 884 2433 945 partes
2460 876 2664 932 intenta
2697 878 2986 949 discurrit,
3019 891 3074 936 et
3119 883 3302 938 omnia
3332 886 3490 954 regit,

1891 964 2072 1018 omnia
2114 966 2425 1022 moderatur
2450 1010 2465 1034 ,
2509 969 2704 1038 ubique
2746 986 3008 1040 praesens,
3039 973 3234 1046 ubique
3262 976 3487 1045 diffusa;

1889 1069 2013 1114 cum
2049 1067 2193 1114 tanta
2223 1061 2294 1114 sit
2333 1060 2414 1115 vis
2456 1075 2518 1115 ac
2558 1069 2795 1131 potestas
2826 1065 3020 1120 mentis
3066 1067 3312 1123 humana:
3349 1069 3487 1124 intra

1889 1151 2122 1205 mortale
2159 1165 2359 1222 corpus
2406 1153 2627 1209 inclusae
2657 1164 2715 1209 ut
2741 1171 2809 1210 ne
2848 1158 3014 1226 septis
3053 1159 3270 1228 quidem
3311 1162 3492 1230 gravis

1890 1238 2053 1310 hujus
2078 1258 2141 1297 ac
2168 1245 2299 1314 pigri
2328 1249 2591 1313 corporis,
2619 1249 2708 1316 cui
2733 1248 2948 1318 alligata
2978 1261 3082 1316 est,
3107 1253 3346 1308 coerceri
3379 1255 3489 1310 ullo

1889 1344 2048 1402 pacto
2070 1337 2270 1404 possit,
2303 1339 2590 1405 quominus
2616 1339 2717 1394 sibi
2751 1340 2975 1396 liberam
3005 1345 3233 1412 vagandi
3264 1345 3488 1401 faculta-

1891 1433 2028 1487 tem,
2077 1427 2274 1496 quietis
2327 1427 2647 1496 impatiens,
2706 1431 3002 1500 largiatur?
3050 1434 3177 1490 Sive
3218 1436 3378 1506 igitur
3431 1439 3485 1493 in

1887 1517 2063 1587 capite
2095 1533 2245 1572 mens
2272 1517 2494 1585 habitat,
2527 1521 2639 1575 sive
2671 1521 2722 1575 in
2749 1535 2988 1591 pectore,
3021 1534 3268 1594 potestne
3289 1529 3482 1598 aliquis

1886 1610 2345 1680 comprehendere
2368 1654 2383 1677 ,
2427 1628 2548 1681 qum
2575 1616 2654 1669 vis
2683 1617 2910 1671 rationis
2939 1617 3139 1674 efficiat
3163 1663 3177 1687 ,
3207 1631 3266 1676 ut
3291 1637 3485 1679 sensus

1887 1700 1982 1754 ille
2005 1701 2562 1772 incomprehensibilis
2579 1718 2670 1761 aut
2696 1708 2747 1762 in
2770 1709 2999 1765 medulla
3023 1713 3228 1769 cerebri
3259 1715 3482 1786 haereat,

177 1805 297 1865 tus,
326 1808 380 1853 et
405 1797 548 1868 quasi
574 1796 641 1851 ad
663 1804 931 1852 secretum
958 1795 1174 1866 aliquod
1198 1795 1473 1865 penetrale
1501 1793 1777 1860 secedere,
1809 1797 1857 1857 B
1884 1802 1977 1848 aut
2024 1794 2074 1847 in
2127 1794 2220 1848 illo
2264 1796 2523 1866 sanguine
2563 1797 2836 1867 bipartito,
2887 1802 2977 1871 qui
3028 1813 3112 1858 est
3153 1805 3389 1861 inclusus
3429 1809 3482 1863 in

175 1898 240 1944 ut
285 1889 560 1944 consilium
582 1929 598 1953 ,
632 1897 902 1958 tamquam
935 1901 1006 1942 ex
1038 1885 1293 1940 thesauro
1336 1884 1615 1941 recondito
1639 1925 1652 1950 ,
1679 1884 1773 1938 eli-

171 1983 283 2038 ciat
303 1996 370 2036 ac
395 1978 668 2050 proferat;
706 1977 934 2050 ideoque
963 1993 1084 2033 cum
1115 1976 1307 2032 intenti
1335 1977 1400 2031 ad
1428 1975 1772 2046 cogitandum

169 2088 382 2142 sumus,
411 2083 466 2130 et
497 2089 621 2128 cum
647 2088 800 2128 mens
829 2082 1086 2142 occupata
1128 2071 1180 2126 in
1209 2071 1373 2126 altum
1401 2086 1462 2127 se
1485 2068 1770 2136 abdiderit,

167 2182 346 2238 neque
389 2164 581 2220 audire
606 2181 726 2235 qure
765 2164 1184 2228 circumsonant,
1217 2177 1390 2232 neque
1420 2161 1622 2227 videre,
1653 2176 1772 2230 quae

164 2258 407 2324 obstant,
458 2257 716 2312 solemus.
753 2255 809 2310 Id
855 2269 988 2311 vero
1019 2256 1135 2309 sive
1165 2255 1235 2308 ita
1264 2261 1368 2319 est,
1397 2242 1769 2307 admirandum

162 2349 416 2421 profecto
441 2361 546 2416 est,
579 2348 848 2419 quomodo
875 2348 927 2402 id
951 2350 1060 2411 tiat,
1084 2363 1204 2401 cum
1228 2345 1292 2401 ad
1317 2358 1504 2416 pectus
1528 2361 1593 2399 ex
1623 2361 1775 2400 cere-

161 2441 266 2498 bro
290 2443 500 2497 nullum
531 2444 633 2497 iter
659 2448 856 2512 pateat.
889 2439 984 2495 Sin
1006 2448 1186 2494 autem
1222 2454 1326 2492 non
1357 2447 1440 2493 est
1471 2439 1563 2504 ita,
1592 2448 1771 2493 tamen

161 2533 523 2589 nihilominus
543 2533 918 2588 admirandum
947 2542 1052 2598 est,
1083 2531 1225 2602 quod
1245 2531 1422 2585 divina
1455 2530 1638 2585 nescio
1668 2546 1772 2600 qua

156 2626 382 2680 ratione
431 2623 546 2689 fiat,
581 2634 638 2678 ut
677 2625 747 2678 ita
794 2639 914 2681 esse
943 2624 1208 2679 videatur.
1251 2623 1332 2678 An
1377 2631 1552 2692 potest
1577 2623 1773 2693 aliquis

157 2728 282 2769 non
315 2713 588 2781 admirari,
619 2713 764 2784 quod
797 2728 987 2768 sensus
1013 2713 1105 2769 ille
1135 2713 1288 2768 vivus
1314 2723 1473 2782 atque
1500 2713 1761 2781 caelestis,

155 2807 258 2878 qui
299 2822 480 2874 mens,
512 2808 598 2863 vel
627 2809 838 2863 animus
881 2818 1237 2876 nuncupatur,
1265 2817 1425 2862 tantae
1452 2807 1764 2864 mobilitatis

154 2906 268 2966 est,
301 2907 358 2953 ut
385 2914 455 2953 ne
483 2907 595 2953 tum
624 2899 861 2969 quidem,
890 2914 1012 2954 cum
1040 2899 1243 2968 sopitus
1267 2908 1372 2965 est,
1395 2899 1760 2970 conquiescat;

1882 1885 2085 1940 corde?
2110 1900 2172 1940 ac
2203 1901 2308 1942 non
2339 1903 2402 1942 ex
2432 1903 2498 1942 eo
2528 1889 2646 1958 ipso
2679 1891 2916 1961 colligat,
2943 1903 3141 1964 quanta
3167 1896 3237 1952 sit
3264 1899 3354 1953 Dei
3387 1915 3481 1964 po-

1881 1982 2047 2031 testas
2070 2017 2085 2044 ,
2115 1979 2256 2048 quod
2287 1980 2500 2035 animus
2529 1995 2588 2035 se
2619 1983 2792 2052 ipsum
2825 1998 2931 2040 non
2973 1985 3138 2056 videt,
3164 1998 3256 2044 aut
3283 1991 3477 2060 qualis,
3507 1992 3512 2060 ᾗ

1880 2079 1972 2124 aut
1997 2069 2084 2124 ubi
2115 2071 2204 2136 sit;
2222 2086 2322 2128 nec
2339 2072 2382 2127 si
2399 2073 2597 2139 videat,
2617 2083 2793 2132 tamen
2827 2080 3133 2150 perspicere
3154 2085 3345 2154 possit,
3373 2103 3480 2156 quo

1881 2172 2037 2232 pacto
2060 2164 2134 2218 rei
2167 2166 2435 2234 corporali
2464 2181 2550 2221 res
2577 2168 2932 2238 incorporalis
2961 2173 3208 2243 adjuncta
3228 2177 3321 2231 sit?
3350 2178 3476 2234 Sive

1879 2256 2038 2309 etiam
2083 2257 2278 2310 mentis
2308 2258 2457 2313 locus
2484 2260 2664 2314 nullus
2693 2272 2804 2328 est,
2836 2265 2929 2318 sed
2959 2280 3054 2334 per
3083 2277 3248 2323 totum
3279 2285 3476 2342 corpus

1875 2363 2062 2418 sparsa
2090 2349 2376 2416 discurrit,
2405 2353 2546 2420 quod
2577 2363 2632 2407 et
2661 2353 2776 2408 ﬁeri
2803 2366 3003 2426 potest,
3034 2368 3087 2414 et
3113 2376 3142 2414 a
3169 2360 3476 2420 Xenocrate

1876 2438 2113 2494 Platonis
2138 2440 2403 2510 discipulo
2445 2443 2777 2514 disputatum
2807 2457 2890 2502 est
2915 2490 2928 2514 ,
2970 2449 3234 2520 siquidem
3280 2470 3474 2512 sensus

1878 2532 1928 2585 in
1959 2532 2195 2602 qualibet
2226 2543 2378 2603 parte
2425 2537 2668 2605 corporis
2701 2549 2898 2605 praesto
2945 2551 3063 2605 est,
3101 2558 3201 2598 nec
3229 2546 3354 2616 quid
3406 2548 3476 2603 sit

1875 2638 2028 2678 mens
2052 2625 2173 2688 ista,
2205 2640 2305 2679 nec
2328 2625 2522 2694 qualis,
2555 2627 2776 2699 intelligi
2806 2640 3003 2700 potest,
3035 2647 3156 2688 cum
3188 2635 3258 2690 sit
3283 2647 3473 2694 natura

1877 2715 1994 2785 ejus
2034 2726 2138 2770 tam
2172 2716 2387 2771 subtilis
2413 2733 2476 2772 ac
2507 2721 2718 2790 tenuis,
2761 2731 2819 2777 ut
2856 2724 3046 2780 solidis
3074 2729 3368 2786 visceribus
3393 2733 3474 2787 in-

1870 2804 2005 2872 fusa,
2039 2808 2180 2872 vivo,
2210 2817 2265 2862 et
2291 2810 2440 2879 quasi
2479 2811 2690 2866 ardenti
2723 2829 2907 2885 sensu,
2933 2819 3190 2875 membris
3217 2823 3472 2881 omnibus

1869 2898 2182 2955 misceatur.

155 3000 328 3048 tantae
368 2990 696 3059 celeritatis,
752 2999 810 3046 ut
854 3006 963 3046 uno
1014 2993 1274 3062 temporis
1321 3001 1520 3062 puncto
1565 2991 1759 3047 coelum
1786 2981 1834 3046 C
1927 2992 2070 3074 flllud
2101 3003 2280 3050 autem
2309 3009 2458 3063 cave,
2479 3012 2548 3052 ne
2573 3013 2808 3070 unquam
2833 2977 3009 3059 simile
3033 3005 3146 3060 veri
3175 3009 3469 3080 putaveris,

1489 3151 1849 3210 VARIORUM
1888 3152 2120 3209 NOTE.

237 3294 521 3366 Tamquam
549 3295 603 3348 in
630 3310 746 3348 arce
765 3291 1013 3366 habitare.
1044 3291 1136 3366 Sic
1157 3305 1290 3366 mss.
1314 3290 1352 3345 2
1372 3291 1504 3362 Reg.
1530 3299 1584 3347 et
1603 3290 1760 3366 Ca‘nt.

150 3381 282 3424 cum
318 3363 407 3421 ed.
439 3382 573 3436 pene
600 3367 868 3421 oumibus.
896 3365 1022 3418 Mss.
1052 3364 1145 3433 25,
1179 3365 1319 3418 inter
1337 3379 1472 3436 quos
1502 3373 1627 3417 sunt
1657 3363 1763 3417 duo

150 3435 544 3508 antiquissimi,
573 3437 773 3492 habent
799 3438 851 3489 in
883 3452 1000 3490 arce
1024 3436 1252 3505 corporis
1283 3435 1415 3508 :sed
1428 3449 1756 3508 perperam;

150 3506 428 3580 siqui—dem
490 3524 596 3564 vox
639 3508 868 3579 corporis
915 3523 1042 3562 mox
1083 3506 1364 3578 praecessit
1403 3507 1544 3561 liuea
1595 3521 1758 3576 supe-

150 3597 312 3637 1⁵101⁵1.

226 3674 508 3737 Audiendi,
533 3683 578 3728 et
605 3673 822 3740 videndi,
857 3682 904 3727 et
928 3671 1180 3726 odorandi
1204 3669 1437 3725 ministra
1463 3668 1686 3724 membra
1703 3669 1760 3722 in

149 3747 326 3816 capite
348 3747 451 3800 sint
479 3747 664 3799 locata.
694 3743 753 3798 In
783 3743 951 3798 tribus
969 3758 1098 3816 mss_.
1119 3758 1230 3798 rec.
1259 3754 1316 3816 et
1333 3741 1582 3816 omnibus
1598 3741 1758 3816 editis

152 3811 354 3886 legitur
387 3827 526 3870 sunt.
562 3817 616 3870 In
645 3817 860 3886 Optimis
894 3829 1022 3886 mss.
1055 3814 1224 3884 Regio
1245 3844 1264 3856 -
1284 3812 1405 3886 Put.
1431 3814 1656 3883 aliisque
1689 3811 1756 3886 -l5_

147 3883 299 3953 sint;
331 3899 501 3943 recte.
543 3883 694 3942 Vide‘
718 3885 1076 3958 praicedentia
1095 3927 1112 3953 ,
1145 3883 1290 3954 quod
1321 3883 1590 3940 haberet...
1619 3883 1757 3954 quod

149 3960 471 4013 moderetur.

231 4051 342 4106 Sed
368 4068 486 4104 cum
511 4052 564 4105 in
591 4051 762 4120 aliqua
792 4051 858 4105 sit
882 4049 1202 4122 cogitatione.
1228 4048 1306 4122 Ita
1334 4047 1544 4122 restitui
1573 4063 1642 4104 ex
1664 4062 1761 4122 att-

147 4123 476 4194 tiquissimis
489 4137 618 4179 mss.
636 4119 820 4191 Regio.
832 4119 976 4187 Putl,
998 4122 1203 4194 Borion.
1214 4162 1230 4194 ,
1246 4119 1406 4176 Cauc.
1427 4121 1652 4194 aliisque
1668 4119 1756 4176 16.

147 4193 224 4250 ιη
244 4194 281 4247 '5
308 4209 421 4249 rec.
451 4203 504 4249 et
525 4194 758 4265 vulgatis
784 4203 905 4260 est,
930 4193 1019 4248 sed
1046 4193 1252 4264 quando
1277 4194 1332 4247 in
1363 4193 1538 4261 aliqua
1572 4193 1639 4245 sit
1673 4207 1760 4245 co-

147 4266 427 4336 gitatione.

230 4359 501 4430 Secedere.
542 4358 633 4413 Sic
660 4359 873 4430 reposui
901 4373 968 4414 ex
994 4357 1202 4414 cunctis
1246 4373 1377 4414 mss.
1405 4366 1461 4414 et
1487 4357 1758 4413 veteribus

147 4429 342 4486 editis.
371 4429 427 4484 1n
455 4431 488 4484 5
511 4429 738 4501 vulgatis
767 4446 878 4486 rec.
909 4440 1013 4498 est,
1045 4430 1240 4485 cedere.

229 4523 361 4576 Cum
396 4522 465 4575 ad
505 4532 676 4590 pectus
702 4539 765 4576 ex
789 4521 1008 4588 cerebro,
1029 4532 1130 4577 etc.
1166 4521 1329 4590 Ergo,
1358 4519 1601 4575 Lactanti
1624 4527 1760 4586 ,.tua
1783 4503 1838 4564 Ῑ)

148 4608 411 4658 censura,
437 4593 765 4664 Pythagoras
797 4596 951 4662 longe
985 4592 1285 4654 aberravit,
1317 4593 1404 4661 qui
1435 4591 1627 4645 animae
1656 4594 1754 4644 im-

150 4666 311 4732 perio
337 4664 502 4729 fines,
532 4680 624 4718 seu
657 4665 912 4719 terminos
939 4679 1033 4718 cor
1058 4676 1110 4718 et
1144 4665 1423 4718 cerebrum
1452 4664 1749 4717 constituit.

153 4736 305 4791 Deus
334 4737 556 4805 spiritus
581 4744 702 4800 est;
731 4750 883 4790 mens
912 4734 1150 4789 divinum
1177 4734 1429 4803 quiddam
1470 4747 1572 4788 ρει.
1602 4732 1754 4805 [itide

151 4804 425 4876 sequitur.
460 4815 710 4878 mentem
749 4821 844 4861 seu
882 4808 1116 4860 animam
1141 4819 1262 4860 esse
1286 4808 1576 4878 ἀσώματον.
1610 4804 1754 4878 Ergo

152 4877 657 4945 circumscriptione
701 4877 938 4931 locorum
977 4893 1130 4932 mens
1159 4890 1296 4945 opus
1323 4876 1542 4930 minime
1569 4876 1750 4929 habet.

153 4949 340 5004 Taceo
367 4949 498 5016 jam,
531 4947 675 5016 quod
713 4948 992 5003 cerebrum
1035 4949 1228 5002 mentis
1254 4947 1431 5012 sedes,
1458 4963 1562 5002 non
1595 4946 1753 5000 modo

153 5019 408 5089 spiritum
432 5019 719 5073 animalem
742 5019 814 5072 ita
844 5030 1057 5074 tenuem
1079 5029 1251 5089 parat,
1287 5028 1343 5072 ut
1368 5019 1530 5072 rebus
1557 5017 1752 5072 divinis

156 5090 491 5160 exequendis
517 5091 587 5143 sit
616 5090 840 5144 idoneus
881 5107 894 5142 :
928 5089 1024 5160 sed
1062 5090 1222 5144 etiam
1268 5090 1754 5160 seusuumiinstru-

156 5159 340 5216 menta
371 5176 466 5229 per
483 5175 697 5225 nervos,
718 5161 878 5214 veluti
901 5177 993 5229 per
1008 5159 1274 5215 funiculos
1295 5159 1585 5214 distribuit.
1611 5159 1755 5214 Utri-

158 5231 292 5287 libet
317 5233 513 5285 animae
542 5233 678 5301 parti
711 5248 815 5285 non
859 5247 1051 5286 sensus
1080 5233 1240 5286 modo
1271 5239 1458 5300 parent
1482 5230 1705 5284 dictanti
1735 5249 1748 5285 :

157 5304 254 5357 sed
281 5303 348 5356 ad
379 5303 617 5372 ipsarum
644 5311 830 5356 nutum
859 5319 1046 5358 omnes
1073 5303 1315 5371 corporis
1360 5301 1631 5370 particula:
1661 5317 1754 5355 ex-

158 5373 344 5428 cubias
382 5382 569 5442 agunt,
597 5374 804 5442 jussum
845 5383 1214 5442 expectantes.
1244 5373 1374 5427 Nam
1401 5372 1446 5426 si
1486 5373 1750 5438 voluntas,

158 5444 215 5498 id
245 5455 325 5498 est
350 5456 511 5500 rectze
539 5445 764 5498 rationis
798 5444 1062 5500 dictameu
1093 5444 1291 5514 aliquid
1339 5443 1523 5497 videre
1543 5444 1750 5510 jubeat,

160 5523 290 5569 tunc
322 5516 370 5570 in
404 5524 654 5586 promptu
684 5516 960 5570 oculorum
989 5515 1225 5571 officium
1252 5523 1353 5570 est.
1385 5514 1585 5568 Eadem
1616 5516 1754 5586 ratio

159 5587 212 5640 in
227 5585 436 5643 caeteris
453 5601 670 5658 quoque
690 5601 941 5640 sensuum
959 5587 1448 5657 organis,artuhus,
1472 5594 1526 5638 et
1545 5585 1754 5641 caeteris

159 5661 416 5714 membris
448 5670 552 5713 est.
586 5658 911 5713 BETULEIUS.

235 5749 329 5806 Sin
349 5761 524 5806 autem
546 5758 752 5820 nongeu
778 5749 873 5806 ita.
900 5747 980 5805 Ex
1000 5747 1377 5806 vetustissimis
1402 5761 1535 5803 mss.
1553 5746 1756 5820 Regio-

158 5819 304 5892 Put.,
325 5822 361 5880 2
380 5821 620 5893 Bonam,
638 5817 829 5893 Ceam,
861 5830 1171 5896 ssptemque
1190 5820 1307 5879 aliis
1335 5820 1408 5880 ita
1436 5817 1665 5881 restitui}
1698 5820 1753 5879 lu

1872 3294 2084 3376 caeteris
2108 3293 2608 3376 desideranturduo
2630 3309 2870 3376 extrema
2902 3306 3086 3375 verba,
3117 3311 3170 3367 in
3199 3320 3470 3376 nonnullis

1871 3365 2137 3446 ultimum‘
2164 3366 2440 3423 dumtaxat
2469 3371 2567 3446 :‘in
2608 3382 2727 3446 vet:
2745 3375 2905 3429 editis
2929 3376 2964 3430 4
2995 3398 3009 3434 :
3046 3365 3469 3446 sini‘aiii'éiiiiliii

1869 3437 2042 3526 est
2067 3478 2080 3502 ,
2107 3437 2441 3526 hocitamen.
2471 3440 2536 3526 At
2569 3458 2668 3498 ms.
2702 3444 2834 3526 Βρξτἰ
2845 3460 2956 3526 .sat_
2971 3460 3115 3507 recte
3140 3437 3339 3526 liabet,

1866 3518 2034 3630 au‘tem
2085 3519 2308 3576 nonest,
2367 3528 2456 3566 nec
2502 3523 2669 3568 tamen
2723 3517 3054 3576 nihilominus
3107 3517 3468 3588 admirandum

1866 3593 1920 3630 es
1948 3616 1961 3629 .

1866 3593 1961 3632 εει.

2078 3687 2239 3760 utens,
2271 3674 2350 3760 vel
2383 3677 2584 3760 animus
2614 3691 2956 3760 nuncupatur.
2989 3683 3132 3760 Ergo
3157 3706 3255 3760 pro
3275 3699 3465 3756 eodem

1858 3743 2062 3834 accipit
2089 3743 2395 3834 [iactantius
2425 3758 2686 3834 mentem,
2719 3743 3468 3834 ct'a'nimumeicrsuper;

1865 3815 2065 3894 cretius
2103 3815 2156 3894 in
2185 3831 2238 3869 ιιι
2261 3816 2417 3894 ;_(.:ic._
2445 3819 2497 3872 in
2529 3815 2716 3876 Somn.
2751 3821 2921 3894 Scip;,
2954 3826 3041 3882 ubi
3069 3815 3335 3892 viderist

1863 3885 2079 3940 crobius
2107 3885 2163 3939 d.
2198 3900 2247 3941 c.
2279 3885 2364 3941 14.
2401 3888 2585 3944 lsazus.

1949 3954 2054 4011 Vis.
2076 3955 2131 4010 In
2156 3973 2257 4012 ms.
2286 3958 2440 4025 Bov.,
2463 3962 2639 4018 virtus.

1936 4047 2181 4129 all-ligata.
2215 4049 2308 4129 Sic
2331 4066 2433 4106 ms.
2460 4051 2590 4129 Bo_v.
2620 4054 2952 4129 alii‘ilh'gata,
2983 4063 3160 4122 minus
3187 4079 3356 4129 recte.

1941 4117 2061 4206 ιριυ
2087 4130 2254 4189 pacto.
2288 4120 2348 4176 In
2381 4139 2481 4206 nis.
2511 4124 2776 4206 Dov.“ulto
2811 4117 2985 4206 inodo,
3015 4117 3461 4206 iddikééi'ﬁéne.

1865 4190 2343 4285 :MBunftrtattttus
2368 4194 2568 4285 habet,
2599 4197 2881 4285 itllonmodo
2921 4190 2984 4285 et.
3005 4190 3463 4285 inpiam-seque};

1865 4261 2247 4350 ternﬂexhihet‘.‘
2268 4294 2338 4350 τ
2364 4264 2483 4347 [illo
2500 4269 2671 4350 modo.
2705 4269 3008 4350 Sic,Got_h._,
3033 4261 3204 4350 ιίρξξ,
3228 4261 3436 4342 ξίᾏῖιῖζῶ

1864 4331 2556 4424 ἔρξξςξμξηξιξηη
2576 4341 2680 4394 ulto
2709 4323 2896 4410 parte:

1865 4402 1989 4482 quia
2020 4404 2184 4485 modo
2217 4407 2364 4485 infr_a_
2379 4402 2666 4485 sequitur,
2692 4402 2791 4485 quo
2819 4427 2989 4485 pacto.
3029 4402 3192 4479 Ariith

1863 4474 2028 4550 pia_m.
2043 4474 2115 4550 _In
2141 4475 2278 4550 Ven.
2305 4476 2435 4533 1471
2450 4474 2479 4545 ,⁷
2493 4479 2583 4548 95,
2599 4474 2687 4535 97.
2703 4474 2855 4540 Ῥίεἰκ
2883 4474 3209 4550 ηυΙΙοίΒῦιῆ.

1935 4543 2194 4600 Inclusus.
2221 4547 2278 4601 In
2310 4564 2412 4604 ms.
2439 4543 2597 4617 Βονί,
2625 4552 2844 4623 infusus.

1926 4637 2138 4720 Animus
2171 4655 2225 4692 se
2243 4639 2410 4720 ipsum
2430 4658 2533 4720 rion
2560 4644 2712 4720 uidet,
2743 4659 2846 4701 etc.
2874 4649 3138 4720 Purgatus
3164 4663 3219 4710 et
3243 4657 3458 4716 defeca-

1855 4706 2070 4797 tuslhoc
2109 4706 2402 4791 secundum
2444 4706 2711 4797 Plotinum
2745 4721 2939 4797 poterit
2974 4706 3012 4777 ευ
3031 4706 3131 4779 sed
3162 4706 3458 4797 iudicii-

1855 4777 2105 4844 tholicos,
2138 4781 2314 4834 anima
2341 4797 2372 4835 a
2392 4797 2618 4853 corpore
2641 4777 2827 4842 libera.
2853 4790 3056 4849 Berun.

1929 4869 2148 4954 Quodnet
2172 4872 2484 4954 ﬁeri-potest.
2527 4876 2616 4932 Sic
2646 4878 2874 4954 reatituo
2899 4900 2964 4938 ex
2997 4888 3296 4954 potioribus
3319 4910 3453 4952 mss.

1853 4941 2026 5067 ἓῗὶ
2061 4941 2265 5014 Graph.
2293 4943 2351 5000 lu
2380 4947 2498 5002 aliis
2536 4951 2782 5020 estquod
2816 4965 2863 5007 et
2891 4941 3295 5024 utuinisi;

1924 5106 2235 5191 Xenocrate.
2260 5107 2432 5166 Cicer.
2468 5128 2519 5167 tv
2557 5115 2811 5191 Academ.
2844 5129 3033 5188 quaest.
3069 5126 3246 5182 varias
3281 5130 3459 5187 vario-

1853 5194 1973 5267 rum
2005 5188 2678 5267 sententiasnenumerans
2722 5206 2733 5240 :
2771 5188 2870 5267 An
2905 5193 3133 5267 (inquit)
3174 5209 3227 5252 ut
3270 5199 3454 5254 Xeno-

1854 5260 2039 5338 crates,
2067 5267 2208 5338 mens
2238 5252 2380 5338 auito
2409 5271 2636 5338 corpore,
2687 5261 2824 5338 quod
2853 5252 3069 5335 intelligi
3101 5252 3253 5338 quale
3273 5252 3458 5327 Psithia;

1855 5331 2040 5406 potest,
2058 5394 2067 5403 _
2083 5330 2187 5376 etc.
2204 5321 2505 5406 "Ca-terum
2536 5321 2852 5406 Xenocratis
2893 5321 3296 5406 argtntte'ntum,
3307 5321 3454 5400 "ut;

1853 5390 2106 5447 Nemesio
2136 5392 2391 5462 refertur,
2421 5406 2506 5450 est
2535 5401 2635 5454 hoc
2664 5417 2678 5454 :

2009 5503 2166 5580 omne
2191 5517 2368 5580 corpus
2390 5505 2553 5557 alitur.
2574 5510 2745 5561 Anima
2767 5526 2862 5563 non
2886 5514 3056 5580 alitur;

2041 5567 2214 5616 Anima
2236 5567 2404 5630 itaque
2427 5583 2602 5632 corpus
2621 5588 2716 5623 non
2741 5585 2834 5626 est.
3042 5567 3055 5580 ’
3085 5579 3265 5640 Bern.

1932 5672 2216 5760 ‘Neetquid‘
2249 5674 2756 5760 sit_tnensipsa,__nec
2773 5682 2958 5760 qualis.
2991 5684 3185 5760 Addidi
3225 5691 3341 5760 ipsa
3383 5708 3449 5750 ex

1857 5750 2448 5824 ve.t_us_tiss._ctop_timo
2477 5765 2577 5803 ms.
2631 5750 2950 5824 ltegio-Pttt.
3001 5753 3106 5815 alio
3131 5750 3260 5820 item
3293 5763 3424 5824 Reg.

1855 5815 1892 5878 2
1916 5815 2096 5889 Colb.,
2124 5807 2496 5890 Etn.,'Bt‘un.,
2526 5829 2582 5878 et
2607 5807 2949 5898 εάδῖῖιτεῇιέξ
3002 5807 3102 5815 “”-
3293 5807 3452 5837 ηυγ,
