3912 6256
73 369 383 446 diuidemus.

411 271 484 331 67

412 386 554 456 quorl
579 386 928 442 Aristoxenus
949 386 1078 441 dixit
1103 404 1113 439 :
1139 387 1368 443 Mentem
1392 390 1611 443 omnino
1636 391 1835 443 nullam
1865 405 2007 454 esse,
2041 398 2088 454 Λ

415 480 509 531 sed
563 480 712 547 quasi
752 479 1082 533 harmoniam
1139 480 1190 532 in
1241 480 1468 548 lidihus,
1502 497 1572 534 εις
1612 483 2012 538 constructione

413 573 676 640 corporis,
710 583 763 626 et
792 571 1138 642 compagibus
1179 573 1443 627 viscerum
1477 576 1580 627 vim
1610 575 1876 629 sentiendi
1899 577 2013 631 exi-

412 670 578 716 stere.
611 662 791 717 Musici
814 663 956 718 enim
989 663 1341 726 intentionem
1365 675 1794 736 conccntumqne
1823 683 2013 722 nervo—

411 769 530 809 rum
557 755 608 809 in
652 757 888 826 integros
921 757 1111 814 modos
1136 799 1150 822 ,
1189 759 1306 814 sine
1339 759 1442 813 ulla
1484 758 1788 814 oll'ensione
1815 776 2009 820 conso-

410 850 652 906 nantium
673 891 686 914 ,
717 849 1052 906 harmoniam
1082 862 1293 916 vocant.
1335 853 1538 908 Volunt
1584 855 1746 926 igitur
1775 856 2011 912 animum

410 940 570 993 simili
616 941 821 994 ratione
872 955 1123 998 constare
1167 943 1218 998 in
1267 944 1503 1007 homine,
1535 962 1640 1016 qua
1688 957 1741 1002 et
1786 964 2010 1004 concors

409 1031 701 1086 modulatio
731 1043 942 1092 consmt
983 1036 1034 1090 in
1082 1036 1301 1100 ﬁdibus;
1333 1037 1562 1102 scilicet,
1597 1049 1652 1091 ut
1677 1038 2010 1108 singularum

408 1128 650 1196 corporis
700 1128 927 1196 partium
969 1129 1122 1183 lirma
1153 1130 1465 1198 coniunctio
1488 1172 1503 1197 ,
1537 1132 2012 1200 membrorumque

406 1219 648 1270 omnium
688 1220 1037 1274 consentiens
1067 1221 1120 1273 in
1158 1237 1323 1275 unum
1373 1222 1563 1290 vigor,
1611 1231 1812 1275 motum
1861 1222 2008 1277 illum

405 1309 718 1362 sensibilem
753 1310 934 1374 faciat,
982 1312 1332 1382 animumque
1379 1315 1688 1379 concinnet,
1721 1315 1859 1370 sicut
1885 1325 2014 1370 sunt

405 1404 554 1460 nervi
585 1403 723 1458 bene
765 1404 953 1460 intenti
995 1405 1061 1460 ad
1092 1408 1491 1476 conspirantem
1525 1423 1738 1462 sonum.
1770 1408 1837 1462 Et
1873 1410 2012 1466 sicut

405 1496 458 1551 in
485 1496 696 1560 fidibus,
723 1512 844 1551 cum
864 1499 1066 1568 aliquid
1085 1509 1177 1554 aut
1201 1501 1580 1570 interruptum,
1607 1513 1696 1556 aut
1717 1503 2010 1560 relaxatum

403 1596 507 1650 est,
537 1589 711 1642 omnis
738 1589 964 1643 canendi
1000 1590 1134 1644 ratio
1164 1592 1432 1656 turbatur,
1464 1601 1518 1644 et
1545 1592 1774 1646 solvitur
1807 1613 1818 1646 :
1856 1593 1925 1646 ita
1956 1593 2010 1648 in

404 1696 654 1749 corpore,
683 1697 802 1735 cum
831 1695 952 1750 pars
973 1683 1148 1751 aliqua
1177 1684 1542 1738 membrorum
1569 1683 1780 1738 duxerit
1799 1683 2004 1748 vitium,

1381 273 1570 330 FIRM.
1611 273 1977 332 LACTANTII
2015 274 2144 333 LIB.
2187 278 2276 336 DE
2317 279 2604 338 OPlFlCIO
2643 281 2754 338 DEI

3647 285 3718 343 (8

2698 395 2922 454 CAPUT
2962 397 3144 456 XVll.‘

2233 517 2309 572 De
2330 519 2512 571 Anima
2535 560 2548 584 ,
2578 519 2740 587 deque
2768 537 2824 574 ea
2853 523 3102 574 sententia
3131 523 3578 594 philosophorum.

2184 653 2437 722 Superest
2465 653 2531 708 de
2558 654 2730 707 anima
2760 654 2960 719 dicere;
2990 671 3311 726 quamquam
3340 657 3544 728 percipi
3573 658 3715 713 ratio

2113 745 2229 816 ejus
2254 756 2307 800 et
2337 757 2523 800 natura
2554 765 2658 802 non
2693 750 2880 818 possit.
2916 748 3027 804 Nec
3070 750 3192 805 ideo
3225 759 3398 805 tamen
3431 752 3704 806 immorta-

2114 841 2218 896 lem
2248 858 2368 896 esse
2390 845 2623 896 animam
2643 861 2746 896 non
2772 844 3141 915 intelligimus;
3171 847 3422 916 quoniam
3450 845 3712 918 quidquid

2113 937 2293 1005 viget,
2341 948 2698 1008 moveturque
2743 954 2835 1006 per
2863 953 2920 992 se
2948 953 3197 1007 semper,
3232 954 3329 993 nec
3358 939 3576 1002 videri,
3623 948 3717 992 aut

2115 1030 2257 1100 tangi
2286 1038 2483 1099 potest,
2509 1040 2770 1084 mternum
2799 1030 3111 1098 sitnceesse
3137 1041 3238 1084 εει.
3269 1029 3407 1100 Quid
3434 1039 3619 1085 autem
3648 1031 3715 1084 sit

2115 1123 2314 1186 anima,
2345 1121 2579 1176 nondum
2611 1122 2750 1177 inter
2787 1122 3137 1192 philosophos
3173 1123 3445 1187 convenit,
3477 1139 3577 1179 nec
3611 1140 3713 1177 un-
3749 1139 3772 1161 θ

2113 1231 2272 1286 quam
2295 1215 2522 1271 fortasse
2549 1217 2852 1271 conveniet.
2880 1217 3087 1271 Etenim
3120 1217 3209 1271 alii
3239 1218 3551 1289 sanguinem
3581 1232 3710 1272 esse

2114 1307 2398 1372 dixerunt,
2447 1308 2535 1362 alii
2564 1309 2762 1378 ignem,
2795 1309 2885 1362 alii
2930 1310 3185 1374 ventum';
3221 1310 3362 1364 unde
3395 1311 3594 1375 anima,
3629 1311 3713 1364 vel

2113 1401 2322 1455 animus
2349 1418 2541 1457 nomen
2565 1405 2790 1472 accepit,
2815 1403 2957 1474 quod
2983 1403 3170 1459 Graece
3201 1416 3392 1458 ventus
3423 1403 3608 1478 ἄνεμος
3635 1406 3717 1460 di—

2114 1493 2286 1556 citur;
2308 1509 2407 1548 nec
2429 1495 2642 1549 illorum
2670 1505 2844 1549 tamen
2871 1496 3151 1564 quisquam
3178 1495 3379 1551 dixisse
3409 1497 3611 1567 aliquid
3636 1498 3714 1549 vi-

2114 1584 2288 1639 detur.
2320 1586 2436 1640 Non
2470 1588 2636 1652 enim,
2669 1586 2710 1640 si
2743 1588 2920 1641 anima
2948 1590 3205 1658 sanguine
3251 1597 3344 1642 aut
3387 1605 3480 1658 per
3514 1589 3715 1642 vulnus

2113 1675 2304 1742 effuso,
2337 1686 2426 1730 aut
2455 1677 2682 1732 febrium
2712 1679 2891 1733 calore
2917 1691 3259 1750 consumpto,
3286 1680 3500 1734 videtur
3528 1681 3714 1736 extin-

405 1770 609 1826 destrui
633 1772 905 1836 universa,
926 1773 1304 1843 corruptisque
1321 1773 1572 1828 omnibus
1586 1775 2006 1844 atqucturbatis,
2040 1797 2088 1856 Β
2113 1767 2201 1836 gui
2230 1808 2244 1833 ,
2290 1770 2547 1823 continuo
2580 1771 2630 1824 in
2662 1769 2883 1824 materia
2912 1771 3186 1841 sanguinis
3218 1771 3411 1826 animae
3445 1772 3584 1826 ratio
3615 1787 3715 1842 po-

402 1863 654 1918 occidere
675 1878 918 1930 sensum,
947 1879 1172 1934 eamque
1197 1877 1424 1920 mortem
1449 1868 1653 1922 vocari.
1679 1866 1878 1922 Verum
1901 1868 2007 1935 ille,

403 1957 448 2010 si
482 1954 772 2026 quidquam
804 1957 1003 2010 mentis
1033 1957 1331 2024 habuisset,
1356 1973 1461 2012 non
1495 1957 1832 2013 harmoniam
1863 1959 1928 2014 de
1954 1960 2011 2014 li-

371 2045 562 2102 ~dihus
603 2046 669 2102 ad
704 2045 974 2112 hominem
1030 2049 1410 2104 transtulisset.
1462 2048 1580 2104 Non
1625 2051 1767 2104 enim
1814 2066 2013 2108 canere

407 2157 504 2197 sua
534 2153 725 2213 sponte
747 2142 876 2198 lides
909 2152 1154 2214 possunt,
1183 2153 1236 2202 ιιι
1257 2143 1327 2198 sit
1353 2143 1458 2198 ulla
1489 2145 1540 2198 in
1571 2145 1653 2200 his
1678 2147 2012 2214 comparatio

405 2250 469 2290 ac
511 2234 803 2290 similitudo
834 2236 1082 2290 viventis.
1131 2236 1355 2296 Animus
1387 2246 1564 2290 autem
1601 2252 1696 2290 sua
1724 2247 1916 2306 sponte
1956 2247 2010 2294 et

404 2328 636 2400 Cogitat,
668 2338 721 2391 et
763 2336 1035 2382 movetur.
1081 2327 1235 2396 Quod
1270 2328 1312 2381 si
1357 2327 1483 2402 quid
1515 2329 1568 2382 in
1610 2330 1762 2384 nobis
1793 2329 2010 2388 harmo-

405 2420 510 2474 nia:
535 2420 708 2476 simile
737 2427 901 2487 esset,
940 2421 1045 2474 ictu
1076 2428 1384 2484 moveretur
1416 2429 1659 2489 externo,
1687 2423 1829 2478 sicut
1859 2424 2006 2478 nervi

404 2511 676 2575 manibus,
710 2510 797 2580 qui
830 2510 945 2566 sine
975 2520 1118 2570 tactu
1155 2509 1376 2565 artificis
1400 2511 1663 2582 pulsuque
1693 2511 2002 2584 digitorum,

403 2602 537 2656 muti
560 2613 722 2669 atque
749 2603 944 2658 inertes
967 2602 1166 2680 jacent.
1193 2599 1300 2657 Sed
1327 2601 1577 2655 nimirum
1604 2603 1893 2671 pulsandos
1913 2605 2006 2660 ille

405 2712 566 2750 manu
601 2695 734 2767 fuit,
758 2706 814 2750 ut
845 2695 1130 2766 aliquando
1156 2696 1418 2760 sentiret;
1455 2695 1579 2766 quia
1613 2711 1764 2750 mens
1792 2697 1909 2766 ejus
1936 2712 2003 2750 ex

404 2786 663 2842 membris
693 2786 829 2841 male
850 2795 1129 2856 compacta
1153 2787 1418 2855 torpebat.

2117 1861 2292 1916 nenda
2318 1871 2401 1916 est
2432 1879 2444 1914 :
2473 1861 2634 1917 veluti
2659 1865 2701 1917 si
2725 1864 2904 1918 veniat
2934 1865 2984 1917 in
3005 1866 3379 1935 qumstionem,
3403 1865 3584 1920 lumen
3608 1882 3715 1935 quo

2117 1955 2336 2021 utimur,
2369 1955 2492 2025 quid
2538 1955 2627 2020 sit,
2664 1966 2716 2010 et
2757 1957 3147 2023 respondeatur
3185 1959 3365 2013 oleum
3393 1972 3534 2023 esse,
3566 1973 3707 2028 quo-

2118 2047 2261 2101 niam
2293 2057 2613 2118 consumpto
2645 2048 2735 2102 illo
2757 2089 2770 2114 ,
2820 2049 2998 2103 lumen
3044 2050 3406 2120 extinguitur;
3441 2065 3564 2105 cum
3609 2053 3716 2106 sint

2117 2137 2301 2206 utique
2327 2137 2533 2192 diversa
2559 2179 2574 2204 ,
2629 2137 2722 2193 sed
2755 2138 2985 2193 alterum
3016 2139 3086 2193 sit
3117 2140 3340 2195 alterius
3369 2141 3711 2196 alimentum.

2120 2229 2344 2284 Videtur
2373 2247 2504 2302 ergo
2530 2231 2707 2284 anima
2732 2231 2922 2285 similis
2944 2247 3062 2287 esse
3093 2233 3299 2297 lumini,
3321 2249 3439 2303 qnze
3462 2250 3567 2288 non
3600 2234 3715 2304 ipsa

2117 2325 2186 2378 sit
2214 2325 2452 2394 sanguis,
2493 2323 2588 2379 sed
2619 2323 2844 2380 humore
2885 2326 3161 2396 sanguinis
3204 2327 3376 2380 alatur
3397 2367 3412 2391 ,
3444 2335 3501 2381 ut
3530 2327 3714 2381 lumen

2116 2416 2256 2469 oleo.

2186 2509 2286 2576 Qui
2318 2520 2491 2564 autem
2525 2510 2698 2580 ignem
2732 2520 3049 2580 putaverunt
3071 2552 3084 2574 ,
3119 2510 3222 2565 hoc
3249 2512 3329 2565 usi
3375 2521 3502 2566 sunt
3546 2527 3712 2582 argu-

2114 2613 2328 2669 mento,
2379 2603 2518 2674 quod
2569 2615 2834 2673 prmsente
2875 2605 3050 2656 anima
3082 2618 3281 2670 corpus
3319 2604 3524 2671 caleat,
3557 2620 3715 2659 rece-

2111 2695 2273 2750 dente
2300 2695 2565 2765 frigescat.
2585 2695 2689 2750 Sed
2718 2695 2851 2766 ignis
2873 2707 2924 2748 et
2948 2711 3107 2749 sensu
3141 2696 3363 2766 indiget,
3390 2706 3444 2750 et
3470 2696 3711 2761 videtur,

2105 2797 2160 2844 et
2188 2799 2328 2842 tactu
2359 2789 2644 2844 comburit.
2685 2788 2878 2843 Anima
2905 2803 3032 2842 vero
3062 2797 3116 2843 et
3148 2803 3307 2843 sensu
3339 2801 3494 2844 aucta
3524 2801 3632 2857 est,
3665 2801 3716 2844 et

1720 2920 2085 2979 VARIORUM
2126 2922 2355 2978 NOTrE.

487 3058 636 3131 Quod
663 3045 998 3131 Aristoxenus
1015 3055 1175 3131 dixit,
1203 3063 1308 3131 etc.
1336 3056 1518 3110 Priora
1553 3055 1711 3131 hujus
1739 3060 2004 3129 dogmatis
2031 3069 2076 3131 ρ
2110 3064 2161 3116 in
2195 3061 2228 3118 6
2258 3062 2375 3117 aliis
2403 3062 2849 3118 tractatu—Sine
2872 3071 3094 3117 tractatu
3123 3063 3363 3117 artificis.
3395 3063 3484 3117 Sic
3507 3063 3614 3118 edo
3641 3079 3711 3119 ex

405 3150 529 3206 pars
559 3128 867 3182 Dic-.earcho
897 3128 1065 3206 magis
1091 3129 1417 3206 attribuitur,
1444 3143 1601 3194 quam
1632 3127 1959 3206 At‘iStoseno
1989 3151 1999 3185 :

403 3197 848 3262 iribniturtamen
863 3197 1094 3266 utrique.
1110 3198 1222 3252 Cic.
1242 3200 1290 3251 iu
1313 3214 1327 3251 ι
1355 3199 1514 3254 'l‘nsc.
1531 3211 1721 3266 quwst.
1743 3220 1753 3253 :
1779 3201 2006 3256 Dicatur-

404 3280 530 3331 cltus
542 3273 742 3342 quidem
755 3281 799 3322 et
815 3267 1163 3343 Aristomenus,
1178 3271 1297 3340 quia
1308 3270 1526 3343 difﬁcilis
1540 3279 1647 3343 erat
1667 3274 1839 3338 inlinit,
1861 3274 2002 3343 quid,

401 3358 490 3401 aut
509 3337 674 3415 quatis
698 3350 820 3415 esset
834 3337 1169 3415 intelligentia
1189 3337 1202 3404 ζ
1226 3337 1420 3415 nullum
1437 3341 1639 3415 omnino
1658 3337 1881 3396 animum
1901 3337 2005 3400 esse

408 3409 660 3473 dixe-runt.
697 3411 800 3464 Sed
834 3411 886 3463 in
913 3412 1102 3463 eodem
1127 3413 1283 3481 paulo
1311 3424 1434 3466 ante
1466 3429 1477 3462 :
1511 3409 1868 3468 Dii-wai'cltuin
1888 3433 2002 3470 vero

405 3506 521 3542 cum
539 3485 859 3546 Aristoxeno,
881 3482 1073 3550 (aquari
1099 3494 1143 3534 et
1170 3482 1516 3553 condiscipulo
1547 3497 1658 3549 suo,
1689 3488 1861 3540 doctos
1881 3503 2004 3542 sane

408 3560 634 3614 homines
655 3556 966 3628 omittamus,
991 3569 1203 3628 quorum
1217 3554 1344 3606 alter
1372 3571 1432 3628 ne
1457 3553 1775 3628 condoluisse
1797 3559 1997 3628 quidem

403 3644 633 3700 unquam
671 3625 903 3700 uidetur,
935 3627 1272 3700 quianinnon
1322 3643 1374 3678 se
1413 3626 1594 3678 habere
1638 3645 1738 3681 non
1776 3625 1995 3695 sentiat;

403 3695 533 3755 alter
555 3701 624 3752 ita
647 3696 926 3749 delectatur
951 3695 1056 3748 suis
1100 3696 1346 3759 cantibus,
1380 3708 1435 3750 ut
1462 3711 1544 3750 eos
1574 3700 1726 3752 etiam
1756 3702 1822 3751 ad
1864 3702 1998 3752 hunc

408 3773 684 3840 transferre
723 3776 967 3840 conetur,
1011 3779 1113 3821 etc.
1175 3767 1496 3830 BETULEICS.
1561 3769 1634 3822 De
1688 3771 1997 3824 Aristoxeni

407 3838 662 3912 opinione
711 3840 834 3892 vide
901 3838 1260 3904 Lactantium,
1311 3841 1403 3894 lib.
1453 3855 1526 3894 vn
1596 3840 1709 3894 Div.
1763 3841 1994 3896 lnstitut.

405 3911 525 3981 cap.
559 3911 646 3964 15.

484 3977 725 4037 Omnino.
753 3979 906 4032 Deesz
941 3979 994 4033 in
1025 3993 1152 4032 mss.
1179 3977 1312 4034 Bov.

482 4055 706 4109 Scilicet.
744 4051 1062 4104 Restitutum
1094 4066 1160 4106 ex
1185 4054 1434 4109 omnibus
1456 4068 1584 4110 mss.
1617 4065 1670 4109 et
1696 4055 1730 4110 8
1751 4066 1859 4109 vet.
1888 4054 2003 4108 edi-

405 4128 494 4180 tis.
530 4127 582 4178 ιιι
610 4127 646 4178 5
668 4122 809 4190 vulg.
837 4122 934 4189 leg.
963 4132 1016 4174 ut
1036 4133 1127 4174 est.

482 4199 633 4251 Sient.
653 4204 772 4248 sunt
799 4195 935 4246 nervi
962 4195 1082 4246 bene
1101 4194 1279 4247 intenti
1299 4196 1367 4247 ad
1393 4198 1764 4258 conspirantem
1793 4213 1994 4251 sonum.

407 4270 496 4324 Sic
524 4267 734 4339 reposui
761 4279 839 4339 es
882 4279 1010 4339 mss.
1041 4275 1243 4339 vet_err.
1271 4265 1462 4339 C_auc.,
1496 4269 1830 4339 ltegin—l’ut.,
1864 4270 1894 4321 Ei
1921 4267 1990 4321 al.

407 4341 568 4408 Reg,
590 4335 642 4392 ib
669 4337 864 4408 colu,
896 4337 1066 4408 Vict.,
1101 4335 1259 4408 Tax.,
1296 4337 1439 4404 Em.,
1470 4335 1804 4408 C:iril:t|irig.,
1844 4340 1990 4402 Gat.,

406 4407 623 4477 Marum,
651 4407 911 4478 Clarum,
943 4407 1105 4459 Bsun.
1138 4417 1188 4460 et
1210 4407 1275 4462 10
1298 4418 1401 4462 vet.
1435 4407 1798 4478 impressis,’et
1818 4410 1852 4462 οὶ
1882 4426 1988 4464 rec.

407 4483 629 4545 Cellar.,
659 4478 867 4533 Walch.
891 4477 949 4552 in
980 4478 1009 4529 7
1043 4493 1172 4552 mss.
1212 4487 1264 4531 et.
1303 4481 1335 4532 6
1369 4477 1595 4550 vulgatis
1624 4482 1836 4552 legitur,
1868 4484 1997 4534 sicut

408 4556 550 4608 nerui
580 4555 700 4606 bene
720 4550 902 4604 intenti
925 4551 1302 4616 conspirantem
1327 4567 1530 4608 sonum.

482 4626 854 4690 [uteri-aptum.
880 4620 951 4673 Ita
976 4621 1184 4673 restitui
1202 4636 1263 4674 ex
1290 4623 1610 4690 supradictis
1629 4638 1759 4677 mss.
1787 4633 1842 4676 et
1869 4623 1991 4677 edd.

409 4695 583 4749 Betnl.
625 4710 686 4747 ac
714 4693 907 4746 Cellar.
941 4691 998 4746 In
1027 4690 1060 4744 6
1089 4706 1198 4748 rec.
1227 4694 1438 4762 scriptis
1463 4708 1517 4750 et
1546 4697 1614 4749 M
1659 4696 1887 4764 vulgatis
1918 4707 2000 4750 est

409 4769 740 4834 interceptum
751 4803 762 4815 .

487 4831 698 4889 Dira-erit
729 4834 924 4886 vitium.
969 4831 1153 4886 Notior
1184 4833 1391 4903 phrasis
1431 4845 1544 4899 est,
1587 4835 1757 4904 facere
1796 4836 1993 4890 uitium.

409 4906 599 4962 Cicero
627 4905 810 4974 Topic.
838 4920 894 4959 ιιι
912 4920 924 4957 :
945 4904 1005 4958 Si
1033 4904 1846 4977 cedesewwrrueruntvitiumque
1868 4910 2000 4976 [ece-

407 4990 542 5032 rnnt.
583 4978 857 5048 Videﬁcap.
893 4977 926 5030 4
969 4984 1022 5029 et
1053 4975 1700 5048 Ilhellicztn.,,Glandorp.
1731 4975 1785 5032 et
1811 4979 1994 5034 Brant.

406 5051 474 5104 ad
505 5051 684 5105 Caesar
707 5047 766 5100 Β.
802 5047 1046 5117 llispau.,
1075 5060 1194 5117 cap.
1239 5049 1305 5103 19
1337 5066 1349 5103 :
1385 5047 1564 5104 Turris
1593 5052 1656 5103 ab
1683 5053 1785 5104 imo
1811 5051 1995 5103 vitium

402 5122 548 5176 fecit.
582 5117 712 5173 Bos.
1156 5125 1160 5130 '

484 5193 727 5244 Occidere
753 5205 974 5243 sensum.
1003 5188 1114 5243 Hoc
1142 5200 1244 5254 est,
1279 5201 1535 5245 mentem.
1561 5191 1764 5255 Fuauc,

482 5261 604 5315 Non
631 5261 970 5314 harmoniam.
1025 5261 1152 5314 Mss.
1205 5261 1239 5316 9
1287 5277 1349 5316 ac
1396 5263 1603 5317 Benon.
1660 5264 1926 5331 prtecipue
1965 5277 1996 5317 a

406 5334 697 5390 Thomasio
720 5332 964 5399 inspecti,
996 5347 1116 5385 cum
1148 5332 1237 5386 ed.
1263 5332 1466 5402 Graph.
1499 5350 1759 5402 nunquam
1792 5335 1998 5387 harmo-

405 5407 563 5460 niam.
601 5404 796 5457 Carteri
837 5413 941 5456 tam
980 5418 1140 5458 manu
1180 5406 1418 5472 exarati,
1451 5421 1610 5475 quam
1644 5405 1913 5474 impressi,
1939 5413 1996 5460 ut

401 5479 454 5533 in
486 5487 651 5530 textu.

478 5544 776 5602 Similitudo
802 5544 1028 5598 viventis.
1086 5543 1143 5599 ld
1173 5553 1277 5612 est,
1299 5545 1579 5599 similitudo
1621 5563 1736 5599 cum
1775 5547 1986 5602 vivente.

1561 5618 1771 5672 FRANC.

475 5689 602 5745 Sine
631 5697 768 5760 tactu
812 5686 1052 5760 artiﬁcis,
1077 5685 1166 5738 Sic
1193 5685 1438 5760 undecim
1477 5703 1608 5760 mss.
1649 5699 1700 5742 et
1748 5689 1813 5744 15
1846 5689 1984 5760 typis

402 5760 601 5834 vulgati
629 5777 648 5814 :
677 5764 731 5815 in
755 5759 784 5813 7
807 5757 1025 5826 scriptis
1049 5769 1175 5812 cum
1199 5757 1286 5812 ed.
1318 5758 1475 5814 Rom.
1511 5757 1650 5816 1468
1673 5768 1757 5815 est
1783 5757 1946 5814 tractu
1963 5778 1988 5826 ;

2111 3133 2319 3186 Bonon.
2355 3147 2409 3186 et
2435 3135 2635 3203 'l‘axaq.
2672 3135 3036 3202 adstipulante
3064 3133 3396 3188 Heumauno.
3429 3135 3626 3188 Parrli.
3661 3145 3714 3189 et

2107 3221 2284 3273 seqq,
2307 3206 2414 3257 sine
2442 3215 2600 3269 tactu,
2632 3206 2828 3260 notiori
2862 3221 2992 3259 voce
3021 3221 3116 3273 pro
3149 3205 3337 3258 rariori
3370 3207 3665 3259 substituto
3697 3224 3710 3263 :

2109 3274 2375 3340 Tractare,
2418 3277 2717 3342 tractabilis,
2759 3286 3004 3329 tractatus
3049 3275 3316 3346 interdum
3364 3276 3526 3339 idem,
3564 3279 3712 3346 quod

2107 3357 2340 3415 tangere,
2385 3348 2675 3415 tangibilis,
2709 3358 2892 3403 tactus.
2932 3347 3061 3404 Vide
3093 3345 3324 3402 Pieriam
3352 3347 3415 3400 ad
3442 3345 3709 3418 Virgilii).

2107 3434 2162 3471 ιιι
2195 3418 2372 3485 Georg
2405 3460 2418 3481 ,
2449 3434 2500 3470 γ.
2527 3420 2669 3474 502ε
2898 3436 2900 3439 '

2230 3509 2383 3559 Pellis
2407 3517 2458 3559 et
2479 3509 2535 3558 ad
2563 3516 2766 3560 tractum
2793 3513 3016 3559 tractanti
3041 3511 3160 3559 dura
3177 3512 3383 3560 resistit.

2105 3593 2262 3666 Conf.
2294 3604 2404 3648 not.
2445 3594 2510 3648 ad
2539 3595 2708 3657 Lacu,
2757 3597 2848 3650 lih.
2881 3613 2950 3654 vu
2989 3596 3244 3661 Institnu,
3277 3613 3396 3666 eap.
3428 3598 3520 3658 2t,
3553 3609 3614 3652 et.
3642 3598 3707 3652 ad

2106 3665 2202 3720 lib.
2224 3682 2254 3719 v
2283 3665 2515 3720 lnstitut.
2549 3682 2664 3737 cap.
2693 3667 2754 3721 21
2783 3685 2795 3719 :
2827 3667 3002 3723 Oculis
3035 3683 3289 3737 manuque
3314 3670 3597 3794 tt'achbile.

3471 3755 3558 3794 us.

3471 3755 3558 3794 UN.

2182 3808 2283 3862 Alii
2312 3809 2497 3876 ignem.
2529 3807 2707 3863 Zenon
2735 3809 3002 3876 videlicet,
3036 3819 3093 3866 ut.
3123 3825 3283 3875 supra
3325 3824 3395 3863 ex
3437 3811 3706 3866 Cicerone

2109 3879 2394 3955 citavimus
2418 3897 2430 3932 :
2458 3880 2604 3955 unde
2623 3880 2818 3955 Stoicis
2841 3879 3024 3955 δερμόν
3054 3887 3271 3952 πνεῦμα.
3305 3881 3570 3955 apud
3599 3884 3705 3939 Ne.

2108 3951 2333 4004 mesimn
2366 3951 2669 4010 Democrito
2695 3953 2830 4018 ignis
2847 3951 3148 4018 esit‘anima,
3180 3951 3319 4020 apud
3353 3953 3703 4008 Plutarchum

2109 4021 2399 4096 Demetrio,
2433 4021 2580 4096 apud
2604 4022 2927 4096 Macroliiutu
2953 4023 3278 4093 Hipparcho,
3311 4023 3447 4077 sicut
3468 4023 3704 4096 llippoui

2106 4108 2261 4162 aqua.
2290 4093 2422 4148 l-linc
2453 4093 2582 4147 illud
2620 4093 2770 4163 Virg.~
2802 4096 2852 4147 in
2888 4110 2972 4147 vi:

2288 4187 2469 4248 Igneus
2489 4193 2567 4236 est
2588 4185 2696 4235 ollis
2717 4194 2856 4248 vigor
2883 4193 2934 4236 et
2957 4186 3176 4236 caelestis
3198 4187 3352 4247 origo.

3041 4257 3188 4320 (Item
3210 4253 3259 4304 in
3283 4270 3327 4305 iv
3350 4256 3485 4318 diu.)

2178 4341 2326 4407 Quod
2354 4341 2527 4406 Gra’ce
2553 4351 2730 4396 ventus
2761 4340 2961 4413 ἄνεμος.
2996 4342 3112 4413 Alia
3143 4342 3370 4404 ratione,
3405 4339 3520 4392 sive
3549 4341 3704 4408 spiri-

2021 4443 2075 4503 Β
2103 4423 2228 4475 tum,
2254 4415 2364 4503 sive
2385 4414 2565 4494 ﬂatum
2589 4414 2812 4503 animam
2850 4410 2973 4494 nos.
2999 4410 3260 4503 dicimus;
3295 4426 3400 4462 non
3445 4420 3701 4503 tanquam

2103 4500 2195 4537 aer
2220 4484 2433 4551 quidam
2483 4485 2577 4546 sit,
2627 4485 2804 4552 qualis
2849 4484 3067 4551 Spiritus
3100 4482 3221 4545 ille,
3255 4496 3411 4550 quem
3442 4483 3703 4548 spirando

2107 4555 2389 4618 trahimus,
2439 4554 2530 4606 sed
2559 4557 2816 4620 spiritum,
2845 4557 2966 4622 quia
2997 4553 3581 4623 propriamquamdam
3609 4556 3702 4607 ha-

2100 4626 2192 4680 bet
2216 4635 2449 4677 naturam
2477 4627 2702 4691 corporis
2730 4622 3018 4693 expertem,
3051 4636 3094 4677 et
3121 4622 3398 4676 mundana?
3419 4625 3569 4676 molis
3602 4626 3702 4679 ele—

2101 4697 2281 4749 mentis
2312 4696 2541 4747 omnibus
2563 4695 2967 4766 excellentiorem
3002 4695 3455 4766 substantiamtut
3491 4699 3702 4766 Augus-

2104 4773 2197 4820 tin.
2234 4768 2444 4834 epistol.
2475 4766 2579 4819 ‘28:
2615 4765 2840 4831 Flatum,
2862 4767 2981 4833 quia
3001 4766 3108 4819 Deo
3126 4776 3198 4819 est
3228 4764 3520 4835 uisu/ﬂante
3549 4764 3700 4822 crea-

2102 4846 2186 4900 ta,
2215 4851 2266 4890 ut
2297 4853 2363 4892 ex
2393 4837 2568 4900 Mose,
2599 4837 2684 4890 lib.
2719 4853 2757 4904 1,
2788 4854 2902 4906 cap.
2933 4837 2997 4901 2,
3030 4852 3157 4890 vers.
3191 4837 3242 4889 7.
3269 4834 3415 4890 Idem
3448 4836 3518 4890 de
3537 4839 3698 4893 Civit.

2104 4909 2218 4972 Dei,
2242 4909 2334 4963 lib.
2363 4924 2472 4973 sin,
2488 4925 2605 4978 cap.
2626 4910 2716 4963 24.
2735 4909 2976 4961 Lactant.
2996 4916 3143 4962 certe
3165 4917 3350 4979 contra
3366 4908 3523 4976 plane
3537 4924 3696 4979 quam

2102 4981 2280 5043 stoici,
2309 4983 2428 5048 quia
2466 4977 2617 5049 partu
2648 4983 2882 5033 animam
2905 4980 2954 5031 iu
2981 4993 3176 5049 corpus
3205 4977 3464 5049 insinuari
3494 4977 3696 5035 statue-

2102 5051 2250 5114 haot,
2278 5052 2417 5119 quod
2448 5048 2502 5104 et
2529 5050 2840 5104 Lactantius
2859 5061 3069 5113 monet;
3104 5048 3442 5113 Aristoteles,
3469 5051 3538 5104 de
3567 5052 3700 5104 Ani-

2103 5123 2326 5198 tna.nlih.
2355 5137 2388 5186 I,
2415 5137 2533 5198 cap.
2565 5124 2614 5175 5.
2647 5121 3026 5198 Latinisetiaut
3053 5122 3252 5198 animus
3280 5128 3333 5173 et
3352 5122 3525 5174 anima
3549 5124 3697 5198 παρὰ

2100 5203 2184 5247 τὸν
2203 5189 2400 5265 ἄνεμον.
2429 5189 2581 5265 serv.
2611 5192 2676 5247 ad
2706 5192 2919 5265 Aineid.
2955 5192 3044 5246 ιιι).
3082 5207 3120 5246 ι.
3150 5189 3434 5265 Causea.

2173 5263 2481 5330 Consumpto
2508 5264 2617 5335 illo.
2651 5265 2745 5317 llis.
2767 5264 3002 5317 Clarom.
3025 5271 3322 5333 consumpto
3351 5263 3487 5328 oleo;
3509 5264 3697 5335 sicque

2100 5334 2201 5404 legi
2235 5336 2467 5388 malebat
2489 5333 2764 5389 Francius.

2171 5405 2372 5458 Alatur.
2408 5405 2479 5458 lta
2513 5419 2614 5458 ms.
2649 5407 2774 5459 Bov.
2804 5404 2942 5474 quod
2987 5404 3186 5459 rectius
3223 5403 3373 5473 juxta
3415 5403 3689 5458 Heuman-

2097 5493 2224 5532 num
2244 5493 2308 5531 ex
2324 5475 2558 5530 editione
2586 5477 2744 5531 147'2.
2779 5477 2832 5529 lu
2861 5477 2978 5528 aliis
3006 5476 3183 5541 alitur,
3204 5475 3298 5528 sed
3330 5475 3509 5528 minus
3531 5476 3688 5530 bene.

2171 5548 2338 5601 Sensu
2380 5557 2548 5600 aucta.
2583 5547 2636 5600 1d
2665 5558 2767 5612 est,
2797 5562 2958 5601 sensu
2989 5547 3263 5615 przrccssit
3299 5560 3490 5613 oppos.
3537 5563 3690 5602 sensu

2092 5620 2306 5689 indiget.
2335 5618 2471 5672 Vide
2501 5628 2610 5671 not.
2643 5621 2708 5672 ad
2739 5619 2830 5672 lih.
2864 5633 2901 5672 ιι
2947 5619 3176 5672 lustitut.
3199 5658 3214 5683 ,
3257 5631 3376 5686 cap.
3407 5617 3478 5689 ὃς
3511 5617 3692 5673 881ιεὶ-

2093 5691 2192 5744 bile
2207 5686 2339 5752 esse,
2362 5689 2499 5759 quod
2526 5705 2675 5743 sensu
2709 5690 2981 5759 prwditum
3007 5689 3182 5758 gignat
3207 5727 3224 5756 ,
3276 5698 3324 5741 et
3354 5686 3539 5743 habere
3569 5707 3689 5746 sen-

2059 5778 2224 5828 'sum,
2250 5761 2397 5830 cujus
2420 5777 2540 5831 pars
2566 5776 2717 5817 sensu
2742 5771 2894 5816 aucta
2915 5761 3004 5816 sit.
3032 5760 3173 5815 Buu.
