3856 6256
371 295 437 352 71
1350 285 1533 342 FIRM.
1577 283 1943 342 LACTANTII
1980 282 2089 342 LIB
2130 284 2214 341 DE
2252 282 2543 342 OPIFICIO
2585 284 2695 341 DEI
3590 290 3675 348 73.

371 412 451 466 sic
478 415 921 480 argumentantur
953 421 968 461 :
996 419 1060 462 ex
1088 420 1156 462 eo
1186 418 1347 477 posse
1374 404 1636 476 intelligi,
1661 404 1806 460 aliud
1832 420 1957 461 esse
1983 409 2038 467 Α
2059 403 2251 474 quibus
2280 407 2479 474 cogitat
2504 446 2518 470 ,
2566 411 2788 474 repente
2818 417 3042 458 somnus
3068 404 3281 475 obrepit
3306 445 3322 472 ,
3355 415 3410 461 et
3441 406 3495 462 in
3524 421 3650 480 spe-‘-

370 510 607 559 mentem
632 541 648 570 ,
678 499 822 556 aliud
846 500 1080 555 animam
1100 540 1116 567 ,
1145 498 1269 569 quia
1319 498 1573 553 incolumi
1595 498 1771 552 anima
1811 512 1963 553 mens

370 592 542 665 possit
569 591 847 662 extingui,
879 591 1024 661 quod
1047 589 1297 646 accidere
1319 590 1493 645 soleat
1527 587 1772 654 insanis;
1802 588 1926 643 item
1945 590 1983 654 ,’

367 685 511 757 quod
537 687 716 739 anima
748 692 922 739 morte
950 683 1213 754 sopiatur,
1244 682 1457 737 animus
1507 694 1703 737 somno
1726 721 1744 747 ,
1768 688 1824 735 et
1846 679 1967 750 qui-

368 779 491 834 dem
519 777 630 844 sic,
659 786 856 831 utnon
911 784 1158 843 tantum,
1224 774 1354 844 quid
1402 772 1532 839 ﬁat,
1579 782 1673 828 aut
1722 773 1811 827 ubi
1858 772 1963 838 sit,

369 877 615 944 ignoret,
645 870 743 927 sed
785 870 946 926 etiam
973 885 1154 926 rerum
1200 868 1455 924 falsarum
1506 865 1968 937 contemplatione

371 965 604 1019 fallatur.
632 961 787 1030 Quod
820 963 994 1034 ipsum
1018 961 1292 1031 quomodo
1323 960 1414 1014 iiat
1437 999 1454 1027 ,
1498 974 1607 1014 non
1639 968 1818 1031 potest
1846 975 1968 1031 per-

371 1055 578 1121 videri;
601 1070 699 1112 cur
724 1054 846 1122 ﬁat,
881 1062 1080 1123 potest.
1132 1052 1265 1107 Nam
1296 1051 1641 1122 requiescere
1669 1046 1818 1108 nullo
1841 1065 1970 1121 pac-

371 1156 428 1204 to
453 1161 739 1218 possumus
759 1187 773 1211 ,
804 1145 907 1201 nisi
938 1159 1090 1201 mens
1146 1144 1411 1199 visionum
1442 1143 1765 1215 imaginibus
1805 1157 1970 1199 occu-

370 1250 495 1312 pata
525 1248 793 1296 teneatur.
829 1238 986 1293 Latet
1032 1248 1216 1292 autem
1247 1250 1407 1291 mens
1451 1250 1710 1305 oppressa
1737 1250 1964 1302 somno,

370 1342 643 1403 tamquam
675 1332 811 1402 ignis
838 1329 1072 1385 obducto
1097 1329 1280 1384 cinere
1307 1328 1537 1398 sopitus,
1569 1342 1730 1399 quem
1761 1329 1807 1384 si
1838 1342 1971 1399 pau-

369 1425 535 1482 lulum
560 1425 954 1492 commoveris,
982 1436 1169 1478 rursus
1221 1420 1486 1487 ardescit,
1536 1430 1594 1477 et
1625 1422 1778 1491 quasi
1801 1421 1969 1493 evigi-

370 1520 465 1577 lat.
496 1520 767 1576 Avocatur
792 1533 923 1590 ergo
971 1516 1277 1587 simulacris
1304 1556 1322 1583 ,
1375 1515 1551 1571 donec
1601 1515 1845 1571 membra
1875 1529 1964 1571 so-

368 1628 503 1685 pore
540 1613 753 1683 irrigata
806 1619 1164 1681 vegetentur;
1222 1622 1421 1679 corpus
1476 1607 1659 1674 enim,
1702 1607 1967 1678 vigilante

370 1718 568 1771 sensu,
593 1703 721 1758 licet
744 1702 925 1772 jaceat
976 1700 1254 1756 immobile
1275 1741 1291 1766 ,
1340 1708 1520 1754 tamen
1566 1714 1675 1754 non
1701 1707 1788 1754 est
1814 1700 1968 1769 quic-

2069 499 2181 552 cies
2211 500 2483 568 proximas
2511 499 2713 553 sensim
2741 498 2855 568 ipsa
2885 498 3136 567 cogitatio
3164 498 3402 555 declinat
3433 517 3445 552 :
3477 501 3553 556 sic
3571 517 3652 569 ea,

2064 590 2319 669 quaepsibi
2343 600 2469 644 ante
2507 588 2697 645 oculos
2746 599 3031 659 posuerat,
3064 590 3250 645 videre
3296 605 3509 662 quoque
3530 593 3654 649 iuri.

2067 681 2163 749 pit.
2198 680 2402 734 Deinde
2450 678 2693 750 procedit
2752 680 3014 747 ulterius,
3063 690 3119 736 et
3172 682 3276 737 sibi
3314 695 3655 740 avocamenta

2072 770 2315 837 invenit,
2355 786 2424 826 ne
2476 771 2888 826 saluberrimam
2923 773 3159 842 quietem
3203 775 3449 845 corporis
3499 777 3656 833 inter-

2069 879 2301 938 rumpat.
2334 869 2463 924 Nam
2492 880 2548 924 ut
2567 885 2720 925 mens
2748 885 2845 939 per
2866 869 3009 927 diem
3037 872 3181 928 veris
3203 873 3506 931 visionibus
3529 890 3654 930 avo-

2067 971 2238 1026 catur,
2266 979 2332 1016 ne
2356 963 2702 1028 obdormiat,
2739 963 2807 1017 ita
2854 962 3004 1018 falsis
3057 976 3217 1021 nocte
3237 1007 3253 1032 ,
3282 981 3352 1022 ne
3373 968 3654 1023 excitetur.
3677 1010 3701 1032 .

2069 1051 2201 1107 Nam
2231 1054 2278 1108 si
2326 1054 2500 1108 nullas
2551 1053 2809 1122 imagines
2860 1063 3084 1122 cernat,
3113 1052 3207 1111 aut
3251 1056 3474 1126 vigilare
3517 1057 3658 1113 illam

2073 1161 2295 1202 necesse
2322 1138 2459 1213 erit,
2489 1159 2580 1200 aut
2609 1156 2863 1215 perpetua
2895 1155 3067 1203 morte
3112 1148 3301 1219 sopiri.
3356 1150 3657 1206 Dormiendi

2070 1255 2198 1309 ergo
2225 1254 2385 1295 causa
2415 1240 2611 1294 tributa
2641 1247 2726 1294 est
2748 1255 2779 1293 a
2806 1239 2918 1294 Deo
2946 1242 3084 1295 ratio
3113 1240 3457 1308 somniandi;
3483 1251 3539 1297 et
3555 1244 3662 1314 ψιτ-

2070 1331 2191 1388 dem
2224 1334 2276 1388 in
2305 1348 2595 1388 commune
2625 1332 2892 1388 universis
2935 1334 3303 1391 animantibus
3353 1353 3368 1391 :
3413 1337 3509 1391 sed
3535 1336 3660 1390 illud

2069 1425 2273 1480 homini
2326 1427 2635 1496 praecipue,
2694 1427 2835 1497 quod
2881 1442 3004 1481 cttm
3062 1441 3180 1482 eam
3220 1428 3485 1485 rationem
3529 1431 3664 1485 Dens

2069 1519 2264 1587 quietis
2283 1532 2441 1573 causa
2467 1517 2664 1586 daret,
2694 1517 3006 1574 facultatem
3048 1518 3150 1574 sibi
3196 1519 3417 1591 reliquit
3438 1520 3665 1578 docendi
3692 1518 3704 1591 ζ
3734 1506 3753 1529 τ

2070 1608 2342 1666 hominem
2378 1610 2552 1665 l’utura
2582 1626 2675 1680 per
2700 1611 2989 1666 somnium.
3019 1608 3151 1667 Nam
3173 1621 3229 1667 et
3252 1611 3497 1668 historia:
3524 1628 3666 1684 smpe

2070 1711 2337 1758 testantur
2364 1704 2607 1759 extitisse
2638 1705 2882 1772 somnia,
2930 1720 3161 1775 quorum
3195 1720 3437 1776 praesens
3483 1716 3540 1763 et
3578 1708 3669 1763 ad-

370 1803 514 1863 tum,
539 1793 663 1866 quia
684 1793 875 1863 ﬂagrat
899 1794 952 1848 in
974 1808 1042 1848 eo
1071 1806 1296 1856 sensus,
1320 1800 1376 1847 et
1405 1792 1584 1846 vibrat
1603 1832 1621 1860 ,
1643 1799 1700 1847 ut
1724 1790 1963 1861 ﬂamina,
1998 1804 2048 1864 Β
2077 1795 2333 1850 mirabilis
2358 1794 2520 1851 fuerit
2563 1805 2824 1864 eventus;
2854 1805 2908 1852 et
2936 1812 3193 1869 responsa
3241 1807 3423 1854 vatum
3461 1811 3674 1856 nostro—

370 1895 427 1942 et
451 1893 601 1941 artus
626 1900 817 1941 omnes
843 1883 912 1939 ad
938 1898 999 1939 se
1024 1882 1315 1939 adstrictos
1344 1892 1509 1939 tenet.

447 1977 554 2035 Sed
578 1988 863 2048 postquam
905 1989 1059 2031 meus
1106 1975 1173 2030 ad
1214 1974 1664 2046 contemplandas
1708 1975 1972 2048 imagines

370 2069 439 2125 ab
466 2071 761 2125 intentione
787 2067 1028 2123 traducta
1049 2075 1133 2123 est
1152 2109 1167 2134 ,
1203 2074 1331 2122 tunc
1351 2066 1570 2122 demum
1586 2081 1786 2138 corpus
1809 2083 1973 2125 omne
1998 2088 2002 2093 λ

375 2162 666 2220 resolvitur
685 2163 741 2218 in
781 2162 1038 2232 quietem.
1091 2161 1409 2214 Traducitur
1435 2168 1615 2215 autem
1642 2176 1798 2216 mens
1827 2163 1974 2234 c0gi-

375 2256 579 2310 talione
604 2269 745 2310 caeca
768 2295 785 2322 ,
812 2269 932 2308 cum
987 2251 1302 2322 cogentibus
1355 2251 1594 2306 tenebris
1643 2266 1826 2307 secum
1855 2262 1973 2309 tan-

373 2347 653 2403 tummodo
680 2361 803 2404 esse
828 2344 1056 2416 coeperit
1095 2362 1109 2400 :
1140 2344 1269 2399 dum
1328 2344 1534 2398 intenta
1586 2353 1672 2400 est
1694 2345 1746 2400 in
1778 2360 1873 2414 ea,
1904 2347 1973 2402 de

2076 1902 2194 1945 rum
2221 1902 2288 1942 ex
2312 1899 2463 1957 parte
2488 1889 2683 1943 somnii
2712 1889 3092 1945 constiterunt.
3124 1888 3303 1958 Quare
3330 1906 3512 1963 neque
3532 1907 3672 1948 sem-

2076 1993 2174 2049 per
2204 1994 2328 2033 vera
2358 1988 2517 2049 sunt,
2559 1995 2735 2051 neque
2778 1996 2996 2052 semper
3042 1981 3176 2038 falsa
3200 2024 3216 2049 ,
3247 1982 3477 2054 Virgilio
3507 1995 3675 2055 teste,

2078 2073 2167 2143 qui
2190 2073 2324 2129 duas
2360 2082 2543 2144 portas
2567 2074 2736 2130 voluit
2761 2089 2884 2132 esse
2908 2076 3263 2132 somniorum.
3297 2077 3405 2134 Sed
3423 2093 3550 2149 quae
3573 2079 3671 2135 fal-

2079 2180 2136 2221 sa
2165 2175 2322 2232 sunt,
2352 2165 2653 2222 dormiendi
2682 2181 2844 2223 causa
2894 2167 3184 2234 videnlur;
3231 2185 3351 2250 quae
3374 2184 3508 2226 vera
3532 2213 3548 2238 ,
3577 2173 3677 2226 im-

2080 2259 2360 2315 mittuntur
2406 2276 2436 2315 a
2471 2261 2615 2328 Deo,
2650 2273 2707 2314 ut
2735 2260 3019 2317 imminens
3071 2261 3273 2318 bonum
3323 2272 3419 2318 aut
3477 2265 3679 2320 malum

2079 2352 2180 2407 hac
2200 2353 2529 2409 revelatione
2553 2353 2846 2409 discamus.

1690 2483 2058 2546 VARIORUM
2097 2492 2325 2551 NOT/E.

494 2626 776 2691 Consilium,
802 2624 932 2689 quod
964 2636 1055 2675 nos
1076 2622 1287 2674 animum
1308 2625 1629 2687 mentemque
1652 2635 1898 2676 vocamus.

445 2734 581 2792 Stmt
608 2734 699 2804 qui
719 2733 996 2804 Actianam
1028 2731 1165 2787 hanc
1184 2731 1505 2804 sententiam
1534 2729 1641 2804 huc
1666 2729 1908 2786 referunt
1943 2747 1957 2787 :

370 2802 857 2877 Sapimus'animo,
890 2803 1116 2877 fruimur
1142 2803 1317 2877 anima
1346 2819 1361 2857 :
1393 2802 1510 2856 sine
1548 2803 1729 2877 animo
1777 2804 1954 2877 anima

370 2870 685 2933 cst—debilis.
727 2877 915 2930 Cicero
969 2876 1122 2943 prim.
1183 2873 1344 2927 Tusc.
1377 2881 1567 2943 quaest.
1603 2870 1955 2943 philosopho-

370 2964 487 3004 rum
519 2948 586 3002 de
612 2949 788 3001 anima
827 2942 1075 3015 dogmata
1120 2945 1349 3015 recitans
1372 2984 1388 3009 ,
1418 2942 1590 3015 inter
1637 2954 1833 2997 eastern
1874 2946 1953 3000 sic

370 3019 558 3074 scribit
590 3038 603 3073 :
632 3019 873 3072 Animum
908 3013 1078 3069 autem
1104 3013 1329 3069 animum
1361 3014 1511 3067 etiam
1535 3013 1641 3081 fere
1666 3018 1827 3067 nostri
1865 3015 1951 3069 de.

370 3091 567 3145 clarant
595 3088 866 3143 nominari.
924 3084 1063 3138 Nam
1110 3095 1157 3155 et
1194 3100 1357 3155 agere,
1393 3084 1649 3148 animant,
1681 3095 1729 3138 et
1774 3085 1955 3155 efﬂare

372 3162 686 3227 dicimus,et
706 3160 961 3212 animosos
981 3196 997 3222 ,
1027 3163 1085 3227 et?
1102 3154 1225 3208 bene
1272 3154 1524 3227 animatos
1544 3195 1588 3227 ,__
1608 3165 1655 3208 et
1699 3171 1763 3209 ea:
1799 3154 1957 3211 animi

368 3224 632 3287 sententia.
664 3229 788 3298 Ipse
812 3238 981 3298 autem
1001 3226 1203 3298 animus
1242 3224 1306 3298 ab
1337 3224 1511 3298 anima
1530 3224 1818 3298 _dictus_est.
1848 3231 1955 3282 Ae-

372 3304 532 3359 tianae
558 3293 837 3356 sententia:
865 3295 1093 3352 similem
1121 3294 1322 3349 Nonius
1352 3293 1632 3350 Marcellus
1665 3295 1823 3352 effert
1869 3297 1952 3354 Itis

370 3374 550 3427 verbis
580 3390 592 3424 :
627 3371 838 3424 Animus
868 3377 939 3422 est
960 3383 1073 3438 quo
1099 3367 1327 3436 sapimus
1347 3367 1562 3438 ,ranima
1587 3383 1688 3435 qua
1726 3369 1955 3424 vivimus.

372 3442 652 3498 Cornelius
682 3440 883 3495 Fronto
916 3456 930 3492 :
977 3437 1190 3492 Animus
1239 3437 1459 3507 qualitas
1492 3439 1699 3491 viventis
1723 3480 1737 3504 ,
1784 3441 1959 3494 anima

372 3530 527 3568 causa
554 3514 688 3567 vim.
732 3510 839 3566 Sed
865 3508 1144 3563 audiamus
1174 3524 1237 3563 ex
1278 3507 1554 3563 catholicis
1580 3508 1831 3579 aliquem
1858 3553 1872 3575 ,
1905 3524 1960 3566 et

371 3585 587 3653 quidem
640 3578 1275 3653 Augustinmn,‘diu‘in
1330 3578 1710 3653 philosophicis
1763 3581 1957 3637 studiis

375 3650 664 3711 versatum.
705 3650 754 3708 Is
782 3654 831 3706 iu
862 3652 999 3706 libro
1027 3651 1094 3706 de
1123 3650 1323 3719 Spiritu
1350 3660 1405 3705 et
1444 3650 1619 3705 anima
1640 3667 1759 3719 cap.
1784 3654 1853 3708 54
1882 3655 1960 3706 sic

374 3726 561 3781 scribit
595 3745 609 3781 :
641 3724 868 3795 Spiritus
908 3740 1000 3795 pro
1026 3722 1246 3795 spiritali
1270 3722 1444 3795 anima
1462 3762 1477 3787 ,
1515 3722 1593 3795 vel
1618 3738 1709 3795 pro
1737 3738 1794 3775 eo
1821 3723 1960 3795 quod

2066 3697 2194 3765 lieg.
2207 3739 2222 3762 ,

2069 2631 2261 2705 llistor.
2300 2635 2496 2691 animal
2529 2677 2544 2700 ,
2578 2652 2697 2705 cap.
2730 2636 2817 2703 10,
2852 2636 2947 2693 sed
2976 2645 3033 2693 et
3070 2637 3125 2693 in
3147 2653 3215 2694 eo
3246 2636 3413 2696 falsus
3437 2638 3680 2697 Lactan-

2068 2704 2173 2776 tius
2195 2714 2277 2759 ost
2300 2747 2315 2771 ,
2345 2707 2487 2776 quod
2514 2717 2569 2761 et
2600 2704 2868 2763 somnium
2899 2719 2952 2763 et
2996 2711 3322 2765 insomnium
3375 2713 3578 2767 mentis
3602 2712 3681 2767 af-

2063 2775 2235 2855 lectus
2265 2775 2384 2832 esse
2438 2787 2618 2855 putat,
2647 2794 2769 2855 cum
2815 2780 2932 2855 sint
2975 2779 3310 2855 phantasite,
3363 2792 3421 2838 ut
3466 2783 3565 2837 lib.
3611 2783 3680 2855 de

2062 2850 2292 2901 iusmnn.
2326 2863 2376 2903 c.
2412 2866 2460 2917 p.
2494 2850 2673 2904 etdixi
2702 2866 2824 2921 sup.
2880 2851 2977 2905 lib.
3009 2867 3081 2907 vn
3129 2853 3390 2925 lnstit_ut.,
3422 2867 3551 2925 cap.
3586 2853 3677 2910 12.

2130 2985 2331 3062 Sapore
2365 2990 2581 3058 irrigata
2613 3001 2921 3062 vegetentur.
2958 2993 3111 3060 Quod
3143 2922 3537 3049 carelsa‘clttjgrna
3594 3008 3684 3048 re-

1981 3052 2026 3115 C
2058 3052 2223 3140 qnie',
2255 3052 2504 3117 durabile
2536 3079 2641 3140 non
2672 3052 2756 3119 cst
2780 3081 2794 3129 ;
2820 3052 3001 3132 inquii
3019 3064 3265 3140 OVitiillS.
3318 3063 3559 3140 Necesse
3598 3074 3685 3119 est

2058 3135 2220 3184 etiam
2253 3145 2485 3188 mentem
2514 3135 2797 3202 quiescere
2825 3154 2836 3187 :
2865 3151 2985 3204 quae
3007 3137 3164 3203 quies
3191 3150 3418 3197 somnus
3445 3135 3679 3203 dicitur,

2059 3216 2182 3254 cum
2213 3216 2434 3258 somnus
2465 3204 2597 3258 nihil
2619 3205 2763 3259 aliud
2789 3208 2895 3271 sit,
2925 3220 3087 3275 quam
3118 3205 3287 3259 animi
3318 3206 3498 3275 quies.

2184 3310 2276 3361 Hic
2296 3318 2493 3375 reparat
2512 3314 2675 3377 vires,
2701 3312 2929 3378 fessaque
2955 3314 3177 3378 membra
3201 3318 3366 3378 novat.

2957 3376 3112 3432 Ovid.
3145 3392 3212 3433 ex
3243 3376 3449 3433 Βετυι..

2137 3482 2282 3559 Meus
2312 3487 2619 3559 cogitatione
2640 3502 2795 3541 cteca.
2829 3487 3050 3542 Scilicet
3077 3487 3381 3559 phantasia.

2137 3557 2503 3610 Avocamcnta.
2532 3558 2586 3612 lu
2620 3576 2722 3612 ius.
2756 3559 2884 3613 Bov.
2909 3557 3294 3612 adnotamenta.

2146 3624 2373 3699 Necesse
2387 3629 2501 3681 erit.
2530 3630 2619 3684 Sic
2645 3631 2860 3696 reposui
2885 3644 2949 3683 ex
2978 3645 3109 3684 mss.
3159 3627 3511 3699 Regio-PaL,
3548 3630 3585 3684 5
3609 3631 3686 3686 al.

2274 3700 2305 3751 ϐ
2346 3698 2608 3761 Colhcrt.,
2670 3702 2878 3764 Marm.,
2938 3701 3077 3763 Εεη..
3135 3700 3340 3763 Baluz.,
3397 3699 3676 3767 (llat'om.,

2063 3768 2255 3831 Brun.,
2284 3768 2370 3829 cili
2399 3767 2595 3824 Cellar.
2629 3771 2685 3825 In
2712 3772 2738 3824 1
2774 3772 2906 3841 lteg.
2934 3782 2989 3825 et
3010 3771 3219 3826 eunetis
3252 3786 3387 3841 pene
3416 3771 3688 3842 vulgatis,

369 3799 530 3869 spirat
558 3798 609 3851 in
638 3791 869 3865 corpore.
901 3791 1034 3848 Item
1058 3791 1308 3846 animum
1356 3791 1493 3846 idem
1531 3792 1746 3845 dicimus
1766 3835 1779 3854 ,
1823 3791 1960 3862 quod
2066 3791 2255 3831 ¹³¹’¹¹¹¹·ι
2284 3791 2367 3829 ⁸⁸⁸·

379 3872 595 3892 unum..-
633 3884 645 3892 .
670 3867 752 3892 --Α
786 3867 953 3892 -..;...,..
978 3865 1093 3892 ..ιη-
1162 3864 1359 3892 -...'......
1381 3862 1577 3892 “mm.-
1637 3860 1784 3892 n...t..
1819 3865 1961 3892 mam.
2064 3854 2264 3892 necesse
2292 3849 2367 3892 est

372 3860 598 3922 animum
627 3860 752 3922 :sed
781 3867 955 3920 anima
978 3865 1093 3918 vitte
1112 3903 1127 3927 ,
1159 3864 1359 3916 animus
1379 3862 1593 3917 consilii.
1635 3860 1784 3917 Unde
1815 3860 1961 3917 aiunt

373 3939 700 4011 philosophi,
730 3947 777 3991 et
803 3938 911 3990 sine
931 3936 1101 4011 animo
1130 3935 1285 3987 vitam
1304 3949 1557 4011 manere,
1575 3942 1623 3986 et
1661 3934 1771 3986 sine
1798 3944 1964 4011 mente

374 4002 599 4064 indutam
638 4002 827 4062 durare
856 4049 872 4073 ,
899 4008 1026 4061 sicut
1046 4008 1101 4058 in
1126 4002 1427 4057 amentibus.
1476 4003 1557 4056 Ad
1584 4013 1798 4057 nteutent
1827 4005 1961 4058 enim

373 4083 623 4152 pertinere
648 4081 862 4145 videtur,
884 4077 1088 4152 ut_sciat
1106 4092 1125 4141 ;
1142 4074 1211 4128 ad
1225 4074 1455 4152 animum
1473 4115 1489 4140 ,
1517 4084 1572 4128 ut
1590 4073 1726 4152 velit.
1752 4075 1959 4152 Bs'run.

375 4145 616 4206 'Alterum
670 4159 899 4219 poetam
934 4148 1254 4217 Epicureum
1275 4145 1540 4219 __c_reditur
1587 4161 1639 4219 a_
1683 4145 1962 4219 Lactantio

379 4223 652 4291 Virgilium
672 4214 844 4276 'l'uisse
872 4214 1228 4291 designatum.
1275 4214 1527 4291 Virgilius
1554 4216 1778 4291 enimjn
1818 4215 1960 4291 (ly-is

308 4312 313 4317 ο
375 4286 514 4350 vers.
552 4296 586 4349 5
607 4302 663 4349 et
684 4293 718 4346 4
751 4293 865 4359 ipse
887 4304 946 4345 se
996 4288 1316 4359 Epicureum
1359 4288 1652 4359 prolitetnr.
1699 4286 1834 4359 Hine
1860 4287 1964 4342 Fa-
2071 4288 2281 4359 niorum
2315 4289 2635 4358 interpretes
2665 4288 2905 4353 fuerunt,
2933 4299 2986 4344 et
3017 4286 3274 4343 liominns
3305 4304 3401 4357 per
3426 4287 3687 4344 .lohelem

377 4365 595 4429 bricius,
624 4365 717 4419 lib.
741 4356 959 4430 tit,cap.
981 4356 1322 4430 55'Biblioth.
1351 4356 1554 4430 Grajcte
1581 4357 1854 4428 Virgilium
1879 4374 1964 4414 re-
2071 4360 2185 4430 ὶωᾳ
2214 4356 2556 4414 divinationis
2600 4375 2770 4429 genus
2814 4361 3131 4415 mortalibus
3173 4356 3437 4429 promisit.
3471 4360 3585 4416 Sed
3633 4369 3691 4415 et

377 4437 658 4490 tnlitinter
679 4428 993 4502 Epicureos.
1045 4429 1149 4484 Alii
1198 4439 1375 4482 tamen
1427 4428 1705 4483 Horatium
1738 4441 1958 4502 putant,
1989 4438 2041 4498 ι)
2069 4430 2120 4483 in
2149 4429 2440 4483 Gentilium
2472 4428 2710 4486 historiis
2759 4446 2905 4499 saepe
2959 4428 3222 4487 insomnia
3270 4432 3513 4502 minime
3542 4447 3688 4486 vana

376 4524 535 4577 quem
566 4508 705 4577 inter
731 4501 1028 4577 Epicureos
1082 4508 1267 4569 poetas
1316 4509 1636 4577 nnmerant,
1696 4501 1964 4577 praecipue
2070 4511 2396 4565 occurrunt;
2453 4503 2629 4577 qualia
2670 4502 2933 4567 Valerius,
2979 4501 3073 4577 lib.
3124 4518 3139 4555 ι
3192 4502 3402 4577 aliquot
3435 4501 3688 4572 collegit,

377 4568 441 4632 ex
471 4578 585 4632 Ode
606 4579 641 4633 ὅ
670 4568 794 4631 libri
816 4591 864 4639 ι,
895 4583 948 4627 et
972 4568 1294 4643 Semnonum
1324 4569 1418 4643 lib.
1444 4585 1521 4643 n_,_
1544 4568 1725 4643 Satyr.
1763 4571 1818 4625 3.
1852 4568 1877 4643 ξ
2069 4587 2372 4643 quanquam
2408 4568 2738 4643 peripatetici
2785 4589 2999 4627 omnem
3036 4573 3146 4628 fere
3184 4568 3577 4643 divinationem
3591 4568 3688 4643 ἐκ

451 4649 609 4703 Aliud
630 4647 873 4701 animam.
906 4644 996 4701 Sic
1024 4657 1125 4698 ms.
1160 4642 1313 4708 Bov.,
1344 4639 1396 4694 in
1438 4639 1597 4696 editis
1633 4639 1762 4697 vero
1792 4641 1968 4699 minus
2069 4639 2295 4697 somniis
2347 4639 2558 4697 tollunt'.
2608 4644 2999 4699 Circumlertur
3031 4641 3377 4705 Artemidori,
3432 4642 3575 4696 liber
3618 4642 3690 4697 de

378 4719 517 4774 bene
544 4720 736 4789 legitur
764 4717 907 4789 alind
942 4715 1369 4789 esse_animam._
1611 4782 1639 4789 _
1691 4782 1737 4789 __
1792 4718 1812 4789 ξ
1877 4784 1889 4789 _
2068 4714 2399 4789 seruulorum
2454 4715 2928 4789 interpretatione,
2987 4716 3170 4789 meris_
3212 4713 3445 4789 refertus
3494 4714 3686 4789 nugis.

2073 4782 2390 4857 Macrobius,
2413 4800 2531 4855 cap.
2560 4787 2616 4853 5,
2647 4786 2739 4840 lib.
2769 4801 2785 4838 ι
2808 4788 2875 4840 dc
2897 4785 3120 4857 Somnio
3139 4782 3692 4857 Scipionis,quint]ue

2071 4855 2372 4909 somniandi
2400 4870 2598 4924 genera
2630 4858 2833 4912 diserte
2865 4865 2920 4910 et
2946 4855 3165 4926 copiose
3197 4855 3565 4980 ριιοὸειιιιίιιιτ.

3334 4940 3493 4979 erue.

3334 4940 3493 4979 E'I‘UL.

2138 3930 2281 3985 Illud
2336 3933 2527 4005 homini
2565 3934 2844 4005 praecipue.
2893 3933 3242 3989 Heumaunus
3300 3942 3453 4004 putat
3494 3933 3690 4005 legen—

2063 4003 2190 4076 tium
2218 4018 2375 4076 esse,
2426 4003 2515 4058 sed
2565 4004 2696 4059 illud
2736 4005 2973 4076 hominis
3020 4003 3335 4076 pt'tecipnunt
3376 4015 3475 4071 est,
3525 4003 3690 4076 juxta

2066 4073 2204 4149 lianc
2255 4075 2532 4149 Ciceronis
2586 4075 2911 4149 locutionem
2943 4073 3095 4149 om.
3132 4073 3228 4149 pro
3264 4075 3478 4147 Ligario
3511 4073 3638 4149 εἴθ
3671 4095 3687 4134 :

2072 4143 2188 4218 Hoc
2208 4156 2339 4199 certe
2361 4146 2675 4215 pra’cipuum
2706 4146 2989 4218 Tuberonis
3019 4149 3117 4217 fuit
3134 4143 3159 4213 ’,
3181 4143 3351 4218 quod:
3432 4216 3439 4218 Α
3489 4217 3492 4218 ν
3590 4144 3595 4149 ’

2143 4214 2463 4284 Fuluraper
2493 4214 2765 4289 somnium.
2803 4217 2869 4273 Ut
2911 4214 3203 4289 Iosephus
3229 4228 3281 4273 ct
3314 4216 3497 4289 Daniel
3530 4233 3690 4273 som-

454 4782 676 4846 Fiatfln
710 4804 811 4844 ms.
846 4787 975 4842 Bov.
1020 4783 1222 4839 Faciat.
1254 4792 1309 4839 et
1333 4783 1470 4839 BUN.
1498 4813 1561 4823 ——
1601 4782 1737 4849 Quid
1785 4782 1962 4849 faciat.

380 4861 533 4916 Rost.
578 4860 712 4916 Ven.
765 4859 929 4924 H71,
983 4856 1093 4920 72,
1138 4865 1361 4924 utraque
1404 4853 1524 4908 78-
1555 4852 1725 4924 i515.
1770 4852 1965 4922 Paris.,

377 4932 554 4999 Junt.,
609 4931 781 4995 Crat.,
832 4928 1062 5000 Gryph.,
1118 4923 1398 4991 'l‘homas.,
1448 4923 1964 5000 lsmus,AGal_lteus,

378 4997 743 5075 Spark'.,Aquid
764 4997 1244 5075 ﬁatq'llenmanuo
1270 4998 1622 5075 approbante.
1650 4998 1720 5075 et
1764 4997 1965 5063 Entm.,

379 5066 561 5142 Cirim,
582 5066 775 5136 'G'otb.,
806 5071 979 5140 Lips.,
1006 5068 1267 5142 Reitnm.,
1299 5066 1424 5142 quid
1446 5066 1630 5142 faciat.
1650 5066 1781 5142 Bon.

455 5136 573 5200 Nisi
600 5162 769 5208 meus,
800 5136 905 5197 etc.
941 5142 1033 5196 Est
1055 5138 1197 5194 enim
1221 5180 1236 5203 ,
1267 5136 1324 5192 ut
1353 5139 1542 5193 Cicero
1561 5136 1759 5192 alicubi
1786 5139 1963 5202 docet,

382 5215 578 5273 mentis
628 5207 959 5269 incredibilis
1010 5208 1225 5264 videndi
1268 5210 1381 5264 veri
1431 5207 1714 5278 cupiditas.
1768 5208 1873 5263 Sed
1905 5223 1967 5265 ea

383 5304 505 5357 pars
525 5302 642 5362 qua:
671 5286 922 5362 φᾳντασᾷα
941 5281 1142 5362 Grtecis
1165 5322 1179 5346 ,
1214 5280 1391 5335 latinis
1412 5280 1719 5361 imaginatio
1744 5278 1965 5344 dicitur,

380 5350 657 5414 erroribus
678 5350 916 5411 'obnoxia
946 5396 961 5420 ,
993 5361 1227 5407 mentem
1254 5365 1398 5419 saepe
1440 5364 1623 5404 secum
1665 5350 1716 5403 in
1748 5363 1964 5405 errores

383 5431 562 5484 ltﬂllil.
588 5429 895 5485 Lactantius
932 5426 1040 5485 ait,
1073 5422 1309 5476 animum
1344 5436 1521 5475 rerum
1552 5420 1807 5475 falsarum
1834 5434 1968 5475 con-

383 5502 728 5571 tuuiplationc
758 5497 866 5552 falli
888 5493 1044 5571 ,_l‘alli
1073 5493 1233 5547 etiam
1261 5491 1561 5571 insomniis.
1606 5490 1964 5571 lf‘hantasma,

380 5561 690 5628 Laclantius
711 5566 1094 5638 cogitationem
1117 5577 1313 5638 caucam
1338 5562 1597 5617 nominat.
1628 5561 1835 5638 Beroe.

452 5643 590 5699 Nam
618 5632 1045 5710 requiescere..."
1077 5635 1391 5710 imaginibus
1437 5643 1684 5687 teneatur.
1706 5632 1841 5710 Quid
1878 5632 1967 5702 qui

379 5732 487 5774 non
531 5706 842 5778 somniant,
902 5720 952 5765 et
1005 5706 1966 5778 tamendormiuntet__quiescuut,

380 5797 439 5847 ut
466 5785 652 5879 scribit
676 5775 841 5847 Aristi
875 5781 930 5843 iu
958 5779 1125 5843 libell.
1164 5777 1234 5837 de
1274 5775 1477 5838 Somno
1504 5776 1557 5835 in
1605 5776 1697 5833 tlu.
1732 5784 1786 5834 et
1828 5790 1880 5832 tv
1902 5775 1970 5835 de

2153 4995 2336 5050 Vatum
2369 5005 2676 5052 nostrorum.
2718 4996 2775 5052 Id
2799 5006 2880 5051 est
2920 4996 3333 5067 prophetarum.
3380 4995 3685 5052 Fnstvmus.

2146 5067 2228 5121 Ea:
2258 5079 2399 5134 parte
2423 5070 2608 5123 somnii
2625 5069 2975 5122 constiterunt.
2996 5067 3072 5123 Ita
3094 5083 3285 5122 omnes
3311 5082 3441 5121 mss.
3464 5077 3517 5120 ct
3544 5067 3688 5123 editi

2072 5137 2234 5193 Rom.
2268 5138 2417 5203 M70,
2456 5140 2615 5201 1474,
2641 5141 2863 5203 (Iollan,
2891 5138 3102 5194 Walirh.
3125 5138 3183 5193 lu
3207 5139 3420 5193 caeteris
3446 5138 3689 5206 impres-

2071 5212 2147 5264 sis
2176 5219 2258 5264 est
2283 5226 2348 5264 ea:
2366 5219 2509 5281 parte
2527 5211 2736 5264 somniis
2761 5212 3165 5265 constituerunt:
3191 5208 3332 5279 quod
3361 5209 3532 5278 magis
3568 5211 3685 5281 plne

2072 5291 2220 5351 ceret
2239 5282 2284 5335 si
2313 5280 2800 5351 tnanuscriptorum
2833 5281 3111 5337 l‘ulciretur
3136 5283 3488 5344 auctoritate;
3520 5280 3690 5349 quasi

2074 5350 2319 5406 diceret:
2355 5349 2705 5407 Oraculorum
2747 5364 3054 5407 nnSerI‘um
3088 5366 3209 5421 pars
3245 5351 3503 5416 maxima,
3536 5352 3690 5405 vati-

2072 5421 2367 5477 cinantium
2395 5423 2602 5477 somnia
2632 5423 2865 5488 luerunt,
2894 5422 2989 5479 sed
3021 5421 3266 5488 quaedam
3285 5436 3432 5491 vera,
3457 5429 3511 5475 et
3527 5434 3693 5491 quat-

2071 5494 2195 5547 dam
2210 5490 2713 5557 falsa.—Hscous'r.
2733 5494 2984 5550 Attamen
3003 5493 3269 5549 editiones
3282 5490 3425 5556 Aldi,
3441 5490 3691 5560 Erasmi,

2074 5563 2376 5635 Thomasii,
2409 5563 2592 5635 Tltysii
2615 5608 2629 5629 ,
2655 5575 2782 5631 etc.,
2817 5565 3021 5635 habent
3044 5564 3254 5635 somniis
3282 5563 3688 5635 constituerunt.

2157 5632 2368 5706 Virgilio
2407 5632 2547 5690 teste.
2572 5636 2707 5691 Vide
2736 5635 2925 5706 Virgil.
2960 5633 3178 5690 lEneid.
3209 5650 3258 5690 v1
3286 5634 3427 5706 circa
3464 5634 3638 5688 linem
3674 5653 3691 5690 :

2076 5704 2215 5781 hanc
2249 5704 2454 5781 'sotnnii
2490 5707 2758 5781 ﬁctionem
2816 5704 3021 5781 primus
3052 5706 3345 5781 expressit
3385 5704 3691 5781 Homerus,

2076 5775 2333 5855 Odyssea:
2353 5776 2445 5837 lib.
2476 5799 2554 5849 τ..
2589 5778 2677 5843 ubi
2707 5772 3005 5853 Penelopes
3034 5772 3292 5838 describit
3320 5772 3692 5848 insomniqu
3726 5804 3741 5819 -
