3912 6256
751 451 976 509 CAPUT
1027 451 1173 509 XIX.

559 585 642 641 De
667 585 855 651 animo,
891 601 1045 656 eaque
1080 603 1112 641 a
1142 585 1252 644 Deo
1273 591 1439 646 data.‘

268 721 393 778 Illud
415 735 633 792 quoque
652 720 834 776 venire
852 719 905 776 in
927 721 1281 792 quaestionem
1306 734 1502 796 potest,
1528 683 1776 784 utrunine

197 815 364 870 anima
389 829 449 869 ex
478 822 650 882 patre,
676 828 743 867 an
773 813 946 882 potius
972 828 1038 868 ex
1064 822 1255 881 matre,
1287 831 1354 871 an
1384 833 1515 874 vero
1542 835 1607 875 ex
1631 829 1776 876 utro-

193 924 294 980 que
312 913 613 980 generetur.
649 905 754 962 Sed
783 920 884 976 ego
910 905 960 960 id
990 907 1130 962 ineo
1155 907 1278 977 jure
1305 909 1374 964 ab
1401 912 1618 982 ancipiti
1646 929 1775 970 ven-

199 1003 331 1058 dico.
359 999 499 1056 Nihil
527 999 674 1055 enim
703 1015 766 1054 ex
798 998 884 1054 his
913 1001 1086 1055 tribus
1110 1015 1296 1056 verum
1322 1012 1425 1071 est,
1458 1006 1578 1074 quia
1601 1022 1776 1076 neque

193 1112 251 1151 ex
279 1103 516 1166 utroque,
542 1109 721 1165 neque
745 1108 813 1149 ex
836 1093 1100 1150 alterutro
1129 1105 1380 1152 seruntur
1402 1081 1618 1154 animae.
1643 1098 1776 1154 Cor-

189 1205 280 1258 pus
295 1188 434 1244 enim
455 1201 524 1243 ex
546 1185 866 1256 corporibus
891 1186 1037 1242 nasci
1064 1197 1258 1258 potest,
1282 1191 1534 1259 quoniam
1561 1190 1774 1246 confer-

131 1302 149 1320 ο
191 1289 268 1336 tur
292 1278 489 1350 aliquid
516 1293 584 1334 ex
617 1288 877 1349 utroque;
909 1279 978 1334 de
1005 1279 1200 1336 animis
1226 1281 1401 1336 anima
1433 1297 1540 1338 non
1571 1293 1770 1353 potest,

190 1372 304 1442 quia
325 1386 392 1426 ex
415 1385 476 1426 re
505 1369 652 1424 tenui
679 1377 736 1424 et
756 1370 1284 1440 incompreltensibili
1313 1371 1444 1428 nihil
1476 1384 1650 1443 potest
1675 1375 1772 1429 de-

189 1463 388 1518 cedere.
422 1461 610 1532 Itaque
668 1461 1020 1518 serendarum
1075 1463 1376 1518 animarum
1426 1467 1563 1521 ratio
1593 1467 1774 1522 uniae

129 1566 162 1597 ρ
186 1557 284 1612 soli
314 1556 418 1612 Deo
444 1555 718 1625 subjacet.

391 1669 640 1728 Denique,
668 1669 858 1720 caelesti
883 1684 1051 1722 sumus
1067 1685 1240 1723 omnes
1263 1675 1455 1724 semine
1481 1671 1672 1724 oriundi
1697 1688 1708 1722 :

395 1731 628 1782 Omnibus
651 1731 737 1782 ille
762 1732 893 1782 idem
918 1741 1058 1797 pater
1082 1741 1181 1797 est,

1408 331 1607 392 LIBER
1650 331 1738 392 DE
1776 330 2072 393 OPIFICIO
2111 334 2239 392 DEI.
3407 341 3478 399 74

1808 458 1856 516 Α
1891 453 2152 524 corporis,
2186 451 2366 522 inquo
2395 456 2477 508 est
2497 451 2717 508 materia
2741 453 3018 522 nascendi,
3047 467 3166 510 cum
3193 469 3357 514 sensu
3385 473 3486 513 vo—

1881 547 2099 617 luptatis
2127 547 2357 614 emittat,
2381 546 2465 602 vel
2493 547 2752 618 recipiat;
2783 557 2838 604 et
2867 547 3000 603 citra
3027 547 3131 605 hoc
3156 565 3290 621 opus
3311 550 3477 608 homo

1879 640 2102 705 resistit,
2136 654 2236 694 nec
2263 637 2496 709 amplius
2529 639 2822 710 quidquam
2855 648 3036 710 potest
3065 651 3158 698 :et
3178 641 3302 699 ideo
3325 645 3474 700 nasci

1879 731 1981 786 sibi
2011 731 2152 786 filios
2190 739 2381 805 optapt
2403 773 2416 794 ,
2455 732 2580 802 quia
2610 746 2717 787 non
2750 732 2849 801 ipsi
2877 731 3102 788 faciunt.
3133 734 3341 790 Caetera
3364 736 3475 807 jam

1880 824 1972 880 Dei
2011 832 2137 879 sunt
2162 824 2342 879 omnia
2363 865 2379 892 ,
2413 823 2619 880 scilicet
2649 833 2944 894 conceptus
2975 825 3116 897 ipse,
3149 836 3206 881 et
3231 828 3477 898 corporis

1879 917 2206 982 informatio,
2241 926 2292 973 et
2325 915 2609 986 inspiratio
2630 917 2844 980 animae,
2869 926 2924 972 et
2953 927 3138 987 partus
3162 919 3474 987 incolumis,

1878 1021 1934 1067 ει
1965 1027 2318 1083 quaecumque
2362 1011 2621 1082 deinceps
2643 1011 2708 1067 ad
2732 1011 3006 1067 hominem
3043 1013 3474 1069 conservandum

1878 1106 2093 1171 valent;
2118 1106 2262 1162 illius
2285 1122 2481 1162 munus
2503 1117 2621 1174 est,
2653 1105 2796 1176 quod
2839 1106 3108 1176 spiramus
3133 1149 3146 1172 ,
3171 1107 3316 1178 quod
3343 1109 3478 1164 vivi-

1880 1213 2020 1264 mus,
2052 1199 2195 1266 quod
2236 1197 2499 1269 vigemus.
2531 1198 2664 1253 Nam
2715 1207 3074 1268 praeterquam
3119 1199 3261 1269 quod
3306 1200 3476 1270 ipsius

1879 1289 2144 1344 beneficio
2173 1291 2472 1344 incolumes
2501 1304 2687 1344 sumus
2718 1305 2947 1359 corpore
2978 1331 2990 1355 ,
3024 1301 3078 1346 et
3103 1293 3244 1361 quod
3275 1293 3477 1349 victum

1879 1383 2036 1438 nobis
2053 1398 2117 1438 ex
2141 1382 2306 1438 variis
2328 1382 2492 1437 rebus
2513 1381 2909 1444 subministrat,
2925 1384 3246 1452 sapientiam
3263 1400 3478 1455 quoque

1879 1475 2084 1531 homini
2113 1475 2322 1542 tribuit,
2341 1491 2501 1546 quam
2539 1484 2787 1530 terrenus
2817 1474 3113 1544 paterdare
3136 1476 3285 1532 nullo
3313 1478 3478 1534 modo

1877 1578 2080 1640 potest.
2116 1569 2348 1639 Ideoque
2375 1578 2430 1624 et
2457 1568 2525 1624 de
2551 1569 2886 1638 sapientibus
2910 1569 3096 1634 stulti,
3123 1580 3179 1626 et
3207 1571 3275 1626 de
3301 1572 3481 1628 stultis

1878 1661 2152 1731 sapientes
2181 1675 2327 1729 smpe
2357 1668 2685 1723 nascuntur;
2717 1659 2859 1729 quod
2889 1659 3106 1730 quidam
3137 1661 3246 1715 fato
3269 1706 3282 1728 ,
3313 1677 3376 1718 ac
3404 1664 3478 1718 si—

1877 1755 2099 1810 deribus
2127 1754 2424 1825 assignant.
2449 1754 2554 1810 Sed
2574 1769 2684 1808 non
2711 1763 2795 1809 est
2817 1769 2958 1810 nunc
2980 1754 3129 1810 locus
3144 1754 3214 1810 de
3235 1754 3346 1810 fato
3371 1755 3481 1811 dis-

197 1848 253 1894 ut
274 1840 341 1893 ait
359 1835 660 1894 Lucretius.
684 1838 814 1893 Nam
838 1839 904 1895 de
934 1841 1256 1897 mortalibus
1286 1858 1391 1898 non
1419 1851 1596 1913 potest
1614 1842 1769 1913 quid-
1800 1857 1848 1917 Β
1877 1844 2118 1902 serendi.
2153 1844 2268 1899 Hoc
2295 1843 2479 1899 dicere
2507 1843 2639 1898 satis
2664 1852 2747 1899 est
2769 1885 2782 1907 ,
2812 1843 2957 1912 quod
2983 1845 3197 1900 etiamsi
3221 1854 3367 1901 astra
3395 1845 3478 1902 ef-

195 1949 338 2004 quam
365 1932 458 1988 nisi
491 1933 732 1988 mortale
751 1935 1024 2002 generari.
1053 1934 1163 1990 Nec
1199 1936 1374 2005 putari
1401 1944 1555 2007 pater
1574 1935 1764 2002 debet,

191 2027 272 2096 qui
301 2025 674 2092 transfudisse,
699 2035 791 2080 aut
819 2025 1112 2096 inspirasse
1141 2027 1376 2082 animam
1408 2029 1474 2082 de
1497 2043 1596 2084 suo
1622 2029 1768 2084 nullo

194 2120 340 2176 modo
380 2119 575 2184 sentit;
637 2134 758 2184 nec,
813 2119 856 2174 si
885 2120 1107 2185 sentiat,
1169 2120 1384 2190 quando
1435 2130 1613 2178 tamen
1637 2163 1651 2189 ,
1679 2132 1770 2177 aut
1806 2123 1810 2126 ⁷

187 2213 436 2284 quomodo
465 2213 518 2268 id
543 2214 659 2279 ﬁat,
691 2213 847 2268 habet
870 2214 1052 2268 animo
1079 2215 1552 2284 comprehensum.

252 2306 323 2361 Ex
360 2321 462 2376 quo
512 2315 762 2376 apparet,
794 2321 899 2360 non
946 2322 974 2358 a
1032 2307 1344 2375 parentibus
1373 2306 1489 2361 dari
1521 2307 1730 2362 animas
1751 2349 1765 2374 ,

128 2413 162 2442 ν
188 2395 274 2452 sed
299 2397 362 2452 ab
389 2411 494 2451 uno
522 2396 828 2466 cadentque
856 2397 1101 2451 omnium
1138 2398 1250 2452 Deo
1269 2409 1444 2468 patre,
1473 2398 1564 2468 qui
1597 2398 1769 2469 legem

188 2487 532 2558 rationemque
553 2488 814 2544 nascendi
841 2497 987 2544 tenet
1009 2489 1180 2552 solus,
1212 2488 1482 2560 siquidem
1515 2489 1662 2544 solus
1687 2489 1767 2546 ef-

187 2581 304 2636 ficit.
330 2581 454 2636 Nam
473 2582 681 2638 terreni
703 2582 940 2652 parentis
973 2583 1102 2638 nihil
1125 2591 1229 2648 est,
1261 2585 1364 2640 nisi
1398 2593 1454 2639 ut
1482 2583 1763 2642 humorem

1872 1938 2160 1994 ficientiam
2190 1953 2368 1992 rerutn
2386 1937 2684 1998 continent,
2721 1935 3070 1990 nihilominus
3093 1951 3122 1990 a
3155 1937 3268 1993 Deo
3294 1939 3475 1992 omnia

1871 2029 1991 2086 ﬁeri
2023 2038 2230 2085 certum
2255 2037 2373 2093 est,
2399 2031 2488 2100 qui
2519 2037 2662 2082 astra
2689 2027 2802 2097 ipsa
2831 2035 2882 2083 et
2915 2027 3040 2083 fecit
3061 2071 3076 2095 ,
3105 2038 3160 2084 et
3181 2029 3473 2086 ordinavit.

1874 2122 2046 2192 Inepti
2067 2137 2200 2190 ergo
2228 2160 2244 2187 ,
2285 2121 2376 2190 qui
2403 2120 2541 2175 hanc
2587 2120 3048 2190 potestatem-Deo
3076 2120 3392 2188 detrahunt,
3423 2131 3480 2178 et

1874 2215 2022 2284 operi
2055 2214 2175 2283 ejus
2204 2212 2524 2268 attribuunt.

1948 2305 2063 2360 Hoc
2091 2306 2252 2376 igitur
2280 2305 2373 2360 Dei
2403 2319 2628 2359 munere
2649 2303 2855 2360 caelesti
2881 2313 3045 2374 atque
3067 2303 3332 2375 praeclaro
3359 2347 3375 2371 ,
3405 2322 3474 2362 an

1878 2409 2114 2463 utamur,
2143 2414 2211 2452 an
2241 2413 2347 2453 non
2373 2407 2620 2462 utamur,
2654 2396 2707 2450 in
2731 2405 2914 2451 nostra
2939 2411 3063 2452 esse
3090 2396 3262 2452 voluit
3293 2405 3478 2466 potes-

1881 2500 2008 2547 tate.
2035 2491 2148 2547 Hoc
2169 2489 2313 2546 enim
2345 2504 2626 2556 concesso,
2657 2488 2832 2558 ipsum
2857 2487 3130 2544 hominem
3153 2487 3372 2544 virtutis
3394 2504 3479 2542 sa-

1875 2597 2150 2642 cramento
2182 2583 2444 2655 religavit,
2469 2597 2574 2652 quo
2597 2583 2762 2637 vitam
2790 2589 2974 2651 posset
2998 2582 3246 2652 adipisci.
3277 2583 3468 2653 Magna

1495 2726 1856 2785 VARIORUM
1886 2727 2115 2783 ΝΟΤᾹΞ.

253 2861 352 2937 Sed
362 2879 459 2937 ego
479 2864 531 2916 id
545 2865 565 2917 i
575 2882 612 2937 ιι
631 2880 690 2919 eo
703 2867 823 2937 jure
847 2867 911 2920 ab
926 2865 1138 2929 ancipiti
1165 2867 1390 2920 vendico.
1411 2865 1485 2921 Ita
1508 2880 1608 2920 ms.
1633 2865 1764 2920 Bov.

186 2936 324 3004 quasi
345 2935 487 2989 dicas
520 2953 532 2987 :
565 2935 637 2989 At
669 2935 760 3007 ego
798 2937 851 2990 in
871 2954 925 2990 re
945 2937 1098 2991 dubia
1129 2946 1175 2990 et
1206 2937 1423 3004 ancipiti
1443 2937 1496 2990 id
1516 2937 1764 3006 judican-

190 3007 298 3078 dum
322 3015 472 3076 puto,
505 3007 645 3060 nihil
691 3023 754 3061 ea:
782 3008 860 3061 Itis
886 3009 1044 3062 tribus
1081 3023 1252 3061 verum
1295 3025 1420 3062 esse.
1455 3007 1667 3078 Vulgati
1695 3007 1766 3078 ita

191 3077 429 3150 scribunt,
447 3078 546 3150 sed
583 3093 676 3149 ego
697 3078 750 3130 id
771 3094 880 3133 meo
901 3080 1022 3150 jure
1050 3079 1113 3132 ab
1133 3079 1349 3148 ancipiti
1363 3077 1605 3144 vendico’;
1625 3077 1766 3149 quod

191 3148 375 3202 nullum
404 3147 576 3203 eflicit
610 3147 852 3204 Sensum.

261 3237 396 3292 Nihil
421 3240 593 3314 exilis
623 3240 785 3314 tribus
809 3257 981 3296 rerum
1006 3252 1100 3314 est.
1136 3243 1298 3298 Vides
1325 3243 1375 3298 in
1409 3251 1520 3297 toto
1551 3242 1654 3314 hoc
1681 3258 1772 3301 ca-

192 3309 292 3383 pite
337 3311 508 3383 negari
558 3311 756 3366 animre
813 3327 906 3383 per
960 3313 1236 3368 traducem
1283 3309 1766 3383 propagationem:

195 3379 528 3453 unde_falsum
555 3392 665 3448 est,
693 3379 839 3453 quod
886 3383 1131 3438 Rullinus
1161 3379 1303 3453 apud
1351 3379 1572 3440 Hieron.
1610 3385 1703 3438 lib.
1735 3401 1770 3440 ll

195 3451 300 3526 adv.
324 3451 618 3517 Bullinum,
647 3451 904 3526 scripsit;
935 3453 1060 3525 Legi
1090 3451 1338 3524 quosdam
1363 3458 1603 3518 dicentes,
1635 3456 1773 3526 quod

199 3525 365 3596 pariter
387 3539 500 3596 cum
523 3540 744 3596 corpore
761 3541 848 3589 per
870 3524 1082 3580 humani
1093 3527 1322 3596 corporis
1341 3526 1604 3581 traducem
1621 3524 1772 3580 etiam

194 3594 757 3664 animwdiffundantur,
780 3606 826 3649 et
849 3596 979 3658 hwc,
998 3594 1446 3664 quibus'poterant.
1467 3597 1772 3650 adsertioni-

198 3664 278 3717 bus
299 3665 688 3737 conﬁrmabant,
716 3667 854 3734 quod
880 3677 1000 3737 puto
1013 3669 1145 3722 inter
1167 3666 1379 3722 Latinos
1403 3666 1773 3721 Tertullianum

198 3736 415 3804 sensisse
436 3776 450 3796 ,
476 3739 555 3790 uel
588 3736 924 3791 Lactanlinin
960 3739 1220 3804 fortasse,
1249 3747 1296 3792 et
1320 3737 1593 3792 nonnullos
1618 3738 1768 3792 alios.

200 3803 394 3861 Rectius
415 3805 783 3878 Hieronymus
810 3809 1008 3863 refutat
1027 3803 1298 3864 Bullinum
1331 3826 1344 3862 :
1379 3809 1637 3876 Quantum
1663 3825 1770 3863 me-

202 3879 342 3950 ritoria
371 3879 599 3950 suggerit
623 3920 638 3944 ,
669 3880 764 3932 nisi
792 3889 960 3932 tamen
988 3881 1164 3949 fallor,
1208 3881 1376 3934 nescio
1402 3921 1416 3942 ,
1449 3896 1527 3934 me
1555 3880 1735 3950 legisse
1753 3921 1768 3944 ,

199 3946 508 4026 Lactantii—un
541 3952 942 4026 also'nupopévnu
967 3946 1062 4026 (al.
1083 3967 1146 4004 ea:
1171 3951 1390 4026 traduce
1409 3946 1630 4026 factam)
1659 3952 1770 4004 ani-

200 4035 318 4092 mum
343 4019 522 4092 dicere.
555 4019 826 4074 Creten-inii
853 4022 938 4090 qui
961 4021 1142 4090 legisse
1167 4032 1214 4074 te
1239 4019 1438 4086 scribis,
1469 4022 1571 4086 dic,
1596 4019 1646 4074 in
1673 4038 1773 4092 quo

197 4088 312 4141 libro
338 4090 535 4159 legeris,
571 4106 634 4143 ne
665 4101 717 4143 ut
745 4107 824 4144 tne
849 4088 1205 4154 dorttiicttteiit,
1236 4093 1310 4145 sic
1339 4093 1484 4145 illum
1515 4088 1772 4146 mortuum

199 4161 521 4214 calumniatus
543 4177 655 4214 esse
673 4161 910 4216 uidearis.
927 4161 1189 4232 Lactantii
1211 4163 1522 4232 Opinionem
1546 4177 1774 4227 cognos-

197 4245 278 4302 eas
315 4247 380 4286 ex
419 4247 539 4298 cap.
574 4231 660 4297 17,
697 4233 790 4286 lib.
836 4247 942 4299 vn,
986 4231 1402 4302 lnstitnt.,cap.
1439 4233 1474 4288 5
1511 4242 1564 4288 et
1609 4233 1700 4289 lib.
1737 4249 1772 4288 ιι

200 4299 440 4370 lnstitnt.,
466 4317 590 4372 cap.
626 4301 713 4356 10.
747 4302 883 4357 Buu.

262 4393 503 4449 Seruntur
530 4396 742 4450 animle.
772 4397 869 4451 Ms.
901 4395 1062 4452 Cane.
1092 4407 1148 4454 et
1179 4399 1244 4456 10
1273 4398 1401 4454 editi
1430 4398 1633 4454 addunt
1658 4415 1772 4452 cor-

203 4465 406 4532 poribus,
434 4467 581 4535 quod
604 4468 784 4522 caeteri
809 4479 1088 4537 respuunt.
1111 4471 1250 4524 sicut
1277 4479 1332 4525 et
1351 4485 1480 4525 mss.
1512 4469 1771 4524 Francius

201 4537 340 4609 forte,
369 4537 685 4591 inseruntur.
715 4538 814 4594 Ms.
849 4539 990 4607 Lips.
1023 4551 1259 4596 seruntur
1287 4543 1460 4595 animo
1485 4551 1533 4596 et
1564 4557 1769 4609 corpus.

199 4607 707 4680 —7Quianeque.....
733 4611 988 4665 Seruntur
1029 4614 1234 4666 auimw.
1279 4613 1562 4680 Qtimritur,
1599 4607 1776 4666 utrum

202 4679 356 4732 anima
383 4680 449 4732 sit
485 4695 554 4734 ex
590 4679 835 4745 traduce,
867 4681 920 4735 id
951 4693 1057 4747 est,
1103 4697 1281 4738 utrum
1309 4679 1503 4738 anima
1532 4699 1655 4738 cum
1686 4698 1776 4739 se-

203 4748 335 4823 ntina
361 4749 659 4823 traduciet
691 4753 978 4807 transmitti
1022 4754 1212 4823 possit.
1252 4754 1556 4808 Lactantius
1597 4762 1773 4821 negat.

204 4816 527 4874 Rectissime.
552 4818 687 4874 Nam
718 4825 982 4876 contraria
1014 4816 1500 4880 assertiodamnata
1529 4834 1632 4880 est.
1653 4816 1776 4879 Vid.

205 4891 325 4967 Aug.
348 4891 397 4967 in
421 4890 515 4944 lib.
534 4891 915 4967 delimresibus
930 4894 997 4949 ad
1019 4895 1172 4962 Quod
1198 4896 1314 4950 vult
1339 4899 1519 4958 detnn,
1543 4911 1662 4967 cap.
1685 4895 1776 4960 86,

205 4958 265 5038 in.
292 4962 444 5028 epist.
481 4961 557 5038 ad
605 4963 662 5038 δ.
709 4958 1166 5038 111ειριιγιηζήει·
1200 4967 1359 5038 Oros.
1408 4958 1778 5038 presbyjerutn

205 5030 373 5107 inissa,
396 5041 449 5086 ει
481 5034 532 5107 in
561 5033 721 5107 epist.
750 5034 814 5088 ad
834 5030 1049 5107 Optau;
1076 5030 1338 5107 Eucher.,
1360 5030 1776 5107 isnper'Genes.

207 5099 264 5172 gul
303 5117 360 5155 ea
399 5099 608 5168 verba,
657 5103 719 5155 Et
762 5099 1043 5172 wdiﬁcavit
1074 5099 1334 5162 Dominus
1365 5099 1505 5161 Deus
1549 5116 1781 5172 costam;

210 5169 506 5260 Hieronlxm.
529 5175 596 5227 ad
625 5189 836 5260 versum
864 5169 932 5229 t5
960 5178 1149 5246 psalm.
1176 5195 1340 5241 xxxii;
1359 5180 1417 5232 S.
1437 5178 1723 5260 Thomam.
1749 5169 1781 5231 u

211 5246 570 5308 contr.Gent.,
586 5258 705 5314 cap.
726 5246 814 5311 86,
836 5262 887 5316 p.
906 5261 958 5317 p.
977 5259 1166 5318 quaest.
1191 5265 1376 5312 cxvnt,
1406 5259 1510 5304 art.
1527 5250 1581 5303 ‘2.
1599 5247 1781 5303 Is.£us.

279 5332 497 5404 Denique
522 5337 730 5402 acelecti,
755 5347 860 5392 etc.
891 5339 1094 5394 Praeter
1113 5340 1420 5396 Lucretium
1445 5339 1613 5394 habes
1639 5341 1786 5394 Arati

215 5408 592 5470 auctoritatem,
612 5425 767 5477 quam
787 5408 1205 5467 Atheniensibus
1239 5413 1364 5467 olim
1392 5411 1624 5466 oblrnsit
1655 5411 1790 5465 Doc-

219 5478 294 5524 tor
335 5478 562 5544 genlium
595 5489 736 5557 :_To~3
778 5483 876 5557 γᾴρ
909 5486 994 5535 καὶ
1015 5483 1152 5552 γένος
1176 5485 1347 5557 iouis;
1382 5483 1556 5552 Ipsius
1581 5482 1790 5557 enimet

218 5559 360 5612 genus
386 5565 578 5605 sumus.
608 5549 1044 5606 LocusL'ucrett'i
1079 5563 1160 5607 est
1179 5549 1315 5609 libro
1338 5570 1372 5608 ιι
1403 5549 1544 5608 vers.
1577 5553 1701 5608 990.

287 5613 454 5671 Pater.
490 5618 724 5676 Subaudi
754 5623 959 5676 animae.

221 5683 494 5810 Infima.
533 5688 662 5746 Mss.
691 5691 760 5748 10
779 5704 832 5748 ει
878 5692 1002 5748 edd.
1037 5692 1092 5763 5,
1121 5695 1184 5750 de
1219 5711 1332 5750 sua.
1361 5695 1596 5765 Utraque
1631 5692 1792 5749 lectio

287 5772 370 5811 na.

293 5829 504 5896 Quando
530 5848 716 5901 tamen,
775 5848 861 5892 aut
907 5841 1179 5908 quomodo.
1209 5838 1378 5896 Abest
1422 5846 1592 5892 tamen
1641 5851 1670 5892 a
1696 5852 1790 5894 sex

649 5931 925 5994 ΡΑτιιοι..
962 5931 1095 5996 VII.
1120 5984 1124 5988 .

1877 2879 2008 2919 mss.
2033 2872 2087 2918 et
2115 2865 2147 2918 4
2177 2863 2366 2928 editis;
2396 2862 2450 2916 in
2479 2862 2648 2916 tribus
2691 2870 2776 2915 est
2798 2870 3067 2930 quantum,
3099 2876 3200 2930 pro
3231 2867 3436 2931 quando
3461 2883 3481 2932 ;

1878 2935 1930 2989 in
1961 2951 2065 2988 ms.
2095 2935 2256 3000 Pen.,
2288 2951 2386 3004 qua
2411 2934 2606 2986 ratione
2629 2940 2823 3004 tamen.

1951 3004 2073 3060 Non
2124 3023 2154 3058 a
2201 3001 2496 3072 parentibus
2525 3003 2638 3056 dari
2665 3003 2886 3055 animas.
2916 3001 3136 3057 Certum
3170 3013 3273 3066 est.
3305 3006 3471 3063 Deum

1877 3079 2054 3132 vocari
2089 3075 2611 3148 patrcmgspiritutrm
2638 3117 2651 3140 ,
2684 3073 2808 3143 quia
2836 3073 2952 3148 ipse
2982 3073 3191 3128 animas
3215 3087 3378 3148 creat
3421 3089 3476 3132 et

1877 3144 2198 3217 Corpori-bus
2250 3144 2503 3217 infundit.
2544 3144 2651 3200 Per
2679 3144 3082 3217 generationem
3136 3146 3284 3200 nullo
3312 3149 3474 3204 modo

1876 3215 2057 3289 potest
2110 3217 2336 3288 produci
2395 3215 2571 3270 anima
2625 3215 2944 3289 rationalis;
2991 3230 3097 3269 non
3128 3217 3271 3270 enim
3303 3221 3473 3275 virtus

1875 3286 2162 3358 corporea,
2192 3289 2365 3358 qualis
2395 3298 2478 3342 est
2503 3286 2816 3358 generatio,
2862 3292 3037 3358 potest
3074 3300 3355 3356 assurgere
3404 3292 3469 3346 ad

1875 3355 2286 3431 productidnem
2319 3360 2396 3415 rei
2428 3355 2752 3431 Spiritualis.
2773 3356 2882 3431 lloc
2909 3357 3068 3410 etiam
3097 3355 3472 3431 argumentum

1875 3427 1988 3487 ictu
2045 3431 2183 3486 hanc
2235 3431 2433 3485 evincit
2477 3447 2490 3482 :
2536 3427 2790 3497 quidquid
2821 3429 2910 3499 Iit,
2939 3437 3021 3480 est
3068 3428 3152 3499 vel
3184 3444 3250 3483 ex
3297 3430 3472 3499 aliqua

1876 3503 2201 3571 pracjacente
2227 3501 2471 3565 materia,
2501 3499 2588 3553 vel
2619 3499 2678 3551 lit
2703 3513 2769 3552 ex
2805 3497 2996 3571 nihilo,
3026 3497 3110 3552 vel
3130 3539 3143 3562 ,
3178 3497 3472 3556 secundum

1874 3567 2038 3638 illos,
2081 3575 2170 3641 qni
2214 3572 2393 3625 modos
2421 3579 2671 3641 tanquam
2703 3569 2909 3623 medios
2943 3567 3087 3623 inter
3114 3583 3214 3624 ens
3253 3580 3307 3626 et
3338 3572 3474 3628 nihil

1874 3638 2188 3714 ponunt,“
2219 3643 2383 3695 modis
2418 3640 2513 3693 rei.
2534 3638 2734 3714 ’Anima
2764 3647 2941 3714 autem
2970 3654 3078 3692 non
3109 3650 3190 3694 est
3213 3653 3474 3714 ex_mate-

1872 3709 1974 3778 ria,
2007 3714 2131 3782 quia
2161 3715 2232 3767 ita
2262 3719 2407 3768 esset
2435 3709 2756 3782 corporalis,
2785 3709 2930 3777 quod
2958 3718 3224 3782 repugnat
3249 3711 3366 3780 ejus
3389 3729 3473 3769 ac-

1876 3779 2132 3848 tionibus,
2185 3799 2320 3852 quas
2368 3779 2809 3852 independenter
2839 3794 2871 3852 ιι
2926 3780 3148 3852 materia
3184 3779 3469 3849 producit;
3517 3849 3520 3852 .

1874 3871 2052 3926 neque
2079 3871 2146 3909 ex
2171 3849 2359 3920 modis,
2389 3852 2535 3908 modi
2562 3851 2706 3905 enim
2740 3849 3248 3926 η11ιὶι-ριοοί1ιιευηιι
3281 3852 3473 3926 saltem

1875 3919 1979 3982 hoc
2021 3935 2226 3980 certum
2283 3919 2404 3990 εει,
2437 3936 2543 3976 non
2575 3934 2732 3994 posse
2763 3919 3064 3994 producere
3079 3921 3352 3994 _spiritum
3383 3925 3474 3994 qui

1875 3997 2036 4051 etiam
2067 4007 2188 4066 post
2217 3992 2769 4066 eorporis_inleritum
2793 3991 3266 4066 subsistit._Rcstat
3295 3991 3475 4064 itaque

1873 4077 1933 4122 ut
1973 4061 2082 4121 fiat'
2112 4081 2176 4120 ex
2221 4061 2390 4121 nihilo
2419 4083 2431 4118 :
2462 4063 2623 4116 homo
2648 4073 2830 4118 autem
2868 4079 2936 4116 ex
2963 4061 3130 4134 nihilo
3161 4078 3264 4117 non
3293 4061 3473 4134 potest

1875 4138 2176 4208 producere
2205 4135 2432 4208 aliquid,
2461 4134 2585 4204 quia
2617 4134 2758 4189 inter
2786 4143 2968 4208 ens_et
2993 4133 3129 4208 nihil
3158 4133 3366 4208 inlinita
3393 4147 3477 4192 est

1873 4205 2152 4275 distantia,
2182 4205 2310 4280 quae
2329 4223 2434 4263 non
2459 4213 2638 4274 potest
2661 4205 2923 4276 superari,
2959 4205 3131 4331 uisitg
3174 4205 3400 4261 intinita.

3074 4327 3080 4331 _
3135 4291 3256 4331 ALL.

3073 4291 3256 4336 ,UALL.

1946 4348 2089 4422 Citra
2129 4352 2223 4405 hoc
2257 4367 2386 4422 opus
2417 4351 2567 4405 homo
2591 4349 2800 4422 resistit.
2845 4348 2918 4422 Ita
2937 4362 3126 4422 omnes
3161 4349 3274 4422 fere
3299 4346 3470 4422 editi:

1874 4421 2090 4490 quidam
2121 4418 2300 4477 tamen
2328 4438 2460 4476 mss.
2490 4423 2576 4476 hic
2608 4419 2793 4490 legunt
2815 4419 2942 4490 citra
2970 4418 3065 4490 hoc
3085 4418 3473 4490 opusghumoris

1798 4509 1850 4570 ι)
1876 4488 2030 4570 istum
2059 4494 2207 4547 homo
2227 4493 2430 4570 resistit.
2464 4493 2534 4548 At
2560 4492 2675 4570 haec
2690 4489 2881 4570 intima
2905 4488 3472 4570 lectio-mendosa'est,

1879 4564 2040 4616 etiam
2070 4571 2206 4620 teste
2235 4562 2570 4618 Ilenmanno.
2601 4561 2656 4616 In
2689 4561 2722 4614 8
2752 4560 2979 4626 vulgatis
3000 4567 3144 4611 estet
3167 4559 3321 4611 circa.
3347 4557 3478 4613 Post

1880 4650 2010 4699 opus
2025 4649 2156 4688 mss.
2179 4635 2202 4687 1
2232 4631 2794 4699 Bonon.,Regio«I’ut.
2816 4639 2871 4683 et
2893 4630 2925 4684 6
2945 4630 3014 4683 al.
3049 4627 3217 4699 Reg,
3238 4631 3269 4699 ti
3290 4626 3472 4693 Colb.,

1931 4706 2043 4766 ict.,
2074 4703 2220 4766 Gat.,
2243 4703 2460 4768 Marm.,
2495 4698 2700 4763 Baqu.,
2736 4701 2881 4761 Em.,
2921 4699 3113 4761 Brun.,
3155 4698 3280 4752 edd.
3317 4699 3472 4754 Rom.

1883 4773 2043 4828 M70.
2080 4775 2224 4839 Ald.,
2258 4773 2486 4844 Graph,
2515 4773 2661 4828 Crat.
2699 4770 2905 4844 addunt
2933 4769 3173 4844 [iunioris
3207 4770 3386 4844 istius,
3418 4781 3478 4826 ut

1878 4844 1988 4915 jam
2007 4844 2209 4902 dictum
2235 4839 2596 4915 csté—Homo
2615 4840 2906 4915 resistitald
2931 4839 3220 4915 est,__sistit,
3248 4841 3476 4915 _ver_b_u_tn

1883 4909 2244 4988 compositum
2287 4932 2387 4988 pro
2424 4913 2698 4988 simplici;
2734 4911 2862 4966 nihil
2905 4911 3139 4980 amplius
3176 4909 3306 4982 agit.
3340 4912 3434 4966 Vel
3461 4953 3474 4976 ,

1885 4986 1988 5042 hoc
2015 5003 2180 5054 opere
2200 4986 2421 5049 omisso,
2451 4986 2614 5040 homo
2642 4999 2744 5038 non
2773 4992 3104 5037 nasceretur.

1959 5051 2249 5112 Incolumes
2275 5073 2449 5112 sumus
2483 5071 2714 5132 corpore.
2767 5055 2840 5132 lix
2884 5069 3012 5132 mss.
3045 5063 3100 5107 et
3123 5051 3337 5132 .pris_ei_s
3363 5055 3479 5108 vul-

1886 5129 2022 5199 gatis
2048 5144 2140 5184 sex
2171 5139 2226 5183 et
2244 5131 2278 5182 2
2297 5143 2408 5184 rec.
2428 5123 2765 5198 reposuimus
2792 5125 3103 5190 incolumes;
3123 5123 3177 5178 in
3199 5123 3358 5179 editis
3387 5140 3482 5180 tto-

1886 5215 2008 5254 vem
2039 5209 2122 5255 est
2149 5201 2410 5254 incolumi.

1962 5270 2042 5323 An
2087 5279 2312 5336 utamur,
2339 5287 2406 5324 an
2443 5285 2545 5324 non
2577 5280 2801 5323 utamur.
2836 5267 3111 5322 Posterius
3139 5267 3436 5323 membrum
3464 5309 3480 5332 ,

1890 5341 2032 5408 quod
2079 5341 2130 5395 in
2162 5357 2291 5395 mss.
2330 5341 2366 5394 2
2398 5342 2604 5395 Bonon.
2632 5381 2646 5404 ,
2675 5339 2811 5394 Tax.
2841 5347 2896 5392 et
2919 5340 2952 5393 4
2982 5355 3093 5394 rec.
3121 5339 3477 5404 desideratur,

1892 5413 1999 5467 huc
2016 5429 2082 5466 ex
2109 5412 2174 5466 2i
2207 5412 2423 5478 scriptis
2473 5422 2528 5467 et
2569 5427 2636 5466 ex
2667 5411 2753 5466 ed.
2784 5410 2940 5465 Rom.
2994 5409 3156 5476 1468,
3202 5408 3401 5465 Cellar.
3427 5420 3483 5464 et

1896 5482 2101 5537 Walch.
2127 5483 2520 5538 revocavimus.

1965 5553 2239 5623 Ileligavit.
2274 5553 2410 5609 Vide
2439 5569 2598 5618 supra
2627 5552 2721 5608 lib.
2751 5568 2800 5606 tv
2829 5551 2944 5606 Div.
2970 5551 3201 5607 Institnt.
3227 5567 3346 5622 cap.
3381 5549 3449 5606 28
3468 5591 3482 5616 .

1895 5623 2578 5702 initio,id_est,obligavit._
2624 5695 2634 5702 _
2699 5696 2710 5702 -
2761 5694 2798 5702 ἢ
2933 5700 2946 5702 Α
3185 5692 3199 5702 _
3421 5689 3451 5702 _,

1971 5693 2085 5761 Quo
2115 5697 2269 5750 vitam
2296 5692 2460 5765 posset
2490 5695 2731 5766 adipisci.
2761 5694 2890 5750 Post
2933 5700 3050 5750 haec
3089 5692 3290 5766 verba_._
3315 5692 3492 5766 oratio

1899 5768 2070 5843 ppsita
2103 5767 2156 5843 in
2187 5762 2441 5843 inferiore
2485 5762 2753 5843 libri_or_a
2801 5774 2946 5843 extat
2967 5767 3019 5843 in
3041 5778 3168 5819 mss.
3195 5762 3230 5816 6
3257 5762 3436 5843 Reg?”
3458 5762 3491 5817 8

1903 5833 2190 5908 Vaticanis,
2221 5838 2255 5896 6
2275 5837 2538 5907 Colbert.,
2559 5837 2594 5894 ‘2
2615 5836 2873 5902 Son-bon,
2901 5836 2936 5894 4
2963 5835 3137 5893 Oxon.
3161 5848 3224 5889 ac
3254 5833 3321 5890 15
3351 5833 3490 5904 aliis,

2889 5927 3012 6002 .3-
