3912 6256
378 297 449 355 75
956 272 961 273 ί
1304 281 1314 319 ί
1356 286 1547 346 ιιτπω.
1585 281 1994 344 LACTANTllE

2119 329 2122 341 .
2162 283 2256 342 DE
2293 284 2471 344 OPll".
2509 282 2647 342 DEI.
3636 275 3722 337 '76

383 424 469 474 est
490 412 632 471 enim
657 411 739 468 vis
772 407 1005 465 hominis
1025 447 1043 476 ,
1085 418 1275 477 magna
1302 404 1444 460 ratio
1465 446 1480 473 ,
1505 418 1759 475 magnum
1795 417 1975 458 sacra—
2008 407 2054 466 Α
2081 404 2241 471 derit,
2271 403 2318 459 si
2339 412 2532 470 terrm,
2566 414 2725 473 quam
2755 400 2969 458 calcare
2990 411 3055 457 ac
3088 398 3308 458 vincere
3333 398 3516 460 debet
3546 441 3563 465 ,
3593 413 3709 484 non

390 520 628 567 mentum
656 523 669 563 :
699 522 730 561 a
751 519 856 576 quo
876 504 921 559 si
938 501 1058 574 quis
1084 516 1191 555 non
1215 499 1494 565 defecerit,
1518 513 1620 553 nec
1641 496 1799 552 ﬁdem
1825 512 1976 552 suam
2080 494 2350 563 servierit,
2381 495 2544 584 vitam
2576 493 2871 550 merebitur
2895 494 3300 565 sempiternam.

314 602 835 676 ³,προενοιίθιιειιηίιιιι)
879 593 1216 666 prodiderit;
1244 591 1335 646 hic
1362 592 1556 647 beatus
1579 630 1596 656 ,
1627 589 1715 644 hic
1745 588 1982 660 denique
2141 652 2155 675 ο
2358 590 2365 599 “
2689 606 2920 665 CAPUT
2956 607 3077 663 xx.

294 666 329 728 θ’
385 695 483 768 (ut
513 666 992 759 brevitervliniam)
1024 682 1219 742 similis
1246 685 1357 740 Deo
1384 684 1455 740 sit
1490 697 1713 739 necesse
1737 692 1841 739 est.
1888 682 1983 737 Er-

387 798 471 844 rat
495 786 637 843 enim
666 781 907 856 quisquis
933 778 1208 835 hominem
1239 791 1406 832 carne
1428 775 1673 859 metitur.
1704 773 1836 827 Nam
1858 788 1983 828 cor-

391 879 670 952 pusculum
702 874 806 929 hoc
827 915 843 942 ,
871 887 978 943 quo
1021 869 1194 926 induti
1222 884 1442 935 sumus,
1473 867 1710 922 hominis
1736 874 1982 936 recepta-

388 972 568 1029 culum
595 976 694 1024 est.
719 964 851 1021 Nam
882 964 995 1033 ipse
1018 962 1180 1018 homo
1208 975 1382 1030 neque
1411 958 1578 1028 tangi,
1599 974 1773 1029 neque
1792 957 1983 1028 aSpici,

386 1075 560 1132 neque
576 1054 957 1125 comprehendi
971 1052 1301 1124 potest,quia
1319 1052 1447 1106 latet
1464 1052 1601 1105 intra
1616 1049 1719 1106 hoc
1742 1050 1884 1121 quod
1910 1049 1989 1103 vi-

388 1152 564 1209 detur.
585 1149 685 1219 Qui
704 1148 750 1201 si
772 1146 1030 1202 delicatus
1044 1145 1215 1216 magis
1232 1158 1295 1199 ac
1314 1152 1465 1198 tener
1486 1143 1540 1198 in
1561 1142 1662 1198 hac
1687 1143 1793 1197 vita
1807 1142 1986 1209 fuerit,

386 1260 545 1319 quam
576 1242 713 1299 ratio
734 1240 851 1311 ejus
877 1238 1142 1309 exposcit,
1175 1237 1221 1293 si
1245 1237 1441 1293 virtute
1464 1244 1799 1307 contempta,
1844 1235 1991 1292 desi-

381 1336 548 1394 deriis
576 1350 635 1391 se
662 1332 843 1389 carnis
862 1329 1166 1396 addixerit,
1195 1328 1385 1394 cadet,
1416 1337 1471 1383 et
1496 1338 1774 1397 premetur
1803 1328 1853 1381 in
1879 1336 1987 1382 ter-

383 1446 519 1487 ram.
548 1426 644 1485 Sin
673 1433 852 1481 autem
882 1423 965 1497 (ut
994 1420 1178 1493 debet)
1211 1430 1413 1477 statum
1454 1436 1611 1477 suum
1632 1463 1646 1488 ,
1679 1436 1839 1493 quem
1867 1436 1986 1477 rcc-

383 1530 494 1578 tum
522 1528 668 1577 recte
696 1516 917 1574 sortitus
937 1523 1040 1583 est,
1072 1523 1318 1586 prompte
1340 1522 1767 1586 constanterque
1793 1514 1985 1570 defen-

2574 711 2653 778 De
2675 725 2864 795 seipso,
2897 728 2945 779 et
2972 723 3199 780 veritate.

2161 865 2286 921 Haec
2312 863 2380 920 ad
2404 872 2475 928 te,
2506 862 2876 929 Demetriane,
2905 860 3120 916 interim
3156 861 3373 930 paucis,
3400 868 3467 916 et
3505 859 3720 917 obscu-

2087 955 2200 1011 rius
2230 955 2458 1011 fortasse
2501 969 2662 1025 quam
2690 952 2906 1019 decuit,
2956 964 3054 1023 pro
3098 967 3280 1008 rerum
3311 966 3379 1009 ac
3425 954 3721 1023 temporis

2088 1049 2410 1104 necessitate
2434 1046 2715 1117 peroravi;
2742 1046 2938 1117 quibus
2967 1055 3254 1102 contentus
3282 1060 3404 1102 esse
3431 1046 3711 1115 debebis,

2090 1140 2265 1211 plura,
2300 1147 2357 1194 et
2384 1139 2607 1195 meliora
2639 1138 2865 1204 laturus,
2899 1137 2947 1194 si
2975 1138 3132 1195 nobis
3159 1139 3510 1210 indulgentia
3556 1141 3719 1197 celi-

2090 1242 2177 1287 tus
2203 1232 2431 1289 venerit.
2464 1231 2620 1287 Tunc
2643 1246 2771 1302 ergo
2804 1240 2855 1286 te
2884 1230 2953 1288 ad
2998 1247 3143 1288 verae
3182 1231 3559 1303 philosophias
3586 1231 3723 1288 doc-

2094 1328 2311 1394 trinam,
2338 1336 2392 1382 et
2419 1327 2651 1397 planius,
2669 1340 2725 1382 et
2745 1326 2928 1383 verius
2947 1326 3296 1384 cohortabor.
3316 1328 3508 1384 Statui
3538 1326 3715 1394 enim,

2091 1436 2253 1491 quam
2303 1421 2471 1476 multa
2515 1431 2728 1492 potero,
2768 1421 2963 1478 litteris
3006 1421 3257 1490 tradere,
3305 1426 3429 1493 qua!
3479 1420 3561 1477 ad
3593 1422 3722 1478 vita:

2089 1514 2265 1570 beata:
2307 1524 2506 1570 statum
2556 1524 2842 1587 spectent;
2884 1525 2940 1572 et
2978 1514 3195 1587 quidem
3223 1522 3412 1572 contra
3461 1514 3723 1586 philoso-

1708 1627 2070 1686 VARIORUM
2107 1627 2342 1686 ΝΟΤΔΕ.

386 1757 443 1812 in
470 1757 504 1812 8
557 1761 666 1809 vet.
698 1752 826 1809 edit.
855 1749 1015 1805 Rom.
1054 1749 1109 1804 in
1130 1748 1263 1825 ΔΑΜ.
1293 1747 1455 1825 1515,
1478 1746 1649 1825 Paris.
1675 1747 1895 1825 15f!5_et
1923 1747 1991 1803 l0
2019 1753 2068 1813 Β
2095 1750 2239 1825 enim
2270 1749 2578 1825 Lactantius
2606 1760 2886 1825 permanet
2913 1753 3200 1824 opinione,
3239 1755 3382 1825 quod
3416 1772 3593 1813 mens
3623 1758 3723 1815 ho-

384 1830 523 1883 aliis.
553 1827 684 1894 Quae
733 1834 910 1877 tamen
954 1836 1083 1894 cum
1129 1821 1180 1894 in
1225 1822 1617 1894 antiquissimis
1654 1821 1979 1894 optimisque

389 1914 520 1955 mss.
554 1888 881 1951 Eunoniensi
903 1934 918 1953 ,
953 1891 1299 1961 Regio-PaL,
1322 1888 1483 1944 Cane.
1514 1891 1743 1960 aliisque
1768 1907 1795 1943 a
1827 1888 1975 1945 Tho-

390 1970 561 2029 masio
590 1977 642 2021 et
667 1965 868 2022 Gallmo
896 1963 1127 2018 laudatis
1150 2004 1166 2029 ,
1209 1972 1263 2015 et
1292 1962 1531 2032 pluribus
1567 1962 1728 2016 editis
1751 1978 1857 2016 non
1887 1978 1978 2016 re-

388 2041 657 2108 periatur,
687 2038 959 2105 multaque
1003 2035 1278 2108 contineat
1316 2032 1780 2108 llanichicisuium
1826 2032 1985 2087 redo-

387 2103 552 2166 lentia
571 2151 586 2175 ,
615 2108 797 2179 qualia
825 2103 1057 2179 plurima
1081 2103 1678 2179 scriptisALactautianis
1703 2119 1734 2157 a
1769 2113 1985 2179 vetera-

388 2182 595 2236 toribus
634 2175 759 2234 istis
790 2178 989 2232 inserta
1032 2175 1201 2230 fuisse
1237 2176 1365 2229 olim
1412 2175 1753 2238 monuimus;
1783 2175 1985 2229 idcirco

395 2248 975 2322 tanquamadnlterina
1017 2262 1177 2322 manu
1217 2245 1467 2322 adjuncta
1495 2286 1511 2312 ,
1540 2260 1568 2298 a
1592 2254 1739 2299 textu
1767 2246 1819 2299 in
1850 2245 1985 2322 iule-

392 2316 588 2378 riorem
618 2321 737 2376 libri
769 2332 920 2372 oram
949 2332 977 2369 a
1002 2316 1155 2370 nobis
1183 2317 1385 2383 rejecta
1413 2324 1516 2381 est,
1545 2332 1610 2369 ne
1639 2331 1739 2371 nos
1760 2316 1899 2371 mala
1930 2317 1985 2370 ti-

395 2394 465 2449 de
487 2394 662 2463 egisse
680 2390 978 2463 rideamur,
994 2388 1085 2463 qui
1108 2388 1352 2463 ejusdem
1380 2388 1623 2463 criminis
1643 2402 1739 2442 eos
1768 2388 1987 2442 insimu-

396 2458 572 2520 lamtis
640 2461 728 2531 qui
782 2471 888 2515 tam
919 2459 1151 2531 indignis
1180 2458 1353 2531 modis
1383 2458 1716 2531 Lactantiutn
1753 2474 1983 2531 accepe-

393 2543 538 2591 ruut.
571 2529 853 2589 Sic—tilllelll
882 2529 1058 2592 prodit
1088 2530 1275 2584 lSUIZCC
1293 2529 1477 2583 Oratio
1502 2547 1515 2581 :
1545 2529 1695 2582 Dedit
1719 2530 1763 2583 ei
1791 2539 1837 2584 et
1864 2548 1975 2584 con-

394 2607 558 2661 stituit
600 2600 949 2657 adversarium
996 2600 1360 2668 nequissimum
1380 2608 1425 2652 et
1454 2599 1846 2668 [allacissimum
1872 2602 1979 2670 spi-

392 2678 569 2740 ritum,
594 2690 712 2728 cum
736 2688 835 2743 quo
863 2673 917 2724 in
940 2671 1040 2743 hac
1067 2672 1290 2743 terrestri
1316 2673 1417 2724 vita
1437 2672 1544 2724 sine
1564 2672 1672 2724 ulla
1703 2673 1987 2727 securitatis

392 2749 566 2815 requie
606 2741 887 2799 dimicaret.
923 2741 1026 2815 Cur
1054 2752 1225 2815 autem
1254 2741 1393 2815 Deus
1422 2743 1556 2795 hunc
1586 2752 1871 2815 vexatorem
1900 2760 1987 2815 ge-

394 2812 506 2872 neri
537 2817 800 2870 hominum
842 2813 1177 2882 constituerit,
1208 2812 1420 2867 breviter
1449 2829 1718 2881 exponam.
1750 2812 1872 2882 (llic
1903 2814 1986 2868 in-

395 2889 523 2956 cipit
556 2888 609 2941 in
636 2889 777 2953 vnlg.
807 2893 965 2951 caput
992 2882 1111 2954 20.)
1142 2881 1272 2936 Ante
1313 2883 1485 2956 omnia
1520 2881 1860 2956 diversitatem
1901 2901 1988 2938 vo-

394 2954 489 3015 luit
517 2974 659 3023 esse;
688 2958 900 3023 ideoque
925 2956 1074 3022 vulgo
1100 2971 1203 3007 non
1233 2954 1432 3020 aperuit
1452 2955 1731 3021 veritatem,
1761 2955 1849 3007 sed
1877 2971 1989 3007 eam

398 3027 728 3101 paucissimis
771 3025 1008 3101 reve_l_avit
1034 3040 1052 3077 :
1080 3040 1196 3095 quae
1213 3096 1223 3101 _
1241 3025 1532 3101 diversitas
1559 3042 1705 3101 omne
1744 3042 1989 3101 arcgnum

395 3093 575 3155 mundi
595 3098 833 3152 continet.
869 3093 997 3148 llaec
1041 3093 1113 3148 est
1141 3096 1296 3157 enim,
1317 3111 1431 3163 qua:
1461 3095 1478 3165 (
1501 3095 1535 3150 5
1563 3095 1720 3152 Colb.
1751 3106 1806 3151 et
1831 3095 1988 3163 Bov.,

400 3172 524 3241 facit
540 3168 653 3239 etsi)
678 3168 834 3240 faciat
853 3166 1105 3241 virtutem,
1137 3180 1252 3232 qua:
1276 3167 1468 3241 scilicet
1486 3166 1593 3218 sine
1619 3167 1730 3228 ipsa
1768 3183 1871 3241 non
1886 3183 1993 3241 mo-

404 3234 470 3295 do
497 3257 599 3294 non
625 3234 749 3301 esse,
779 3237 867 3289 sed
905 3252 968 3288 ne
995 3252 1243 3307 apparere
1271 3234 1475 3304 quidem
1500 3237 1858 3307 posset;rquia
1880 3239 1997 3299 ,vir-

400 3323 483 3367 tus
506 3327 611 3365 esse
634 3325 735 3363 non
757 3307 956 3376 poterit,
988 3307 1087 3359 nisi
1111 3306 1267 3429 luerit
1304 3322 1512 3375 compar
1554 3306 1783 3377 aliquis,
1810 3309 1865 3360 in
1894 3324 1994 3375 quo

400 3382 690 3429 srtnprando
720 3379 820 3429 vim
858 3392 1006 3429 suam
1051 3393 1107 3429 ve
1151 3386 1407 3429 exerceat.
1440 3376 1516 3429 vel
1549 3379 1797 3429 ostendat.
1829 3376 1994 3429 Nam.

400 3382 690 3449 superando
720 3379 820 3432 vim
858 3392 1006 3430 suam
1043 3376 1129 3449 vel
1151 3386 1407 3449 exerceat.
1440 3376 1516 3431 vel
1549 3376 1797 3432 ostendat.
1829 3376 1995 3443 Nam,

406 3447 476 3507 ut
496 3451 707 3506 victoria
748 3456 980 3501 constare
1008 3447 1117 3500 sine
1141 3448 1413 3502 certamine
1436 3465 1537 3501 non
1567 3458 1725 3515 potest
1761 3464 1779 3502 .'
1808 3450 1880 3503 sic
1905 3466 1997 3504 nec

404 3524 561 3577 virtus
588 3520 791 3589 quidem
813 3519 925 3583 ipsa
950 3518 1058 3592 sine
1084 3518 1241 3592 hoste.
1272 3516 1384 3592 _lta,
1414 3519 1430 3588 (
1458 3533 1561 3592 ms.
1578 3519 1742 3592 Βοὴ,
1776 3517 1996 3592 Itaque)

405 3587 649 3676 quoniam
676 3592 909 3676 virtutem
929 3587 1067 3676 dedit
1088 3587 1311 3676 homini,
1343 3591 1519 3643 statuit
1548 3589 1627 3643 illi
1654 3607 1718 3645 ea;
1740 3587 1998 3676 contrario

406 3660 687 3727 inimicum,
709 3678 772 3715 ne
801 3660 958 3714 virtus
996 3660 1097 3713 otio
1147 3668 1351 3727 torpens
1380 3671 1616 3715 naturam
1645 3678 1791 3715 suam
1813 3661 1997 3729 perde-

409 3744 501 3790 ret.
533 3734 695 3805 Cujus
746 3730 911 3786 omnis
954 3731 1085 3805 ratio
1115 3732 1167 3784 in
1204 3747 1261 3805 eo
1291 3740 1394 3797 est,
1425 3741 1481 3786 ut
1506 3748 1751 3805 concussa
1789 3740 1836 3786 et
1862 3733 1999 3805 labe-

407 3801 874 3878 factata'ﬁrmetur,
901 3817 992 3878 nec
1017 3803 1164 3856 aliter
1189 3801 1257 3878 ad
1279 3819 1531 3878 summum
1555 3804 1820 3878 fastigium
1842 3803 2002 3871 possit

408 3871 596 3939 vettire,
628 3874 725 3928 nisi
748 3874 872 3945 (ms.
903 3871 1091 3945 Torm,
1124 3872 1343 3924 tradenti
1366 3873 1383 3942 )
1409 3871 1645 3945 prudenti
1666 3871 1827 3945 Antanu
1864 3889 2001 3926 sem-

414 3963 502 4015 per
530 3940 827 4017 agitatafse
864 3940 934 4017 ad
969 3943 1184 4017 salutem
1228 3940 1375 4017 suam
1397 3940 1691 4017 dimicandi
1718 3944 1937 4017 tenore_(
1970 3945 1995 3999 1

410 4011 622 4073 Bonan.
654 4030 792 4077 rec.,
814 4011 1100 4083 sudaverit)
1140 4012 1446 4083 fundaverit.
1483 4012 1663 4067 Noluit
1703 4014 1835 4067 enim
1866 4011 2002 4068 Deus

415 4087 667 4141 hominem
685 4084 753 4137 ad
782 4083 1115 4137 immortalem
1139 4082 1283 4136 illam
1306 4082 1660 4137 beatitudinem
1684 4083 1896 4137 delicato
1920 4086 2004 4139 iti—

418 4175 536 4211 nere
566 4156 842 4225 pervenire.
872 4152 1116 4225 iDaturus
1162 4170 1280 4222 ergo
1330 4153 1581 4225 virtutem,
1628 4154 1767 4208 dedit
1812 4155 2002 4210 hostem

420 4224 582 4300 prius,
610 4228 700 4300 qui
725 4224 907 4278 animis
939 4225 1199 4277 hominum
1225 4224 1526 4300 cupiditates
1557 4234 1602 4278 et
1625 4226 1742 4278 vitia
1767 4226 2001 4300 immitte-

416 4297 513 4359 ret.
531 4299 617 4367 qui
640 4303 767 4351 esset
793 4303 969 4367 auctor
988 4311 1239 4367 errorum,
1259 4297 1613 4367 malorumque
1641 4297 1864 4349 omnium
1894 4315 2002 4351 ma-

392 4365 686 4434 chinator;
723 4374 778 4420 ut
801 4366 1042 4436 quoniam
1069 4365 1207 4419 Deus
1246 4365 1497 4418 hominem
1525 4367 1593 4420 ad
1636 4367 1789 4421 vitam
1817 4377 1959 4422 vocat
1980 4411 1996 4435 ,

2094 1821 2256 1894 minis
2301 1822 2371 1876 sit
2400 1821 2515 1892 ipse
2544 1822 2730 1894 homo,
2756 1822 2824 1880 de
2852 1821 2961 1894 qua
2997 1825 3103 1879 late
3133 1821 3335 1881 dictum
3374 1836 3462 1883 est
3498 1828 3575 1884 ad
3606 1845 3658 1886 c.
3688 1831 3719 1885 3

2090 1891 2126 1966 ly.
2160 1908 2196 1966 ll
2227 1893 2340 1966 Div.
2365 1891 2541 1949 lustit.
2570 1893 2755 1950 lsmus.
2783 1891 3029 1949 —'Nam
3054 1897 3165 1966 ipse
3191 1900 3364 1953 homo.
3399 1899 3551 1954 Rem
3584 1916 3717 1957 cun-

2089 1963 2276 2039 liciunt
2305 1965 2682 2039 locagemina.
2713 1967 2810 2022 Lib
2848 1984 2923 2033 ll,
2954 1963 3083 2037 cap.
3109 1968 3162 2022 5.
3198 1966 3328 2023 Cum
3353 1972 3459 2039 ipsi
3496 1988 3569 2027 ne
3618 1973 3718 2027 bo-

2089 2034 2289 2089 minem
2319 2034 2522 2106 quidem
2553 2038 2772 2102 videant,
2819 2055 2967 2106 quem
2997 2034 3166 2093 videre
3211 2057 3266 2094 se
3292 2034 3544 2096 credunt.
3605 2043 3715 2099 Hoc

2088 2106 2230 2160 enim
2258 2107 2395 2173 quod
2416 2107 2574 2160 oculis
2594 2108 2875 2180 subjectum
2897 2118 2990 2167 est.
3015 2127 3117 2164 non
3139 2110 3319 2175 homo,
3348 2113 3439 2165 sed
3465 2114 3717 2169 hominis

2090 2180 2487 2246 receptaculum
2518 2188 2623 2245 est;
2669 2190 2723 2234 et
2751 2182 2908 2247 paulo
2938 2191 3059 2250 post
3093 2199 3108 2234 :
3145 2181 3247 2247 Qui
3274 2182 3454 2236 colunt
3495 2186 3719 2239 simula-

2087 2264 2199 2314 cra,
2228 2258 2581 2325 corporasunt
2609 2251 2915 2325 hominibus
2935 2252 3197 2325 carentia;
3230 2253 3324 2309 lib.
3357 2254 3714 2325 v_lnstitut.,

2087 2318 2289 2397 capﬁl
2320 2318 2334 2377 Ξ
2363 2321 2596 2397 Animus,
2626 2323 2680 2375 iu
2707 2339 2805 2397 quo
2836 2323 2943 2376 solo
2968 2334 3043 2397 est
3074 2324 3267 2397 homo;
3297 2325 3364 2380 tle
3392 2323 3551 2397 Opif.

2089 2389 2115 2443 1
2144 2406 2155 2442 :
2184 2389 2434 2467 (llorpns)
2459 2404 2546 2446 vas
2568 2402 2637 2446 est
2663 2389 3035 2462 quodammodo
3064 2389 3362 2467 ﬁctile.quo
3388 2389 3632 2467 animus,
3663 2389 3717 2452 id

2087 2471 2180 2533 est,
2212 2462 2373 2516 homo
2403 2464 2521 2533 ipse
2548 2478 2706 2519 verus
2728 2466 3033 2518 continetur.
3060 2462 3170 2521 Nec
3200 2462 3358 2521 aliter
3382 2462 3708 2523 Macrobius

2088 2529 2184 2589 lib.
2214 2529 2465 2607 trSomn.
2499 2534 2645 2607 Scip.
2678 2550 2800 2604 cap.
2841 2536 2945 2590 li:
2980 2537 3167 2590 Anima
3188 2577 3206 2604 ,
3255 2539 3344 2607 qui
3369 2551 3531 2593 verus
3560 2538 3714 2595 homo

2011 2659 2021 2669 ,
2089 2611 2187 2668 est,
2221 2604 2283 2659 ab
2308 2607 2448 2659 omni
2475 2606 2767 2661 conditione
2791 2606 3121 2662 mortalitatis
3147 2604 3323 2664 aliena
3362 2621 3461 2664 est.
3497 2611 3638 2666 BUN.

2166 2676 2300 2743 Quia
2326 2678 2447 2730 latet
2474 2676 2611 2730 intra
2640 2677 2756 2730 hoc.
2789 2678 2918 2733 Mss.
2952 2679 2985 2733 4
3016 2694 3151 2745 rec.,
3180 2681 3234 2733 in
3270 2680 3386 2734 hoc.
3416 2680 3562 2737 Post
3600 2681 3714 2738 haec

2092 2749 2254 2801 verba
2287 2751 2337 2801 in
2367 2748 2393 2800 1
2428 2747 2575 2817 Lips.
2610 2748 2797 2803 codice
2820 2749 3092 2804 adduntur
3121 2751 3203 2805 ba:
3233 2750 3357 2807 dum
3384 2767 3566 2809 voces
3595 2755 3711 2807 ani-

2092 2819 2196 2872 mal
2223 2818 2409 2883 homo;
2444 2818 2499 2872 in
2524 2818 2643 2874 aliis
2678 2834 2809 2876 mss.
2844 2820 3059 2880 desunt.
3594 2830 3613 2848 '

2166 2888 2267 2954 Qui
2311 2890 2356 2943 si
2402 2889 2651 2944 delicatus
2678 2891 2863 2960 magis.
2906 2890 3257 2949 Desideratur
3285 2893 3621 2953 adverbium
3659 2894 3711 2952 in

2096 2960 2162 3016 l9
2191 2975 2321 3016 mss.
2353 2969 2406 3015 et
2436 2960 2522 3015 ed.
2555 2960 2715 3016 Rom.
2748 2962 2910 3018 1470.

2019 3065 2064 3129 C
2168 3029 2287 3086 Sin.
2318 3031 2374 3087 ln
2402 3046 2503 3087 ms.
2535 3031 2664 3087 Bov.
2692 3032 2889 3103 legitur
2917 3035 2981 3090 si.

2172 3124 2333 3190 Quem
2359 3134 2553 3178 rectum
2573 3135 2706 3180 recte
2733 3129 2940 3181 sortitus
2969 3139 3062 3183 est.
3093 3127 3246 3187 Hunc
3284 3132 3463 3189 locum
3499 3135 3577 3191 ita
3620 3152 3706 3194 re-

2098 3195 2247 3249 stitui
2277 3212 2341 3272 es
2368 3195 2434 3272 lli
2458 3212 2588 3249 mss.
2607 3207 2664 3251 et
2690 3198 2756 3251 l2
2781 3199 2958 3272 editis.
2980 3201 3170 3256 Mirum
3192 3218 3350 3272 quam
3379 3206 3467 3262 hic
3490 3210 3703 3264 varient

2100 3274 2212 3335 tum
2237 3267 2444 3332 scripti,
2479 3275 2589 3321 tum
2617 3270 2801 3325 excusi
2831 3271 3065 3327 codices.
3122 3274 3177 3327 ln
3210 3267 3329 3329 aliis
3358 3290 3494 3332 mss.
3522 3294 3641 3335 rec.
3676 3282 3701 3335 1

2099 3334 2256 3417 Βρετ.
2292 3338 2326 3417 1
2353 3337 2590 3392 Colbert.
2623 3348 2678 3393 et
2702 3339 2890 3394 Μαι-ιη.
2920 3358 3014 3409 pro
3038 3353 3232 3398 rectum
3251 3388 3265 3411 ,
3297 3357 3382 3402 est
3409 3334 3625 3417 rectus,
3656 3334 3705 3406 in

2100 3407 2438 3476 chio-Pnt.,
2491 3425 2639 3475 quem
2681 3420 2876 3465 rectum
2919 3407 3116 3480 rectus;
3167 3416 3218 3470 in
3252 3407 3289 3472 ’1
3358 3407 3624 3476 δοτὺοη.’
3653 3430 3706 3478 et

2104 3479 2290 3559 Eleum,
2320 3495 2470 3548 quem
2493 3491 2684 3559 r_e_ctum
2710 3483 2925 3559 ratione.
2959 3487 2999 3539 A
3028 3485 3208 3541 Baluz.
3241 3487 3396 3543 abest
3420 3500 3656 3559 rectum;
3676 3508 3706 3547 a

2100 3549 2136 3604 2
2166 3550 2370 3627 Bonon.
2404 3559 2487 3627 etA
2508 3551 2643 3627 A'l‘ax.
2676 3554 2946 3627 editisque
2967 3571 3077 3615 rec.
3123 3566 3351 3627 quatuor
3374 3574 3540 3617 recte.
3576 3549 3707 3619 Post

2100 3623 2312 3704 sortitus
2340 3630 2431 3686 est,
2460 3622 2530 3679 20
2557 3638 2688 3677 mss.
2721 3639 2785 3679 ac
2815 3626 3015 3704 vulgati
3044 3627 3078 3682 5
3106 3622 3315 3704 addunt
3354 3634 3705 3704 conjunctiob

2104 3708 2225 3775 nem
2256 3702 2330 3775 et,
2348 3708 2511 3775 quam
2540 3706 2798 3775 respuunt
2821 3697 2933 3763 alii,
2966 3714 3236 3775 quamque
3270 3697 3519 3775 inutilem
3558 3705 3704 3775 judi-

2103 3765 2238 3843 cavi.
2271 3765 2517 3843 Attamen
2550 3766 2795 3843 Voculam
2824 3778 2959 3822 recte
2986 3765 3225 3826 Gallicus
3254 3772 3479 3843 delevit,
3515 3765 3703 3832 délen-

2102 3833 2334 3904 dumque
2358 3835 2562 3904 indicat
2588 3836 2958 3894 Henmannus.

2104 3926 2147 4010 ἱ
2177 3924 2409 4010 Pebebis.
2435 3924 2853 4010 Sicreposuinex
2876 3936 2998 4010 vet.-
3021 3945 3154 4010 _ms_s.
3184 3930 3475 4010 ‘gBonon.,
3506 3926 3702 4010 Regio-

2105 3994 2249 4069 Put.,
2275 3996 2443 4069 ACauc.
2481 3994 2707 4069 aliisque
2753 4000 2786 4055 8
2833 4007 2886 4054 et
2935 4000 3057 4056 edd.
3090 4001 3157 4067 4,
3190 3994 3491 4062 faventibus
3521 4009 3557 4062 4
3587 3994 3701 4064 :iliis

2106 4067 2337 4136 scriptis,
2370 4068 2420 4120 in
2451 4067 2645 4145 quibus
2673 4079 2755 4125 est
2784 4070 3004 4145 debetis,
3044 4085 3316 4145 corrupte.
3350 4077 3406 4133 ln
3438 4086 3573 4136 mss.
3605 4081 3700 4137 de-

2105 4152 2221 4192 cem
2260 4152 2367 4192 rec.
2404 4141 2732 4209 totidemque
2774 4141 2932 4197 editis
2977 4144 3170 4214 legitur
3196 4141 3397 4205 debeas.

2143 4228 2396 4312 “Meliora
2425 4232 2642 4312 laturus.
2675 4231 2911 4312 Itnﬂmss.
2945 4235 2979 4288 2
3007 4232 3161 4312 lium,
3207 4235 3244 4312 αξ
3266 4236 3425 4312 Reg.,
3453 4244 3491 4297 4
3517 4243 3696 4309 Colb.,

2106 4299 2270 4380 Χῖοι,
2301 4301 2692 4380 (ἰαιίεΜίπωη
2740 4303 2964 4380 Christi,
2992 4299 3164 4380 _Em.,
3206 4299 3385 4380 Cant:
3413 4299 3693 4378 'ClaromJ

2106 4371 2275 4453 Brun.
2302 4380 2355 4426 et
2383 4373 2492 4453 alii,
2524 4388 2586 4428 ac
2618 4384 2723 4428 vet.
2753 4376 2876 4431 edd.
2905 4375 2957 4430 7.
2990 4377 3046 4433 ln
3088 4380 3121 4435 6
3151 4371 3385 4453 scriptis
3412 4394 3468 4441 et
3498 4385 3567 4442 l0
3595 4371 3695 4441 iml

418 4442 506 4514 ille
532 4449 736 4514 contra,
760 4447 820 4514 ut
857 4437 1121 4514 rapiat_et_
1140 4437 1373 4514 traducat
1402 4437 1469 4514 ad
1496 4447 1724 4514 mortem.
1758 4437 1860 4514 llic
1900 4449 1997 4502 est,
2028 4453 2081 4514 Ι)
2109 4444 2308 4513 pressis
2339 4453 2421 4497 est
2443 4444 2681 4499 lecturus.

418 4513 506 4583 qui
536 4520 625 4583 aut
646 4509 863 4583 inducit,
891 4516 978 4562 aut
1011 4506 1197 4583 decipit
1216 4523 1335 4583 eos,‘
1350 4509 1435 4583 qui
1456 4510 1653 4583 veritati
1669 4509 1890 4573 student,
1914 4521 2003 4565 aut

419 4578 460 4637 si
490 4581 608 4636 dolo
630 4588 675 4634 et
698 4578 880 4634 studiis
908 4595 1009 4632 non
1036 4579 1268 4649 quiverit,
1289 4578 1484 4631 virilem
1502 4581 1629 4649 gerit
1642 4582 1884 4645 animum,
1904 4598 2005 4648 quo

424 4656 548 4726 (qua
580 4651 866 4726 ms._Bov.)
888 4649 1182 4726 sublimium
1201 4650 1420 4726 vigorem
1453 4649 1756 4726 labefactare
1776 4662 2002 4726 conetur,

417 4719 637 4795 infanda
665 4722 803 4775 dictu
828 4729 874 4775 et
899 4719 1201 4795 execrabilia
1226 4719 1440 4795 moliens
1469 4736 1486 4773 :
1513 4730 1659 4795 veaat
1680 4764 1695 4787 ,
1728 4723 1966 4795 inter/icit
1982 4741 2004 4790 ;

422 4791 675 4856 et'tamen,
710 4799 765 4845 ut
797 4791 1067 4860 prosternit
1090 4791 1298 4851 multos,
1329 4792 1402 4844 sic
1430 4807 1461 4843 a
1484 4791 1658 4845 multis
1693 4793 1855 4848 victus
1883 4811 2006 4861 pro-

416 4873 701 4932 stratusque
750 4863 978 4915 discedit.
1021 4861 1147 4916 11ωο
1175 4870 1301 4916 sunt
1337 4876 1458 4932 qua:
1487 4864 1658 4918 aliena
1700 4880 1862 4919 manu
1901 4869 2004 4921 huc
2044 4876 2057 4886 ‘

421 4937 621 4991 inserta
652 4934 881 4987 luerunt.

496 5004 734 5059 [laminis
752 5001 1143 5073 receptaculmn.
1164 5001 1393 5057 Videtur
1412 5001 1745 5061 Laclantium
1763 5016 2005 5062 naturam

422 5075 653 5131 heminis
697 5073 750 5127 in
780 5076 892 5128 sola
931 5075 1107 5127 anima
1154 5074 1516 5139 c0u5tituere,
1565 5091 1686 5130 cum
1732 5088 1907 5133 tamen
1939 5094 2007 5133 ex

422 5147 629 5202 duabus
663 5145 808 5199 hisce
834 5145 1466 5215 partibnsessentialibus
1494 5157 1724 5202 constet.
1755 5149 1855 5215 Qui
1885 5165 2007 5203 cor-

425 5234 523 5289 pus
551 5216 974 5289 hominisvidet,
1003 5214 1152 5289 videt
1173 5218 1355 5289 etiam.
1387 5226 1443 5271 et
1471 5228 1687 5287 tangere
1714 5214 1891 5288 potest
1912 5221 2008 5273 ali-

423 5285 549 5359 Quid
601 5287 872 5350 hominis,
913 5285 1220 5359 Lactantius
1269 5288 1428 5358 igitur
1472 5285 1631 5343 niniis
1676 5285 2009 5358 generaliter

423 5357 658 5425 asserit,
690 5371 885 5428 corpus
914 5366 1115 5411 tantum
1144 5357 1374 5414 hominis
1413 5374 1534 5429 esse
1584 5357 2004 5429 receptaculum.

1596 5446 1796 5485 LLIEUS.

1596 5448 1625 5484 ι
1663 5446 1796 5485 ιευε.

497 5501 637 5556 Nam
657 5501 766 5570 ipse
790 5500 959 5554 homo.
984 5499 1080 5554 Ms.
1110 5500 1135 5555 1
1158 5500 1366 5553 Bonon.
1390 5428 1680 5570 amigrant,
1710 5502 1848 5555 Nam
1870 5520 2007 5559 mens

427 5573 647 5628 [taurinis
674 5589 692 5625 :
719 5587 876 5640 quam
919 5571 1200 5626 lectionem
1231 5571 1421 5644 probat
1457 5570 1795 5627 Thomasius.
1829 5575 1937 5644 Ego
1979 5592 2008 5628 a

424 5646 633 5715 vulgata
684 5644 913 5715 lectione
935 5684 949 5710 ,
982 5658 1100 5715 quae
1141 5650 1224 5715 est
1261 5641 1507 5715 codicum
1557 5658 1686 5697 mss.
1721 5641 1939 5715 dilegi,
1974 5645 2009 5701 8

420 5711 617 5781 Vatia,
640 5715 674 5770 6
694 5714 959 5777 Colbert.,
987 5713 1145 5777 Tax.,
1172 5711 1328 5779 Pen.,
1356 5711 1386 5781 1
1412 5711 1547 5767 Βοη.
1572 5728 1710 5778 rec.,
1740 5711 2001 5781 Clarium,

414 5780 623 5857 Baluz.,
669 5786 834 5842 Brun.
883 5785 1260 5853 editorumque
1305 5780 1371 5838 19
1402 5796 1509 5837 non
1559 5784 1775 5841 recedo.
1820 5782 1877 5842 ln
1920 5780 2009 5842 illa

2177 4533 2322 4622 {unde
2343 4552 2479 4605 ergo.
2516 4536 2604 4620 Sic
2634 4537 2815 4622 legunt
2835 4539 2968 4595 editi
2991 4558 3023 4622 Ξ
3051 4541 3619 4622 Τιξοῐηςίεὶοείΐὴγείο,
3645 4556 3696 4622 et

2105 4604 2328 4690 (lallare,
2357 4604 2622 4690 vertunmin
2658 4604 2722 4664 16
2741 4625 2882 4690 mss.
2913 4623 2973 4690 et
2991 4610 3023 4667 7
3050 4614 3243 4690 νιιιδιρὶ
3270 4637 3283 4669 :
3314 4604 3401 4675 alii
3431 4604 3691 4690 2's‘cripti

2106 4675 2347 4763 etnive}:
2378 4677 2501 4732 edd.
2530 4677 2674 4734 Tunc
2701 4689 2748 4736 et
2786 4698 2877 4753 ego
2902 4700 2917 4749 ;
2944 4680 2979 4739 4
3009 4675 3310 4743 ιιιεεΪΤωη
3340 4708 3468 4763 ego;
3518 4675 3696 4763 pluies

2106 4746 2257 4813 editi,
2284 4746 2430 4803 Tunc
2453 4766 2562 4821 ego.

2184 4837 2400 4923 Planius
2420 4843 2713 4927 “rever-ius.
2770 4843 2845 4900 Ita
2893 4861 3083 4905 omnes
3128 4862 3363 4908 mss.-et
3402 4852 3691 4927 impressi:

2107 4909 2387 4983 Francius.
2420 4912 2554 4967 forte
2575 4916 2792 4983 plenius.

2179 4981 2249 5037 Et
2274 4984 2459 5039 verius.
2490 4981 2727 5040 Clarom.
2755 5001 2785 5041 a
2818 4988 2988 5057 prima
3021 5002 3204 5059 manu,
3235 5003 3284 5047 et
3313 4998 3513 5053 melius.

2183 5076 2311 5153 Quae
2338 5077 2405 5130 ad
2431 5077 2545 5153 vita:
2568 5077 2946 5153 beatw_statum
2971 5093 3212 5153 spectent,
3247 5098 3352 5142 etc.
3382 5084 3520 5145 Hinc
3559 5104 3691 5146 con-

2109 5147 2411 5230 statnhnnc
2442 5148 2815 5230 librumprius
2848 5147 3298 5230 l‘nissgscriptum
3325 5202 3339 5222 ,
3381 5174 3538 5230 quam
3575 5161 3688 5216 illos

2111 5234 2183 5273 Vll
2209 5218 2373 5274 libros
2389 5232 2575 5274 contra
2592 5220 2971 5290 Philosophus.
2988 5218 3227 5281 Tironis.
3246 5259 3317 5268 —
3329 5218 3615 5287 Po'llicetur
3633 5242 3690 5284 se

2109 5305 2267 5370 quam
2298 5290 2462 5344 multa
2497 5291 2693 5358 poterit
2715 5291 2908 5348 litteris
2939 5297 3280 5370 traditurum,
3328 5316 3448 5370 quas
3476 5304 3540 5357 ad
3574 5302 3703 5355 vita:

2109 5361 2280 5435 beata:
2306 5371 2503 5415 statum
2534 5374 2815 5435 spectant;
2846 5373 3007 5435 atque
3028 5366 3130 5421 hoc
3159 5361 3384 5427 munere
3411 5373 3690 5429 defunctus

2112 5430 2526 5507 luitinhseptem
2570 5432 2696 5487 libb.
2747 5430 2980 5507 lnstinit.
3030 5452 3093 5492 ac
3140 5445 3439 5507 praesertim
3485 5446 3552 5499 de
3585 5446 3694 5497 Vita

2113 5504 2263 5577 beata
2289 5502 2425 5557 libro
2453 5519 2531 5558 vn
2555 5506 2876 5577 conscripsit
2902 5524 2915 5559 :
2944 5507 3063 5562 talis
3090 5502 3233 5564 enim
3252 5514 3439 5569 titulus
3458 5516 3533 5570 illi
3559 5515 3688 5569 libro

2112 5573 2450 5653 dandus,._ut
2477 5585 2687 5653 constat
2714 5573 3060 5653 ex—‘ejusdem
3092 5580 3184 5635 lib.
3219 5595 3337 5653 cap.
3367 5585 3421 5639 5.
3471 5600 3576 5642 non
3605 5583 3691 5637 illc

2115 5644 2458 5720 quernediti,
2472 5648 2538 5701 de
2568 5646 3034 5720 D_iviuo_Prmmio,
3068 5664 3185 5720 prie
3208 5667 3267 5708 se
3287 5644 3492 5711 lerunt.
3522 5657 3683 5713 GALL-

2186 5713 2548 5786 Philosophos.
2585 5717 2692 5773 Eos
2732 5713 3120 5776 Haereticorum
3164 5723 3504 5785 Patriarchas
3543 5732 3688 5784 vocat

2112 5784 2489 5843 Tertullian'us.
