3912 6256
162 278 228 334 8|
752 246 753 251 Ν
1519 287 1723 349 LIBER
1767 293 1854 350 DE
1892 293 2009 351 lRA
2055 246 2187 352 om.
3406 314 3478 369 82

158 395 305 451 niam
337 394 393 452 in
420 411 589 455 carne
630 400 842 456 mortali
880 409 1134 473 agentes,
1167 404 1366 461 nostris
1406 407 1654 465 sensibus
1683 410 1758 466 di-
1791 414 1843 472 Α
1868 413 2110 470 veritatis
2139 415 2465 480 ascenditur,
2508 432 2616 475 non
2643 427 2728 476 est
2766 420 2919 479 facile
2956 423 3176 482 cuilibet
3213 426 3365 483 evehi
3409 429 3479 483 ad

156 487 352 545 vinare
377 503 484 545 non
513 504 827 561 possumus.
855 493 1063 551 Lumen
1084 504 1263 552 autem
1297 499 1492 557 mentis
1522 500 1770 560 humana:

155 577 308 637 Deus
338 591 445 647 est,
474 597 636 653 quem
668 584 759 654 qui
789 587 1125 657 cognoverit,
1164 597 1218 643 et
1259 590 1310 644 in
1359 602 1547 661 pectus
1593 593 1769 651 admi-

152 674 318 740 serit,
343 673 647 730 illuminato
668 676 834 732 corde
856 679 1171 757 mysterium
1196 682 1440 737 veritatis
1465 698 1724 756 agnoscet
1750 706 1765 744 :

149 774 376 820 remoto
408 774 583 821 autem
617 767 729 823 Deo
759 769 1078 842 cmleStique
1107 772 1377 843 doctrina,
1407 779 1591 833 omnia
1615 795 1769 836 erro-

159 854 321 910 ribus
345 855 502 926 plena
530 863 678 912 sunt.
711 857 987 931 Recteque
1025 862 1296 932 Socrates,
1326 879 1447 921 cum
1481 879 1627 924 esset
1653 856 1781 925 om-V

155 947 315 1002 nium
345 948 792 1021 philosophorum
829 952 1195 1023 doctissimus,
1231 966 1409 1014 tamen
1437 968 1495 1014 ut
1530 958 1761 1018 etetero-

152 1053 285 1095 rum
327 1053 578 1110 argueret
621 1043 909 1113 inscitiam,
952 1047 1042 1117 qui
1091 1063 1150 1103 se
1178 1050 1380 1120 aliquid
1412 1060 1596 1109 tenere
1619 1055 1766 1111 arbi-

149 1133 468 1199 trahantur,
499 1136 576 1190 ait
622 1151 683 1193 se
710 1137 842 1193 nihil
882 1139 1047 1207 scire,
1093 1142 1192 1197 nisi
1239 1159 1427 1210 unum,
1457 1147 1600 1217 quod
1631 1150 1767 1207 nihil

145 1227 340 1282 sciret.
372 1228 651 1284 Intellein
696 1232 860 1298 enim,
893 1233 1191 1290 doctrinam
1224 1237 1367 1293 illam
1403 1240 1538 1295 nihil
1568 1241 1767 1299 habere

144 1318 206 1374 in
234 1333 298 1375 se
323 1320 482 1388 certi,
521 1321 652 1377 nihil
685 1324 829 1402 veri;
865 1340 985 1393 nec,
1021 1336 1079 1383 ut
1109 1337 1295 1399 putant
1317 1330 1558 1401 quidam,
1588 1334 1764 1391 simu-

146 1412 288 1468 lavit
320 1415 439 1485 ipse
461 1415 787 1484 doctrinam,
820 1427 881 1474 ut
902 1420 1040 1477 alios
1070 1423 1371 1490 refelleret;
1407 1426 1502 1482 sed
1535 1426 1668 1483 vidit
1698 1444 1765 1484 ex

152 1517 314 1577 parte
338 1507 519 1580 aliqua
548 1511 856 1568 veritatem.
890 1512 1247 1587 Testatusque
1291 1526 1374 1573 est
1403 1518 1566 1575 etiam
1596 1521 1648 1575 in
1676 1521 1763 1592 ju-

149 1599 302 1654 dicio
326 1600 492 1675 (sicut
521 1601 754 1659 traditur
778 1619 809 1659 a
840 1604 1087 1677 Platone)
1126 1607 1270 1679 quod
1312 1609 1459 1665 nulla
1489 1621 1636 1667 esset
1664 1611 1767 1668 hu-

152 1707 324 1747 mana
355 1693 613 1764 sapientia
638 1713 651 1748 :
675 1695 815 1753 adeo
835 1696 1156 1765 doctrinam,
1188 1714 1291 1771 qua
1320 1710 1432 1756 tum
1456 1701 1765 1774 philosophi

153 1786 556 1858 gloriabantur,
578 1790 926 1861 contempsit,
957 1790 1171 1860 derisit,
1192 1793 1409 1865 abjecit,
1432 1804 1490 1850 ut
1511 1795 1563 1851 id
1589 1796 1767 1869 ipsum
1799 1800 1848 1861 B

154 1893 264 1949 pro
292 1894 497 1935 summa
542 1880 794 1938 doctrina
829 1882 1211 1954 profiteretur,
1256 1886 1401 1958 quod
1446 1888 1578 1943 nihil
1620 1892 1763 1946 scire

149 1969 461 2029 didicisset.
490 1974 547 2029 Si
576 1990 706 2047 ergo
732 1975 876 2032 nulla
899 1985 984 2034 est
1008 1979 1271 2048 sapientia
1295 1981 1549 2046 humana,
1576 1993 1634 2038 ut
1662 1983 1763 2040 So-

148 2074 338 2119 crates
359 2064 563 2132 docuit,
596 2076 651 2122 ut
673 2066 826 2123 Plato
852 2067 1093 2135 tradidit,
1113 2058 1474 2142 apparetesse
1494 2073 1759 2144 divinam,

149 2171 259 2212 nec
289 2156 386 2212 ulli
420 2158 533 2225 alii,
560 2175 726 2237 gnam
758 2160 870 2217 Deo
900 2161 1145 2218 veritatis
1181 2164 1427 2220 notitiam
1454 2166 1759 2237 subiacere.

148 2251 302 2308 Dens
333 2252 495 2324 igitur
524 2254 830 2312 noscendus
870 2265 972 2321 est,
1020 2256 1070 2311 in
1117 2271 1225 2330 quo
1264 2259 1383 2314 solo
1426 2259 1623 2315 veritas
1653 2270 1755 2317 est.

149 2345 253 2402 Ille
280 2346 468 2403 mundi
497 2363 716 2418 parens,
749 2358 803 2406 et
830 2349 1077 2407 conditor
1102 2367 1301 2419 rerum,
1326 2353 1416 2424 qui
1446 2355 1617 2412 oculis
1648 2371 1757 2411 non

150 2436 392 2503 videtur,
426 2447 609 2496 mente
634 2441 723 2496 vix
747 2443 1007 2498 cernitur.
1029 2442 1196 2515 Cujus
1217 2444 1405 2517 religio
1436 2446 1618 2515 multis
1643 2462 1760 2503 mo-

144 2526 241 2583 dis
279 2529 584 2600 impugnari
612 2532 751 2588 solet
776 2533 956 2601 abiis,
986 2535 1078 2605 qui
1118 2549 1294 2606 neque
1321 2551 1505 2592 veram
1542 2539 1757 2609 sapien-

147 2618 295 2674 tiam
325 2628 507 2677 tenere
533 2630 845 2693 potuerunt,
877 2641 1053 2698 neque
1079 2628 1257 2699 magni
1304 2637 1357 2684 et
1398 2629 1636 2687 caelestis
1668 2646 1760 2686 ar-

145 2712 285 2767 cani
318 2712 774 2784 comprehendere
798 2712 1086 2774 rationem.

716 2829 721 2835 ’
798 2808 1028 2867 CAPUT
1066 2810 1131 2866 II.

268 2896 352 2953 De
376 2899 604 2968 ueritate,
637 2901 799 2972 deque
823 2904 935 2974 ejus
960 2904 1226 2976 gradibus,
1255 2914 1406 2977 atque
1429 2907 1493 2963 de
1522 2905 1653 2964 Deo.

224 2989 362 3046 Nam
390 3005 515 3049 cum
535 2994 642 3052 sint
656 2995 851 3067 gradus
868 2996 1042 3065 multi,
1059 3013 1158 3070 per
1182 3015 1319 3072 quos
1339 3000 1405 3057 ad
1432 3001 1762 3059 domicilium

1872 518 2164 559 summum.
2201 505 2565 576 Caligantibus
2609 511 2753 566 enim
2793 516 3033 571 veritatis
3085 515 3290 588 fulgore
3320 494 3502 573 lumi;

1873 598 2051 665 nibus,
2083 600 2173 671 qui
2205 599 2448 655 stabilem
2493 617 2736 672 gressum
2767 615 2951 663 tenere
2980 623 3085 663 non
3118 620 3365 680 possunt,
3394 626 3482 666 re-

1872 691 2161 746 volvuntur
2202 691 2256 746 in
2297 692 2531 762 planum.
2566 694 2775 753 Primus
2820 710 3000 753 autem
3030 701 3227 771 gradus
3252 711 3356 768 est,
3390 704 3479 759 in-

1873 782 2118 853 telligere
2164 782 2326 839 falsas
2367 785 2674 856 religiones,
2722 798 2778 844 et
2818 790 3053 859 abjicere
3082 793 3275 865 impios
3301 797 3480 854 cultus

1871 875 2094 931 deorum
2142 876 2371 932 humana
2400 894 2558 934 manu
2589 880 2988 938 iabricatorum.
3020 884 3297 943 Secundus
3322 904 3472 957 vero,

1871 970 2180 1040 perspicere
2203 971 2402 1038 animo,
2444 973 2585 1044 quod
2610 990 2744 1029 unus
2767 976 2838 1031 sit
2863 977 3005 1034 Deus
3027 993 3290 1050 summus,
3317 984 3473 1054 cujus

1870 1071 2109 1134 potestas
2129 1078 2193 1119 ac
2222 1065 2551 1135 providentia
2581 1066 2819 1124 effecerit
2841 1086 2872 1125 a
2898 1071 3163 1143 principio
3188 1074 3472 1145 mundum,

1869 1164 1922 1210 et
1950 1155 2212 1226 gubernet
2239 1156 2290 1211 in
2321 1168 2613 1228 posterum.
2645 1160 2881 1229 Tertius,
2914 1179 3245 1235 cognoscere
3285 1169 3476 1224 minis-

1872 1257 2010 1303 trum
2041 1251 2157 1320 ejus
2183 1265 2247 1306 ac
2272 1251 2541 1318 nuntium,
2588 1268 2748 1323 quem
2793 1255 2990 1325 legavit
3017 1258 3069 1311 in
3104 1267 3336 1325 terram;
3366 1278 3474 1331 quo

1868 1341 2120 1409 docente,
2149 1342 2357 1397 liberati
2381 1343 2449 1399 ab
2472 1359 2681 1412 errore,
2710 1362 2817 1417 quo
2844 1348 3101 1418 implicati
3132 1337 3468 1422 tenebamur,

1868 1435 2187 1504 formatique
2214 1435 2279 1490 ad
2309 1436 2422 1491 veri
2450 1437 2545 1494 Dei
2574 1438 2801 1506 cultum,
2829 1442 3091 1509 justitiam
3115 1442 3467 1502 disceremus.

1868 1527 1948 1583 Ex
1977 1528 2170 1599 quibus
2191 1529 2440 1584 omnibus
2463 1530 2740 1601 gradibus,
2774 1540 2830 1587 ut
2857 1533 2986 1599 dixi,
3011 1550 3215 1607 pronus
3243 1544 3329 1594 est
3353 1540 3473 1610 lap-

1867 1634 1959 1677 sus
1985 1630 2038 1676 et
2074 1619 2248 1677 facilis
2275 1622 2343 1677 ad
2372 1622 2606 1690 ruinam,
2640 1626 2740 1681 nisi
2769 1625 2933 1697 pedes
2960 1628 3280 1686 inconcussa
3305 1630 3474 1687 stabi-

1867 1712 2017 1770 litate
2043 1712 2293 1783 figantur.

1941 1897 2019 1954 De
2047 1899 2220 1969 primo
2242 1900 2413 1970 gradu
2439 1916 2533 1958 eos
2559 1905 2736 1959 excuti
2759 1904 3021 1972 videmus,
3048 1908 3160 1978 qui,
3187 1923 3308 1965 cum
3338 1910 3474 1967 falsa

1868 1986 2186 2058 intelligant,
2228 1998 2404 2046 tamen
2434 2005 2621 2048 verum
2651 2008 2755 2049 non
2788 1995 3087 2064 inveniunt,
3120 2001 3471 2072 contctnptisa

1865 2095 1969 2150 que
1999 2083 2226 2136 terrenis
2272 2080 2652 2154 fragilibusque
2680 2085 3005 2152 simulacris,
3038 2103 3146 2143 non
3176 2090 3241 2144 ad
3279 2091 3470 2147 colen-

1865 2170 1992 2226 dum
2020 2186 2079 2227 se
2113 2172 2278 2229 Deum
2320 2175 2625 2243 conferunt,
2659 2192 2817 2248 quem
2848 2178 3127 2249 ignorant:
3162 2180 3256 2235 sed
3283 2182 3471 2238 mundi

1866 2260 2131 2318 elementa
2164 2265 2443 2331 mirantes,
2473 2267 2688 2333 etelnm,
2716 2277 2935 2336 terram,
2969 2285 3136 2337 mare,
3165 2271 3358 2340 solem,
3389 2272 3469 2328 lu-

1864 2371 2010 2423 nam,
2041 2365 2343 2430 czcteraque
2369 2368 2512 2415 astra
2539 2369 2883 2415 venerantur.
2908 2361 3012 2416 Sed
3040 2360 3229 2418 horum
3259 2365 3475 2435 imperis

1864 2448 1991 2504 tiam
2021 2450 2131 2520 jam
2177 2452 2518 2522 coarguimus
2547 2453 2598 2507 in
2631 2453 2870 2510 secundo
2900 2454 3206 2511 Divinarum
3250 2458 3471 2513 Insritu—

1868 2539 2070 2596 tionum
2111 2538 2270 2597 libro.
2318 2542 2396 2598 De
2430 2543 2668 2600 secundo
2708 2560 2837 2600 vero
2878 2545 3048 2616 gradu
3096 2561 3191 2602 eos
3238 2547 3471 2604 dicimus

1866 2631 2080 2696 cadere,
2113 2632 2345 2702 quicum
2368 2634 2620 2700 sentiant,
2649 2651 2814 2691 unum
2838 2651 2959 2692 esse
2983 2652 3250 2694 summum
3274 2639 3467 2708 Deum,

1868 2721 2028 2778 iidem
2058 2731 2235 2779 tamen
2264 2738 2292 2777 a
2324 2724 2658 2796 philosophis
2680 2728 2897 2795 irretiti,
2926 2737 2980 2783 et
3008 2729 3156 2785 falsis
3181 2746 3469 2802 argumen-

1866 2814 2153 2871 tationibus
2190 2816 2350 2885 capti,
2400 2816 2555 2872 aliter
2595 2818 2661 2873 de
2704 2820 2859 2875 unica
2905 2820 2995 2877 illa
3034 2820 3316 2891 majestate
3344 2838 3467 2878 sen-

1864 2908 2020 2975 tiunt,
2072 2924 2229 2980 quam
2273 2912 2473 2968 veritas
2500 2912 2688 2979 habet;
2745 2914 2833 2984 qui
2877 2923 2970 2971 aut
3009 2914 3233 2988 figuram
3274 2925 3471 2986 negant

1476 3122 1563 3177 VA
1573 3122 1839 3180 RIORUM
1876 3122 2108 3181 ΝΟΤᾸΕ.

227 3213 443 3323 gastris
482 3252 728 3323 sensibus.
759 3211 886 3307 Mss:
920 3254 952 3307 7
981 3253 1315 3323 praemittunt
1342 3256 1423 3310 de.
1777 3257 1825 3320 C

229 3319 488 3397 Recteque
517 3322 779 3380 Socrates.
806 3319 1064 3380 Francius
1083 3365 1099 3393 ,
1134 3325 1272 3381 forte
1302 3325 1502 3397 Itaque.
1543 3325 1598 3382 In
1628 3326 1748 3384 Em.

142 3400 250 3464 est,
266 3391 427 3464 Recte
448 3410 588 3464 ergo.

226 3461 518 3518 Iustitiam:
541 3464 772 3519 Reimm.
796 3464 1081 3521 Justitiam.
1111 3467 1299 3524 Prave.
1320 3468 1512 3534 Pierr.,
1538 3468 1753 3534 Parrh.,

141 3535 429 3609 insaniam.
470 3536 623 3609 Rost.
652 3534 789 3591 Ven.
825 3538 986 3605 M71,
1014 3547 1242 3609 utraque
1264 3540 1355 3605 78,
1377 3538 1577 3609 Paris.,
1602 3540 1752 3606 Ald.,

138 3617 203 3680 et
252 3607 358 3680 l_toc
375 3606 734 3680 _recentiores
779 3623 987 3680 omnes,
1036 3606 1313 3669 inscitiam.
1362 3608 1561 3672 Lond.,
1593 3610 1751 3680 Beg.,

140 3676 343 3741 60th.,
375 3674 515 3733 Ven.
564 3677 728 3742 1495,
770 3679 1111 3734 inscientiam.
1140 3680 1339 3749 Recepi
1385 3695 1573 3735 vocem
1600 3674 1754 3736 Ciée4

142 3749 267 3803 roni
295 3758 349 3802 et
383 3758 570 3803 nostro
596 3758 827 3818 gratam.
857 3749 979 3807 Vid.
1024 3751 1116 3806 lib.
1164 3767 1218 3805 v.
1249 3750 1466 3807 Confer.
1511 3750 1747 3807 Gronov.

140 3819 214 3872 ad
238 3818 371 3891 Liv.
404 3835 538 3891 xm.
583 3834 701 3891 cap.
726 3820 819 3876 25.
853 3820 1133 3877 Buueuan.

221 3890 296 3964 Se
331 3890 464 3964 nihil
500 3890 666 3964 scires
687 3892 846 3964 Apud
890 3893 1098 3964 Platon.
1154 3894 1207 3947 in
1259 3892 1486 3964 Apolog.
1537 3894 1748 3951 Socrat.

140 3962 255 4033 sub
284 3962 518 4033 initium,
551 3970 606 4017 et
635 3963 745 4018 Cic.
779 3978 795 4016 l
822 3961 992 4019 Acad.
1021 3973 1211 4033 quaest.

221 4030 440 4085 Putant.
470 4032 550 4106 Ita
580 4033 845 4106 ms._Bov.
873 4030 1347 4104 quam’lectionem
1379 4036 1567 4106 probat
1613 4036 1752 4092 licu-

138 4117 416 4166 manuus;
450 4103 535 4156 alii
563 4103 826 4168 putabant.

218 4173 498 4246 Simutuuit
513 4175 635 4246 ipse
662 4175 965 4230 doctrinam.
998 4174 1123 4229 Mss.
1160 4177 1212 4241 7,
1249 4177 1376 4246 ipse.
1411 4174 1604 4245 Scripti
1636 4175 1670 4231 9
1699 4185 1754 4232 et

136 4245 173 4297 ει).
205 4252 321 4317 vet.
356 4244 479 4298 edd.
509 4244 691 4317 Bone,
721 4246 1057 4301 dissimulavit
1081 4247 1265 4317 ipsam.

218 4314 309 4369 Ex
350 4326 494 4381 parte
526 4316 1013 4388 aliquaueritatem.
1051 4314 1257 4388 Lond.,
1309 4318 1464 4388 Reg.,
1500 4317 1583 4372 Ea:
1611 4329 1756 4384 parte

135 4387 376 4458 aliquam
399 4388 673 4441 ueritatem.
707 4387 822 4443 Non
855 4388 1013 4443 male.
1047 4387 1278 4458 Reliqui,
1307 4387 1533 4458 exparte
1557 4390 1750 4458 aliqua,

141 4466 201 4509 ιιι
227 4455 324 4511 lib.
349 4472 427 4537 nt,
450 4471 569 4526 cap.
592 4459 625 4513 5
645 4477 659 4510 :
683 4458 863 4547 Potest
888 4458 1028 4547 fieri,
1051 4467 1108 4512 ut
1124 4455 1315 4547 omnes
1338 4455 1564 4547 reiparte
1582 4455 1756 4547 aliqua
1780 4487 1834 4547 Β

137 4528 474 4600 erraverint,
504 4545 567 4583 ea:
592 4538 735 4598 parte
762 4530 1018 4600 attigerint
1049 4531 1330 4586 ueritatem.
1374 4529 1520 4585 Idem
1560 4546 1626 4585 ex
1667 4528 1754 4586 Ci-

139 4613 346 4670 cerone
374 4598 468 4652 lib.
497 4615 572 4661 Ill,
599 4600 769 4669 aliqua
796 4598 871 4655 ρκ’
885 4610 1051 4670 parte.
1456 4600 1608 4670 BDN.

220 4667 576 4740 Testatusque.
603 4667 769 4726 Abest
786 4667 930 4740 quea
955 4671 1191 4727 Colbert.
1216 4672 1243 4725 I
1272 4678 1328 4725 ei.
1353 4671 1386 4725 9
1407 4669 1582 4727 editis.
1602 4671 1755 4727 Plato

140 4739 361 4812 scripsit
385 4755 483 4807 pro
497 4740 719 4812 Socrate
746 4739 1084 4812 Apologiam,
1110 4740 1561 4812 quemadmodum
1591 4742 1754 4797 etiam

143 4809 453 4879 Xetmphon
488 4821 542 4865 et
583 4809 808 4882 Lysias;
830 4811 888 4866 lu
921 4809 982 4867 ea
1015 4809 1166 4867 Plato
1209 4812 1487 4867 Socratem
1535 4827 1752 4868 causam

142 4897 301 4935 suam
347 4890 535 4936 contra
574 4882 989 4937 calumniatores
1029 4882 1403 4938 defendentem
1436 4882 1660 4948 inducit,
1692 4898 1756 4939 ac

143 4962 201 5006 ut
229 4952 468 5006 eicvziret
515 4954 791 5024 cujusdam
838 4954 1113 5023 sapientia:
1154 4953 1306 5006 titulo
1340 4955 1600 5024 turgentis
1634 4954 1755 5024 opi—

144 5023 391 5086 nionem,
437 5023 794 5095 pulcherrima
834 5036 899 5095 et,
932 5024 1169 5079 modesta
1206 5023 1453 5095 synerisi
1477 5026 1757 5093 sapientiae

144 5094 291 5148 illius
315 5108 468 5149 suam
499 5094 735 5163 praefert,
764 5094 905 5164 quod
935 5095 1049 5163 ipse
1068 5095 1135 5150 de
1165 5094 1307 5149 nulla
1330 5094 1604 5165 sapientia
1636 5096 1757 5165 glo-

143 5165 405 5229 riaretur,
448 5166 541 5221 ille
566 5182 695 5221 vero
734 5181 855 5221 cum
885 5166 1014 5221 nihil
1043 5167 1199 5230 sciat,
1227 5164 1442 5234 sapiens
1473 5164 1657 5221 tamen
1682 5167 1759 5220 vi-

142 5234 276 5291 dere
306 5236 451 5308 velit.
483 5236 872 5308 AriStopltanes
924 5235 1192 5308 Comicus,
1225 5253 1254 5290 a
1283 5236 1521 5308 Socratis
1552 5237 1759 5292 tumulis

146 5307 375 5376 pecunia
407 5307 711 5378 corruptus,
744 5323 867 5363 eum
916 5307 1039 5362 ludo
1066 5308 1282 5363 scenico
1310 5307 1544 5378 indignis
1586 5308 1759 5362 modis

148 5378 489 5455 prmscindit,
525 5380 666 5434 inter
713 5389 906 5455 caetera
946 5378 1299 5455 calumnians,
1350 5379 1490 5455 quod
1521 5400 1760 5455 μερρμνο-

146 5452 393 5520 σοφὶστης
416 5465 515 5520 pro
527 5449 781 5505 mercede
796 5464 1007 5520 aequum
1033 5455 1089 5520 et
1109 5449 1345 5520 iniquum
1373 5449 1597 5505 doeetit.‘
1614 5449 1761 5520 Hanc

145 5518 471 5591 calumniam
489 5518 901 5577 Cotttmentator
924 5518 1154 5575 lideliter
1178 5518 1260 5591 (ut
1283 5531 1510 5591 exteras
1525 5519 1760 5590 quoque)

146 5590 408 5645 retundit.
1444 5590 1647 5646 BB'I‘UL.

220 5659 462 5718 Platone.
493 5662 652 5717 Plato
679 5662 732 5716 in
758 5662 991 5733 Apolog.’
1445 5688 1455 5696 -

223 5733 363 5806 Adeo
388 5734 701 5790 doctrinam.
746 5733 834 5806 Sic
863 5749 1052 5793 omnes
1095 5750 1224 5792 mss.
1257 5744 1305 5789 ct
1341 5732 1580 5806 plerique
1607 5732 1758 5788 editi.

147 5802 202 5859 In
235 5803 267 5855 6
296 5804 576 5877 impressis
606 5815 689 5859 est
712 5804 951 5877 adeoque.

1930 3259 1995 3315 In
2022 3278 2121 3387 quo
2157 3263 2267 3318 solo
2296 3264 2480 3319 veritas
2508 3276 2601 3321 est.
2636 3266 2661 3319 l
2713 3264 2848 3335 Reg.
2904 3280 3017 3322 rec.
3072 3276 3127 3323 et
3165 3268 3196 3322 7
3230 3266 3380 3332 editi,
3412 3268 3467 3322 in

1930 3349 1958 3385 ο
1979 3349 2034 3386 80
2058 3350 2108 3387 a.

1859 3347 1958 3403 quo
1979 3347 2108 3387 tota.

1932 3404 2183 3459 Stabilem
2206 3422 2434 3477 gressum
2454 3416 2635 3462 tenere.
2668 3407 2916 3463 Lucanus
2941 3406 3039 3463 lib.
3066 3426 3082 3464 ι
3103 3427 3115 3462 :

2076 3516 2370 3568 Inconcussa
2395 3525 2575 3570 tenens
2594 3519 2743 3570 dubio
2765 3521 2979 3584 vestigia
3003 3532 3170 3572 cursu.
3211 3520 3227 3533 ‘

1858 3599 2050 3657 Senec.
2078 3601 2131 3655 in
2152 3601 2356 3658 Thiest.
2385 3603 2418 3657 5
2445 3622 2458 3659 :

2106 3712 2345 3764 Stabilem
2363 3716 2415 3765 in
2439 3714 2582 3777 plano
2599 3714 2756 3779 figere
2779 3728 3022 3779 gressum.

1860 3816 2015 3873 C0nf.
2042 3827 2156 3872 nol.
2184 3816 2341 3873 infra.
2370 3818 2503 3874 BDN.

1936 3888 2347 3945 Fabricatorum.
2392 3890 2609 3947 Scilicet
2661 3891 2904 3946 deorum.
2947 3890 3037 3947 Sic
3077 3891 3360 3948 emendavi
3388 3908 3457 3949 ex

1860 3963 2066 4033 cunctis
2097 3962 2207 4018 fere
2250 3977 2379 4017 mss.
2427 3970 2481 4017 et
2507 3962 2732 4031 vulgatis
2761 3961 3034 4033 Gymnic.,
3087 3962 3180 4026 Is.,
3233 3961 3458 4028 Cellar.,

1860 4032 2097 4095 Walch.,
2121 4033 2287 4105 multo
2307 4033 2500 4105 melius
2525 4049 2682 4105 quam
2715 4032 2988 4105 fabricatos
3011 4033 3046 4105 4
3073 4038 3465 4105 manuscripto—

1861 4118 1978 4155 rum
2001 4119 2109 4157 rec.
2143 4114 2193 4157 et
2224 4104 2282 4159 Η
2318 4104 2608 4158 editorum.
2635 4104 2771 4169 Quid
2818 4105 2960 4158 enim
3000 4104 3099 4159 sibi
3146 4106 3259 4159 vult
3297 4107 3464 4160 cultus

1861 4173 2070 4226 deorum
2097 4174 2415 4242 fabricatos?
2440 4175 2544 4229 Sed
2568 4184 2622 4229 et
2643 4189 2801 4243 supra
2832 4176 2923 4229 lib.
2956 4191 3026 4228 vn
3057 4175 3171 4229 Div.
3214 4177 3366 4239 lnst.,
3396 4178 3463 4229 ad

1860 4243 2045 4311 impios
2074 4244 2239 4298 cultus
2275 4249 2682 4316 manufactorum
2708 4244 3211 4316 tuorum—Cultus
3251 4247 3462 4300 deorum

1861 4317 2085 4368 humana
2112 4331 2263 4368 manu
2289 4314 2668 4386 fabricatorum.
2703 4314 2877 4371 Voces
2908 4322 3132 4370 humana
3154 4334 3309 4371 manu
3341 4333 3464 4386 quae

1861 4333 2085 4368 humana
2112 4333 2263 4368 manu
2289 4333 2668 4386 jaortcatorum.
2711 4333 2877 4371 voces
2908 4333 3132 4370 humana
3154 4334 3309 4371 manu
3341 4333 3464 4441 dine

1860 4395 1986 4440 sunt
2016 4385 2066 4438 in
2099 4386 2366 4452 omnibus,
2401 4403 2506 4441 non
2539 4395 2665 4456 puto
2690 4386 3075 4456 sollicitandas,
3107 4387 3334 4442 libenter
3406 4402 3465 4440 a-

1866 4457 1957 4528 tini
1985 4456 2116 4528 istas
2139 4470 2300 4513 voces
2320 4458 2670 4527 conjungunt.
2699 4456 2927 4511 Noto'ad
2952 4455 3101 4512 Lact.
3130 4458 3224 4513 lib.
3251 4474 3305 4524 v,
3340 4473 3458 4528 cap.

2019 4525 2142 4581 Non
2184 4525 2476 4601 sacriﬁcare
2516 4525 2774 4600 lapidibus
2804 4529 3028 4601 humana
3074 4544 3230 4580 manu
3268 4525 3467 4601 factis:

1863 4597 1978 4653 Lib.
2004 4615 2099 4663 vn,
2130 4613 2248 4668 cap.
2274 4599 2336 4653 Il
2367 4616 2381 4653 :
2413 4597 2652 4654 Manibus
2677 4599 2912 4653 humanis
2942 4597 3244 4652 laboratum.
3269 4597 3279 4601 ⁷
3324 4598 3461 4653 BDN.

1933 4668 2245 4739 Cognoscere
2278 4670 2564 4722 ministrum
2603 4671 2714 4739 ejus
2752 4686 2813 4722 ac
2841 4670 3094 4732 nuntium,
3143 4676 3247 4722 etc.
3280 4670 3460 4738 Ange-

1860 4740 1972 4794 lum
1996 4738 2245 4794 nimirum
2273 4740 2450 4808 magni
2482 4738 2710 4808 consilii,
2737 4739 2861 4794 Hrec
2878 4747 2951 4791 est
2971 4738 3102 4791 enim
3130 4739 3231 4791 vita
3246 4749 3460 4806 mterna,

1862 4811 2029 4880 inquit
2052 4810 2167 4877 ipse
2183 4807 2457 4864 Dominus.
2485 4807 2640 4863 Joan.
2674 4825 2803 4873 xvn,
2819 4820 2875 4863 ut
2898 4818 3205 4880 cognoscant
3227 4821 3274 4865 te
3296 4811 3463 4865 solum

1859 4898 2034 4935 verum
2066 4880 2247 4947 Deum,
2286 4891 2331 4934 et
2358 4896 2503 4949 quem
2534 4881 2714 4933 misisti
2742 4880 2908 4935 .Iesuu
2936 4880 3213 4934 Christum.
3247 4880 3303 4935 Si
3331 4881 3463 4936 mis-

1861 4967 1976 5018 sus,
2020 4968 2147 5020 ergo
2194 4953 2419 5022 legatus,
2460 4951 2697 5022 nuntius,
2738 4951 2982 5022 angelus,
3020 4966 3117 5022 seu
3166 4952 3463 5020 apostolus,

1861 5024 2007 5077 salva
2034 5031 2208 5077 tamen
2238 5021 2515 5092 majestate
2548 5021 2748 5078 divina.
2781 5021 2912 5076 Item
2942 5021 3130 5079 eadem
3154 5021 3466 5082 conditione

1862 5094 2107 5148 minister.
2140 5093 2293 5148 Rom.
2322 5108 2411 5147 xv.

1934 5163 2211 5233 lmplicati.
2242 5163 2337 5218 Ms.
2363 5163 2492 5218 Bov.

1943 5234 2146 5307 Iferttm.
2182 5236 2249 5289 At
2274 5249 2374 5307 ms.
2406 5234 2537 5291 Bov.
2562 5236 2688 5307 legit
2718 5253 2854 5291 vera.

1945 5306 2139 5376 Horum
2168 5306 2476 5375 imperitiam
2494 5308 2607 5375 jam
2626 5306 2958 5376 coarguimus
2987 5307 3043 5361 in
3074 5307 3297 5362 secundo
3330 5306 3473 5362 Divi-

1864 5394 2048 5432 narum
2070 5375 2454 5431 Institutionum
2476 5377 2624 5433 libro.
2655 5377 2785 5433 Inde
2806 5388 2950 5447 patet
2980 5378 3286 5433 Divinarum
3312 5376 3471 5434 Insti-

1866 5449 2131 5503 tutiouum
2172 5448 2336 5504 libros
2384 5460 2511 5504 ante
2540 5449 2733 5505 librum
2764 5446 2828 5504 de
2868 5446 2960 5503 Ira
2989 5447 3087 5503 Dei
3130 5449 3297 5504 fuisse
3333 5463 3471 5505 cou-

1864 5520 2115 5586 scriptos.

1940 5590 2040 5656 Qui
2067 5607 2181 5643 cum
2201 5592 2439 5645 sentiunt.
2470 5591 2545 5644 Ita
2585 5589 2930 5645 emendatum
2960 5605 3025 5644 ex
3059 5589 3308 5644 omnibus
3335 5604 3472 5658 pene

1864 5676 1994 5716 mss.
2025 5671 2079 5715 et.
2110 5660 2237 5715 edit.
2265 5661 2419 5716 Rom.
2452 5661 2585 5718 1-570
2619 5671 2673 5716 et
2696 5661 2942 5731 Gyniuic.
2980 5659 3116 5715 Vide
3142 5676 3257 5729 seq.
3292 5659 3423 5729 Reg.
3452 5675 3471 5714 ι

1865 5746 1975 5806 rec.
2006 5743 2060 5786 et
2086 5731 2215 5806 edit.
2252 5731 2422 5803 Crat.,
2460 5736 2547 5806 qui
2585 5749 2700 5788 cum
2725 5732 2963 5789 sentiunt.
3006 5731 3154 5787 Multi
3186 5732 3469 5800 impressi,

1867 5805 1955 5876 qui
1982 5804 2316 5858 consentiunt.
