3912 6256
154 336 228 396 85

1486 338 1691 398 LIBER
1728 338 1819 400 DE
1854 341 1975 401 IRA
2009 343 2147 402 DEI.

3383 351 3455 408 86

158 466 299 519 rare,
320 450 420 508 sed
449 451 522 507 ad
544 452 761 509 tortoris
782 461 836 508 et
855 453 1126 510 carniﬁcis
1153 453 1390 511 ofllcium
1420 454 1739 514 deducetur.
1769 461 1822 524 Α
1849 476 1953 533 que
1995 474 2230 529 nocere,
2260 462 2403 533 quod
2438 465 2515 520 ex
2562 464 2757 523 allecto
2811 465 3102 522 iracundiae
3132 467 3451 540 plerumque

158 541 290 600 Cum
308 551 488 600 autem
517 543 818 612 videamus,
842 559 951 600 non
994 545 1157 602 modo
1186 547 1326 602 mala
1355 562 1478 605 esse
1503 549 1556 603 in
1583 548 1749 606 rebus

161 635 428 703 humanis,
475 635 570 691 sed
600 637 762 691 etiam
786 635 948 705 bona,
982 639 1166 709 utique
1188 638 1232 694 si
1268 639 1410 695 Deus
1437 647 1521 695 est
1565 650 1751 697 auctor

161 730 443 798 malorum,
489 745 609 786 esse
650 730 878 786 alterum
923 746 1146 789 necesse
1193 743 1296 802 est,
1336 735 1427 805 qui
1479 737 1749 793 contraria

165 823 277 878 Deo
302 821 475 888 faciat,
499 830 554 878 et
575 821 669 879 det
694 824 851 879 nobis
871 824 1029 881 bona.
1056 822 1111 880 Si
1137 835 1217 881 est
1244 868 1259 893 ,
1283 842 1391 896 quo
1417 829 1635 883 nomine
1657 843 1751 898 ap-

166 913 442 986 pellandus
463 914 580 969 est?
612 924 707 970 aut
735 931 832 972 cur
861 915 1051 987 nobis,
1085 918 1178 988 qui
1230 918 1370 973 male
1417 918 1611 986 faciat,
1653 933 1750 974 no-

165 1010 267 1064 tior
291 1017 387 1075 est,
409 1023 570 1078 quam
602 1006 725 1076 ille,
753 1008 845 1081 qui
876 1007 1053 1066 bene?
1079 1009 1135 1066 Si
1177 1020 1357 1065 autem
1389 1009 1524 1065 nihil
1573 1020 1752 1081 potest

164 1118 280 1159 esse
302 1113 498 1175 praeter
527 1104 695 1159 Deum
719 1145 734 1171 ,
760 1105 1053 1159 absurdum
1077 1114 1158 1160 est
1184 1116 1239 1160 et
1267 1119 1483 1172 vanum,
1511 1104 1749 1160 divinam

162 1207 341 1269 putare
370 1205 719 1267 poteStatem,
749 1212 852 1268 qua
871 1197 1005 1252 nihil
1035 1205 1120 1253 est
1146 1197 1338 1267 majus,
1359 1196 1490 1251 nihil
1519 1196 1712 1252 melius
1731 1241 1746 1264 ,

161 1303 348 1345 nocere
374 1303 556 1360 posse,
581 1290 840 1360 prodesse
862 1304 971 1345 non
996 1304 1177 1362 posse.
1209 1291 1272 1345 Et
1294 1286 1417 1346 ideo
1445 1305 1605 1346 nemo
1652 1303 1748 1345 ex-

161 1381 278 1448 titit,
302 1383 389 1451 qui
417 1381 644 1438 auderet
664 1380 715 1436 id
737 1381 946 1449 dicere;
975 1383 1097 1452 quia
1126 1396 1229 1437 nec
1257 1383 1516 1437 rationem
1546 1381 1745 1447 habet,

162 1487 255 1529 nec
274 1473 377 1527 ullo
399 1471 561 1528 modo
584 1482 759 1544 potest
779 1474 948 1529 credi.
969 1473 1121 1543 Quod
1144 1474 1267 1545 quia
1288 1472 1558 1541 convenit,
1576 1480 1749 1530 trans-

160 1580 333 1621 eamus
358 1573 413 1621 et
440 1565 728 1622 veritatem
757 1567 885 1623 alibi
922 1567 1279 1639 requiramus.

755 1720 984 1778 CAPUT
1021 1721 1112 1779 IV.

1857 555 2130 625 nascitur,
2188 556 2386 613 ademit
2422 559 2470 614 ei
2498 559 2661 616 etiam
2715 560 3163 627 beneﬁcentiam,
3196 563 3450 633 quoniam

1854 648 2069 705 videbat
2095 666 2432 721 consequens
2456 667 2599 719 esse,
2616 662 2674 709 ut
2702 655 2746 709 si
2774 654 2968 710 habeat
2998 655 3134 709 iram
3157 653 3320 723 Deus,
3354 656 3449 713 ha-

1853 742 1980 797 beat
2031 751 2085 797 et
2133 743 2382 812 gratiam.
2416 742 2599 815 Itaque
2629 760 2696 800 ne
2748 746 2827 800 illi
2858 746 3045 801 vitium
3081 747 3443 815 concederet,

1855 834 2017 889 etiam
2048 834 2261 889 virtutis
2284 834 2408 890 fecit
2429 846 2726 905 expertem.
2752 836 2836 891 Ex
2868 840 2991 905 hoc,
3026 839 3229 910 inquit,
3256 840 3447 896 beatus

1855 936 1909 982 et
1931 928 2276 998 incorruptus
2300 938 2405 994 est,
2434 929 2552 999 quia
2574 929 2707 983 nihil
2738 940 2909 997 curat,
2945 946 3120 1002 neque
3150 931 3313 987 habet
3339 932 3451 1002 ipse

1854 1021 2123 1092 negotium
2147 1064 2162 1089 ,
2195 1037 2367 1092 neque
2396 1022 2549 1077 alteri
2572 1022 2811 1078 exhibet.
2843 1024 2985 1079 Deus
3016 1025 3176 1094 igitur
3202 1039 3312 1080 non
3341 1033 3446 1091 est,

1853 1116 1899 1168 si
1931 1129 2029 1169 nec
2055 1124 2319 1180 movetur,
2348 1114 2488 1186 quod
2523 1124 2606 1170 est
2635 1117 2911 1187 proprium
2943 1117 3169 1173 viventis
3199 1136 3211 1171 :
3242 1134 3341 1174 nec
3370 1117 3451 1174 fa-

1854 1209 1928 1265 cit
1972 1208 2172 1280 aliquid
2226 1208 2558 1277 impossibile
2591 1208 2792 1263 homini
2822 1252 2835 1274 ,
2878 1209 3022 1281 quod
3051 1219 3136 1265 est
3172 1210 3447 1281 proprium

1854 1303 1973 1367 Dei,
2001 1302 2046 1357 si
2073 1302 2297 1356 omnino
2325 1301 2523 1355 nullam
2548 1301 2708 1357 habet
2735 1302 3089 1369 Voluntatem,
3121 1304 3324 1358 nullum
3354 1319 3449 1360 ae-

1864 1404 1995 1461 tum,
2028 1395 2232 1449 nullam
2252 1393 2485 1464 denique
2513 1394 3058 1458 administrationem,
3087 1411 3207 1464 quae
3237 1396 3346 1451 Deo
3364 1397 3450 1452 di-

1851 1504 1955 1559 gna
2000 1488 2090 1542 sit.
2122 1486 2190 1542 Et
2233 1502 2351 1558 quae
2390 1486 2600 1557 major,
2645 1502 2768 1559 quae
2797 1487 3009 1558 dignior
3059 1488 3451 1549 administratio

1768 1580 1775 1589 ’
1853 1581 1965 1636 Deo
1994 1580 2255 1650 assignari
2285 1587 2481 1651 potest,
2511 1594 2671 1650 quam
2699 1579 2884 1639 mundi
2914 1579 3254 1652 gubernatio,
3280 1584 3451 1639 maxi—

1853 1688 2046 1744 meque
2075 1671 2289 1745 generis
2343 1671 2564 1750 humani
2585 1715 2599 1740 ,
2625 1672 2714 1728 cui
2739 1671 2919 1729 omnia
2958 1681 3176 1730 terrena
3205 1675 3447 1747 subjecta

1853 1775 2000 1824 sunt.
2472 1772 2486 1784 ’

164 1856 236 1914 De
262 1856 393 1927 Deo,
417 1857 583 1930 deque
623 1858 735 1927 ejus
772 1854 1070 1928 affectibus,
1106 1856 1422 1934 Epicurique
1464 1857 1745 1931 reprehen-
1775 1868 1825 1930 Β
1923 1858 2054 1925 Quae
2077 1857 2237 1929 igitur
2263 1856 2317 1910 in
2343 1855 2453 1911 Deo
2478 1864 2658 1927 potest
2679 1871 2800 1914 esse
2827 1857 3128 1925 beatitudo,
3159 1859 3204 1915 si
3230 1876 3450 1936 semper

856 1950 1017 2005 sione.

218 2133 358 2204 Quod
405 2134 676 2207 sequitur,
699 2135 767 2193 de
794 2138 978 2194 schola
1010 2137 1231 2210 Epicuri
1256 2150 1376 2207 est;
1408 2138 1551 2195 sicut
1602 2140 1736 2195 iram

152 2230 199 2286 in
222 2229 324 2284 Deo
349 2244 453 2285 non
479 2226 631 2296 esse,
678 2230 753 2286 ita
790 2246 893 2287 nec
931 2233 1156 2306 gratiam
1187 2234 1424 2305 quidem.
1456 2234 1588 2290 Nam
1611 2250 1737 2291 cum

150 2328 343 2389 putaret
364 2319 658 2392 Epicurus,
690 2322 926 2379 alienum
958 2338 1127 2381 essea
1157 2326 1269 2383 Deo
1307 2326 1633 2404 malefacere
1658 2336 1738 2382 at-

1851 1958 2088 2030 quietus,
2117 1959 2171 2007 et
2196 1948 2485 2006 immobilis
2512 1949 2728 2021 torpet?
2755 1950 2803 2005 si
2844 1952 3190 2022 precantibus
3217 1938 3439 2025 surdus,

1851 2051 1894 2108 si
1921 2046 2228 2105 colentibus
2249 2058 2426 2099 caecus
2442 2044 2466 2098 ?
2485 2041 2622 2111 Quid
2647 2050 2753 2098 tam
2772 2043 3015 2115 dignum,
3041 2054 3147 2100 tam
3170 2048 3446 2123 proprium

1849 2140 1985 2205 Deo,
2031 2151 2191 2207 quam
2239 2132 2624 2206 providentia?
2671 2133 2778 2191 Sed
2823 2135 2870 2190 si
2919 2135 3052 2191 nihil
3088 2148 3273 2208 curat,
3313 2138 3449 2196 nihil

1850 2229 2117 2303 providet,
2143 2226 2324 2282 amisit
2350 2239 2568 2280 omnem
2600 2223 2960 2282 divinitatem.
2991 2227 3091 2296 Qui
3122 2243 3252 2301 ergo
3280 2238 3446 2286 totam

1849 2324 1980 2391 vim,
2015 2330 2183 2377 totam
2212 2319 2321 2375 Deo
2355 2317 2715 2373 substantiam
2746 2319 2907 2385 tollit,
2939 2318 3068 2390 quid
3108 2320 3254 2377 aliud
3292 2320 3443 2389 dicit,

1482 2460 1845 2520 VABIORUM
1882 2457 2116 2517 NOTAE.

212 2577 385 2647 Utique
403 2577 447 2632 si
472 2576 620 2632 Deus
648 2586 722 2632 est
746 2586 924 2632 auctor
948 2578 1222 2643 malorum,
1260 2593 1367 2633 esse
1393 2580 1612 2631 alterum
1642 2594 1733 2632 ne-

146 2668 271 2705 cesse
308 2659 405 2719 est,
442 2649 522 2717 qui
576 2650 835 2702 contraria
890 2648 993 2702 Deo
1035 2650 1210 2719 faciat.
1268 2649 1343 2703 Ita
1393 2650 1611 2717 reposui
1656 2663 1734 2719 rex

146 2736 269 2775 mss.
294 2718 328 2773 2
350 2720 547 2789 Bonon.
579 2721 599 2773 i
628 2719 789 2789 Reg,
824 2720 857 2774 5
876 2718 1058 2782 Colb.,
1085 2720 1387 2785 lSorbon.,
1416 2719 1575 2786 'l‘ax.,
1603 2718 1727 2774 edd.

146 2792 325 2847 Thom.
352 2801 402 2847 et
429 2788 646 2847 Walch.
678 2788 736 2845 In
767 2804 896 2845 mss.
929 2791 990 2845 11
1026 2798 1082 2845 et
1106 2792 1138 2847 5
1164 2792 1324 2847 editis
1347 2790 1579 2861 legitur:
1616 2789 1731 2844 Uti-

143 2880 232 2932 que
248 2863 291 2917 si
310 2861 437 2917 Deus
464 2871 564 2928 est,
593 2870 851 2932 auctorem
870 2877 986 2932 esse
1011 2861 1229 2916 alterum
1256 2877 1455 2917 necesse
1484 2869 1577 2922 est,
1608 2861 1730 2932 qui;

144 2929 193 2988 in
219 2935 249 2988 5
271 2934 418 2987 editis
441 2948 557 2987 rec.
586 2930 768 3002 Utique
786 2933 832 2986 si
861 2929 995 2987 Deus
1022 2948 1123 2987 non
1152 2943 1248 2998 est,
1273 2948 1380 2987 esse
1398 2929 1630 3002 alterum:
1647 2949 1728 2985 ne-

146 3021 265 3059 cesse
288 3014 353 3058 est
378 3004 494 3075 qui;
520 3003 582 3057 in
612 3001 830 3072 scriptis
856 3002 889 3058 9
914 3012 970 3057 et
1000 3004 1221 3059 totidem
1251 3003 1529 3074 impressis
1562 3020 1575 3055 :
1611 3001 1726 3075 Uti-

144 3092 228 3145 que
239 3077 278 3129 si
299 3074 425 3128 Deus
442 3091 549 3129 non
568 3083 659 3138 est,
674 3084 934 3129 auctorem
952 3090 1058 3128 esse
1075 3075 1294 3129 alterum
1315 3089 1514 3145 necesse
1531 3074 1720 3144 estqui.

144 3145 390 3217 —Utique
411 3147 454 3201 si
483 3144 629 3217 Deus
658 3154 797 3200 est...
827 3146 913 3215 qui
931 3146 1191 3203 contraria
1224 3144 1329 3217 Deo
1361 3144 1547 3217 [facian
1571 3144 1724 3201 Reti-

145 3224 224 3272 nui
248 3214 578 3272 communem
604 3214 913 3276 lectionem,
947 3220 1193 3285 quamvis
1220 3216 1280 3271 Β.
1299 3214 1437 3271 «ξιτ.
1466 3214 1716 3280 habeant,

150 3287 312 3358 Utique
330 3290 369 3340 si
391 3287 525 3342 Deus
552 3298 626 3341 est
642 3298 819 3341 auctor
843 3286 1117 3351 malorum,
1151 3303 1257 3342 esse
1278 3288 1496 3340 alterum
1525 3303 1723 3340 necesse

148 3361 300 3430 estqui
319 3360 600 3425 contraria,
624 3368 730 3414 etc.
763 3359 819 3414 Si
851 3358 1015 3423 Deus,
1044 3359 1236 3427 inquit,
1266 3373 1374 3414 non
1401 3366 1485 3418 est
1510 3369 1717 3421 auctor,

148 3433 330 3485 scilicet
354 3440 453 3484 tam
496 3430 786 3493 bonorum,
820 3444 982 3499 quam
1031 3432 1314 3499 malorum,
1358 3430 1428 3482 ita
1462 3437 1518 3482 ut
1545 3431 1718 3482 solum

149 3502 417 3557 maleiaciat
439 3501 774 3567 hominibus,
803 3498 1026 3557 alterum
1054 3498 1214 3571 igitur
1235 3499 1567 3555 constituere
1596 3512 1722 3571 auc-

149 3581 297 3627 torem
317 3573 700 3628 beneliciorum
736 3587 956 3626 necesse
987 3569 1091 3636 est,
1109 3586 1228 3625 cum
1252 3581 1305 3626 et
1330 3571 1468 3625 bona
1497 3580 1550 3623 et
1582 3569 1719 3625 mala

149 3646 476 3711 experiamur.
512 3644 625 3699 Sed
648 3645 784 3697 alius
807 3652 1002 3715 printer
1026 3642 1190 3697 Deum
1214 3641 1468 3696 constitui
1494 3655 1602 3715 non
1627 3654 1721 3713 po-

150 3710 261 3768 test:
291 3731 410 3785 ergo
436 3715 583 3770 idem
614 3717 751 3770 Deus
778 3710 963 3769 auctor
982 3721 1065 3769 est
1089 3722 1199 3768 tum
1222 3717 1510 3785 malorum,
1534 3710 1586 3771 id
1614 3710 1718 3776 est,

150 3784 419 3853 pinnarum,
454 3794 570 3840 tum
617 3786 902 3853 bonorum,
932 3785 983 3841 id
1004 3795 1087 3842 est
1115 3784 1525 3851 beneliciorum,
1557 3794 1720 3851 atque

150 3859 481 3923 praemiorum.
514 3858 703 3913 lsazus.

211 3945 392 4004 Nocere
431 3962 603 4019 posse,
636 3949 873 4018 prodesse
930 3966 1033 4005 non
1063 3965 1227 4019 posse.
1271 3948 1395 4004 Tria
1447 3957 1718 4017 postrema

151 4019 290 4073 verba
317 4023 506 4077 absunt
533 4035 570 4076 a
597 4021 668 4075 ΞΟ
694 4036 824 4075 mss.
856 4030 911 4077 et
939 4022 974 4078 5
1001 4022 1087 4076 ed.

211 4110 345 4176 Quod
365 4114 481 4183 quia
509 4112 765 4167 convenit.
796 4111 851 4166 Id
880 4122 984 4179 est,
1013 4113 1139 4183 quia
1183 4112 1244 4183 fin
1294 4126 1363 4166 eo
1392 4113 1719 4168 conveniunt

148 4195 349 4248 omnes;
376 4182 505 4238 ’sive
555 4184 727 4237 nostri
766 4184 945 4238 verbis
971 4183 1039 4237 de
1067 4182 1234 4253 Opif.,
1266 4198 1382 4253 cap.
1421 4184 1486 4237 l7
1521 4202 1534 4235 :
1568 4183 1719 4248 Quod

149 4253 253 4319 quia
295 4256 420 4308 inter
458 4255 795 4326 philosOphos
825 4254 1075 4307 convenit.
1112 4256 1185 4308 ita
1237 4255 1448 4326 Cicero,
1490 4255 1562 4326 lib
1592 4256 1717 4326 tin-

150 4335 297 4389 vent.,
321 4341 434 4395 cap.
460 4324 499 4381 9
521 4344 536 4380 :
561 4325 698 4392 Quid
727 4328 919 4395 factum
943 4326 1029 4390 sit,
1058 4325 1307 4379 convenit.
1338 4325 1456 4379 Lib.
1484 4341 1500 4378 ι
1523 4325 1589 4379 de
1614 4324 1716 4379 Na-

151 4402 257 4467 tura
279 4393 444 4463 deor.,
477 4411 601 4466 cap.
633 4396 703 4450 32
728 4393 748 4449 ξ
782 4393 1066 4458 Conveniat
1105 4396 1160 4449 id
1187 4412 1403 4467 quoque.
1438 4396 1570 4450 BUN.

213 4464 521 4537 Molefacere.
546 4464 647 4522 'Sic
677 4466 1137 4522 Lactantinsinlra
1160 4464 1280 4535 cap.
1313 4467 1378 4533 5,
1410 4479 1465 4522 et
1485 4469 1562 4520 sic
1592 4480 1713 4537 om-

152 4550 235 4591 nes
265 4526 410 4605 mss;
435 4539 647 4594 duobus
673 4553 784 4592 rec.
811 4539 1065 4606 demptis,
1098 4539 1149 4591 in
1177 4526 1376 4606 quibus
1408 4547 1492 4593 εει
1518 4536 1714 4590 malum
1738 4526 1792 4586 D

153 4608 314 4675 facere,
335 4612 458 4663 utin
485 4607 867 4664 excusis—At
907 4609 1041 4662 Bun.
1071 4626 1084 4665 :
1111 4607 1440 4678 Malefacere.
1472 4607 1717 4663 Restituo

153 4692 208 4751 ex
228 4679 369 4747 Bon.,
385 4681 543 4746 Tax.,
558 4679 756 4747 Lond.,
775 4679 934 4751 Reg.,
950 4679 1137 4745 Goth.,
1154 4679 1299 4749 Lips.
1321 4681 1375 4743 9.,
1399 4682 1432 4734 5
1458 4681 1684 4751 iieiuim.
1699 4721 1712 4741 ,

154 4746 437 4806 Heumanno
466 4746 880 4817 consentiente,
912 4746 1246 4820 malefacere',
1280 4758 1336 4804 ut
1358 4764 1477 4818 cap.
1510 4751 1579 4805 5:
1614 4749 1716 4804 Cur

154 4819 226 4886 qui
243 4821 363 4902 male
380 4825 523 4892 facit,
542 4823 711 4902 notior
738 4831 829 4902 est,
856 4838 1009 4893 quam
1036 4822 1155 4902 ille,
1184 4823 1458 4902 qui‘bene;
1485 4821 1666 4902 capJ'S
1698 4839 1711 4874 :

156 4904 231 4942 nec
253 4891 509 4962 quicquam
527 4892 661 4946 male
684 4891 1010 4961 faciat;'cap.
1037 4894 1173 4947 hex
1194 4893 1549 4960 maleﬁcentia.
1579 4891 1713 4946 Ven.

156 4960 370 5033 5995-97
399 4983 409 5016 ε
439 4965 652 5026 naulum,
675 4964 847 5030 quod;
880 4964 1093 5031 reliqui,
1116 4964 1308 5017 malum
1340 4964 1528 5031 facere,
1558 4962 1714 5033 quod.

155 5027 255 5086 Lib.
304 5048 381 5099 ιιι,
410 5050 531 5104 cap.
566 5035 652 5102 17,
689 5027 760 5090 ex
817 5027 1088 5089 sententia
1141 5027 1359 5103 Epicuri
1415 5027 1720 5103 :Sapientis

158 5111 277 5156 est...
305 5105 670 5171 πωρώσει-ευ,
702 5104 843 5159 Deus
873 5122 974 5159 non
997 5106 1236 5159 irascitur
1264 5105 1551 5175 quicquam.
1585 5105 1716 5159 BUN.

219 5176 363 5247 Atque
390 5193 586 5233 nocere.
610 5178 757 5240 Haec,
780 5178 977 5247 quippe
996 5177 1133 5230 haud
1165 5177 1489 5247 necessaria,
1516 5176 1717 5242 Emm.,

158 5240 314 5318 genti,
335 5244 703 5318 Lond.,Reg.,
728 5240 955 5317 Lipsfii,
973 5248 1029 5312 5,
1056 5247 1310 5314 Reimm.,
1336 5246 1513 5318 Sulii.,
1541 5240 1719 5316 Rush,

160 5312 278 5388 Yen.
309 5318 458 5388 ΠΗ,
492 5319 580 5384 72,
614 5312 838 5388 utraque
872 5312 964 5385 78,
1014 5319 1102 5383 93,
1138 5320 1228 5381 97,
1281 5312 1448 5385 Pium,
1503 5312 1721 5386 Parrh.,

161 5382 504 5462 [faenisecas
518 5382 733 5462 delent;
750 5382 958 5462 addunt
980 5382 1272 5462 vero_Ald.,
1296 5382 1467 5462 Erat},
1498 5382 1721 5462 Gytnnf,

162 5453 539 5533 Ea_s_it.,_'lfo_rn.,
557 5453 755 5526 Betul.,
780 5461 1063 5533 Thomas.,
1084 5453 1278 5533 Thys.,
1309 5453 1475 5528 Gailf,
1504 5453 1722 5531 spark,

162 5521 564 5598 Cel_l.,Walch.,
592 5521 893 5587 lieutnann.
919 5521 1053 5586 BDN.

227 5595 400 5655 Euhoe
426 5595 608 5671 inquit.
632 5604 872 5681 Lucret.,
906 5604 943 5657 Ι.
974 5619 1014 5668 ι,
1047 5618 1096 5657 v.
1132 5602 1203 5659 56
1234 5620 1247 5657 :

274 5713 433 5780 Omnis
459 5717 589 5780 enim
611 5710 705 5780 per
726 5730 784 5767 se
806 5716 984 5771 Divum
1008 5724 1409 5780 naturanecesse
1434 5726 1527 5770 εει.

276 5772 529 5845 [inmortali
562 5772 876 5845 aiosumana
901 5794 1012 5831 eum
1036 5796 1156 5844 pace
1177 5778 1386 5845 fruatur,

275 5836 468 5892 Semota
487 5848 517 5892 tt
535 5841 713 5893 nostris
731 5841 1019 5907 rebushetc.

1843 2577 2048 2631 Versus
2077 2580 2204 2628 sunt
2222 2570 2456 2644 Lucretii
2489 2587 2503 2623 :
2527 2569 2623 2625 sed
2641 2568 2913 2644 sententia
2934 2580 3019 2627 est
3037 2573 3277 2644 Epicuri.
3306 2577 3441 2634 Lac-

1840 2647 2051 2719 tantius,
2089 2644 2232 2697 enim
2268 2656 2366 2719 nos
2395 2641 2668 2719 admonet,
2702 2642 2795 2719 lib_.
2846 2642 2913 2696 de
2941 2641 3187 2719 Opiticio,
3215 2663 3334 2719 cap.
3378 2651 3433 2715 6,

1837 2717 2053 2789 Epicuri
2076 2730 2184 2790 age
2197 2712 2383 2790 omnia
2400 2727 2515 2790 qua:
2543 2711 3055 2790 deliratjsucretius;
3079 2711 3434 2790 eumdm'nque

1835 2780 2077 2846 errorem
2111 2785 2345 2853 Epicuro
2401 2780 2689 2852 adscripsit
2721 2783 2913 2839 Cicero
2933 2828 2946 2851 ,
2972 2780 3067 2840 liii.
3097 2788 3199 2847 ide
3228 2780 3430 2849 Natura

1833 2861 2079 2931 deorum.
2131 2857 2279 2931 “frg.
2298 2853 2468 2925 prima
2498 2864 2599 2931 est
2636 2859 2738 2910 τῶν
2781 2856 3200 2931 κυρίων-δὸξωιζε
3235 2860 3429 2929 Quam-

1830 2948 2004 3005 quam,
2034 2921 2434 3005 itLquitCiéero,
2462 2924 2605 3005 uideo
2625 2921 2885 3005 nonnullis
2912 2921 3092 3005 uideri,
3121 2921 3426 3005 Epicurum,

1831 2992 1894 3061 ne
1923 2992 1999 3056 inv
2027 2992 2356 3066 oﬂ'énsionem
2394 2992 2779 3066 Atheniensium
2826 2997 3065 3061 caderet,
3109 2992 3270 3055 verbis
3311 2992 3434 3057 reli'.

1832 3075 1999 3143 quisse
2019 3062 2160 3132 deos,
2186 3085 2239 3120 re
2261 3066 2543 3143 sustulisse.
2568 3062 2755 3143 taque
2776 3067 2830 3121 in
2850 3068 2952 3121 illis
2971 3068 3166 3143 selectis
3182 3072 3293 3143 ejus
3319 3072 3429 3129 bre-

1752 3119 1798 3183 C
2087 3119 2377 3220 sententiis,
2405 3152 2529 3220 quas
2559 3119 3427 3220 trabis,qu'qi_gbpétt}i§;';§§i£;

1826 3207 2007 3282 δόξας,
2043 3214 2150 3266 haec
2174 3210 2192 3282 (
2212 3208 2510 3282 utopinor)
2541 3207 2706 3282 prima
2725 3210 2983 3282 sententia
3008 3207 3083 3282 est
3104 3226 3122 3264 :
3146 3210 3293 3277 Quod
3310 3207 3430 3269 'bea-

1828 3279 1935 3341 tum
1963 3295 2007 3338 et
2027 3279 2315 3338 inmortale
2333 3279 2498 3354 est,_i_d
2526 3295 2617 3354 nec
2646 3279 2937 3354 hu_bet,qnec
2961 3281 3158 3354 exhiliet
3184 3285 3421 3354 cuiquam

1824 3357 2106 3425 negotium,
2130 3362 2235 3407 etc.
2268 3348 2666 3425 Adscribendus
2682 3350 2861 3415 simul,
2893 3348 3426 3425 notandusque'Tcr-

1824 3416 2030 3482 tuliiani
2059 3416 2126 3479 tie
2158 3425 2256 3476 hac
2282 3436 2343 3475 re
2370 3421 2518 3474 locus
2542 3429 2643 3487 est,
2672 3434 2737 3474 ex
2782 3422 3133 3492 Apologetici,
3175 3416 3294 3494 cap.
3321 3426 3413 3483 46.

1823 3500 1929 3552 Alii
1977 3495 2349 3563 incorporalem
2368 3498 2679 3563 asseverant,
2721 3494 2813 3545 alii
2831 3494 3183 3561 corporalem,
3214 3507 3269 3550 ut
3316 3507 3419 3552 tant

1825 3569 2103 3631 Platonici,
2125 3562 2285 3636 quam
2315 3563 2511 3636 Stoici;
2534 3562 2625 3614 alii
2650 3579 2715 3615 ea:
2737 3566 2943 3636 atomis,
2977 3563 3067 3618 alii
3093 3581 3155 3618 ea:
3177 3568 3422 3635 numeris,

1820 3641 1948 3696 sicut
1968 3633 2222 3706 Epicurus
2248 3645 2294 3689 et
2321 3633 2799 3706 Rgthagoragialii
2824 3651 2886 3706 ex
2913 3637 3047 3706 igne.
3066 3637 3283 3704 qualiter
3313 3633 3420 3693 Ηεὲ

1820 3703 2188 3765 ταυίἱιούἰειιηι
2218 3716 2311 3761 est.
2342 3703 2411 3757 Et
2438 3704 2695 3758 Platonici
2715 3704 2919 3773 quidem
2934 3703 3199 3759 curantem
3225 3725 3415 3775 rerum,

1821 3780 2068 3851 Epicurei
2099 3779 2398 3851 otiosum‘et
2446 3775 2811 3851 inexercitum,
2841 3784 2887 3828 et
2922 3775 2942 3847 (
2960 3786 3011 3828 ut
3039 3777 3111 3829 ita
3150 3778 3412 3850 dixerim)

1822 3845 2074 3906 néminem
2125 3846 2361 3902 humanis
2406 3848 2593 3916 rebus,
2641 3845 2859 3916 positum
2912 3845 3029 3901 vero
3077 3856 3221 3901 extra
3270 3845 3418 3904 muni-

1821 3925 1976 3987 dum,
2006 3934 2113 3977 etc.
2139 3919 2194 3976 in
2230 3919 2401 3988 primo
2428 3914 2684 3988 membro
2702 3914 2870 3970 videri
2906 3930 3125 3986 pussent
3153 3931 3206 3973 et
3233 3918 3414 3976 Plato-

1822 3995 1927 4048 nici
1959 4003 2014 4049 et
2053 3987 2420 4061 StoiciDeum
2443 3987 3013 4061 corporalcmlacere,
3060 4004 3181 4061 cum
3208 3992 3416 4061 utrique

1819 4064 2214 4134 incorporalem
2238 4060 2453 4134 iaciant.
2472 4058 2603 4134 Nam
2621 4057 2768 4134 Plato
2780 4059 3229 4134 éoéparovpeum
3256 4057 3424 4134 dir-ita

1818 4135 1925 4191 Sed
1951 4128 2047 4190 cur
2069 4135 2109 4189 Τ
2116 4133 2402 4188 ertulliano
2429 4144 2547 4184 sum
2578 4128 2829 4199 iniquior,
2860 4128 3001 4199 quod
3049 4130 3259 4185 Stoicos
3286 4133 3417 4192 diett

1822 4206 1991 4261 Deum
2021 4203 2567 4275 corpuremn_iacere,_
2599 4215 2720 4275 cum
2750 4199 2851 4253 hoc
2880 4200 3020 4275 idem
3048 4201 3210 4275 etiam
3256 4201 3415 4275 faciat

1818 4275 2079 4351 Origenes
2103 4269 2290 4351 contra
2320 4272 2571 4351 Eelsum?
2596 4269 2748 4325 Adde
2778 4271 2919 4351 quod
2947 4270 3109 4327 Stoici
3143 4272 3311 4329 Deum
3335 4274 3413 4351 ig-

1817 4341 1941 4403 ηθηῖ
1970 4348 2154 4403 dicunt
2182 4364 2193 4398 :
2230 4343 2572 4415 ignisautem
2594 4341 3168 4415 _corpus._iisrur.sws.

1892 4417 2005 4472 Nec
2056 4411 2301 4472 movetur.
2354 4413 2486 4469 Vide
2530 4411 2715 4483 infra,
2744 4412 2957 4483 nullum
2995 4425 3207 4467 motum.
3239 4414 3413 4483 Lact.,

1818 4489 1910 4545 ιιι).
1946 4506 2003 4552 ιι,
2030 4504 2151 4558 cap.
2174 4487 2207 4542 8
2228 4485 2496 4558 :Potestas
2514 4481 2734 4558 faciendi
2763 4481 2959 4558 aliquid
2981 4499 3081 4558 non
3106 4494 3267 4558 potest
3286 4481 3413 4558 esse,

1818 4561 1919 4615 nisi
1948 4551 1999 4614 in
2025 4551 2112 4627 eo,
2127 4557 2262 4627 quod
2288 4558 2456 4621 sentit,
2488 4551 2621 4627 quod
2662 4554 2816 4627 sapit,
2849 4551 2991 4621 quod
3039 4551 3249 4627 cogitat,
3276 4557 3412 4624 quod

1818 4624 2113 4687 movetur...
2139 4624 2293 4705 Quod
2310 4624 2601 4705 insensihiie
2630 4635 2724 4705 est,
2756 4625 2888 4676 iners
2908 4633 2958 4705 et
2988 4624 3243 4705 ιοῖριάαιῃ
3280 4641 3413 4678 sem-

1820 4718 1910 4773 per
1945 4702 2109 4773 jacet,
2146 4692 2195 4751 Et
2243 4697 2375 4773 nihil
2398 4696 2542 4773 _inde
2587 4694 2712 4747 oriri
2759 4700 2938 4760 potest,
2991 4692 3078 4746 ubi
3123 4694 3296 4751 nullus
3339 4705 3412 4753 est

1819 4767 1997 4828 illotus
2028 4770 2364 4825 voluntarius.
2398 4767 2529 4821 BDN.

1896 4844 2043 4909 Quod
2068 4851 2139 4896 est
2171 4839 2433 4911 proprium
2450 4832 2658 4911 DeiUi
2675 4834 2981 4911 supra,_lin.
3015 4835 3248 4907 praeced.
3277 4839 3414 4909 quod

1820 4904 2185 4982 est'proprinni
2214 4904 2441 4982 uiuentis.
2474 4907 2599 4982 Mss.
2630 4907 2818 4982 ἔνθα,
2851 4904 2980 4961 Deo.

1958 4933 2185 4982 t'oprtum
2214 4933 2441 4964 vwemw.
2474 4933 2599 4961 mas.
2630 4933 2663 4960 υ
2686 4933 2818 4971 rem,
2851 4933 2980 4961 νευ.

1898 4933 2064 5053 ὅριαηι
2093 4983 2267 5037 mundi
2296 4979 2615 5053 gubernatio.
2644 4976 2771 5032 Mss.
2810 4992 2924 5053 rec.
2954 4984 3009 5034 et
3027 4977 3150 5033 edd.
3180 4978 3417 5053 addunt,
3474 5027 3493 5034 _

1821 5050 2116 5127 quamcum
2139 5054 2425 5127 uiuentium,
2444 5050 2586 5127 quod
2612 5050 2979 5127 nun_coit:ur_et
3001 5064 3125 5104 cum
3143 5050 3262 5127 aliis
3282 5051 3415 5127 Lac-

1820 5120 1976 5185 tantii
2005 5125 2202 5190 verbis,
2227 5133 2281 5178 et
2317 5123 2486 5196 abest
2512 5121 2580 5176 ab
2627 5120 3015 5193 antiquioribus
3042 5137 3172 5177 mss.
3223 5121 3418 5196 Regio-

1824 5200 1972 5263 Put.,
2002 5197 2206 5252 Bnnou.
2234 5203 2289 5249 et
2315 5193 2448 5248 Tax.

1900 5260 2184 5323 Inamabilis
2234 5274 2420 5334 torpet.
2470 5260 2602 5317 Vide
2644 5261 2812 5334 Notas
2850 5262 2929 5334 ad
2969 5261 3063 5318 lib.
3100 5279 3159 5327 ιι,
3199 5278 3316 5331 cap.
3358 5264 3416 5321 8.
3471 5321 3475 5325 _

1828 5340 1982 5397 Cnni.
2010 5339 2134 5394 Not.
2169 5335 2260 5391 lib.
2295 5333 2372 5399 vi,
2401 5349 2520 5403 cap.
2553 5334 2617 5387 l7
2644 5351 2657 5387 :
2688 5333 2975 5389 [inmobilis
3003 5344 3182 5403 stupor
3202 5336 3421 5401 mentis;

1830 5350 1982 5397 Unnt.
2010 5350 2134 5394 Not.
2169 5350 2260 5391 ltD.
2295 5351 2372 5399 v1,
2401 5350 2520 5403 cap.
2553 5350 2614 5387 ιι
2644 5351 2657 5387 :
2688 5350 2975 5389 nnmoums
3003 5350 3082 5389 stu
3158 5352 3182 5388 r
3202 5350 3416 5401 mentis;

1830 5413 1899 5468 de
1931 5412 2035 5474 ira,
2080 5424 2199 5476 cap.
2227 5407 2292 5462 17
2329 5425 2339 5460 :
2378 5406 2477 5473 Qui
2509 5403 2674 5458 Deum
2706 5405 2902 5475 faciunt
2927 5350 3254 5459 immoﬁem.
3283 5406 3416 5462 Bux.

1906 5482 2011 5539 Sed
2038 5481 2081 5535 si
2107 5475 2237 5533 nihil
2268 5488 2435 5532 curnt.
2467 5476 2524 5530 Id
2546 5487 2627 5530 est
2658 5476 2711 5530 in
2744 5476 2927 5530 multis
2957 5491 3089 5530 mss.
3128 5475 3289 5531 Extat
3324 5493 3423 5531 au-

1833 5565 1941 5611 tem
1974 5554 2026 5606 in
2059 5554 2082 5607 i
2111 5550 2271 5621 Reg.,
2301 5549 2339 5602 ‘2
2368 5546 2591 5621 Βοῃηβ
2614 5546 2772 5621 _C(_ilb.
2805 5546 3133 5621 aliisque,_et
3170 5548 3222 5602 in
3248 5547 3426 5602 omni-

1834 5627 1937 5681 bus
1969 5621 2082 5679 lere
2106 5616 2404 5689 impressis.
2442 5617 2580 5672 Vide
2613 5617 2748 5689 inira
2776 5616 2943 5672 semel
2962 5627 3017 5689 et
3058 5616 3276 5685 iterum,
3306 5633 3423 5688 ergo

1835 5713 1928 5752 nec
1950 5711 2072 5748 cura
2094 5687 2250 5745 uilius
2277 5691 2373 5756 rei,
2402 5705 2490 5742 nec
2516 5687 2830 5756 providentia
2856 5695 2929 5741 est
2954 5688 3007 5740 in
3027 5702 3104 5742 eo.

1830 5784 1857 5819 ξ.
1908 5766 2259 5820 Divinitatem.
2294 5762 2349 5815 in
2380 5775 2481 5816 ms.
2516 5759 2646 5817 Bov.
2676 5758 2992 5827 dignitatem.

1831 5829 1850 5839 “
1907 5835 2018 5892 Deo
2068 5831 2424 5890 substantiam.
2462 5825 2799 5906 ⁸Ηιιιιιιιειιιῖιο
2857 5825 3143 5898 legendum
3194 5826 3426 5901 videtur,
