3856 6256
410 296 476 351 87
1782 279 1966 338 FIRM.
2008 279 2028 336 Ι

2151 274 2374 333 ΤΑΝΤΙΙ
3628 270 3689 325 88

406 409 508 466 nisi
533 408 700 462 Deum
728 405 950 460 omnino
978 417 1086 458 non
1108 401 1263 458 esse?
1287 400 1529 471 Denique
1552 397 1764 454 Marcus
1784 395 1998 453 Tullius
2027 398 2083 460 Α
2105 392 2300 449 cadere
2325 404 2430 446 non
2459 396 2656 460 potest.
2681 386 2836 456 Quod
2860 384 2905 441 si
2933 385 3111 440 nullus
3128 383 3354 440 allectus
3381 382 3439 439 in
3462 383 3568 440 Deo
3588 395 3684 453 est,

413 516 444 556 a
486 497 780 556 Posidonio
819 497 1020 552 dictum
1071 493 1255 559 refert,
1307 491 1361 548 id
1410 491 1698 562 Epicurum
1745 488 2004 556 sensisse,

410 593 586 649 nullos
615 591 747 647 deos
767 605 909 655 esse,
943 588 1038 645 sed
1065 603 1149 654 ea,
1178 602 1297 656 qua:
1328 585 1394 641 de
1422 584 1527 640 diis
1555 583 1766 639 locutus
1796 583 1887 646 sit,
1911 580 2008 636 de-

411 685 680 756 pellenda:
711 683 928 739 invidia:
956 695 1116 737 causa
1159 681 1362 736 dixisse
1396 697 1407 731 :
1441 679 1622 748 itaque
1651 677 1830 733 verbis
1859 677 2008 732 illum

413 779 547 835 deos
578 777 906 846 relinquere,
947 791 1005 830 re
1035 784 1212 828 autem
1249 773 1361 844 ipsa
1402 771 1611 833 tollere,
1651 769 1847 840 quibus
1888 769 2011 824 nul-

414 872 526 926 lum
551 880 778 934 motum,
811 868 1017 922 nullum
1047 867 1232 922 tribuit
1256 864 1513 920 ofticium.
1541 862 1696 930 Quod
1723 861 1769 916 si
1791 863 1861 916 ita
1885 869 1970 916 est
1995 875 2012 916 :

414 960 545 1033 quid
572 975 638 1016 eo
660 959 904 1016 fallacius
921 961 944 1014 ?
964 958 1108 1030 quod
1134 974 1162 1011 a
1189 958 1433 1026 sapiente
1454 965 1509 1011 et
1533 955 1685 1026 gravi
1711 955 1828 1008 viro
1854 952 2017 1009 debet

417 1068 540 1110 esse
568 1053 830 1107 alienum.
861 1051 959 1106 Hic
988 1065 1120 1106 vero
1141 1049 1185 1104 si
1213 1047 1360 1103 aliud
1387 1048 1579 1115 sensit,
1609 1055 1665 1101 et
1689 1046 1836 1100 aliud
1865 1045 2017 1100 locu-

418 1154 505 1201 tus
531 1154 636 1211 est,
669 1143 799 1213 quid
841 1140 990 1197 aliud
1014 1139 1373 1212 appellandus
1409 1147 1514 1205 est,
1545 1151 1705 1209 quam
1734 1136 2013 1206 deceptor,

415 1237 692 1308 bilinguis,
729 1236 925 1302 malus,
955 1244 1011 1289 et
1038 1242 1326 1304 propterea
1355 1230 1596 1286 stultus?
1617 1228 1724 1285 Sed
1765 1243 1873 1284 non
1903 1236 2021 1284 erat

418 1340 529 1387 tam
558 1338 809 1386 versutus
838 1328 1125 1398 Epicurus,
1150 1336 1208 1381 ιιι
1241 1325 1462 1381 fallendi
1493 1323 1671 1379 studio
1697 1323 1799 1378 ista
1829 1323 2020 1394 loque-

421 1431 593 1488 retur,
633 1437 756 1476 cum
797 1421 915 1476 haec
954 1419 1116 1475 etiam
1146 1419 1366 1488 scriptis
1404 1417 1474 1473 ad
1519 1426 1779 1472 aeternam
1819 1431 2024 1470 memo-

421 1513 554 1570 riam
593 1512 938 1582 consignaret
977 1530 988 1564 :
1030 1510 1125 1566 sed
1166 1510 1467 1581 ignorantia
1509 1509 1759 1564 veritatis
1797 1508 2018 1564 erravit.

424 1605 682 1660 Inductus
708 1603 852 1660 enim
875 1620 904 1657 ει
933 1602 1198 1674 principio
1226 1599 1693 1657 verisimilitudine
1717 1604 1875 1656 unius
1901 1615 2026 1657 sen-

427 1700 631 1766 tentiae,
660 1697 971 1754 necessario
1001 1698 1053 1752 in
1081 1711 1167 1761 ea,
1199 1711 1320 1766 quae
1347 1697 1737 1766 sequebantur,
1771 1695 2021 1752 incurrit.

2109 485 2232 557 quia
2261 479 2522 555 quidquid
2546 478 2799 546 afficitur,
2825 475 3150 534 imbecillum
3173 484 3285 543 est;
3309 489 3438 546 ergo
3461 490 3554 533 nec
3573 490 3687 534 cura

2115 578 2273 634 ullius
2298 575 2400 639 rei,
2430 588 2532 631 nec
2561 572 2901 644 providentia
2932 579 3016 626 est
3041 571 3094 626 in
3122 585 3207 626 eo.

2189 672 2478 742 llucusque
2515 667 2760 740 pervenit
2799 666 3058 738 sapientis
3100 665 3335 720 hominis
3379 664 3687 736 disputatio;

2115 774 2336 830 caetera,
2361 778 2482 834 qua:
2514 769 2848 832 sequuntur;
2881 758 3109 814 obticuit
3141 777 3153 812 :
3183 757 3414 823 scilicet,
3453 757 3574 829 quia
3605 773 3693 813 nec

2119 870 2248 911 cura
2271 855 2342 910 sit
2362 855 2417 908 in
2452 868 2542 920 eo,
2583 866 2686 908 nec
2713 850 3090 923 providentia;
3132 865 3261 920 ergo
3299 864 3400 904 nec
3437 849 3696 920 cogitatio-

2122 963 2245 1002 nem
2271 945 2528 1016 aliquam,
2559 959 2660 1000 nec
2690 957 2910 998 sensum
2938 942 3086 1010 ineo
3109 954 3231 996 esse
3262 939 3431 994 ullum
3459 955 3474 993 :
3498 955 3599 1010 quo
3625 941 3693 994 el-

2124 1037 2321 1105 licitur,
2351 1047 2408 1092 ut
2431 1052 2536 1092 non
2565 1037 2634 1092 sit
2670 1036 2912 1090 omnino.
2943 1032 3016 1089 ita
3046 1047 3168 1088 cum
3197 1030 3462 1103 gradatim
3491 1017 3697 1086 descen-

2126 1131 2316 1196 disset,
2363 1131 2414 1185 in
2444 1138 2695 1185 extremo
2726 1128 2895 1198 gradu
2927 1126 3146 1192 restitit,
3176 1125 3298 1196 quia
3330 1124 3441 1194 jam
3478 1125 3699 1194 przecipi-

2127 1225 2260 1281 tium
2290 1223 2525 1280 videbat.
2550 1222 2657 1278 Sed
2682 1221 2807 1292 quid
2838 1220 3060 1292 prodest
3095 1217 3401 1281 reticuisse,
3425 1230 3488 1270 ac
3515 1217 3700 1286 pericu-

2126 1317 2236 1372 lum
2275 1313 2691 1372 dissimulasse?
2721 1311 3027 1368 Necessitas
3055 1310 3202 1364 illum
3241 1308 3329 1363 vel
3368 1307 3586 1362 invitum
3620 1320 3700 1361 ca-

2127 1408 2262 1465 dere
2286 1405 2482 1478 coegit.
2514 1405 2659 1460 Dixit
2686 1405 2830 1460 enim
2862 1403 3006 1474 quod
3048 1403 3242 1465 noluit,
3281 1400 3409 1470 quia
3439 1413 3702 1470 argumen-

2131 1512 2242 1558 tum
2267 1501 2345 1556 sic
2369 1499 2662 1566 ordinavit,
2699 1507 2756 1554 ut
2780 1497 2846 1553 ad
2883 1495 3035 1564 illud,
3073 1494 3217 1566 quod
3249 1493 3506 1558 evitabat,
3531 1505 3702 1548 neces-

2131 1597 2278 1652 sario
2329 1595 2628 1651 deveniret.
2684 1591 2850 1648 Vides
2900 1591 3062 1662 igitur
3115 1603 3221 1660 quo
3280 1587 3591 1658 perveniat,
3640 1585 3705 1639 ira

2129 1689 2364 1756 sublata,
2395 1696 2450 1743 et
2479 1687 2589 1741 Deo
2615 1685 2887 1754 adempta.
2922 1683 3163 1753 Denique
3185 1691 3276 1736 aut
3308 1679 3482 1735 nullus
3523 1676 3570 1732 id
3596 1691 3707 1732 crc-

438 1793 616 1847 Prima
643 1792 788 1848 enim
811 1791 1078 1846 sententia
1106 1789 1226 1855 fuit,
1254 1789 1387 1844 iram
1419 1789 1472 1844 in
1499 1789 1665 1845 Deum
1689 1804 1796 1845 non
1823 1804 2024 1864 conve-
2061 1798 2109 1858 Β
2135 1781 2236 1846 dit,
2284 1789 2376 1835 aut
2421 1777 2714 1834 admodum
2760 1775 2939 1847 palmi,
2991 1783 3046 1829 el
3091 1771 3312 1844 quidem
3363 1767 3618 1864 scelere“.
3639 1782 3708 1864 ἐς

430 1889 568 1943 nire.
601 1884 756 1954 Quod
787 1899 908 1940 cum
943 1883 1021 1938 illi
1050 1898 1234 1937 verum
1276 1892 1331 1938 et
1363 1883 1784 1953 inexpugnabile
1813 1882 2026 1938 videre-

427 1991 539 2045 tur,
563 1993 671 2034 non
703 1984 915 2049 poterat
935 1975 1318 2045 consequentia
1348 1988 1624 2043 recusare,
1651 1973 1774 2046 quia
1807 1990 1914 2029 uno
1945 1973 2026 2029 af-

434 2070 577 2127 fectu
604 2077 903 2139 amputato,
936 2068 1100 2122 etiam
1129 2076 1361 2121 caeteros
1397 2063 1621 2122 affectus
1650 2065 1891 2122 adimere
1916 2066 2028 2121 Deo

433 2163 735 2218 necessitas
761 2162 877 2230 ipsa
899 2159 1143 2230 cogebat.
1172 2157 1249 2213 lta
1278 2159 1372 2230 qui
1403 2173 1508 2213 non
1539 2159 1810 2227 irascitur,
1845 2159 2029 2230 utique

430 2269 532 2310 nec
559 2254 729 2325 gratia
760 2261 1032 2318 movetur,
1060 2252 1203 2323 quod
1237 2262 1320 2308 est
1349 2252 1443 2306 irae
1485 2251 1816 2306 contrarium
1861 2269 1874 2307 :
1914 2252 2028 2322 jam

429 2349 476 2403 si
501 2363 599 2402 nec
622 2349 698 2402 ira
726 2346 779 2401 in
811 2362 898 2412 eo,
919 2361 1020 2402 nec
1039 2346 1212 2416 gratia
1244 2355 1348 2414 est,
1373 2346 1558 2415 utique
1578 2361 1678 2401 nec
1708 2355 1904 2412 metus,
1929 2361 2030 2402 nec

430 2441 640 2505 laetitia,
667 2455 770 2496 nec
796 2453 1019 2504 maeror,
1060 2452 1162 2494 nec
1186 2437 1582 2494 misericordia.
1617 2435 1732 2493 Una
1765 2449 1849 2495 est
1879 2441 2023 2494 enim

430 2534 568 2588 ratio
595 2533 804 2589 cunctis
825 2530 1129 2599 affectibus,
1155 2542 1257 2586 una
1285 2531 1600 2596 commotio,
1625 2546 1746 2601 qua}
1771 2530 1822 2584 in
1856 2532 2022 2587 Deum

2133 1874 2282 1939 mali,
2311 1872 2400 1944 qui
2427 1879 2652 1942 sperant
2673 1870 2911 1941 peccatis
2946 1868 3056 1923 suis
3083 1866 3481 1937 impunitatem.
3514 1860 3709 1930 Quodsi

2135 1977 2188 2023 et
2219 1966 2322 2022 boc
2353 1964 2548 2020 falsum
2580 1965 2872 2029 invenitur,
2909 1977 3009 2018 nec
3048 1960 3180 2014 iram
3213 1960 3265 2014 in
3302 1958 3414 2014 Deo
3449 1971 3587 2024 esse,
3627 1969 3712 2009 nec

2135 2058 2387 2132 gratiam,
2420 2058 2699 2114 veniamus
2738 2056 2806 2112 ad
2849 2053 3004 2124 illud,
3051 2052 3192 2125 quod
3239 2050 3403 2107 tertio
3433 2050 3548 2107 loco
3589 2046 3712 2119 posi-

2137 2162 2249 2208 tum
2277 2159 2385 2206 est.

2780 2261 3006 2320 CAPUT
3048 2261 3114 2318 γ.

2197 2378 2274 2434 De
2305 2375 2414 2434 Deo
2441 2378 2717 2432 stoicorum
2743 2377 3028 2440 sententia;
3056 2374 3120 2428 de
3152 2371 3244 2428 Ira
3273 2383 3325 2428 et
3355 2373 3517 2444 gratia
3545 2372 3662 2443 ejus.

2205 2532 2594 2588 Existimantur
2637 2531 2835 2596 stoici,
2888 2540 2944 2586 et
2993 2529 3082 2586 alii
3128 2527 3380 2586 nonnulli
3407 2569 3423 2593 ,
3470 2527 3717 2597 aliquanto

1736 2672 2097 2730 VARIORUM
2136 2672 2368 2729 NOTAE.

435 2789 555 2846 Dei.
585 2790 754 2859 Libri,
784 2789 916 2845 Deo.
947 2789 1022 2844 Ita
1053 2788 1334 2845 Salvianus
1376 2788 1470 2842 lib.
1497 2803 1571 2855 tv,
1607 2802 1729 2858 cap.
1763 2788 1796 2841 9
1831 2805 1845 2841 :
1889 2786 2029 2842 Nam

433 2863 520 2934 qui
565 2861 696 2916 nihil
741 2860 905 2934 aspici
950 2879 981 2914 a
1029 2859 1137 2934 Deo
1183 2859 1456 2934 afﬁrmant,
1503 2874 1662 2934 prope
1698 2869 1795 2925 est,
1846 2868 1900 2912 ut
1943 2859 2029 2913 cui

435 2930 697 3002 aspectum
717 2933 971 2994 adimunt,
1003 2932 1156 2986 etiam
1186 2930 1527 3002 substantiam
1557 2930 1772 3002 tollant;
1799 2938 1847 3002 et
1880 2945 2031 3000 quem

435 3004 639 3130 dicnnlB
638 3005 846 3058 omnino
872 3003 1002 3057 nihil
1027 3018 1249 3069 cernere,
1284 3001 1456 3054 dicant
1499 3001 1656 3055 etiam
1694 3001 1903 3055 omnino
1928 3017 2032 3055 non

436 3091 566 3130 esse.
642 3090 729 3130 ou.

436 3091 566 3130 ωδε.
599 3090 729 3130 ΒΟΝ.

508 3147 741 3216 Denique
781 3143 994 3216 Marcus
1035 3141 1258 3216 Tullius,
1295 3152 1425 3216 etc.A
1450 3142 1561 3216 Sub
1605 3141 1766 3216 linem
1798 3142 1888 3200 lib.
1921 3159 1939 3216 ι
1969 3141 2037 3216 de

436 3214 633 3270 Natura
649 3212 801 3271 deor.
827 3232 839 3267 :
879 3213 1055 3267 Verius
1073 3225 1147 3267 est
1169 3213 1346 3284 igitur,
1372 3213 1612 3266 nimirum
1632 3212 1787 3277 illud,
1800 3215 1936 3284 quod
1959 3215 2040 3284 {a-

437 3288 655 3340 miliaris
683 3287 908 3340 omnium
945 3282 1523 3337 nostrum‘Posidonius
1553 3284 1791 3335 disseruit
1813 3282 1883 3336 in
1911 3282 2038 3338 libro

437 3359 611 3426 quinto
639 3357 701 3410 de
731 3355 942 3409 Natura
968 3354 1200 3422 deorum,
1231 3354 1402 3409 nullos
1433 3371 1539 3409 esse
1565 3353 1684 3407 deos
1715 3353 1940 3424 Epicuro
1961 3357 2038 3408 vi-

438 3430 570 3481 deri.

514 3499 710 3568 Refert.
741 3497 877 3553 Vide
911 3497 1088 3553 Cicer.
1145 3497 1236 3552 lib.
1291 3513 1304 3551 I
1343 3497 1409 3552 de
1458 3496 1580 3552 Nat.
1629 3496 1851 3552 deorum
1896 3498 2036 3552 circa

442 3569 624 3624 ﬁnem.

527 3638 700 3696 Verbis
731 3639 876 3694 illum
913 3640 1034 3694 deos
1065 3641 1367 3710 relinquere,
1413 3643 1582 3709 reipsa
1614 3641 1812 3696 tollere.
1842 3640 2040 3695 Cicero

439 3724 562 3780 cap.
594 3714 645 3781 1,
679 3713 730 3767 in
761 3713 866 3766 line
899 3731 911 3766 :
943 3712 1106 3782 quue
1142 3713 1313 3766 videns
1347 3710 1620 3778 Epicurus,
1655 3728 1710 3764 re
1737 3712 1890 3774 tollit,
1921 3728 2042 3764 ora-

440 3783 576 3852 tione
598 3785 836 3852 relinquit
861 3783 996 3837 Deos
1010 3800 1028 3848 ;
1049 3791 1106 3836 et
1126 3782 1218 3837 lib.
1244 3783 1345 3837 tde
1361 3783 1562 3836 Natura
1586 3783 1762 3845 deor.,
1790 3797 1909 3846 cap.
1929 3783 2036 3837 50:

441 3851 748 3920 Epicurum,
795 3871 858 3907 ne
901 3856 955 3907 in
996 3852 1329 3919 offensionem
1373 3853 1757 3906 Atheniensium
1798 3851 2035 3916 caderet,

439 3923 603 3978 verbis
633 3925 900 3992 reliquisse
929 3925 1069 3985 deos,
1102 3939 1157 3975 re
1176 3923 1464 3977 sustulisse.
1501 3924 1630 3976 BUN.

517 3995 654 4059 Quid
675 4011 732 4048 eo
763 3994 1041 4064 fallacius?
1074 3992 1173 4056 Eo,
1206 3993 1414 4064 scilicet.
1441 3993 1696 4062 Epicuro,
1725 3992 1848 4064 quid
1875 3995 2035 4063 falla-

442 4065 590 4118 cius?
629 4062 778 4130 Quod
823 4062 1280 4135 (fallacemwesse)
1325 4079 1358 4116 a
1405 4065 1701 4135 sapiente...
1750 4062 1892 4135 debet
1930 4080 2038 4117 esse

442 4135 687 4189 alienum.
740 4133 858 4189 Mox
919 4135 1055 4188 infra
1108 4134 1398 4202 Epicurum
1450 4133 1666 4188 fallendi
1710 4134 1890 4187 studio
1934 4135 2033 4188 ista

443 4205 643 4261 dixisse
665 4215 844 4276 negat.
868 4205 1003 4259 Hinc
1022 4207 1213 4260 Cicero
1236 4203 1371 4276 lib.f|
1395 4205 1460 4258 de
1482 4204 1603 4276 Nat.
1623 4206 1772 4260 deor.
1793 4220 1911 4276 cap.
1928 4205 1989 4258 51
2019 4222 2032 4257 :

444 4291 524 4346 pr.
575 4277 708 4332 Sunt
740 4275 830 4348 qui
868 4278 1174 4342 existiment,
1213 4275 1348 4348 quod
1389 4275 1674 4348 illeplane
1715 4275 1916 4348 inscitia
1945 4277 2036 4348 _lo-

925 4349 1102 4417 [coisse
1146 4345 1377 4417 consulto
1419 4361 1437 4398 :
1474 4345 1536 4398 de
1585 4347 1787 4399 homine
1830 4346 2036 4399 minime

442 4350 628 4416 quendi
677 4349 870 4417 fecerit,

442 4415 590 4492 vafro
622 4415 796 4492 (Lact.
827 4415 1685 4492 non—versuto)‘ntaleﬁemistimaut.
1721 4417 1854 4471 Buu.

2064 3104 2111 3168 C

2135 2801 2255 2858 quae
2299 2787 2522 2844 omnino
2558 2786 2918 2858 Ciceroniana
2963 2794 3068 2858 est,
3118 2784 3334 2840 restitui
3363 2784 3716 2858 rex_omuibu§

2137 2853 2305 2928 prope
2330 2873 2462 2914 mss.
2495 2857 2792 2913 codicibus.
2825 2856 2883 2911 ln
2908 2857 3077 2912 tribus
3101 2871 3210 2911 rec.
3242 2867 3328 2911 est
3353 2857 3406 2910 in
3436 2853 3572 2920 Deo;
3594 2855 3642 2910 in
3667 2855 3721 2909 l3

2135 2927 2299 2984 editis
2326 2940 2412 2985 est
2451 2929 2560 2982 Deo
2590 2929 2708 2983 sine
2738 2927 3137 2998 praepositione.

2207 2998 2576 3072 Consequentia
2617 2997 2868 3054 recusare.
2902 2997 2993 3072 Sic
3026 2998 3241 3072 reposui
3273 3014 3340 3072 ex
3372 2999 3577 3053 cunctis
3617 2999 3714 3052 fere

2140 3068 2393 3142 scriptisﬁ
2417 3073 2469 3126 In
2499 3071 2671 3126 tribus
2699 3086 2829 3124 mss.
2858 3079 2914 3125 et
2937 3070 2972 3124 2
2998 3079 3102 3123 vet.
3131 3068 3260 3142 edit.
3297 3069 3456 3142 Rom.
3490 3079 3568 3123 est
3590 3085 3717 3123 recu-

2143 3139 2286 3208 sari;
2316 3145 2370 3197 in
2391 3144 2424 3196 5
2449 3157 2558 3198 rec.
2585 3156 2746 3196 manu
2771 3143 3004 3196 exaratis
3025 3150 3081 3196 et
3108 3140 3292 3194 multis
3313 3139 3471 3194 editis
3495 3156 3720 3194 resecare.

2217 3213 2328 3268 Nec
2370 3215 2468 3268 ira.
2514 3213 2590 3267 Ita
2635 3228 2824 3267 omnes
2869 3227 2997 3266 mss.
3045 3223 3242 3281 prmtcr
3281 3211 3318 3264 2
3364 3210 3495 3280 Reg.
3531 3226 3637 3267 rec.
3675 3211 3719 3264 iu

2143 3284 2340 3355 quibus
2368 3295 2574 3355 estnon
2599 3284 2698 3348 ira,
2731 3293 2788 3355 ut
2815 3285 2866 3337 in
2894 3283 3070 3338 editis.

2217 3355 2344 3421 Quae
2367 3359 2420 3410 in
2449 3353 2613 3409 Deum
2642 3354 2825 3408 cadere
2854 3371 2955 3408 non
2987 3365 3169 3422 potest.
3196 3353 3394 3409 Scribit
3423 3353 3715 3408 Lactantius

2145 3425 2261 3482 haec
2288 3428 2456 3483 verba
2486 3441 2556 3479 cx
2588 3436 2769 3480 mente
2788 3426 3035 3492 Epicuri,
3067 3442 3170 3479 non
3200 3440 3317 3478 sua.
3351 3425 3479 3480 Bux.

2216 3499 2482 3567 Sapientis
2515 3496 2757 3567 hominis.
2793 3495 3030 3566 Epicuri.
3061 3511 3157 3566 per
3182 3497 3410 3550 ironiam
3444 3495 3520 3550 sic
3547 3495 3686 3567 dicti.

2217 3565 2438 3623 Restitit.
2481 3567 2582 3623 Ms.
2611 3566 2772 3622 Golh.
2809 3565 3073 3636 perstitit;
3100 3567 3137 3620 2
3178 3567 3309 3635 Reg.
3356 3582 3466 3622 rec.
3507 3579 3554 3620 et
3583 3565 3719 3628 edd.,

2143 3641 2388 3695 constitit.
2420 3669 2492 3680 -—
2519 3639 2744 3694 Restitit.
2787 3631 2861 3692 De
2891 3631 3030 3706 Opif.
3063 3653 3111 3691 c.
3140 3638 3206 3692 14
3237 3631 3434 3692 ε’ϐἰιοεα
3470 3639 3562 3691 hoc
3605 3652 3719 3706 opus

2143 3712 2294 3766 homo
2334 3711 2553 3773 resistit;
2590 3718 2644 3762 et
2670 3724 2787 3778 cap.
2822 3709 2853 3762 7
2888 3726 2900 3762 :
2939 3708 3132 3776 Quibus
3174 3725 3312 3761 mens
3343 3711 3456 3763 si...
3508 3710 3724 3763 resistere

2144 3783 2281 3846 velit,
2313 3790 2554 3852 tanquam
2580 3781 2880 3852 retinaculis
2909 3791 3149 3834 uteretur.
3187 3779 3318 3834 Btuv.

2217 3854 2332 3917 Quo
2353 3850 2631 3923 perveniat.
2661 3850 2788 3904 Mss.
2821 3851 3032 3923 habent
3046 3853 3343 3923 pervenias;
3363 3851 3399 3904 9.
3421 3851 3720 3923 perveniret;

2147 3919 2364 3992 plurimi
2405 3923 2556 3986 editi,
2611 3922 2949 3992 perveniatur.
3003 3921 3394 3990 Quampluritni
3422 3919 3571 3976 ’mss.
3605 3931 3656 3975 et
3682 3919 3720 3992 72

2142 4003 2271 4121 lvetL
2304 3993 2426 4049 edd.
2463 3991 2619 4047 Rom.
2651 4001 2708 4047 ut
2745 3993 2798 4047 in
2832 4002 2977 4048 textu
3008 3994 3287 4063 perveniat,
3327 3992 3587 4063 Epicurus
3623 3991 3718 4046 sci-

2164 4076 2286 4119 tcet.
3101 4105 3106 4107 _

2164 4076 2286 4119 lcet.
3101 4105 3106 4107 _

2215 4135 2599 4203 lmpunitatem,
2647 4144 2752 4190 etc.
2801 4135 2950 4190 Hanc.
2991 4151 3210 4204 sperare
3255 4150 3360 4190 non
3408 4144 3600 4203 potest,
3643 4131 3721 4200 qui

2144 4206 2309 4261 Deum
2335 4207 2476 4261 novit
2505 4207 2844 4270 omniscium,
2875 4220 2930 4261 et
2955 4207 3333 4271 justissimum.
3371 4207 3504 4261 Nam
3544 4216 3597 4259 et
3623 4217 3722 4256 ma—

2139 4277 2396 4346 gistratus
2423 4291 2588 4346 satpe,
2622 4287 2677 4330 et
2707 4277 3096 4346 ludimagistcr,
3127 4288 3183 4332 ct
3213 4287 3362 4346 pater
3392 4291 3609 4330 suorum
3638 4273 3721 4346 dcf

2141 4344 2261 4403 licta
2289 4352 2406 4404 sine
2447 4344 2522 4402 ira
2552 4351 2798 4418 puniunt,
2841 4344 3304 4417 proinptiores'ad
3353 4350 3595 4409 veniam,
3629 4344 3716 4398 nisi

2139 4419 2417 4488 disciplina
2442 4418 2525 4472 vel
2554 4419 2788 4488 publica,
2820 4419 2904 4473 vel
2932 4420 3231 4473 domestica
3265 4419 3409 4472 aliud
3442 4419 3715 4486 ﬂagitaret.

516 4485 975 4561 ϐοηὲὶῃηανεζειιίι
1010 4485 1221 4561 restitui
1251 4500 1318 4540 ex
1352 4487 1384 4541 9
1414 4488 1692 4556 impressis
1717 4487 2034 4561 cunctisque
2060 4493 2114 4552 D
2140 4485 2323 4559 Neque
2365 4489 2508 4561 enim
2551 4485 2707 4561 unus
2733 4489 2992 4561 duntaxat
3037 4492 3156 4545 linis
3195 4490 3483 4558 puniendi,
3520 4485 3720 4542 'ratiovc

444 4573 577 4640 mss.
610 4557 803 4640 printer
831 4559 979 4628 Lips.
1012 4559 1064 4638 in
1092 4572 1199 4626 quo
1228 4557 1842 4640 estnconsignaretnr._ln
1875 4557 2035 4614 ciete-

446 4631 520 4711 ris
567 4633 726 4716 editis
767 4641 850 4684 est
897 4629 1269 4701 consignemus.
1317 4627 1578 4684 Francius
1622 4630 1872 4693 malebat,
1914 4645 2035 4684 con-

442 4715 678 4769 agitarit.

527 4774 772 4828 Inductus
812 4775 964 4826 enim.
997 4772 1086 4827 Sic
1111 4772 1392 4827 emendavi
1424 4787 1487 4826 ex
1533 4772 1782 4826 omnibus
1822 4786 1950 4825 mss.
1983 4782 2037 4828 et

446 4858 568 4902 octo
606 4845 763 4899 editis
805 4843 1099 4898 veteribus.
1145 4843 1207 4896 Et
1243 4857 1331 4898 res
1364 4843 1438 4896 ita
1482 4842 1676 4912 poscit.
1708 4841 1900 4896 Czeteri
1939 4845 2036 4897 im-

449 4916 620 4985 pressi
644 4917 841 4970 babent
870 4913 1124 4968 indoctus.
1151 4943 1230 4985 -τ
1249 4913 1512 4967 Inductus.
1534 4913 1652 4968 Lib.
1679 4927 1761 4978 ιιι,
1786 4927 1904 4980 cap.
1931 4914 2031 4985 l7:

447 4983 576 5043 Cum
605 4987 710 5039 haec
737 4987 892 5054 igitur
922 4985 1164 5055 cogitaret
1188 4983 1467 5054 Epicurus,
1503 5001 1676 5055 earum
1707 4999 1874 5055 rerum
1903 4984 2036 5037 velut

447 5059 714 5126 iniquitate
753 5052 1058 5110 inductus...
1107 5052 1429 5110 existimavit.
1474 5055 1620 5126 Lips.
1650 5054 1684 5108 2
1715 5065 1770 5110 et
1799 5052 2032 5108 Reimm.

454 5127 705 5184 Inductus
734 5129 934 5182 enim...
966 5143 1082 5180 vero
1111 5127 1314 5196 legunt.

527 5199 692 5254 Unius
716 5199 992 5253 sententiae.
1028 5195 1271 5266 Expuuxi
1302 5205 1358 5268 ut
1387 5195 1625 5268 inutilem
1655 5197 1804 5268 [alue
1827 5209 2034 5262 vocem,

449 5287 611 5342 quam
650 5269 896 5342 inserunt
937 5267 1342 5342 (ιιιειιιηιιιιιςιιιιίΔ
1361 5267 1548 5342 cditi:_
1566 5267 2036 5342 respuitttt_atttem

449 5336 642 5396 omnes
661 5341 867 5409 scripti.
896 5336 1006 5394 tres
1027 5349 1132 5392 vet.
1157 5339 1286 5393 edit.
1312 5338 1491 5402 Roni.,
1523 5338 1795 5401 Parrhas.,
1813 5336 2034 5409 cellam,

451 5411 664 5468 Walcb.
715 5408 787 5451 -ἑ
839 5409 1004 5464 Unius
1053 5410 1329 5463 sententiae.
1385 5411 1542 5475 Ald.,
1597 5411 1770 5473 Crat.,
1814 5408 2036 5475 Gytnn.,

452 5484 601 5547 Fas.,
623 5481 853 5552 Gryplt.,
884 5480 1084 5547 Betnl.,
1104 5479 1296 5552 Torn.,
1319 5478 1602 5552 Thomas,
1632 5479 1812 5542 lseeus,
1843 5478 2036 5550 'l‘bys.,

451 5554 618 5618 Gall.,
650 5551 842 5619 Spark.
874 5553 1024 5605 unius
1059 5551 1209 5619 {alsia
1245 5553 1518 5604 sententiaz.
1563 5551 1627 5606 Et
1667 5561 1782 5605 erat
1817 5553 2036 5605 omnino

475 5627 584 5679 'alsa
611 5641 630 5679 .·
659 5623 800 5678 unde
830 5639 949 5678 eam
988 5621 1301 5677 Lactantius
1339 5620 1570 5687 refutat;
1617 5633 1673 5676 at
1706 5621 2035 5692 antiquiores

470 5697 568 5750 ibri
593 5710 696 5750 non
723 5705 1040 5766 agnoscunt.
1073 5692 1204 5748 BUN.

441 5819 448 5833 ,
515 5766 659 5822 Iram
701 5762 962 5821 in'Deum
1002 5781 1104 5818 non
1143 5765 1424 5820 convenire.
1475 5762 1622 5820 Hanc
1662 5763 1986 5822 locutionem
2013 5807 2027 5832 ,

2144 4560 2440 4632 castigandi
2469 4569 2571 4624 est,
2619 4560 2713 4616 sed
2747 4560 2925 4630 plures
2959 4580 2970 4613 :
3001 4577 3142 4632 quze,
3178 4573 3234 4614 ut
3275 4564 3473 4631 reipsa,
3523 4560 3720 4632 ita_n_o-

2146 4628 2380 4703 minibus
2420 4645 2634 4703 quoque
2669 4628 2809 4686 inter
2837 4647 2896 4687 se
2929 4628 3149 4686 distant.
3183 4633 3256 4687 De
3293 4628 3400 4703 quo
3445 4633 3561 4700 lege
3591 4628 3715 4685 Gell.

2145 4702 2183 4758 l.
2208 4717 2282 4762 vt.
2307 4717 2356 4757 c.
2395 4701 2478 4756 M.
2508 4701 2712 4757 Βετυι..

2220 4773 2592 4828 Existimantur
2622 4775 2788 4840 stoici,
2821 4783 2923 4827 etc.
2950 4773 3312 4843 Reprehendit
3349 4775 3566 4835 stoicos,
3589 4768 3720 4840 quod

2149 4845 2256 4899 Deo
2286 4846 2512 4916 gratiam
2543 4844 2799 4910 tribuant,
2835 4845 3158 4900 clementem
3193 4846 3366 4900 Solum
3396 4846 3514 4916 sibi,
3534 4846 3721 4912 litigant

2149 4917 2340 4980 Deum,
2366 4930 2470 4969 non
2499 4916 2623 4970 item
2651 4932 2922 4987 severum,
2951 4917 3223 4970 iracundia
3247 4918 3418 4987 ipsum
3441 4915 3718 4987 privantes.

2147 4989 2530 5055 Argumentum
2589 4986 2924 5055 potissimum
2972 5003 3080 5056 quo
3133 4981 3338 5051 nititur,
3387 4981 3471 5041 est
3518 5005 3531 5042 :
3578 4981 3720 5050 Quod

2145 5059 2323 5112 omnia
2353 5073 2472 5127 qtae
2504 5069 2803 5118 moventur.
2846 5069 3168 5112 moveantur
3205 5060 3256 5112 in
3297 5070 3577 5126 utramque
3609 5069 3718 5127 par-

2148 5137 2254 5182 tem
2280 5146 2293 5182 :
2321 5126 2484 5182 Deum
2507 5131 2706 5196 itaque,
2734 5129 2778 5182 si
2812 5139 3089 5183 moveatur
3117 5132 3310 5198 gratia,
3342 5129 3544 5184 moveri
3571 5126 3718 5181 etiam

2147 5198 2244 5272 ira.
2286 5199 2409 5272 lloc
2444 5199 2821 5262 concederem,
2864 5200 2915 5272 si
2949 5216 3141 5256 sensus
3179 5203 3422 5272 corporis
3460 5199 3721 5272 utriusque

2147 5269 2445 5342 aﬂ‘ectionis
2484 5272 2743 5342 opposita:
2785 5271 3054 5342 particeps
3101 5283 3245 5327 esset
3264 5265 3293 5335 ,’
3313 5280 3369 5326 ιιι
3409 5288 3424 5342 ς
3465 5265 3718 5342 Quidquid

2149 5340 2314 5412 sentit
2341 5336 2595 5412 calorem,
2637 5336 2796 5396 idem
2823 5336 3008 5411 frigus'
3032 5358 3246 5412 quoque
3290 5341 3473 5397 sentit.
3510 5340 3629 5412 Sed
3646 5336 3718 5412 _in

2144 5411 2308 5466 Deum
2337 5410 2487 5484 (quia
2527 5412 2877 5484 incorporeus
2895 5406 3010 5484 est)
3041 5406 3187 5484 nulla
3216 5414 3394 5484 passio
3421 5411 3564 5465 cadit
3603 5425 3615 5462 :
3646 5406 3718 5462 Ira

2138 5483 2320 5551 passio
2350 5483 2460 5547 est,
2511 5491 2566 5537 et
2603 5483 2674 5536 ob
2723 5483 2775 5538 id
2821 5483 3178 5539 imbecillitas.
3222 5483 3402 5540 Gratia
3449 5497 3580 5537 vero
3620 5493 3717 5533 non

2138 5554 2320 5625 modo,
2359 5567 2465 5608 non
2511 5556 2687 5622 passio
2716 5565 2818 5619 est,
2857 5555 2953 5610 sed
2993 5555 3164 5609 virtus
3193 5556 3433 5625 insuper,
3465 5565 3519 5610 et
3557 5553 3717 5606 virtus

2136 5624 2316 5679 divina
2348 5643 2361 5679 :
2390 5625 2512 5700 quia
2548 5627 2903 5700 χρηστόατος
2933 5641 3065 5700 pars
3096 5642 3216 5694 qua:
3265 5624 3374 5681 Deo
3415 5627 3513 5680 soli
3556 5631 3712 5700 recte.

2138 5709 2244 5750 non
2276 5705 2338 5776 με
2364 5694 2634 5776 accidens,
2665 5699 2760 5751 sed
2795 5710 2848 5751 ut
2891 5694 3163 5776 proprium
3203 5702 3506 5776 exaptat-9y
3536 5694 3715 5748 tribui-

2136 5776 2242 5822 tur.
2276 5766 2353 5823 Ex
2380 5767 2575 5838 quibus
2605 5781 2844 5838 apparet,
2869 5766 3093 5839 gratiam
3123 5781 3175 5826 et
3205 5766 3338 5826 irani
3371 5770 3426 5823 in
3457 5769 3584 5830 Deo,
3615 5779 3714 5820 non
