3912 6256
232 255 314 313 89
1256 286 1281 307 .
1552 253 1757 311 LIBER
1795 252 1886 311 DE
1924 250 2042 312 [BA
2080 251 2213 309 DEl.
3466 238 3543 298 90

233 370 442 427 melius
468 368 543 427 de
572 367 863 426 Divinitate
896 368 1155 437 sensisse,
1187 370 1279 440 qui
1315 370 1488 436 aiunt,
1523 370 1754 441 gratiam
1782 369 1839 425 in
1863 371 1919 435 Α
1940 368 2207 425 maximus
2236 366 2343 429 dici
2372 365 2603 437 poterit,
2652 364 2799 438 quod
2832 364 3039 436 expetit
3063 360 3246 421 divina
3273 362 3536 420 caelestis-

233 461 354 518 Deo
379 476 528 527 esse,
571 463 708 517 iram
746 474 853 517 non
901 475 1043 517 esse.
1076 460 1411 518 Favorabilis
1439 460 1748 531 admodum,
1777 475 1841 518 ac

235 555 523 629 popularis
558 556 758 624 oratio,
804 570 913 612 non
962 555 1161 614 cadere
1201 557 1255 612 in
1294 557 1461 628 Deum
1506 557 1645 613 hanc
1674 556 1841 613 animi

236 647 621 720 pusillitatem,
655 656 714 703 ut
741 647 809 703 ab
836 647 950 703 ullo
978 664 1037 704 se
1060 649 1247 704 laesum
1272 657 1443 720 putet,
1472 650 1564 721 qui
1585 649 1709 705 laedi
1731 664 1840 706 non

238 746 465 809 potest;
494 748 549 793 ut
574 737 754 808 quieta
782 739 893 807 illa,
922 748 976 795 et
1002 748 1186 796 sancta
1220 740 1475 811 majestas
1503 741 1828 809 concitetur,

244 831 626 903 perturbetur,
657 832 914 899 insaniat,
951 832 1097 904 quod
1125 843 1209 888 est
1252 843 1480 889 terrenae
1516 831 1836 904 fragilitatis.

242 925 389 983 Iram
419 926 560 983 enim
581 969 597 992 ,
626 927 1046 983 commotionem
1079 927 1274 983 mentis
1314 942 1436 983 esse
1467 942 1530 983 ac
1557 927 1841 998 perturba-

246 1020 476 1087 tionem,
524 1035 643 1091 quze
684 1020 755 1075 sit
798 1035 827 1073 a
880 1020 989 1075 Deo
1033 1019 1231 1074 aliena.
1278 1017 1433 1087 Quod
1477 1019 1522 1074 si
1564 1018 1840 1074 hominem

239 1126 483 1183 quoque,
512 1111 604 1181 qui
632 1110 797 1167 modo
823 1111 894 1166 sit
921 1110 1137 1182 sapiens
1163 1118 1219 1166 et
1243 1111 1447 1182 gravis,
1498 1110 1576 1166 ira
1616 1126 1724 1167 non
1750 1110 1843 1166 de-

238 1213 365 1259 ceat
404 1204 475 1276 (si
501 1203 741 1275 quidem,
769 1219 892 1260 cum
928 1205 986 1258 in
1018 1202 1257 1259 animum
1287 1203 1602 1274 cujusquam
1634 1203 1840 1273 incidit,

240 1297 392 1353 velut
418 1312 561 1353 saeva
587 1306 880 1368 tempestas
899 1305 1077 1353 tantos
1099 1297 1300 1354 excitet
1324 1295 1542 1365 fluctus,
1562 1304 1620 1352 ut
1639 1306 1842 1352 statum

245 1392 453 1446 mentis
484 1392 758 1456 immutet,
802 1390 1087 1447 ardescant
1118 1390 1282 1457 oculi,
1316 1405 1378 1445 os
1407 1397 1632 1455 tremat,
1663 1387 1842 1460 lingua

241 1487 465 1553 titubet,
502 1486 693 1543 dentes
722 1494 1073 1556 concrepent,
1105 1485 1330 1541 alternis
1358 1484 1565 1540 vultum
1608 1484 1845 1540 maculet

241 1596 392 1653 nunc
419 1580 658 1637 suffusus
681 1579 868 1647 rubor,
892 1595 1036 1635 nunc
1056 1579 1230 1650 pallor
1258 1578 1567 1651 albescens)
1594 1595 1609 1632 :
1639 1587 1844 1648 quanto

240 1676 422 1745 magis
461 1674 628 1736 Deum
675 1688 781 1727 non
823 1671 1017 1728 deceat
1046 1680 1155 1727 tam
1199 1669 1340 1728 fteda
1370 1671 1643 1728 mutatio?
1684 1671 1753 1727 Et
1796 1672 1843 1727 si

1944 479 2048 537 que
2074 471 2287 519 natura.
2337 459 2472 517 Nam
2499 460 2544 516 si
2574 460 2716 517 inter
2742 458 2991 516 homines
3024 455 3293 513 laudabile
3326 455 3540 513 videtur

1944 558 2202 631 prodesse
2263 557 2444 628 potius
2514 570 2676 628 quam
2728 562 2972 622 ‘nocere,
3034 549 3305 609 viviﬁcare
3372 564 3534 622 quam

1940 652 2222 719 occidere,
2271 650 2515 721 salvare,
2577 664 2739 723 quam
2791 648 3056 721 perdere,
3108 660 3208 703 nec
3266 644 3543 702 immerito

1942 744 2250 801 innocentia
2309 744 2451 800 inter
2506 744 2732 800 virtutes
2783 747 3099 798 numeratur
3162 748 3218 796 et
3283 737 3374 810 qui
3423 736 3541 794 haec

1942 836 2148 909 fecerit,
2170 836 2430 909 diligitur,
2446 835 2754 907 praefertur,
2776 843 3020 901 ornatur,
3041 830 3344 891 benedictis
3359 830 3538 887 omni-

1941 929 2041 985 bus
2058 927 2304 1000 votisque
2315 928 2644 992 celebratur,
2663 926 2893 999 denique
2908 925 2979 982 ob
2996 924 3189 982 merita
3205 932 3261 979 et
3275 921 3537 979 beneﬁcia

1945 1019 2057 1076 Deo
2079 1019 2389 1074 stmillimus
2409 1018 2718 1090 iudicatur;
2750 1026 2949 1089 quanto
2971 1015 3139 1088 magis
3167 1015 3344 1086 ipsum
3369 1013 3539 1070 Deum

1945 1127 2043 1184 par
2062 1119 2164 1180 est,
2196 1112 2391 1168 divinis
2413 1110 2773 1182 perfectisque
2792 1109 3079 1167 virtutibus
3110 1106 3534 1180 praecellentem,

1942 1215 2102 1278 atque
2127 1205 2196 1260 ab
2233 1205 2379 1261 omni
2423 1213 2634 1261 terrena
2673 1204 2795 1260 labe
2835 1208 3163 1258 summotum
3190 1243 3206 1267 ,
3247 1200 3445 1257 divinis
3483 1207 3539 1256 et

1950 1297 2262 1355 ctelesdbus
2290 1296 2567 1352 beneficiis
2606 1311 2768 1352 omne
2801 1309 2970 1367 genus
3006 1294 3281 1350 hominum
3325 1306 3542 1364 prome-

1944 1391 2092 1448 reri?
2154 1390 2409 1461 Speciose
2463 1390 2599 1455 ista,
2660 1388 3097 1459 populariterque
3146 1386 3436 1456 dicuntur,
3484 1395 3540 1444 et

1947 1482 2145 1539 multos
2172 1482 2397 1539 illiciunt
2420 1482 2488 1538 ad
2515 1479 2874 1538 credendum:
2902 1479 2998 1536 sed
3023 1479 3114 1551 qui
3141 1478 3258 1535 haec
3278 1479 3537 1546 sentiunt,

1945 1576 2012 1632 ad
2045 1575 2326 1631 veritatem
2354 1573 2571 1645 quidem
2600 1572 2822 1646 propius
2849 1570 3142 1635 accedunt;
3179 1569 3277 1627 sed
3302 1569 3356 1625 in
3380 1579 3539 1642 parte

1948 1667 2234 1735 labuntur,
2268 1675 2514 1722 naturam
2542 1664 2620 1722 rei
2654 1678 2846 1736 parum
2874 1662 3299 1720 considerantes.
3340 1661 3474 1719 Nam
3495 1664 3543 1720 si

245 1760 447 1831 homo,
475 1765 564 1835 qui
590 1763 759 1820 habet
799 1764 1085 1835 imperium
1113 1777 1177 1820 ac
1214 1773 1559 1835 potestatem,
1592 1763 1701 1821 late
1741 1778 1842 1821 no-
1872 1759 1921 1820 B
1948 1761 2091 1818 Deus
2124 1774 2230 1816 non
2261 1759 2512 1815 irascitur
2540 1758 2720 1828 impiis
2741 1756 3055 1827 etinjustis,
3087 1769 3187 1811 nec
3218 1756 3337 1826 pios
3357 1754 3542 1825 utique

245 1864 371 1909 ceat
398 1869 495 1924 per
529 1856 688 1922 iram,
722 1856 1037 1928 sanguinem
1080 1854 1288 1923 fundat,
1332 1855 1495 1912 urbes
1540 1856 1837 1925 subvertat,

248 1946 483 2018 populos
523 1946 723 2016 deleat,
765 1949 1072 2019 provincias
1111 1948 1177 2003 ad
1221 1948 1568 2005 solitudinem
1599 1949 1840 2021 redigat;

249 2047 461 2110 quanto
488 2038 660 2111 magis
688 2040 877 2108 Deum,
924 2041 1014 2111 qui
1056 2039 1254 2097 habeat
1293 2041 1457 2097 totius
1500 2043 1718 2113 generis
1744 2043 1845 2099 hu-

245 2133 421 2199 mani,
452 2140 509 2189 et
534 2133 703 2205 ipsius
729 2133 912 2189 mundi
942 2142 1283 2205 potestatem,
1317 2134 1651 2204 perditurum
1677 2135 1844 2193 fuisse

240 2225 502 2281 universa
532 2223 789 2282 credibile
814 2226 903 2292 sit,
936 2224 983 2281 si
1012 2226 1380 2282 irasceretur?

234 2325 250 2383 i
310 2316 525 2375 Abesse
554 2319 721 2387 igitur
754 2317 823 2373 ab
860 2333 926 2375 eo
957 2326 1065 2373 tam
1099 2333 1386 2390 magnum,
1418 2326 1528 2375 tam
1564 2318 1841 2392 pernicio-

240 2426 368 2467 sum
395 2409 597 2467 malum
623 2416 896 2481 oportere.
954 2409 1026 2465 Et
1047 2410 1094 2466 si
1122 2410 1262 2466 absit
1290 2410 1359 2466 ab
1387 2425 1453 2468 eo
1479 2411 1559 2467 ira
1578 2454 1594 2479 ,
1624 2422 1678 2469 et
1708 2428 1840 2470 con-

236 2503 460 2570 citatio,
488 2502 614 2574 quia
638 2510 695 2558 et
722 2500 1000 2569 deformis,
1030 2510 1086 2558 et
1118 2503 1279 2559 noxia
1308 2512 1393 2560 est
1411 2545 1427 2571 ,
1458 2518 1558 2560 nec
1586 2506 1837 2579 cuiquam

236 2590 581 2659 malefaciat,
632 2593 767 2649 nihil
795 2593 941 2650 aliud
970 2608 1291 2666 superesse,
1333 2595 1436 2652 nisi
1477 2603 1536 2652 ut
1569 2597 1639 2653 sit
1672 2596 1832 2669 lenis,

244 2686 601 2757 tranquillus,
639 2689 942 2760 propitius,
980 2689 1283 2758 beneficus,
1330 2702 1700 2750 conservator.
1757 2693 1836 2752 Ita

240 2773 396 2834 enim
422 2778 634 2836 demum
654 2786 709 2837 et
727 2780 1029 2838 communis
1054 2782 1295 2838 omnium
1326 2794 1499 2854 pater,
1527 2793 1583 2840 et
1602 2786 1838 2857 optimus

1941 1856 2227 1928 iustosque
2255 1854 2451 1926 diligit.
2499 1854 2641 1924 Ergo
2667 1851 3000 1909 constantior
3019 1860 3103 1906 est
3121 1864 3278 1906 error
3298 1848 3535 1915 illorum,

1944 1950 2035 2021 qui
2063 1959 2119 2004 et
2149 1950 2283 2004 iram
2309 1947 2494 2014 simul,
2527 1954 2581 2001 et
2608 1945 2832 2017 gratiam
2862 1942 3077 1998 tollunt.
3117 1940 3177 1995 In
3205 1939 3368 1996 rebus
3389 1942 3532 1995 enim

1944 2041 2212 2107 diversis,
2258 2047 2352 2096 aut
2395 2040 2450 2095 in
2491 2047 2775 2108 utramque
2819 2044 3027 2107 partem
3071 2032 3280 2089 moveri
3316 2045 3542 2088 necesse

1945 2148 2061 2207 est,
2099 2146 2192 2192 aut
2222 2136 2277 2191 in
2306 2145 2574 2192 neutram.
2616 2131 2695 2188 Ita
2721 2132 2810 2205 qui
2849 2132 3021 2187 bonos
3047 2128 3256 2201 diligit,
3286 2136 3342 2184 et
3371 2126 3542 2183 malos

1948 2230 2095 2298 odit,
2126 2242 2182 2288 et
2200 2230 2292 2302 qui
2326 2228 2498 2286 malos
2526 2242 2634 2284 non
2664 2225 2810 2295 odit,
2856 2239 2958 2282 nec
2988 2224 3160 2280 bonos
3183 2221 3386 2293 diligit:
3417 2219 3543 2291 quia

1948 2334 2004 2381 et
2030 2324 2255 2395 diligere
2279 2323 2481 2388 bonos,
2526 2335 2595 2376 ex
2616 2318 2744 2375 odio
2779 2316 3047 2374 malorum
3073 2316 3246 2381 venit;
3287 2322 3342 2370 et
3373 2313 3545 2369 malos

1942 2416 2157 2486 odisse,
2185 2431 2252 2473 ex
2296 2416 2560 2473 bonorum
2590 2412 2858 2469 charitate
2895 2408 3197 2467 descendit.
3252 2406 3427 2490 Nemo
3461 2412 3548 2461 est

1938 2510 2031 2581 qui
2060 2518 2205 2564 amet
2229 2507 2393 2564 vitam
2423 2506 2540 2562 sine
2561 2504 2687 2561 odio
2716 2504 2930 2571 mortis,
2962 2518 3062 2559 nec
3087 2509 3306 2573 appetat
3328 2499 3528 2564 lucem,

1937 2602 2040 2659 nisi
2079 2603 2171 2674 qui
2208 2600 2456 2658 tenebras
2497 2599 2649 2669 fugit.
2711 2597 2863 2653 Adeo
2913 2606 3104 2651 natura
3148 2595 3255 2649 ista
3292 2604 3579 2650 connexav

1938 2705 2082 2764 sunt,
2113 2703 2174 2752 ut
2195 2695 2424 2750 alterum
2449 2692 2566 2748 sine
2591 2690 2763 2746 altero
2790 2689 2905 2746 fieri
2938 2695 3193 2759 nequeat.

2015 2787 2075 2843 Si
2102 2788 2223 2860 quis
2249 2783 2509 2843 Dominus
2536 2781 2740 2840 habens
2770 2782 2822 2838 in
2854 2779 3055 2837 familia
3083 2790 3296 2847 servos,
3340 2775 3541 2835 bonum

1533 2922 1894 2984 VARIORUM
1929 2925 2160 2984 NOTAE.

239 3068 302 3113 ut
328 3058 385 3113 in
411 3057 748 3131 magistratu,
774 3072 872 3115 seu
893 3058 1158 3131 principe,
1186 3062 1458 3118 contrario
1479 3075 1544 3118 ex
1568 3063 1833 3120 diametro
1858 3063 1905 3127 C

236 3144 380 3185 esse.
418 3128 740 3186 Βετυιειυε.

314 3199 548 3275 _(_.‘ratiam
583 3204 638 3255 in
664 3200 774 3256 Deo
816 3219 944 3266 esse,
987 3204 1119 3257 iram
1159 3219 1261 3257 non
1299 3219 1429 3259 esse.
1476 3204 1546 3261 Ut
1590 3207 1681 3275 qui
1729 3221 1834 3261 non

236 3272 629 3345 velit‘obesse,
660 3288 745 3328 me
783 3276 974 3345 possit,
1005 3284 1061 3328 ut
1096 3276 1170 3330 ait
1202 3276 1393 3332 Senec.
1438 3275 1532 3331 lib.
1563 3272 1695 3332 n'de
1725 3277 1830 3344 lra,

241 3344 336 3397 ubi
363 3342 433 3397 de
464 3345 567 3397 hoc
591 3342 829 3401 disserit.
864 3343 1052 3400 lsmus.

316 3411 642 3488 Fauorabilis
686 3415 983 3488 admodum.
1028 3416 1104 3471 Ita
1145 3417 1505 3488 antiquissimi
1551 3428 1606 3472 et
1649 3418 1836 3488 optimi

237 3500 379 3540 mss.
409 3486 749 3556 Regio-Put.,
787 3486 824 3540 2
866 3487 1098 3548 Bonon.,
1143 3486 1178 3540 ’5
1205 3487 1470 3553 Cnlbert.,
1510 3486 1832 3554 Tax.,‘l’en.

238 3558 461 3629 Auctor,
489 3567 673 3629 noster
711 3558 1008 3629 favorabilis
1036 3560 1210 3613 active
1250 3559 1449 3629 posuit,
1482 3560 1624 3629 quod
1656 3575 1837 3615 rarum

237 3636 346 3682 est.
380 3628 669 3682 Admodum
694 3628 845 3683 abest
874 3643 905 3681 a
933 3628 1001 3683 10
1028 3645 1158 3684 mss.
1187 3628 1290 3683 et’a
1320 3631 1388 3685 15
1413 3628 1598 3686 editis.

296 3695 597 3768 .Poputaris
621 3701 805 3753 oratio.
850 3698 904 3752 ld
943 3710 1047 3765 est,
1086 3715 1205 3766 quin
1246 3702 1441 3770 popqu
1479 3710 1627 3768 grata
1667 3711 1751 3758 est
1785 3712 1842 3759 et

236 3779 490 3840 accepta,
519 3770 845 3841 qumrstndet
874 3770 1133 3826 voluntati
1159 3773 1357 3841 pepuli.
1388 3770 1616 3827 WALCH.

281 3911 293 3923 .
312 3841 491 3923 Animi
517 3840 869 3911 pusillitatem.
903 3841 1031 3897 Mss.
1055 3842 1088 3897 6
1118 3840 1241 3897 rec.
1266 3853 1321 3898 et
1358 3844 1391 3897 5
1432 3844 1584 3911 edd.,
1618 3845 1840 3914 pusilla-

236 3921 546 3965 ntntitatem.

319 3979 468 4035 Iram
500 3983 656 4048 enim,
689 3984 1073 4037 commotionem
1112 3985 1290 4038 mentis
1318 4001 1442 4039 esse.
1476 3984 1724 4041 Sufﬁciat
1751 4001 1841 4042 se-

239 4053 356 4107 mel
405 4055 700 4115 monuisse.
748 4055 960 4122 quoties
1000 4054 1132 4107 iram
1172 4055 1282 4111 Deo
1329 4057 1632 4119 tribuimus,
1679 4073 1745 4112 eo
1787 4057 1840 4112 id

237 4138 409 4179 sensu
437 4138 535 4195 nos
563 4123 890 4195 intelligere,
922 4139 1029 4195 quo
1058 4125 1340 4181 Durandns
1367 4127 1461 4183 lib.
1491 4143 1551 4195 ιι,
1583 4128 1705 4182 dist.
1746 4129 1837 4193 '50,

237 4204 439 4265 quaest.
466 4193 525 4261 2,
553 4195 639 4249 ubi
667 4193 786 4265 aiti:
818 4193 956 4250 Deus
981 4196 1170 4250 dicitur
1208 4198 1391 4265 iratus,
1431 4193 1544 4252 non
1562 4201 1841 4253 secundum

237 4263 518 4331 affectum,
542 4266 654 4338 sed
690 4264 946 4338 e/fectum,
995 4267 1048 4320 in
1087 4279 1335 4338 quantum
1377 4263 1639 4335 'prteparat
1683 4271 1842 4324 alicui

238 4350 448 4410 penam
476 4336 551 4389 uel
568 4337 778 4410 inﬂigit.
804 4336 1117 4393 Dnriuscule
1143 4340 1285 4393 enim
1318 4338 1576 4410 loquitur.
1609 4339 1837 4396 Lactan-

2091 3083 2157 3135 Ut
2172 3085 2242 3135 sic
2258 3084 2462 3136 alternis
2484 3083 2669 3135 inﬁnita
2691 3082 2854 3131 omnia
2874 3080 3070 3131 reddat.

1938 3188 2146 3245 Plinius
2175 3189 2268 3245 lib.
2301 3205 2366 3252 v.
2395 3205 2482 3257 ep.
2514 3189 2601 3245 18.
2655 3188 2784 3256 Quae
2810 3186 3067 3242 interdum
3094 3185 3336 3257 alternis,
3380 3194 3426 3241 et
3452 3184 3533 3240 iu-

1939 3261 2147 3333 tcrdumr
2159 3262 2318 3333 simul
2337 3262 2497 3333 facio.
2627 3330 2635 3333 Α
2987 3330 3017 3333 η
3102 3328 3113 3333 _
3180 3256 3316 3333 B_UN.

2015 3328 2347 3386 Perditurum'
2365 3334 2523 3400 fuisse
2550 3330 2782 3385 universa
2809 3329 3046 3383 credibile
3069 3328 3155 3383 sit.
3199 3329 3342 3383 Duas
3367 3343 3531 3384 voces

1938 3413 2245 3472 postremas
2284 3402 2468 3458 addidi
2501 3417 2569 3457 ex
2593 3400 2845 3457 omnibus
2877 3400 3051 3455 ferme
3081 3413 3211 3472 mss.
3240 3400 3396 3472 eti?
3424 3410 3532 3454 vet.

1939 3471 2121 3529 editis.
2184 3474 2394 3528 Absunt
2433 3480 2610 3527 autem
2649 3489 2681 3527 a
2724 3487 2853 3527 mss.
2889 3472 2923 3528 5
2951 3480 3007 3526 et
3038 3471 3263 3526 totidem
3309 3471 3540 3541 impres-

1938 3544 2036 3599 sis.
2069 3574 2140 3586 -—
2175 3543 2428 3599 Credibile
2465 3544 2549 3597 sit.
2615 3544 2740 3598 Haec
2776 3544 3029 3597 videntur
3070 3540 3397 3598 necessaria.
3473 3540 3539 3597 Ut

1939 3616 2082 3670 enim
2107 3615 2265 3670 modo
2290 3629 2450 3683 supra
2478 3614 2640 3668 dixit:
2677 3614 2828 3681 Quod
2848 3613 2892 3667 si
2922 3614 3180 3666 hominem
3205 3651 3218 3665 .
3244 3654 3257 3666 .
3281 3651 3295 3665 .
3321 3628 3425 3666 non
3446 3612 3535 3664 de-

1940 3694 2050 3741 ceat
2074 3727 2088 3741 .
2113 3725 2126 3738 .
2148 3724 2161 3739 .
2184 3696 2373 3756 quanto
2400 3685 2562 3757 magis
2588 3683 2755 3739 Deum
2783 3701 2889 3737 non
2911 3684 3117 3748 deceat;
3164 3684 3244 3757 sic
3280 3684 3332 3737 in
3370 3683 3539 3753 appli-

1940 3758 2175 3813 catione.
2198 3754 2206 3756 “
2488 3754 2500 3757 ⁷
3192 3754 3325 3808 BUN.

2014 3847 2330 3973 Malel'aciat.
2376 3847 2503 3928 Mss.
2534 3848 2589 3914 '5,
2613 3846 2905 3929 male[acit;
2928 3843 3192 3911 Clarom.,
3223 3844 3535 3912 malefaciet.

2018 3917 2142 3973 Nilu
2204 3917 2347 3972 aliud
2372 3934 2651 3973 superesse.
2711 3920 2801 3973 Sic
2842 3917 2961 3973 leno
2986 3933 3053 3972 ex
3074 3931 3206 3972 mss.
3236 3916 3271 3969 2
3301 3915 3535 3973 Βοηοη..

2018 3915 2165 3973 Nihil
2204 3917 2347 3972 aliud
2372 3925 2651 3983 superesse.
2711 3915 2801 3973 Sic
2842 3917 2961 3987 lego
2986 3933 3053 3972 ex
3074 3931 3206 3972 mss.
3236 3916 3271 3969 2
3301 3915 3536 3979 Bonon.,

1942 3990 1967 4044 1
1997 3990 2132 4059 Reg.
2162 3991 2384 4060 aliisque
2413 4000 2468 4043 et
2493 3990 2622 4045 edit.
2650 3990 2717 4044 Is.
2749 3990 2816 4043 Et
2854 3990 2934 4043 sic
2963 3987 3244 4060 legendum
3290 4002 3413 4060 esse
3449 4000 3542 4052 pa-

1941 4069 2017 4116 tet
2042 4058 2109 4115 ex
2147 4058 2592 4131 praecedentibus.
2653 4060 2713 4115 In
2755 4060 2936 4116 multis
2977 4072 3089 4114 tum
3122 4058 3366 4129 scriptis,
3427 4068 3539 4111 tum

1942 4131 2219 4203 impressis
2251 4132 2444 4203 legitur
2483 4131 2642 4187 abest.

2012 4201 2323 4257 Communis
2345 4205 2573 4256 omnium
2614 4212 2778 4272 pater.
2831 4202 2902 4258 Ut
2931 4202 3025 4258 lib.
3056 4217 3111 4268 ν,
3137 4216 3258 4265 cap.
3287 4201 3350 4256 8:
3400 4216 3542 4252 com-

1940 4290 2143 4356 munem
2172 4276 2399 4356 omnium
2424 4287 2619 4356 patrem
2651 4273 2838 4328 Deum.
2884 4273 3160 4356 Elegantia
3192 4272 3540 4356 Te-renliatta.

1940 4344 2076 4400 Vide
2098 4344 2222 4400 Not.
2253 4345 2320 4399 ad
2350 4342 2496 4400 Lact.
2524 4346 2614 4399 lib.
2644 4361 2726 4408 ut,
2756 4359 2878 4413 cap.
2910 4342 2999 4400 l8.
3258 4342 3393 4397 Bon.

242 4409 377 4506 tius:
404 4410 661 4506 (ειιιιιΊὶιιςω
688 4406 951 4506 allectum
996 4410 1078 4506 itaI
1100 4410 1209 4493 Deo
1235 4406 1545 4506 competerg
1579 4411 1834 4477 afﬁrmet,
1865 4445 1918 4506 D
2016 4415 2080 4469 Et
2107 4418 2327 4506 optimus
2351 4418 2621 4506 maximus.
2674 4406 2750 4471 ita
2793 4406 2926 4506 iusst;
2957 4415 2990 4470 5
3036 4413 3362 4506 Reg‘.mint133-
3390 4427 3541 4506 1ςιιιοτδ

237 4488 510 4549 quatenus
540 4479 611 4534 illi
643 4488 844 4533 mutum
884 4482 1168 4547 quemdam
1198 4479 1488 4549 imprimat.
1513 4482 1795 4537 SPARKIUS.

319 4547 739 4622 Siquidemﬂcum
778 4549 831 4603 in
857 4551 1097 4622 animum
1134 4547 1439 4622 cujusquam
1473 4554 1683 4619 incidit,
1725 4565 1832 4609 etc.

238 4617 470 4692 gieroa.
504 4621 556 4674 in
588 4621 758 4690 Epist.
804 4620 869 4674 ad
892 4620 1079 4692 g'l‘itum
1125 4617 1245 4692 cap.
1278 4617 1385 4679 t'de
1416 4624 1553 4679 irato
1583 4617 1830 4679 homine:

242 4688 414 4764 Torva
452 4692 613 4755 vultu,
636 4688 975 4764 trementibus
1005 4688 1405 4763 labiis—rugata
1442 4700 1628 4764 fronte,
1669 4693 1835 4761 e/frte-

239 4762 382 4814 natis
408 4764 668 4827 conviciis,
689 4763 820 4833 [acie
840 4763 970 4816 inter
992 4764 1240 4832 pallorem
1261 4762 1592 4832 ruboremque
1615 4768 1831 4822 variata.

242 4835 459 4887 Seneca
491 4833 557 4886 de
598 4833 700 4892 Ira,
736 4833 827 4887 lib.
859 4849 895 4897 ι,
922 4848 1041 4903 cap.
1074 4853 1086 4887 ι
1118 4855 1134 4890 :
1178 4834 1372 4889 Multus
1403 4853 1489 4890 ore
1525 4847 1630 4891 toto
1660 4836 1833 4900 rubor,

240 4912 558 4977 cattasmaute
597 4903 659 4956 ab
702 4904 817 4956 imis
867 4905 1164 4977 prwcordiis
1217 4909 1465 4977 sanguine
1491 4923 1508 4960 :
1537 4908 1672 4961 labia
1709 4924 1831 4975 gua-

241 4974 465 5049 tiuntur,
516 4973 688 5049 dentes
717 4975 1143 5049 comprimuntur,
1184 4973 1389 5049 [torrent
1415 4994 1475 5030 ac
1504 4973 1838 5049 subriguntur

238 5044 444 5112 capilli,
487 5046 698 5126 spiritus
727 5055 964 5126 coactus,
1003 5047 1224 5126 stridens
1264 5048 1600 5101 articulorum
1644 5044 1837 5115 ieipsos

239 5120 789 5189 torquentinnrsonus,
830 5120 1045 5184 gemitus
1073 5121 1409 5189 mugitusque,
1451 5128 1499 5172 et
1543 5135 1723 5186 parum
1750 5135 1839 5173 ea:-

237 5186 472 5256 ptanatis
496 5186 699 5259 vocibus
725 5194 888 5259 sermo
919 5186 1229 5259 prteruptus,
1269 5186 1314 5244 et
1345 5189 1618 5259 comploso:
1651 5191 1838 5254 saepius

238 5273 430 5311 manus
452 5298 466 5320 ,
515 5267 561 5311 et
585 5258 789 5323 pulsata
828 5258 1011 5311 humus
1033 5258 1244 5328 pedibus
1264 5304 1277 5325 ,
1328 5270 1374 5313 et
1401 5258 1562 5314 totum
1587 5262 1838 5314 concitum

239 5343 454 5394 corpus,
483 5344 793 5401 magnusque
821 5328 983 5382 minas
1012 5346 1186 5401 agens,
1216 5330 1352 5400 [teda
1380 5332 1489 5386 visu
1517 5340 1564 5386 et
1587 5331 1839 5385 horrenda

240 5402 405 5469 facies
439 5399 823 5469 depravantium
854 5415 907 5453 se
932 5399 1083 5470 atque
1120 5401 1573 5457 iutumesceutium.
1627 5402 1841 5458 ELIIBN-

241 5482 442 5524 BORS‘I‘.

319 5538 522 5595 Excitet
549 5541 759 5612 ﬂuctus.
805 5538 1088 5612 Francius,
1119 5543 1324 5597 excitat.

314 5609 795 5686 Ardruant._llide
825 5610 1018 5686 Senec.
1046 5612 1114 5668 de
1138 5613 1242 5679 Ira,
1268 5614 1422 5670 initio
1456 5609 1549 5671 lib.
1578 5632 1613 5682 ι,
1638 5631 1754 5686 cap.
1782 5619 1833 5672 l.

315 5684 561 5760 Alternis.
620 5683 1147 5760 Eleganter_alternis
1180 5686 1427 5760 absolute
1463 5686 1658 5745 dicitur
1678 5683 1832 5760 {pro

230 5771 305 5812 eo
333 5755 479 5826 quod
510 5754 568 5809 tit
592 5769 692 5826 per
713 5755 880 5811 vices.
906 5754 1185 5812 Lucretius
1210 5774 1248 5826 ι,
1281 5758 1418 5817 1010
1447 5776 1458 5812 :

1943 4496 2024 4558 est
2064 4480 2234 4556 antiq.
2287 4487 2608 4558 Regio-Pnt.
2661 4497 2716 4543 et
2754 4485 2842 4542 ed.
2876 4486 3046 4558 Rom.
3096 4480 3537 4558 ﬂ?!),_Cellar_.,

1938 4553 2152 4613 Walch.
2187 4551 2320 4613 Aliis
2346 4551 2466 4624 est,
2499 4568 2545 4612 et
2592 4574 2705 4613 vere
2743 4557 3018 4613 maximus.
3047 4584 3118 4595 —
3158 4554 3435 4609 Maximus.
3480 4551 3540 4608 1n

1941 4643 2043 4683 ms.
2080 4629 2208 4683 Bov.
2241 4638 2324 4684 est
2352 4630 2720 4684 maximusque.

2015 4697 2259 4753 Ornatur.
2304 4698 2377 4753 Ita
2407 4715 2527 4753 cum
2560 4693 2718 4755 editis
2741 4699 2899 4753 Rom.
2925 4698 3065 4754 1470
3095 4712 3157 4750 ac
3186 4693 3389 4751 Cellar.
3412 4708 3534 4748 om-

1940 4783 2037 4854 nes
2064 4785 2196 4853 mss.
2226 4781 2421 4854 praeter
2451 4772 2483 4824 2
2509 4784 2619 4825 rec.
2654 4772 2706 4825 in
2731 4771 2923 4841 quibus
2949 4780 3034 4825 est
3060 4769 3359 4831 honoratur,
3395 4775 3450 4820 nt
3477 4766 3530 4821 in

1942 4842 2012 4896 im
2057 4842 2221 4896 ressis
2250 4842 2451 4896 multis.

2013 4855 2295 4967 ﬁenedictis
2354 4912 2585 4967 omnibus
2633 4915 2859 4981 votisque
2906 4912 3210 4965 celebratur.
3283 4908 3372 4966 Sic
3417 4908 3538 4979 lego

1939 4998 2060 5038 cum
2091 4983 2251 5038 editis
2275 4985 2591 5053 cunctisque
2618 4998 2747 5039 mss.
2776 4992 2971 5050 praeter
3000 4983 3036 5036 2
3066 4997 3173 5036 rec.
3208 4982 3401 5052 quibus
3430 4993 3535 5045 est,

1943 5062 2153 5125 ornatur
2180 5053 2472 5117 benedictis,
2505 5055 2731 5125 votisque
2757 5055 2991 5108 omnibus
3011 5054 3307 5107 celebratur.

2014 5122 2081 5177 In
2110 5136 2272 5195 parte.
2315 5125 2511 5189 Lond.,
2547 5122 2700 5195 Reg),
2748 5127 2801 5179 in
2854 5136 3068 5190 portent.
3148 5126 3219 5179 At
3261 5123 3408 5195 prius
3456 5132 3540 5176 est

1942 5192 2165 5267 rectius.
2194 5195 2308 5251 Lib.
2342 5212 2422 5261 ut,
2456 5212 2572 5266 cap.
2602 5192 2665 5252 (ἴε
2688 5192 2748 5251 in
2780 5207 2927 5267 parte
2952 5196 3284 5250 sustulerant.
3315 5192 3535 5257 Lib.vtt,

1941 5281 2058 5348 cap.
2106 5264 2179 5319 22
2216 5286 2229 5321 :
2279 5267 2332 5321 in
2381 5264 2533 5335 parte
2560 5264 2919 5338 corruperint.
2947 5308 2997 5322 ..
3044 5269 3095 5321 in
3136 5276 3283 5389 paliite
3328 5280 3541 5317 consen-

1942 5346 2093 5389 tiunt.
3238 5351 3325 5389 un.

1942 5346 2093 5391 tiunt.
3194 5346 3325 5390 BUN.

2015 5407 2274 5461 Naturam
2302 5409 2396 5462 rei.
2448 5407 2726 5465 Francius.
2760 5409 2923 5465 Forte
2949 5407 3236 5479 legendum
3268 5405 3384 5460 Dei.
3436 5405 3535 5459 Ms.

1939 5477 2206 5544 Clarum,
2236 5495 2427 5533 rerum.

2012 5549 2099 5603 tta
2117 5551 2205 5619 qui
2223 5551 2380 5606 bonos
2408 5551 2594 5621 diligit,
2625 5561 2727 5605 etc.
2788 5551 2924 5606 'l‘res
2965 5564 3093 5604 mss.
3130 5549 3260 5616 Reg.
3296 5561 3535 5621 sentien-

1941 5623 2028 5746 tis.
2045 5618 2206 5676 verba
2234 5618 2526 5693 respuunt,
2574 5632 2620 5675 et
2660 5622 2821 5676 malos
2861 5623 2999 5687 odit,
3050 5630 3097 5675 et
3128 5621 3214 5683 qui
3244 5618 3408 5671 malos
3431 5632 3534 5670 non

1942 5709 1975 5745 ο
2012 5704 2073 5746 tt.

1942 5704 2051 5747 οαιι
2061 5732 2073 5745 .

2014 5762 2220 5819 Natura
2268 5767 2365 5819 ista
2399 5780 2629 5819 connexa
2671 5774 2807 5820 sunt.
2870 5762 3067 5832 Lond.,
3118 5760 3271 5829 Reg,
3326 5757 3531 5823 Rcim.,
