3856 6256
355 246 420 306 9i
1677 248 1863 307 FIRM.
1906 248 2272 311 LAC'I‘ANTII
2618 253 2649 280 ’
3605 248 3671 307 92

356 378 417 418 ac
441 361 637 418 malum
660 368 681 429 ,'
719 375 825 418 non
868 363 1049 434 utique
1073 370 1165 418 aut
1207 363 1393 419 ambos
1429 363 1569 430 odit,
1616 373 1708 420 aut
1745 366 1936 424 ambos
1963 363 2015 424 A
2038 363 2245 434 gratia;
2284 362 2577 420 absurdum
2619 370 2740 430 est,
2777 377 2845 420 ex
2871 362 3079 421 incerto
3106 370 3333 420 certum
3377 362 3676 441 vellesub-

358 453 636 511 beneficiis
662 460 717 509 et
747 452 953 510 honore
989 454 1367 526 prosequitur;
1413 454 1555 525 quod
1584 457 1630 513 si
1661 456 1849 526 faciet,
1895 471 1951 517 et
2052 465 2282 523 vertere,
2312 468 2434 511 cum
2463 454 2532 510 sit
2554 455 2874 527 promptius,
2906 454 2973 513 de
2999 455 3173 512 certis
3196 454 3417 512 incerta
3441 450 3672 512 ﬁrmare.

360 547 575 618 iniquus
630 553 686 601 et
743 545 942 602 stultus
996 554 1108 603 est:
1163 546 1260 603 sed
1310 548 1507 620 bonum
1556 558 1611 604 et
1657 550 1951 622 alloquitur

359 642 551 707 amice,
582 648 638 696 et
665 650 841 708 ornat,
866 650 921 696 et
949 639 1097 696 domi
1127 655 1188 696 ac
1215 640 1432 697 familiai
1457 642 1674 714 suisque
1699 646 1951 702 omnibus

360 732 521 789 rebus
550 732 803 801 praeficit;
848 732 1046 787 malum
1085 746 1212 788 vero
1243 733 1571 801 maledictis,
1612 735 1947 806 verberibus,

340 823 634 892 nuditate,
678 821 848 892 fame,
889 826 1010 891 siti,
1065 824 1412 895 compedibus
1449 826 1629 896 punit,
1679 836 1737 883 ut
1777 838 1831 884 et
1868 830 1954 887 hic

364 917 618 987 exemplo
655 918 873 973 caeteris
912 918 981 972 sit
1008 917 1075 973 ad
1115 934 1219 972 non
1253 918 1615 988 peccandum,
1667 928 1722 976 et
1763 920 1852 976 ille
1887 922 1952 978 ad

364 1009 781 1080 promerendum
806 1051 820 1074 ,
855 1017 913 1064 ut
938 1010 1071 1065 alios
1101 1019 1275 1068 metus
1303 1020 1573 1077 coerceat,
1608 1011 1744 1067 alios
1782 1012 1958 1070 honor

364 1112 641 1173 provocet.
660 1101 761 1170 Qui
779 1115 908 1172 ergo
929 1100 1123 1172 diligit,
1148 1109 1202 1156 et
1221 1099 1361 1169 odit;
1385 1102 1474 1172 qui
1503 1101 1637 1170 odit,
1669 1111 1723 1158 et
1746 1103 1953 1174 diligit;

368 1201 490 1247 sunt
516 1192 659 1247 enim
681 1234 695 1260 ,
728 1193 817 1263 qui
845 1192 994 1262 diligi
1017 1192 1287 1261 debeant,
1317 1193 1552 1264 suntqui
1588 1196 1713 1251 odio
1746 1197 1954 1254 haberi.

364 1286 434 1340 Et
463 1286 599 1343 sicut
624 1287 689 1353 is,
716 1286 807 1355 qui
833 1285 1027 1355 diligit,
1064 1287 1273 1340 confert
1301 1287 1439 1340 bona
1468 1284 1520 1340 in
1544 1301 1668 1353 eos,
1701 1303 1835 1357 quos
1877 1289 1960 1343 di-

367 1379 515 1450 ligit:
546 1380 614 1434 ita
642 1379 731 1448 qui
759 1377 893 1445 odit,
924 1382 1123 1449 irroga’t
1148 1378 1287 1435 mala
1318 1378 1401 1443 iis,
1440 1394 1578 1449 quos
1604 1379 1730 1433 odio
1760 1380 1957 1448 habet;

369 1470 511 1542 quod
552 1479 960 1542 argumentum,
999 1470 1118 1540 quia
1155 1485 1340 1525 verum
1385 1480 1509 1537 est,
1546 1471 1765 1527 dissolvi
1810 1474 1960 1529 nullo

365 1572 523 1633 pacto
549 1571 737 1633 potest.
784 1561 931 1616 Vane
956 1576 1085 1633 ergo
1111 1570 1166 1617 et
1186 1561 1317 1619 falsa
1345 1572 1429 1618 est
1460 1564 1722 1619 sententia
1744 1579 1955 1635 eorum,

366 1654 606 1725 quicum
638 1653 867 1709 alterum
896 1653 1008 1709 Deo
1042 1653 1317 1721 tribuant,
1365 1655 1593 1710 alterum
1638 1655 1958 1724 detrahunt,

367 1761 475 1807 non
510 1747 709 1812 minus,
749 1762 908 1817 quam
950 1746 1162 1801 illorum
1196 1748 1286 1817 qui
1326 1756 1610 1820 utrumque
1643 1749 1953 1808 detrahunt.
1986 1756 2035 1817 B

370 1837 479 1894 Sed
509 1838 609 1904 illi,
648 1846 707 1893 ut
732 1838 1085 1904 ostendimus,
1130 1854 1203 1917 ex
1228 1847 1379 1910 parte
1404 1855 1509 1894 non
1538 1849 1737 1909 errant,
1782 1843 1876 1899 sed
1903 1845 1959 1901 id

369 1930 511 2002 quod
549 1930 744 1986 melius
783 1939 867 1986 est
899 1945 965 1985 es
994 1930 1202 1986 duobus
1243 1932 1499 1987 retinent.
1552 1932 1591 1989 li
1619 1949 1778 2000 vero,
1825 1948 1960 2006 quos

368 2022 505 2078 ratio
529 2033 582 2079 et
606 2022 805 2079 veritas
824 2024 1121 2095 argumenti
1147 2022 1307 2093 hujus
1329 2023 1553 2092 inducit,
1586 2024 1717 2081 falsa
1740 2029 1962 2083 omnino

369 2117 637 2171 sententia
689 2125 965 2186 suscepta,
1013 2115 1069 2170 in
1115 2115 1405 2170 maximum
1457 2131 1695 2172 errorem
1738 2118 1957 2174 cadunt.

365 2207 483 2267 Non
513 2209 658 2267 enim
681 2207 761 2264 sic
787 2210 1073 2279 Oportebat
1101 2224 1195 2273 eos
1215 2209 1615 2280 argumentari:
1646 2210 1782 2279 Quia
1818 2212 1961 2270 Deus

366 2318 474 2358 non
502 2302 770 2369 irascitur,
809 2316 939 2373 ergo
967 2316 1069 2358 nec
1092 2302 1261 2374 gratia
1291 2314 1691 2372 commovetur;
1743 2305 1837 2363 sed
1867 2307 1962 2374 ita,

365 2392 499 2462 Quia
524 2392 668 2448 Deus
696 2392 865 2465 gratia
897 2401 1161 2460 movetur,
1194 2408 1325 2465 ergo
1349 2403 1403 2450 et
1436 2394 1703 2451 irascitur.
1740 2397 1796 2453 Si
1819 2400 1963 2454 enim

364 2496 568 2542 certum
616 2497 670 2543 et
719 2487 1074 2551 indubitatum
1116 2487 1339 2558 fuisset,
1406 2506 1512 2546 non
1571 2492 1731 2549 irasci
1771 2494 1963 2563 Deum,

364 2590 492 2636 tunc
519 2578 587 2635 ad
612 2579 741 2634 illud
769 2579 1000 2635 alterum
1032 2581 1205 2636 veniri
1233 2591 1377 2639 esset
1398 2598 1640 2641 necesse.
1700 2586 1833 2645 Cum
1863 2602 1960 2641 au-

365 2680 472 2727 tem
502 2672 673 2744 magis
702 2673 773 2730 sit
796 2673 1107 2746 ambiguum
1130 2674 1199 2731 de
1222 2674 1322 2744 ira,
1355 2691 1492 2748 pene
1521 2677 1869 2737 manifestum
1897 2681 1968 2738 de

2649 567 2877 626 CAPUT
2924 568 3016 626 VI.

2538 661 2690 733 Quod
2714 661 2856 719 Deus
2881 664 3159 721 irascatur.

2125 776 2221 835 Ηω
2249 786 2372 837 sunt
2405 776 2472 837 de
2503 777 2613 837 Deo
2652 774 3106 850 philosophorum
3142 779 3469 837 sententia.
3528 780 3675 841 Aliud

2054 878 2312 940 prtem-ea
2337 869 2469 929 nihil
2493 870 2772 942 quisquam
2801 869 2960 929 dixit.
2982 870 3141 940 Quod
3173 872 3221 927 si
3253 872 3399 937 haec,
3423 887 3547 943 qua:
3571 872 3676 929 die—-

2056 973 2109 1022 ta
2131 974 2275 1031 sunt,
2300 966 2430 1023 falsa
2461 978 2582 1029 esse
2610 966 3097 1037 deprehendimus,
3125 981 3305 1021 unum
3334 964 3471 1019 illud
3501 975 3678 1025 extre-

2058 1072 2202 1115 mum
2255 1066 2536 1127 superest,
2581 1058 2635 1115 iu
2676 1073 2784 1131 quo
2810 1058 2925 1115 solo
2953 1058 3129 1128 possit
3162 1058 3377 1114 veritas
3407 1058 3672 1128 inveniri,

2059 1150 2201 1223 quod
2232 1167 2262 1207 a
2293 1150 2627 1221 pitilOSOpllis
2654 1166 2753 1207 nec
2781 1160 3091 1222 susceptum
3119 1161 3212 1207 est
3260 1165 3545 1221 unquam,
3582 1164 3679 1207 nec

2060 1243 2349 1317 aliquando
2394 1243 2710 1312 defensum;
2739 1258 3080 1315 consequens
3126 1257 3282 1309 esse,
3317 1254 3377 1297 ut
3419 1245 3679 1303 irascatur

2064 1338 2223 1404 Deus,
2250 1338 2500 1408 quoniam
2518 1340 2687 1409 gratia
2711 1348 3105 1397 commovetur.
3138 1337 3279 1393 Haec
3301 1338 3508 1394 tuenda
3533 1339 3679 1396 nobis

2063 1438 2118 1488 et
2142 1428 2432 1489 asserenda
2460 1431 2726 1491 sententia
2753 1439 2855 1497 est.
2886 1430 2941 1486 in
2966 1429 3204 1487 eoenim
3237 1443 3457 1484 summa
3482 1431 3677 1497 omnis,

2064 1528 2119 1591 et
2155 1520 2319 1579 cardo
2357 1521 2629 1592 religionis
2671 1522 2990 1595 pietatisque
3017 1531 3304 1581 versatur.
3339 1521 3479 1577 Nam
3508 1537 3680 1594 neque

2067 1612 2238 1675 honos
2267 1612 2407 1671 ullus
2432 1611 2619 1677 deberi
2664 1622 2843 1687 potest
2888 1613 3023 1679 Deo.
3058 1614 3105 1670 si
3148 1613 3295 1669 nihil
3328 1623 3557 1685 praestat
3597 1629 3683 1672 co-

2066 1702 2228 1770 lenti,
2273 1718 2372 1761 nec
2398 1704 2535 1763 ullus
2558 1714 2755 1773 metus,
2786 1705 2832 1761 si
2862 1721 2968 1763 non
3006 1705 3421 1763 irascitur‘non
3450 1706 3664 1773 colenti.

2657 1823 2889 1879 CAPUT
2926 1822 3044 1879 VII.

2346 1914 2419 1971 De
2445 1914 2669 1971 Homine
2691 1924 2738 1970 et
2763 1914 2959 1983 Brutis,
2985 1932 3047 1970 ac
3074 1915 3387 1988 Religione.

2131 2029 2266 2085 Cum
2298 2043 2441 2099 sape
2476 2029 2780 2100 philosophi
2823 2045 2918 2100 per
2947 2029 3318 2100 ignorantiam
3350 2028 3594 2085 veritatis
3631 2044 3658 2083 a

2060 2124 2271 2180 ratione
2298 2122 2646 2188 desciverint,
2672 2130 2833 2194 atque
2859 2122 2911 2177 in
2940 2137 3162 2179 errores
3194 2123 3498 2181 inciderint
3528 2123 3673 2180 inex-

2066 2215 2340 2272 tricabiles
2383 2215 2459 2289 (id
2512 2216 2656 2273 enim
2687 2216 2827 2273 solet
2857 2215 2943 2273 his
2982 2220 3245 2287 evenire,
3292 2219 3445 2293 quod
3483 2219 3670 2276 viatori

2067 2309 2209 2364 viam
2240 2308 2498 2381 nescienti
2525 2318 2579 2364 et
2606 2324 2714 2364 non
2742 2308 2926 2364 fatenti
2958 2324 3016 2365 se
3040 2308 3322 2381 ignorare,
3354 2321 3414 2366 ut
3436 2318 3673 2383 vagetur,

2070 2402 2197 2456 dum
2232 2400 2538 2471 percontari
2578 2400 2765 2456 obvios
2795 2398 3089 2472 erubescit)
3118 2400 3259 2459 illud
3289 2413 3473 2458 tamen
3503 2402 3675 2457 nullus

2067 2492 2423 2564 philosophus
2442 2493 2672 2548 asseruit
2695 2507 2951 2562 unquam,
2978 2491 3112 2548 nihil
3145 2495 3295 2549 inter
3323 2494 3599 2549 hominem
3624 2500 3673 2548 et

2068 2588 2332 2660 pecudem
2360 2588 2644 2653 interesse;
2674 2601 2777 2642 nec
2803 2586 3025 2642 omnino
3044 2588 3366 2658 quisquam,
3397 2587 3557 2643 modo
3581 2587 3664 2657 qui

2069 2683 2289 2760 sapiens
2316 2680 2489 2738 videri
2531 2681 2715 2749 vellet,
2748 2680 3009 2737 rationale
3039 2680 3245 2738 animal
3277 2697 3406 2738 cum
3436 2682 3598 2737 mutis
3621 2688 3669 2735 et

1713 2813 2074 2879 VARIORUM
2108 2820 2338 2880 NOTAE.

361 2961 547 3028 Colb.,
603 2959 809 3015 Natura
846 2959 945 3014 ista
973 2975 1202 3015 connexa
1227 2967 1334 3026 est,
1378 2959 1529 3028 quasi
1570 2970 1757 3015 natura
1796 2969 1942 3016 esset

360 3033 752 3090 nominativus:
805 3031 898 3087 sed
926 3041 1009 3087 est
1034 3032 1322 3089 ablativus.
1382 3031 1627 3091 Imitatur
1656 3033 1939 3100 Quintilia-

362 3119 508 3165 num.
539 3120 605 3159 ex
636 3119 742 3174 quo
768 3102 953 3157 citavit
982 3101 1071 3157 lib.
1110 3117 1181 3166 vi,
1213 3116 1262 3156 c.
1292 3101 1396 3154 23:
1453 3102 1580 3167 Quae
1606 3103 1736 3156 inter
1767 3120 1819 3157 se
1849 3120 1941 3157 na-

361 3189 475 3233 tura
503 3173 730 3229 connexa
759 3183 898 3227 sunt.
1636 3173 1768 3230 Bon.

441 3246 762 3309 Verberibus,
784 3245 1035 3307 nuditate,
1063 3252 1166 3295 etc.
1217 3242 1474 3312 Respexit
1499 3244 1564 3297 ad
1592 3244 1844 3313 Cyprian.
1881 3245 1951 3301 ad

442 3261 762 3309 Verberibus,
784 3261 1035 3307 nuditate,
1063 3261 1166 3295 cie.
1218 3261 1474 3312 nespexu
1499 3261 1563 3297 au
1592 3261 1667 3313 by
1712 3261 1844 3301 rtan.
1881 3261 1946 3301 ad

366 3318 764 3375 Demetriannm
788 3332 800 3368 :
837 3314 1052 3369 Seruum
1072 3314 1317 3385 ﬂagellis,
1339 3315 1644 3379 verberibus,
1665 3261 1815 3385 ﬁrme,
1842 3318 1946 3383 siti,

359 3389 610 3452 nuditate,
642 3388 925 3457 frequenter
957 3389 1167 3457 ferrost
1196 3401 1399 3439 carcere
1418 3385 1623 3456 adﬂigis
1650 3397 1695 3440 et
1729 3390 1945 3442 crucias.

358 3459 511 3516 Cunf.
544 3456 694 3513 Lact.
727 3457 819 3512 lib.
855 3471 910 3520 v,
939 3470 1057 3525 cap.
1092 3456 1176 3521 18,
1210 3457 1301 3511 lib.
1331 3472 1425 3521 vn,
1456 3472 1504 3511 c.
1539 3459 1627 3511 a7.
1775 3459 1908 3514 Buu.

432 3531 535 3596 Qui
556 3530 681 3595 odit,
727 3538 774 3582 et
801 3528 987 3598 diligit.
1041 3526 1100 3582 In
1130 3527 1540 3598 quampinrimis
1569 3527 1728 3585 editis
1757 3543 1860 3597 est,
1906 3538 1953 3584 et

361 3605 449 3673 qui
473 3602 576 3656 odit
599 3612 645 3655 et
667 3600 854 3673 diligit.

434 3674 535 3741 Qui
563 3689 678 3727 cum
704 3671 922 3727 alterum
946 3670 1057 3725 Deo
1100 3671 1352 3737 tribuant,
1401 3672 1620 3727 alterum
1651 3673 1948 3728 detrahunt.

356 3743 415 3801 In
449 3760 576 3800 mss.
608 3745 669 3799 li
701 3744 855 3798 deest
877 3746 1094 3797 alterum
1126 3742 1232 3797 Deo
1262 3743 1552 3799 detrahunt.
1581 3746 1687 3799 Sex
1718 3746 1832 3809 alii,
1863 3744 1951 3812 qui

358 3817 578 3873 alterum
604 3815 713 3871 Deo
740 3816 987 3875 tribuunt.

432 3887 556 3943 Non
586 3888 774 3951 minus,
811 3902 964 3956 quam
990 3884 1196 3956 illorum
1225 3895 1496 3954 utrumque
1517 3886 1812 3939 detrahunt.
1863 3886 1951 3941 Sic

356 3960 543 4031 legunt
569 3974 699 4031 mss.
728 3954 968 4031 iet'edit.
1013 3954 1475 4031 Tltomas;_atquc
1519 3958 1655 4012 hanc
1693 3971 1822 4031 esse
1858 3972 1950 4023 ge-

356 4024 574 4087 nuinam
621 4028 933 4091 lectionem,
986 4041 1203 4082 censeo.
1251 4024 1304 4081 Si
1347 4024 1616 4087 editorum
1656 4027 1950 4096 recipiatur

357 4101 538 4164 lectio,
569 4116 722 4171 quam
741 4098 1053 4171 illorumqui
1082 4109 1376 4171 utrumque,
1411 4109 1681 4171 expuncto
1701 4099 1759 4154 τὸ
1783 4097 1953 4171 detra-

358 4174 504 4237 hunt,
550 4168 742 4226 sensus
777 4170 881 4225 erit
911 4168 1213 4232 obscurior,
1254 4170 1556 4238 poteritque
1581 4185 1736 4238 teque
1760 4169 1827 4223 ad
1858 4170 1952 4223 tri-

357 4245 517 4297 buunt
551 4241 762 4305 referri,
810 4238 951 4311 quod
980 4254 1145 4309 scopo
1179 4239 1444 4299 Lactantii
1474 4252 1817 4310 repugnaret.
1869 4239 1952 4294 Ea;

358 4314 514 4369 lsmo.

432 4385 543 4439 Illi.
574 4381 787 4439 Scilicet
815 4382 990 4437 stoici.
1034 4381 1164 4438 Bua.

435 4454 613 4513 Sed'id
641 4455 777 4524 quod
807 4454 984 4509 melius
1010 4465 1101 4507 est.
1160 4451 1440 4516 Francius,
1470 4462 1515 4508 et
1542 4453 1615 4509 id.

435 4527 503 4583 Hi
531 4543 667 4583 vero.
717 4526 845 4582 Scil.
884 4524 1151 4596 Epicurei,
1195 4526 1284 4594 qui
1314 4534 1583 4594 utrumque
1606 4524 1899 4651 detriti/mut.

1753 4611 1839 4651 tm.

1753 4611 1839 4652 ΒΝ.

434 4670 594 4725 Falsa
615 4670 822 4725 omnino
843 4668 1093 4725 sententia
1118 4675 1374 4732 suscepta.
1408 4666 1569 4722 Deest
1606 4668 1851 4723 sententia
1899 4668 1948 4723 in

361 4743 421 4799 ll
457 4756 585 4797 mss.
618 4756 728 4796 rec.
760 4749 817 4796 et
843 4741 894 4795 in
926 4739 1013 4795 ed.
1051 4742 1205 4795 llum.
1247 4739 1386 4794 1470
1411 4747 1462 4793 et
1496 4738 1655 4795 H74.
1705 4739 1812 4794 Pro
1837 4756 1949 4795 om-

366 4815 490 4867 nino
519 4814 545 4867 1
577 4813 810 4865 Clarum.
861 4810 1021 4865 habet
1050 4815 1252 4876 animo;
1292 4810 1550 4877 abestque
1592 4813 1858 4867 sententia.
1884 4841 1955 4852 —

362 4884 517 4950 Apud
558 4883 857 4951 Bunemau.
899 4898 1027 4937 vero
1057 4881 1249 4951 legitur
1287 4899 1297 4934 :
1333 4880 1409 4935 0b
1439 4879 1573 4950 falsa
1614 4882 1819 4937 omnino
1858 4898 1949 4936 su-

360 4964 552 5021 scepta.
604 4950 772 5020 Ven.,
835 4962 1059 5021 utraque
1105 4950 1443 5008 1478-1315
1508 4960 1565 5007 et
1623 4951 1951 5007 recentiores

361 5041 573 5089 omnes,
603 5024 734 5093 [uisa
762 5026 966 5078 omnino
991 5026 1237 5079 sententia
1261 5032 1515 5089 suscepta.
1558 5022 1734 5093 Bene,
1786 5026 1831 5077 si
1860 5024 1954 5080 ad-

362 5098 606 5152 dicerent
656 5111 782 5149 mss.
832 5094 1032 5149 Confer
1075 5109 1123 5149 c.
1159 5096 1190 5149 6
1214 5135 1227 5154 ,
1255 5094 1520 5147 sententia.
1574 5092 1773 5148 Iterum
1802 5095 1949 5151 Lact.

363 5168 431 5223 de
474 5166 587 5233 ira,
637 5180 756 5235 cap.
805 5165 839 5222 6
860 5207 873 5230 ,
924 5165 1065 5231 quod
1094 5181 1122 5217 a
1155 5164 1489 5234 philosophis
1519 5179 1617 5219 nec
1645 5175 1952 5233 susceptum

363 5248 466 5294 est.
513 5238 629 5292 Lib.
663 5234 721 5302 tt,
750 5251 869 5305 cap.
900 5236 998 5289 l7:
1045 5234 1135 5290 Sic
1163 5252 1275 5293 eunt
1295 5276 1309 5301 ,
1346 5237 1447 5303 'qui
1489 5236 1541 5289 in
1573 5236 1824 5304 principio
1850 5238 1952 5305 [αις

362 5326 478 5364 sum
500 5318 810 5373 susceperat,
833 5308 1247 5375 consequentium
1270 5324 1439 5362 rerum
1452 5309 1719 5361 necessitas
1739 5309 1805 5361 ad
1827 5308 1955 5363 deli-
1992 5326 2004 5338 ’

365 5391 593 5435 ramenta
629 5379 884 5448 perduxit.
1607 5379 1736 5433 Bua.

443 5451 584 5504 Pene
609 5451 953 5519 manifestum.
1000 5448 1279 5511 Francius,
1309 5448 1450 5503 forte
1481 5450 1602 5504 bene
1626 5461 1718 5504 aut
1743 5451 1908 5521 plene.

439 5522 732 5577 Absurdum
764 5559 778 5575 .
799 5561 810 5575 .
828 5559 844 5575 .
875 5536 940 5576 ea:
959 5522 1145 5576 incerto
1172 5530 1400 5576 certum.
1428 5560 1439 5574 .
1464 5559 1476 5574 .
1514 5521 1818 5586 subvertere,
1845 5531 1950 5577 etc.

370 5595 489 5652 Lili.
536 5610 591 5661 tt,
635 5610 753 5660 cap.
777 5593 810 5649 9
852 5609 863 5643 :
896 5591 987 5647 Sic
1037 5631 1049 5644 .
1075 5632 1087 5645 .
1109 5632 1122 5645 .
1170 5592 1301 5647 illud
1338 5594 1612 5660 assumpsit
1641 5631 1657 5646 .
1683 5635 1698 5647 .
1722 5633 1734 5646 .
1758 5609 1875 5647 cum
1901 5592 1955 5646 id

372 5668 536 5721 multo
557 5675 681 5720 esset
702 5664 963 5728 incertius,
988 5680 1139 5731 quam
1152 5662 1305 5727 illud,
1336 5675 1543 5733 propter
1563 5664 1700 5733 quod
1716 5680 1955 5733 assump-

374 5748 481 5790 tum
509 5746 579 5790 est
605 5774 648 5790 ..
675 5776 689 5791 .
738 5735 820 5791 E1:
845 5734 978 5805 [also
1005 5734 1183 5789 maluit
1209 5736 1445 5805 colligere
1474 5734 1623 5805 quod
1646 5734 1836 5801 falsum
1860 5744 1953 5796 est,

374 5821 527 5884 quam
557 5823 618 5863 ea:
645 5824 773 5875 vero,
790 5802 945 5877 ~_qitod
969 5821 1160 5863 verum.
1207 5802 1275 5867 Et
1305 5802 1421 5858 cum
1448 5802 1654 5861 debeant
1676 5805 1869 5860 incerta
1894 5805 1958 5864 de

2045 2962 2192 3017 certis
2232 2962 2468 3033 probari,
2528 2962 2610 3016 hic
2649 2961 2998 3033 probationem
3023 2961 3249 3033 sumpsit
3277 2977 3344 3015 ea:
3381 2960 3571 3033 incerto
3604 2957 3666 3011 ad

1971 3069 2018 3132 C
2047 3036 2371 3132 euergendunt
2398 3034 2537 3132 quod
2556 3043 2912 3132 certum:
2932 3052 2983 3132 A‘

3394 3031 3527 3086 Bos.

2131 3103 2518 3160 Sententiaesl.
2547 3105 2799 3159 Additum
2832 3114 2998 3159 estex
3028 3103 3245 3159 cunctis
3272 3116 3407 3157 mss.
3435 3113 3490 3157 et
3518 3114 3664 3156 com-

2053 3176 2298 3248 pluribus
2319 3176 2496 3248 editis.

2127 3240 2193 3302 lii
2217 3263 2296 3301 eo.
2325 3249 2359 3303 5
2396 3247 2636 3302 Colbert.
2669 3245 2906 3302 Clarum.
2938 3260 2966 3299 a
2992 3244 3234 3301 secunda
3262 3259 3429 3298 manu
3449 3284 3462 3307 ,
3496 3252 3551 3297 et
3577 3240 3661 3296 ed.

2053 3317 2299 3391 Gyitinic.
2330 3320 2380 3371 in
2413 3336 2493 3372 ea,
2516 3316 2759 3391 Clarum.
2784 3335 2809 3369 :t
2842 3319 3229 3391 primaimanu.
3260 3318 3325 3391 is!
3340 3330 3464 3383 qua.

2128 3388 2268 3443 Nam
2297 3404 2455 3460 neque
2483 3396 2644 3443 honos
2684 3390 2822 3442 ullus
2844 3382 3040 3460 'deberi
3082 3396 3248 3460 potest
3275 3382 3421 3460 'Deo,
3454 3393 3557 3460 et_c.
3588 3382 3664 3438 Si-

2054 3462 2168 3517 mili
2200 3455 2446 3518 utodo'in
2485 3461 2811 3516 Hieremiam
2858 3455 3119 3528 Origenes
3170 3458 3469 3527 benignum
3501 3455 3660 3509 Deum

2054 3532 2203 3593 dicit,
2235 3548 2304 3588 ne
2328 3532 2704 3599 desperemus;
2726 3546 2994 3593 severum,
3030 3545 3096 3582 ne
3112 3530 3508 3599 benignitatem
3536 3538 3660 3599 con—

2055 3614 2376 3660 temnamus.
2410 3596 2515 3660 Sed
2547 3596 2997 3672 quemadmodum
3024 3600 3217 3672 Cicero
3241 3596 3296 3659 in
3325 3596 3652 3672 Ofticiisdo-

2054 3684 2182 3744 cet,
2229 3677 2399 3730 virum
2442 3668 2642 3728 bonum
2691 3687 2797 3727 non
2840 3687 3098 3744 peccare,
3130 3671 3297 3744 etiam
3354 3668 3661 3744 impunitate

2053 3742 2371 3818 proposita?
2398 3745 2641 3818 Oderunt
2657 3746 2801 3800 enim
2825 3743 3189 3818 peccareboni
3214 3742 3433 3818 virtutis
3457 3750 3656 3798 amore;

2055 3812 2110 3873 et
2138 3812 2358 3882 contra,
2410 3816 2641 3871 oderunt
2690 3830 2912 3884 peccare
2960 3815 3085 3867 ntali
3130 3812 3427 3867 formidine
3467 3823 3655 3881 preme.

2054 3888 2191 3957 Quid
2220 3889 2359 3957 quod
2391 3887 2587 3941 Paulus
2609 3888 2771 3941 etiam
2818 3886 2910 3950 ait,
2960 3885 3126 3939 Justis
3171 3884 3357 3957 legem,
3400 3897 3506 3957 non
3547 3890 3661 3932 esse

2056 3951 2324 4029 positam?
2370 3957 2679 4027 Benignitas
2724 3957 2817 4029 Dei
2860 3951 3251 4024 contemptura
3276 3955 3360 4010 sui
3393 3951 3530 4006 adeo
3556 3963 3657 4029 non

2054 4019 2245 4101 gignit,
2260 4040 2317 4083 ut
2336 4029 2403 4099 (si
2429 4019 2593 4101 Paulo
2611 4028 2902 4098 credimus)
2931 4019 3247 4101 iteits'snam
3264 4037 3515 4101 erga-nos
3538 4019 3659 4074 cha-

2056 4094 2271 4157 riﬁitem
2306 4094 2418 4155 tum
2450 4100 2683 4175 maxime
2707 4094 3132 4175 commendarit,
3182 4112 3309 4175 cum
3338 4094 3515 4175 adhuc
3542 4101 3657 4175 pec:

2056 4184 2268 4227 calores
2317 4187 2581 4226 essemus.
2630 4171 2799 4225 Porro
2836 4170 2883 4224 si
2930 4169 3046 4243 huic
3077 4169 3191 4243 sive
3224 4164 3519 4243 Lactantii,
3543 4164 3658 4243 sive

2054 4243 2305 4313 Origeuis
2329 4244 2593 4298 sententia
2618 4253 2733 4296 rata
2754 4241 3279 4313 esset,_irrita‘tieret_
3295 4246 3414 4313 tota
3425 4232 3575 4289 Pauli
3592 4230 3655 4313 de

2056 4305 2533 4385 p‘railestinatione
2558 4314 2885 4385 diSplllatitt:
2908 4305 3053 4385 Nam
3077 4309 3230 4365 deest
3267 4310 3319 4362 in
3351 4305 3421 4361 Β
3448 4318 3575 4385 mss.
3600 4308 3651 4355 et

2057 4373 2091 4440 ὶ
2125 4386 2303 4441 editis.
2336 4384 2392 4439 lu
2424 4385 2543 4439 Em.
2585 4373 2669 4439 est
2696 4384 2815 4437 ulli.
2851 4384 2915 4437 Et
2960 4383 3226 4437 llenmau.
3267 4385 3424 4450 putat
3468 4373 3651 4430 delen-

1980 4460 2034 4521 D
2058 4457 2184 4513 dum
2214 4471 2336 4511 esse
2360 4465 2613 4522 punctmn
2648 4462 2767 4524 post
2795 4463 3045 4508 versatur.

2132 4527 2193 4583 Si
2221 4544 2322 4580 non
2360 4512 2769 4597 irascitur,'etc.
2814 4521 3167 4597 Deumrirasci
3200 4526 3472 4576 testantur
3497 4512 3651 4597 multa

2056 4599 2347 4672 Scriptura:
2368 4598 2506 4651 loca.
2533 4595 2603 4672 At
2636 4596 2959 4672 notandum,
2989 4596 3122 4672 iram
3156 4607 3262 4647 non
3290 4605 3421 4672 esse
3449 4595 3649 4672 passio:

2056 4656 2193 4724 neui'
2220 4669 2505 4724 violentam
2551 4670 2603 4722 in
2634 4670 2764 4733 Deo,
2801 4667 2897 4721 sed
2929 4656 3260 4719 voluntatem
3296 4656 3569 4733 puniendi,
3602 4660 3651 4705 et

2056 4740 2172 4797 Deo
2199 4740 2415 4795 attribui
2443 4738 2690 4795 effective
2717 4732 2756 4804 ,7
2783 4753 2889 4791 non
2922 4736 3193 4798 affective,
3230 4741 3288 4789 nt
3327 4732 3645 4804 loquuntur;

2058 4812 2162 4866 hoc
2208 4820 2311 4875 cst,
2359 4812 2525 4865 Deum
2557 4800 2736 4866 facere
2761 4808 2904 4879 quod
2944 4808 3066 4863 irati
3114 4806 3345 4879 faciunt,
3382 4816 3488 4856 non
3527 4800 3648 4879 vero

2057 4863 2343 4955 propterea
2364 4863 3143 4955 silicialiquavperturbatioue
3169 4863 3368 4940 animi,
3394 4863 3643 4943 quemad-

2057 4952 2275 5010 inodutn
2303 4953 2547 5008 homines
2578 4952 2721 5007 irati.
2763 4952 2901 5007 ΟΜ..

2132 5004 2744 5096 ῡῐὸὶὶρὲξέιῖἷὰἱέεἶῧιίιὲ.
2755 5004 2976 5088 (Brom,
2994 5030 3050 5076 ut
3061 5012 3485 5092 evagetur.Edd.,
3507 5004 3641 5068 Aid..

2056 5096 2301 5161 Fasitel.,
2325 5095 2578 5162 Tornes.,
2608 5104 2664 5149 ut
2691 5104 2926 5165 vagatur.

2131 5143 2301 5221 iviiii'
2325 5143 3038 5236 s‘..1.t"i.;.’...i;..;.;.f;iain...
3064 5162 3101 5216 ε
3132 5161 3363 5236 30......
3399 5143 3643 5236 τηρ

2056 5238 2211 5294 Colb.
2244 5238 2569 5307 totidemque
2601 5239 2750 5309 editi.
2793 5235 2850 5289 In
2892 5236 3014 5309 aliis
3038 5242 3293 5301 corrupte
3326 5228 3641 5309 legi-turri):

2057 5292 2205 5375 nihil,
2240 5292 2381 5381 quod
2399 5292 2679 5381 sententiae
2698 5307 2960 5381 Lactantii
2990 5292 3499 5381 repugnat._——Nihil

2059 5357 2677 5453 ὶὶόἱὶὦιὲἠὶξέἷὲ.”]ἶῖὗῖ
2698 5357 2960 5453 ἱξῗᾷὶίὶὲἱὶ
2988 5357 3241 5453 ξδὶνξιῗριθ
3275 5373 3344 5453 in_
3381 5357 3642 5453 nonnullis

2059 5435 2254 5523 legitur
2282 5435 2536 5516 nonnihil,
2567 5463 2668 5506 etc.
2703 5451 2759 5523 ld
2781 5435 3066 5523 sententia).
3078 5435 3347 5523 Lactantii
3373 5435 3639 5523 repugilfh

2058 5510 2148 5595 qui
2170 5526 2269 5579 hoc
2288 5525 2407 5577 loco
2423 5510 2703 5595 resipiscit
2715 5521 2784 5575 ab
2817 5535 3005 5595 errore
3022 5520 3155 5595 alias
3172 5515 3373 5595 habito,
3392 5510 3641 5595 rati‘tlllgm

2058 5577 2227 5650 mutis
2252 5595 2415 5648 etiam
2444 5577 2638 5659 inesse,
2674 5592 2742 5648 de
2777 5606 2885 5662 quo
2911 5590 3144 5646 disserui
3174 5583 3413 5644 secundo
3448 5577 3637 5632 ιηεῑίιη

2057 5681 2177 5740 cap_.
2208 5666 2262 5740 5.
2293 5663 2529 5740 lstsus._
2624 5736 2633 5740 _
2854 5736 2896 5740 __
3035 5731 3067 5740 η
3132 5731 3144 5740 ,

2138 5720 2414 5791 Rationale
2443 5736 2655 5795 animat,
2697 5744 2803 5792 etc.
2854 5736 2969 5791 Non
3019 5727 3297 5786 dissimilia
3344 5728 3489 5795 sunt.
3529 5720 3639 5795 an}?

2079 5787 2403 5869 Aristoteles
2424 5787 2678 5879 iii-primo
2702 5787 3011 5874 deum—titius,
3042 5805 3371 5871 Anaxagorae
3404 5787 3635 5861 desim“il
