3912 6256
176 313 263 372 93

1535 282 1743 382 aloen
1779 320 1873 386 oe
1908 322 2026 383 IHA
2064 322 2194 384 osi.

3439 327 3510 384 9i

3520 383 3784 467 2W???

177 432 673 538 irrationabilibus
697 434 998 507 coaquavit
1026 452 1041 489 :
1066 436 1213 508 quod
1241 436 1443 494 iaciunt
1461 436 1678 511 quidam
1707 439 1807 494 im-
1833 444 1889 504 Α
1914 441 2062 512 prius
2084 440 2290 511 homini
2318 455 2499 501 sermo
2524 451 2608 501 est
2634 461 2647 500 :
2674 450 2855 503 tamen
2879 443 3009 504 etin
3035 442 3141 503 illis
3168 444 3415 514 quaedam
3438 432 3807 543 εἱ-ξβξῇξξ

183 525 389 599 periti,
417 534 582 598 atque
612 526 746 598 ipsis
772 527 1068 599 pecudibus
1094 528 1332 597 similes,
1365 530 1600 601 quicum
1630 532 1808 587 ventri

184 636 263 679 ac
288 621 564 697 voluptati
589 635 650 678 se
668 621 842 685 velint
866 621 1101 689 tradere;
1121 622 1294 693 aiunt,
1314 623 1502 681 eadem
1525 624 1736 690 ratione
1748 639 1809 680 se

187 722 392 779 natos,
422 727 524 784 qua
554 712 809 767 universa
856 728 976 783 quae
1015 713 1259 784 spirant;
1291 714 1433 785 quod
1464 714 1570 770 dici
1601 714 1668 771 ab
1714 714 1809 770 ho-

194 807 365 864 mine
387 805 532 862 nel'as
545 813 652 862 est.
670 805 803 874 Quis
823 806 968 861 enim
992 814 1097 861 tam
1116 806 1361 863 indoctus
1378 816 1480 872 est,
1505 818 1563 863 ut
1581 807 1807 874 nesciat,

195 900 333 972 quis
366 908 473 954 tam
501 896 841 968 imprudens,
865 907 1054 961 utnon
1080 900 1294 969 sentiat.
1324 899 1525 971 aliquid
1553 900 1732 959 inesse
1755 901 1808 956 in

196 993 432 1050 homine
469 991 681 1049 divini?
711 989 958 1048 Nondum
1005 993 1166 1049 venio
1194 993 1262 1051 ad
1290 993 1519 1050 virtutes
1547 995 1713 1050 animi
1757 1002 1813 1049 et

196 1086 438 1157 ingenii,
475 1085 669 1156 quibus
694 1083 899 1147 homini
927 1100 1048 1148 cum
1095 1085 1205 1148 Deo
1245 1084 1529 1147 manifesta
1559 1086 1810 1159 cognatio

192 1189 307 1235 est.
343 1176 540 1234 Nonne
560 1178 728 1249 ipsius
747 1178 996 1248 corporis
1023 1186 1196 1235 status
1223 1186 1279 1234 et
1299 1178 1412 1236 oris
1442 1178 1608 1250 ﬁgura
1630 1178 1811 1234 decla-

194 1279 309 1337 rat,
345 1284 460 1327 non
484 1284 606 1327 esse
633 1286 732 1327 nos
758 1286 883 1326 cum
912 1273 1075 1331 mutis
1109 1272 1404 1342 pecudibus
1433 1271 1713 1343 aequales?
1740 1270 1810 1326 ll-

196 1368 387 1425 larum
414 1376 610 1425 natura
638 1368 694 1424 in
722 1367 945 1425 humum
986 1368 1351 1439 pabulumque
1396 1376 1666 1439 prostrata
1693 1374 1809 1435 est;

197 1475 308 1517 nec
335 1459 502 1516 habet
527 1460 819 1532 quidquam
855 1473 1146 1516 commune
1183 1473 1307 1516 cum
1333 1460 1495 1525 coelo,
1532 1459 1678 1531 quod
1702 1473 1812 1515 non

199 1556 473 1612 intuetur.
512 1554 687 1611 Homo
712 1562 893 1611 autem
943 1563 1096 1610 recto
1137 1562 1280 1610 statu
1305 1595 1318 1620 ,
1350 1568 1446 1609 ore
1471 1553 1711 1621 sublimi,
1744 1554 1812 1609 ad

199 1648 723 1718 contemplationem
752 1646 939 1703 mundi
959 1648 1225 1704 excitatus
1245 1688 1262 1715 ,
1302 1649 1512 1705 confert
1551 1660 1673 1702 cum
1702 1647 1814 1703 Deo

202 1740 448 1806 vultum;
474 1746 527 1796 et
550 1741 817 1796 rationem
844 1739 982 1797 ratio
1005 1739 1308 1812 cognoscit.

1909 534 2155 589 militudo
2186 534 2474 589 sermonis.
2495 533 2629 590 Nam
2661 544 2715 592 et
2744 536 3064 609 dignoscunt
3084 534 3312 605 invicem
3331 549 3392 597 se
3416 550 3511 593 vo-

1908 626 2080 692 cibus;
2107 635 2183 693 et,
2212 641 2336 682 cum
2376 627 2701 695 irascuntur,
2734 628 2904 687 edunt
2932 644 3125 684 sonum
3149 628 3327 700 jurgio
3357 625 3510 686 simi-

1909 716 2038 782 lem;
2065 728 2139 786 et,
2165 734 2287 774 cum
2320 733 2380 775 se
2406 734 2472 775 ex
2504 719 2788 776 intervallo
2818 720 3023 788 vident,
3054 719 3358 792 gratulandi
3387 718 3509 776 olli-

1909 812 2050 867 cium
2080 826 2212 868 voce
2243 812 2540 869 declarant.
2572 812 2736 869 Nobis
2774 813 2993 885 quidem
3020 828 3183 869 voces
3210 827 3395 869 eorum
3423 813 3507 869 vi-

1910 904 2103 960 dentur
2133 906 2455 973 inconditze,
2484 906 2621 962 sicut
2640 907 2743 963 illis
2768 908 2997 963 fortasse
3036 917 3235 963 nostrae
3265 924 3279 961 :
3304 906 3400 963 sed
3430 908 3508 979 ip-

1911 1001 2007 1067 sis,
2034 1016 2154 1071 qure
2180 1015 2239 1057 se
2267 1001 2592 1073 intelligunt,
2638 1001 2802 1057 verba
2835 1010 2981 1067 sunt;
3014 1000 3248 1071 denique
3277 1002 3331 1056 in
3362 1000 3509 1056 omni

1911 1094 2107 1151 aﬂectu
2127 1103 2300 1153 certas
2320 1097 2470 1153 vocis
2497 1104 2652 1152 notas
2677 1097 3023 1167 exprimunt,
3051 1094 3247 1167 quibus
3272 1094 3512 1150 habitum

1913 1190 2112 1245 mentis
2137 1188 2441 1245 ostendant.
2475 1188 2636 1244 Risus
2654 1202 2868 1261 quoque
2890 1195 2973 1243 cst
3001 1186 3207 1242 homini
3233 1187 3510 1259 proprius;

1914 1289 1967 1338 et
2007 1291 2184 1338 tamen
2229 1281 2475 1338 videmus
2521 1283 2572 1337 in
2600 1281 2719 1336 aliis
2745 1280 3063 1336 animalibus
3089 1278 3333 1350 quaedam
3363 1279 3510 1348 signa

1914 1373 2139 1443 lmtitiae,
2163 1387 2283 1428 cum
2312 1370 2378 1427 ad
2403 1371 2576 1426 lusum
2593 1372 2853 1441 gestiunt,
2883 1383 3045 1424 aures
3061 1369 3392 1433 demulcent,
3410 1368 3514 1423 ric-

1914 1475 2027 1522 tum
2057 1465 2422 1533 contrahunt,
2450 1462 2680 1519 frontem
2717 1471 3000 1528 serenant,
3031 1461 3217 1517 oculos
3270 1461 3324 1517 in
3355 1460 3513 1516 lasci-

1914 1559 2055 1614 viam
2102 1556 2398 1615 resolvunt.
2442 1555 2579 1626 Quid
2614 1564 2721 1610 tam
2771 1553 3045 1625 proprium
3077 1551 3306 1620 homini,
3353 1566 3512 1622 quam

1916 1651 2076 1718 ratio,
2106 1661 2162 1707 et
2192 1644 2522 1721 providentia
2552 1646 2749 1703 futuri?
2773 1644 2928 1716 Atqui
2946 1652 3073 1700 sunt
3092 1642 3362 1705 animalia,
3392 1657 3512 1713 quae

1917 1742 2155 1799 latibulis
2179 1741 2291 1799 suis
2315 1741 2558 1797 diversos
2588 1749 2644 1795 et
2670 1736 2854 1810 plures
2875 1736 3050 1792 exitus
3088 1733 3345 1805 pandant,
3380 1742 3435 1788 ut
3466 1733 3511 1788 si

283 1830 580 1902 Propterea
624 1830 830 1885 nullum
877 1840 962 1886 est
985 1831 1208 1896 animal,
1240 1839 1297 1886 ut
1340 1831 1416 1886 ait
1452 1827 1646 1887 Cicero
1671 1830 1718 1903 (l
1743 1830 1812 1888 de
1841 1831 1890 1893 B
1916 1835 2060 1911 quod
2092 1836 2389 1913 periculum
2418 1830 2688 1899 inciderit,
2715 1830 2839 1902 fuga
2868 1836 3051 1903 pateat
3079 1827 3335 1890 obsessis;
3365 1823 3507 1896 quod

205 1922 470 1997 Legibus)
494 1931 692 1994 praeter
716 1922 1017 1990 hominem,
1051 1923 1193 1993 quod
1223 1923 1419 1979 habeat
1444 1924 1675 1995 aliquam
1708 1939 1807 1978 no-

199 2016 379 2071 titiam
408 2014 527 2072 Dei.
561 2015 720 2074 Solus
750 2016 893 2072 enim
922 2016 1185 2087 sapientia
1232 2015 1528 2071 instructus
1581 2025 1697 2085 est,
1747 2025 1805 2074 ut

200 2108 532 2179 religionem
560 2107 709 2165 solus
736 2107 1017 2180 intelligat;
1046 2116 1102 2164 et
1130 2108 1245 2163 lucc
1272 2116 1355 2163 est
1383 2108 1616 2164 hominis
1643 2118 1807 2180 atque

198 2212 505 2270 mutorum,
534 2202 623 2260 vel
658 2205 948 2274 praecipua,
978 2202 1065 2259 vel
1094 2204 1207 2259 sola
1234 2203 1510 2260 distantia.
1541 2204 1672 2260 Nam
1700 2220 1806 2261 ca:-

203 2308 346 2367 tera,
374 2314 499 2370 quae
530 2297 787 2355 videntur
814 2297 1047 2353 hominis
1081 2312 1204 2353 esse
1233 2297 1445 2369 propria
1470 2340 1485 2366 ,
1519 2306 1573 2353 et
1601 2298 1646 2353 si
1695 2312 1803 2355 non

202 2392 317 2449 sint
340 2390 471 2448 talia
493 2392 547 2448 in
576 2391 762 2458 mutis,
792 2398 971 2447 tamen
996 2390 1191 2448 similia
1214 2390 1384 2448 videri
1404 2401 1649 2463 possunt.
1673 2391 1807 2449 Pro-

1910 1948 2016 1989 non
2052 1930 2309 1995 iacerent,
2346 1928 2448 1984 nisi
2482 1927 2686 1983 inesset
2710 1921 3197 1999 illis-intelligentia
3228 1926 3284 1976 et
3311 1918 3514 1990 cogita-

1910 2025 2006 2082 tio.
2039 2024 2158 2081 Alia
2187 2021 2471 2095 provident
2498 2020 2553 2076 in
2574 2019 2850 2084 futurum;
2881 2023 2941 2072 ut

2398 2177 2664 2240 Ingentem
2687 2166 3069 2225 iormicze'fsrris
3089 2182 3320 2222 acervum

1999 2242 2119 2295 Cum
2141 2241 2395 2311 p0pulant,
2416 2238 2610 2306 hyemis
2629 2249 2897 2318 memores,
2916 2242 3152 2301 tectoque
3169 2238 3443 2301 reponunt;

1912 2401 1968 2449 ut
1993 2407 2145 2465 apes,
2169 2406 2288 2464 quae

1562 2532 2194 2609 vantonuugnom.

208 2675 384 2731 fuisse
408 2673 586 2738 refert;
606 2689 801 2747 nempe
822 2675 1087 2732 universis
1110 2684 1217 2731 tam
1237 2676 1501 2747 majorum
1519 2690 1677 2746 quam
1702 2676 1800 2735 mi-

210 2761 411 2802 norum
439 2748 673 2817 gentium
697 2748 1019 2802 animalibus
1048 2758 1285 2803 mentem
1315 2763 1434 2803 esse
1460 2748 1670 2812 dicens,
1695 2762 1800 2801 non

209 2828 393 2875 tamen
418 2831 556 2890 eam,
588 2819 674 2890 cui
704 2818 986 2890 prudentia
1017 2819 1299 2890 tribuitur,
1348 2835 1467 2890 qum
1498 2834 1566 2875 ne
1592 2819 1804 2890 cutictis

204 2889 426 2960 quidem
456 2888 761 2945 hominibus
796 2889 941 2945 insit.
971 2889 1097 2951 Hice
1122 2888 1311 2953 eadem
1339 2888 1452 2947 fere
1486 2889 1555 2946 de
1591 2888 1805 2953 Anaxa-

203 2959 337 3034 gora
358 2959 684 3019 Plutarchus
714 2961 767 3021 iu
804 2977 836 3018 v
865 2961 1215 3029 Placitorum,
1244 2977 1363 3033 cap.
1396 2960 1487 3019 20.
1524 2961 1726 3018 BETUL.

278 3051 590 3122 Cocequaoit.
620 3051 709 3108 Sic
732 3054 946 3123 reposui
972 3069 1040 3109 ex
1082 3069 1212 3111 mss.
1247 3064 1301 3110 et
1326 3053 1455 3109 edit.
1475 3064 1584 3109 vet.
1615 3053 1803 3118 Rotn.,

206 3123 482 3187 Florent.,
512 3123 684 3186 Junt.,
711 3123 1057 3197 ls.,rtleliar.,
1092 3126 1283 3197 Crateri
1322 3126 1567 3197 impressi
1608 3125 1807 3181 habent

207 3196 569 3264 (aequauerit;
585 3205 636 3250 et
658 3210 756 3265 pro
781 3196 970 3250 similes
981 3211 1126 3279 .mss.
1150 3194 1436 3277 {Borion}
1456 3196 1481 3252 1
1503 3195 1636 3265 Reg.
1668 3211 1803 3263 rec.,

204 3267 244 3320 2
264 3265 427 3323 Colb.
454 3277 511 3323 et
536 3266 668 3323 Tox.
698 3266 916 3323 habent.
947 3265 1218 3322 simillimi.

412 3307 427 3320 .
454 3281 511 3323 ει
537 3281 668 3325 18!.
698 3281 916 3330 nanent,
947 3281 1218 3322 ειτηιιιιυιι.

283 3335 559 3409 /Equales.
588 3337 914 3408 Expungunt
931 3355 1022 3393 nos
1049 3338 1288 3409 plerique
1301 3353 1430 3393 mss.
1448 3352 1676 3409 quorum
1689 3354 1803 3404 sex,

208 3408 421 3465 scilicet
445 3409 785 3479 Regio-Put.,
812 3410 838 3464 1
868 3409 937 3463 al.
970 3410 1128 3478 Beg.,
1152 3408 1464 3479 SColbert.,
1487 3410 1512 3464 1
1535 3409 1803 3477 Clarum,

208 3481 244 3535 8
266 3480 434 3551 Brun.
464 3481 683 3551 habent,
715 3481 821 3535 oris
847 3480 1015 3551 ﬁgura
1060 3478 1287 3535 declarat
1316 3521 1330 3545 ,
1377 3496 1482 3537 non
1533 3495 1639 3536 esse
1690 3498 1807 3538 cum

208 3550 364 3622 mutis
389 3550 667 3622 pecudibus
687 3550 922 3620 aqualis.

289 3621 476 3679 Habet.
506 3621 631 3683 Mss.
663 3624 698 3677 4
733 3636 880 3687 ποθ..
926 3622 1143 3678 liabet...
1176 3621 1456 3679 intuentur.
1501 3622 1761 3680 Francius
1788 3667 1802 3691 ,

208 3694 349 3763 forte
380 3695 485 3763 leg.
512 3692 762 3747 habent...
787 3694 1067 3749 intuentur.

286 3762 458 3837 ﬂama
478 3775 645 3837 autem
662 3775 797 3837 recta
810 3775 965 3819 statu.
983 3764 1292 3837 Lactantius
1308 3779 1466 3835 supra
1487 3765 1579 3822 lib.
1593 3769 1663 3822 vii
1683 3782 1800 3837 cap.

208 3836 244 3890 9
271 3834 454 3893 Divin.
478 3834 684 3891 lustit.:
713 3834 872 3905 Cujus
898 3851 1083 3905 corpus
1109 3835 1170 3890 ab
1198 3835 1352 3893 humo
1375 3839 1670 3901 excitatum,
1694 3834 1807 3893 vnl-

211 3917 294 3962 tus
320 3907 574 3970 sublimis,
597 3915 757 3978 status
783 3917 946 3961 rectus
971 3906 1232 3978 originem
1247 3921 1397 3961 suam
1425 3912 1636 3977 quaerit.
1651 3909 1805 3978 Quod

208 3986 396 4051 autem
432 3978 584 4051 dicit.
614 3977 823 4051 Confert
853 3994 969 4051 cum
996 3976 1107 4032 Deo
1129 3978 1358 4051 uultum,
1404 3976 1640 4051 intellige
1679 3976 1804 4036 cum

211 4047 506 4103 meditatur
525 4048 593 4103 de
614 4047 992 4115 similitudine,
1014 4063 1135 4119 quae
1175 4050 1223 4104 ei
1247 4052 1555 4106 communis
1580 4047 1805 4108 estcum

210 4120 351 4182 Deo.
373 4120 448 4173 ait
473 4118 770 4175 Walchius.

288 4188 499 4253 Confert
523 4207 639 4245 cum
664 4189 775 4246 Deo
810 4192 1026 4246 milium.
1042 4190 1281 4247 Walchii
1303 4193 1611 4249 emendatio
1636 4211 1649 4247 ι
1673 4192 1808 4250 Con—

211 4264 315 4332 fert
340 4261 412 4314 ad
440 4261 598 4316 Deum
625 4264 819 4317 uultum
838 4306 853 4327 ,
885 4277 990 4317 non
1035 4262 1369 4318 admittenda
1403 4265 1457 4319 in
1486 4264 1606 4319 loco
1635 4280 1803 4332 sano,

211 4334 452 4403 maxime
472 4348 594 4389 cum
623 4333 936 4389 Lactantius
955 4333 1143 4390 eadem
1164 4334 1345 4402 pltrasi
1370 4350 1498 4389 usus
1519 4336 1589 4390 sit
1614 4336 1714 4393 lib.
1745 4353 1803 4403 ιι,

209 4417 337 4473 cap.
364 4402 403 4458 2
426 4420 439 4459 :
471 4403 668 4472 Corpus
692 4405 883 4459 idcirco
908 4415 1101 4460 rectum
1125 4406 1383 4475 accepisti,
1414 4422 1513 4475 quo
1535 4408 1709 4462 oculos
1729 4417 1809 4461 at.

210 4484 526 4549 que_mentcs
563 4491 679 4529 cum
704 4492 798 4549 eoi,
830 4476 916 4547 qui
946 4478 1091 4549 fecit,
1119 4477 1617 4549 conferregpossetis.
1666 4479 1800 4534 Buu.
1829 4483 1883 4549 1)

284 4544 358 4601 Et
387 4547 634 4601 rationem
676 4548 809 4602 ratio
842 4544 1136 4618 cognoscit.
1184 4547 1442 4603 Francius
1472 4549 1723 4612 malebat,
1753 4561 1800 4605 et

211 4618 465 4691 rationem
485 4619 684 4691 ratione
709 4617 1335 4691 cognoscit.—Ra_lionem
1360 4621 1493 4674 ratio
1520 4622 1798 4691 cognoscit.

211 4688 424 4763 Sensus
450 4697 551 4763 est,
576 4688 827 4763 rationein
846 4690 1071 4763 divinant
1098 4688 1235 4763 (sive
1269 4691 1460 4763 Deum,
1489 4688 1663 4763 quiet
1689 4694 1804 4763 ipse

211 4761 347 4833 ratio
368 4760 585 4833 dicitur,
610 4760 703 4815 lib.
734 4777 772 4827 ι,
797 4774 916 4833 cap.
950 4761 1026 4833 5),
1056 4763 1193 4816 ratio
1218 4760 1455 4816 hominis
1478 4760 1613 4832 (Sive
1641 4760 1803 4819 homo

211 4828 518 4914 rationalis)
544 4828 1009 4914 cognoscithgrt'.

290 4900 532 4961 Hominis
560 4900 666 4957 esss
682 4902 1144 4973 propriarLegitur
1158 4903 1372 4969 homini,
1391 4914 1495 4959 etc.
1509 4946 1521 4964 .
1545 4913 1599 4961 et
1620 4914 1803 4961 notam

211 4982 532 5042 sequentem
558 4972 1094 5029 exbibet.—Honiini
1114 4989 1220 5028 esse
1237 4975 1469 5045 propria.
1492 4975 1571 5031 Ita
1596 4978 1800 5043 Statim,

214 5046 459 5114 proprius
508 5046 701 5099 homini
748 5061 950 5111 sermo;
1000 5054 1217 5115 postea,
1267 5046 1470 5101 risus...
1514 5057 1586 5101 est
1611 5048 1807 5103 homini

214 5117 503 5187 proprius;
528 5115 782 5186 denique,
812 5117 936 5187 quid
956 5127 1061 5171 tam
1082 5116 1275 5171 homini
1296 5118 1585 5186 proprium;
1606 5129 1661 5173 et
1686 5120 1806 5175 loco

214 5186 435 5256 gemino
481 5187 580 5243 lib.
604 5200 685 5254 tu,
738 5202 860 5258 cap.
893 5187 962 5243 11)
993 5206 1006 5241 :
1041 5187 1171 5253 Quae
1197 5198 1446 5260 putantur
1479 5205 1587 5244 esse
1616 5189 1812 5246 homini

214 5257 449 5314 propria.
471 5257 601 5314 Buri.

252 5272 449 5326 mpm.
471 5272 601 5314 una.

212 5275 449 5329 propria.
471 5275 601 5314 non.

292 5328 518 5383 Similia.
551 5329 759 5385 Seneca
789 5329 885 5384 lib.
914 5328 984 5385 dc
1012 5329 1118 5391 Ira.
1164 5346 1213 5385 c.
1254 5331 1289 5385 5
1321 5348 1334 5385 :
1380 5329 1529 5385 Muta
1558 5333 1807 5388 animalia

219 5400 457 5455 humanis
484 5398 749 5467 aﬂ'ectibns
793 5410 969 5455 carent
999 5417 1017 5455 :
1048 5402 1231 5456 habent
1268 5412 1436 5456 autem
1483 5404 1675 5459 similes
1702 5406 1811 5461 illis

218 5472 464 5595 quosdam
505 5472 778 5552 impulsus.
816 5472 966 5528 Adde
993 5473 1231 5541 reliqua,
1263 5483 1318 5527 et
1357 5475 1560 5530 Arnob.
1610 5475 1703 5531 lib.
1753 5477 1807 5542 7,

270 5556 493 5595 ossium.
524 5542 620 5595 lib.
652 5558 711 5595 ιιι
736 5540 867 5595 Idoi.
892 5557 1012 5595 can.
1044 5540 1138 5595 44-
1166 5543 1298 5595 Buri.

270 5542 493 5611 ossium,
524 5540 620 5596 lib.
652 5558 711 5597 ιιι
736 5540 867 5597 ldoi.
892 5557 1012 5611 cap.
1044 5540 1138 5603 44,
1166 5543 1298 5598 BDN.

295 5609 485 5667 Tamen
510 5624 554 5667 et
575 5614 629 5667 in
655 5613 762 5667 illis
785 5609 1021 5682 quadam
1044 5614 1327 5670 similitudo
1355 5617 1620 5673 sermonis.
1645 5617 1814 5673 Fran-

214 5684 354 5751 cius,
389 5694 558 5738 tanien
579 5693 670 5738 est.
706 5682 842 5739 Huic
870 5686 1152 5740 sententiae
1177 5686 1373 5742 similia
1406 5689 1568 5742 habet
1588 5687 1806 5744 Lucret.

214 5754 312 5810 lib.
347 5769 401 5818 v,
431 5764 488 5810 et
516 5753 681 5809 Basil.
724 5754 861 5824 Mog.
905 5755 1143 5817 Oration.
1172 5756 1242 5817 ,8.
1277 5758 1572 5813 ﬂexamen.
1617 5768 1672 5814 et
1702 5760 1754 5812 in
1778 5759 1812 5815 9

211 5824 307 5882 ubi
335 5824 747 5885 similitudinem
767 5826 1054 5908 quamdam
1073 5826 1500 5895 ratiocinationis
1528 5831 1579 5886 in
1593 5830 1813 5890 canibus

3586 498 3659 541 “~
3686 498 3806 567 tm

3525 604 3566 641 ὐ.
3583 584 3745 637 (misti.
3760 634 3769 646 ,

1903 2690 2026 2749 esse
2046 2674 2306 2749 praeclare
2327 2674 2695 2749 demonstrat;
2709 2673 2849 2730 sicut
2873 2681 2926 2729 et
2943 2674 3005 2727 Β.
3030 2672 3281 2749 Ambros.
3314 2671 3409 2727 lib.
3437 2687 3511 2749 vi.
3598 2732 3603 2735 ,

1908 2743 2134 2802 ﬂexam.
2167 2762 2287 2816 cap.
2320 2745 2354 2800 4
2387 2761 2482 2816 per
2531 2745 2866 2802 ὐποτύπωσιν
2915 2743 3234 2813 quamdam,
3268 2744 3517 2816 proponit

1911 2820 2084 2890 nobis
2115 2815 2303 2890 canem
2346 2815 2648 2890 venaticum
2701 2817 3109 2890 συλλοθιιιζὸμενον
3159 2816 3216 2890 i_n
3275 2815 3509 2890 compita

1908 2884 2174 2951 multiﬁdo
2204 2905 2216 2943 :
2253 2888 2322 2945 de
2363 2903 2471 2958 quo
2496 2882 3053 2958 [irzeclarcdis'seruut
3078 2896 3131 2940 et
3159 2882 3512 2958 Franc._Val-

1910 2960 2077 3091 {elsilusl
2101 2962 2137 3091 l‘.
2170 2976 2199 3014 ν
2226 2958 2293 3027 de
2319 2955 2484 3020 Sacra
2500 2955 2872 3031 Philosolihia.
2897 2957 2981 3015 Cl.
3007 2956 3226 3017 Vossius
3245 2955 3297 3013 in
3324 2955 3417 3011 lib.
3446 2955 3514 3013 de

1973 3050 2002 3086 o
2026 3047 2058 3086 o
2081 3047 2108 3089 a
2143 3072 2156 3087 .

1973 3033 2156 3095 ololat.

1985 3102 2125 3157 Nam
2147 3103 2521 3181 et_dignoscunl
2546 3100 2758 3181 inuicem
2808 3097 3115 3181 senioribus;
3142 3107 3208 3165 et,
3239 3094 3512 3181 cuntiras.

1913 3185 2117 3238 cuntur,
2144 3169 2298 3228 eduni
2324 3190 2524 3228 sonum.
2557 3171 2613 3227 In
2643 3188 2773 3226 mss.
2809 3172 2878 3227 14
2910 3183 2965 3226 et
2989 3171 3024 3225 ‘2
3054 3182 3160 3223 vet.
3189 3170 3318 3223 edit.
3345 3169 3503 3225 Rom.

1913 3246 2141 3320 legitur)
2179 3244 2409 3320 Nam_et
2453 3245 2854 3320 dignoscantur,
2905 3243 3059 3299 edunt
3093 3257 3293 3302 sonum.
3340 3239 3511 3295 Minus

1910 3316 2068 3373 bene.
2098 3316 2302 3375 Sensus
2333 3317 2701 3386 imperfectus.

1990 3387 2220 3442 Nobis...
2265 3381 2683 3447 vaccaeorum...
2732 3384 3073 3451 inconditas...
3109 3382 3261 3437 Rust.
3290 3423 3304 3445 ,
3372 3381 3506 3441 Ven.

1912 3458 2077 3524 1471,
2109 3459 2199 3525 72,
2231 3468 2454 3526 utraque
2480 3458 2568 3521 78.
2612 3457 2704 3519 93,
2733 3457 2824 3523 97,
2868 3453 3284 3526 Pier.,rParrh.,
3313 3452 3508 3526 Paris,

1913 3528 2201 3601 incognitae
2227 3547 2242 3597 ;
2269 3539 2349 3601 Ant
2372 3524 2581 3593 'Scnec.
2610 3543 2624 3582 ι
2652 3527 2721 3593 de
2750 3527 2853 3594 Ira,
2888 3542 3008 3596 cap.
3037 3525 3088 3591 i,
3119 3541 3301 3595 parum
3327 3524 3509 3592 expla-

1912 3598 2060 3659 nata!
2078 3617 2240 3656 voces.
2267 3598 2399 3654 Buri.

1986 3670 2113 3739 Qua:
2140 3687 2193 3727 se
2222 3670 2534 3741 intelligunt.
2569 3667 2735 3729 Recte
2762 3683 2913 3739 quae;
2944 3682 3064 3741 nam
3099 3664 3355 3741 demittis
3390 3663 3507 3741 ani:

1910 3734 2139 3798 molibus
2187 3734 2439 3808 loquitur.
2467 3739 2667 3796 Verum
2701 3734 2855 3799 error
2884 3747 2967 3795 cst
3012 3739 3065 3793 in
3095 3736 3128 3795 8
3159 3736 3317 3793 editis
3355 3745 3409 3791 et
3448 3734 3510 3795 l2

1911 3829 2042 3883 mss.
2074 3811 2161 3871 ubi
2186 3813 2376 3883 legitur
2399 3811 2561 3883 qui_se
2586 3809 2897 3883 intelligunt.

1982 3876 2050 3959 In
2076 3885 2215 3959 omni
2235 3876 2441 3959 olfactu.
2468 3880 2607 3959 Edili
2636 3897 2731 3937 sex
2754 3876 2968 3959 eﬂ'eclu.
3061 3948 3105 3959 ﬂ
3216 3957 3221 3959 Α
3308 3948 3340 3959 υ

1943 3956 2143 4089 ἀΑιίἒεδ
2171 3948 2476 4011 dentale-ent.
2511 3951 2568 4011 ιιι
2594 3961 2697 4020 est,
2743 3948 3030 4009 demittant.
3061 3948 3274 4018 Horon,
3308 3948 3406 4015 lib.
3435 3962 3496 4014 ll,

1907 4028 1998 4087 od.
2032 4028 2098 4087 15
2125 4045 2137 4081 :
3279 4062 3287 4069 .

2041 4178 2052 4189 .
2076 4177 2086 4188 .
2112 4175 2125 4187 .
2148 4178 2160 4190 .
2187 4144 2210 4187 .‘
2225 4176 2237 4187 .
2254 4137 2360 4188 Illis
2381 4151 2676 4203 carmintous
2692 4144 2901 4203 stupens

2034 4203 2265 4255 Demittit
2285 4207 2415 4252 atras
2436 4200 2607 4252 bellua
2628 4200 2899 4266 centiceps.

2032 4266 2211 4314 Aures.
2826 4263 2840 4266 ⁷
3032 4263 3324 4315 Teanenses.

1983 4367 2317 4425 Providentia
2346 4348 2529 4435 futuri.
2565 4367 2633 4425 Et
2679 4367 2840 4437 inira,
2873 4369 3135 4439 "provident
3176 4371 3227 4424 in
3258 4369 3510 4439 futuram.

1909 4440 2191 4512 Francius,
2222 4439 2359 4494 forte
2381 4440 2770 4509 providentia...
2801 4449 2855 4495 et
2886 4442 3188 4512 pra’vident.

1980 4509 2249 4583 Ingentem
2279 4512 2434 4583 farris
2471 4509 3153 4583 acervum,_elc.’Virgilius
3198 4512 3295 4564 hac
3325 4509 3514 4583 simili-

1905 4579 2087 4638 tudine
2116 4579 2476 4639 laborantium
2499 4596 2695 4652 operas
2724 4581 2981 4638 describit
3004 4582 3250 4652 Georgio.
3278 4579 3453 4652 primo
3491 4597 3506 4645 ;

2151 4693 2458 4754 Populatque
2482 4692 2743 4752 ingentem
2765 4693 2906 4742 farris
2925 4704 3158 4742 acervum
3186 4704 3200 4740 :

2089 4753 2331 4814 Curculio,
2358 4753 2504 4816 atque
2531 4755 2666 4816 inOpi
2692 4762 2921 4805 metuens
2944 4755 3141 4805 formica
3167 4760 3407 4827 senecta}.

1902 4859 2039 4918 Vide
2066 4857 2251 4917 Horat.
2276 4856 2344 4915 ad
2365 4857 2736 4928 Mccteuatem,
2764 4870 2865 4916 sat.
2895 4878 2910 4917 ι
2945 4880 2958 4916 :

2092 5034 2305 5101 Earvuia
2323 5048 2436 5086 nam
2460 5036 2692 5098 exemplo
2716 5042 2794 5087 est
2811 4975 3432 5101 fogmcata’iaboris,

2094 5097 2195 5163 ()re
2219 5099 2370 5155 trahit
2390 5097 2733 5163 quodcumque
2760 5097 2943 5163 potcsi.
2972 5108 3122 5163 atque
3143 5100 3279 5163 addit
3301 5097 3481 5153 acervo

2094 5159 2254 5221 Quem
2276 5159 2437 5227 struit’,
2465 5161 2592 5211 haud
2614 5159 2804 5226 ignara,
2829 5176 2887 5213 ac
2908 5175 3009 5215 non
3029 5159 3226 5213 incauta
3248 5162 3419 5216 futuri.

1909 5263 2047 5330 Quid
2066 5263 2208 5335 quod
2239 5264 2495 5320 Salomon
2523 5265 2729 5334 pigrum
2763 5265 3007 5321 l‘ormicte
3031 5266 3281 5333 exemplo
3302 5267 3367 5320 ad
3387 5282 3514 5333 ope-

1910 5351 2000 5408 ras
2022 5338 2241 5400 excitat,
2268 5336 2553 5408 Proverb.,
2582 5352 2632 5390 c.
2650 5352 2722 5401 \‘l,
2754 5346 2807 5391 et
2826 5339 3103 5408 trigesimo
3125 5337 3325 5407 colligit
3351 5340 3512 5394 etiam

1911 5406 2192 5478 industriae
2218 5406 2533 5478 animzﬂium
2563 5408 2831 5478 exempla.
2860 5406 3129 5463 Cieterum
3160 5409 3228 5463 de
3257 5406 3509 5464 l‘ormica-

1911 5493 2032 5533 rum
2063 5476 2323 5549 industria
2356 5475 2541 5549 [Esnpi
2584 5475 2839 5549 apologus
2870 5489 2972 5534 est.
3024 5480 3096 5534 De
3128 5478 3287 5547 hujus
3316 5490 3504 5549 natura

1916 5547 2282 5603 consulendus
2304 5558 2387 5601 est
2431 5547 2633 5606 Plinius
2675 5550 2712 5602 l.
2738 5565 2810 5615 χι,
2836 5564 2884 5603 c.
2910 5550 3087 5615 Deest,
3119 5549 3387 5614 JElianus,
3416 5547 3511 5604 lib.

1914 5635 2048 5683 vm;
2082 5617 2336 5683 Aristot.,
2388 5617 2481 5672 lib.
2510 5634 2549 5684 ι,
2583 5618 2723 5673 Hist.
2762 5621 3112 5686 Animalium,
3138 5635 3257 5690 cap.
3294 5620 3378 5673 11.
3409 5619 3513 5675 Bt:-

1920 5703 2170 5745 TULEIUS.

1989 5764 2117 5815 Cum
2144 5758 2411 5830 populant.
2447 5758 2523 5815 Es
2550 5760 2918 5816 vetustissimo
2945 5768 3000 5815 et
3032 5760 3248 5830 Aoptimo
3273 5773 3378 5814 ms.
3408 5758 3514 5815 Re-

1914 5827 2152 5905 gio-Pot.
2173 5827 2523 5891 restituisti"!
2537 5830 2787 5903 populant
2809 5856 2827 5901 ς
2851 5846 2950 5889 nec
2977 5827 3133 5887 aliter
3153 5829 3348 5905 legitur
3372 5830 3520 5904 apud.
