3856 6256
217 347 283 399 ar
1504 338 1703 396 LIBER
1746 338 1836 396 ne
1876 338 1994 396 IRA
2033 337 2162 394 DEI.
3409 344 3475 404 οε

211 460 343 514 licus
373 475 456 513 nec
482 457 647 520 habet,
676 470 779 511 nec
810 454 1043 523 exhibet,
1070 470 1164 511 cur
1191 473 1295 511 non
1328 473 1454 528 ergo
1481 457 1762 528 delinqua-
1790 462 1836 519 Α
1869 459 2041 514 aliena
2070 453 2296 527 qlltBSliO
2325 462 2442 510 est:
2467 453 2564 510 sed
2592 451 2716 524 quia
2735 452 3041 510 necessario
3069 453 3275 522 incidit,
3313 457 3475 516 debet

209 566 343 616 mus,
372 547 559 620 quoties
605 547 889 602 hominum
937 547 1318 602 conscientiam
1350 548 1534 602 fallere
1563 547 1764 613 licebit,

208 656 269 696 ac
296 641 427 711 leges
451 638 686 708 publicas
713 639 1158 693 circumscribere
1186 639 1210 692 ?
1242 637 1578 708 Ubicumque
1611 638 1766 693 nobis

212 731 399 788 latendi
421 729 621 785 occasio
648 730 916 796 arriserit,
946 730 1294 784 consulamus
1321 729 1422 796 rei,
1455 729 1766 785 auferamus

213 829 398 891 aliena,
421 827 491 880 vel
515 825 631 881 sine
679 839 896 891 cruore,
944 827 1026 881 vel
1058 827 1221 882 etiam
1266 841 1385 880 cum
1415 825 1675 897 sanguine
1721 825 1764 879 si

212 933 394 996 prteter
411 921 542 991 leges
568 919 701 974 nihil
731 929 814 974 est
838 921 1066 990 amplius
1087 919 1228 990 quod
1252 919 1536 975 colendum
1566 921 1652 974 sit.

279 1016 392 1071 ﬂare
413 1014 526 1070 dum
555 1014 723 1068 sentit
749 1013 1034 1084 Epicurus,
1074 1013 1386 1083 religionem
1412 1014 1650 1069 funditus
1671 1014 1765 1068 tle-

203 1109 297 1170 let;
324 1124 412 1178 qna
439 1107 659 1172 sublata,
691 1105 938 1162 confusio
966 1122 1028 1162 ac
1059 1107 1390 1174 perturbatio
1419 1107 1542 1162 vita:
1573 1123 1765 1178 seque-

197 1213 297 1260 tur.
319 1201 455 1271 Quod
486 1202 527 1255 si
555 1201 744 1271 religio
763 1200 876 1256 tolli
896 1216 1001 1255 non
1033 1209 1231 1270 petest,
1265 1211 1320 1255 ut
1348 1211 1402 1257 et
1422 1202 1758 1271 sapientiam,

229 1313 288 1352 na
345 1295 586 1351 distamus
635 1311 664 1350 a
717 1295 932 1358 belluis,
975 1304 1028 1350 et
1075 1293 1335 1364 justitiam
1397 1295 1760 1359 retineamus,

198 1407 290 1462 qua
330 1391 612 1446 communis
643 1389 750 1443 vita
779 1390 847 1444 sit
874 1388 1036 1444 tutior
1054 1405 1070 1463 ;_
1119 1387 1387 1458 quomodo
1415 1387 1619 1458 Religio
1649 1388 1760 1458 ipsa

193 1487 296 1540 sine
317 1495 448 1540 metu
479 1484 756 1540 leneriaut
781 1482 1036 1536 custodiri
1070 1480 1282 1550 potest?
1303 1479 1457 1548 Quod
1485 1479 1626 1536 enim
1656 1495 1760 1534 non

191 1579 460 1643 metuitur,
504 1576 906 1630 contemnitur:
960 1575 1101 1645 quod
1155 1574 1537 1636 contemnitur,
1581 1574 1762 1642 utique

193 1685 285 1725 non
327 1669 523 1725 colitur.
577 1668 654 1722 Ita
714 1669 810 1733 lit,
881 1675 940 1721 ut
984 1666 1207 1736 religio,
1258 1677 1312 1721 et
1367 1665 1655 1736 majestas,
1708 1673 1764 1718 et

133 1764 148 1775 '
190 1765 346 1818 honor
374 1771 510 1817 metu
561 1769 809 1816 constet:
837 1768 1013 1814 metus
1043 1766 1219 1813 autem
1249 1772 1354 1813 non
1387 1767 1490 1824 est,
1525 1755 1612 1810 ubi
1645 1756 1762 1810 nul-

1871 548 2117 621 quamvis
2163 547 2400 603 breviter
2429 545 2636 617 attingi.

2502 659 2730 717 CAPUT
2769 661 2858 716 IX.

1870 793 1946 850 De
1967 795 2286 864 providentia
2315 795 2429 862 Dei,
2462 797 2623 866 deque
2646 796 2906 852 sententiis
2935 795 3014 851 illi
3051 799 3468 870 repugnantibus.

1939 929 2070 984 Cum
2094 933 2377 986 sententia:
2404 930 2852 1002 philosophorum
2886 930 3080 1002 prioris
3119 935 3378 1004 temporis
3407 933 3475 992 de

1868 1021 2200 1091 providentia
2247 1023 2674 1088 consensissent,
2718 1038 2820 1078 nec
2869 1023 2975 1078 ulla
3016 1033 3162 1080 esset
3187 1024 3473 1092 dubitatio,

1867 1115 1994 1184 quin
2019 1114 2247 1170 mundus
2279 1131 2309 1169 a
2337 1113 2468 1182 Deo,
2494 1122 2546 1169 et
2567 1115 2777 1170 ratione
2800 1124 2946 1171 esset
2963 1115 3279 1185 instructus,
3303 1127 3357 1174 et
3385 1134 3474 1174 ra-

1867 1207 2012 1261 tione
2043 1216 2318 1278 regeretur
2348 1225 2360 1262 :
2404 1206 2608 1276 primus
2660 1207 2901 1263 onmium
2945 1207 3270 1280 Protagoras
3296 1209 3473 1266 exttit

1868 1299 2202 1368 temporibus
2253 1298 2515 1364 Socratis,
2576 1299 2666 1368 qui
2703 1299 2804 1354 sibi
2852 1299 3055 1356 diceret
3103 1315 3211 1356 non
3241 1302 3469 1373 liquere,

1867 1400 2044 1445 utrum
2074 1400 2220 1447 esset
2247 1391 2427 1462 aliqua
2455 1391 2730 1457 divinitas,
2773 1407 2964 1447 necne.
3020 1393 3151 1462 Quae
3179 1394 3472 1464 disputatio

1865 1482 1982 1553 ejus
2013 1483 2150 1538 adeo
2196 1481 2378 1553 impia,
2401 1493 2456 1538 et
2485 1491 2674 1537 contra
2729 1483 3013 1540 veritatem
3053 1495 3109 1540 et
3155 1486 3468 1556 religionem

1860 1574 2096 1643 iudicata
2121 1584 2223 1639 est,
2252 1582 2309 1628 ut
2331 1583 2385 1628 et
2411 1573 2586 1641 ipsum
2632 1571 2991 1629 Athenienses
3021 1575 3330 1645 expulerint
3356 1577 3470 1634 suis

1866 1665 2080 1729 tinibus,
2108 1664 2345 1720 etlibros
2375 1663 2493 1734 ejus
2525 1664 2576 1718 in
2604 1664 2884 1734 concione,
2935 1665 3128 1738 quibus
3158 1667 3275 1724 haec
3301 1669 3470 1725 conti.

1867 1759 2152 1824 nehantur,
2181 1757 2509 1813 exusserint.
2535 1757 2606 1812 De
2620 1757 2774 1828 cujus
2798 1759 3067 1814 sententia
3099 1775 3206 1816 non
3237 1771 3314 1818 est
3337 1777 3470 1831 opus

187 1853 259 1910 lus
277 1853 528 1910 irascitur.
554 1853 681 1910 Sive
711 1851 871 1924 igitur
897 1851 1121 1921 gratiam
1155 1848 1286 1914 Deo,
1317 1850 1430 1902 sive
1459 1847 1614 1914 iram,
1639 1846 1754 1902 sive
1783 1853 1832 1914 Β
1859 1850 2156 1922 disputare,
2190 1851 2312 1922 quia
2364 1850 2496 1906 nihil
2552 1851 2686 1906 certi
2738 1853 3123 1922 pronuntiavit.
3181 1855 3310 1910 Post
3357 1855 3473 1911 htcc

187 1956 440 2016 utrumque
452 1941 774 2008 detraxeris,
795 1941 1108 2011 religionem
1133 1939 1247 1995 tolli
1270 1952 1494 1994 necesse
1511 1948 1614 2004 est,
1644 1937 1760 1992 sine

189 1979 440 2016 υιιυιιιψισ
452 1979 774 2008 “unum,
796 1979 1108 2011 ...ηδωηνιη
1134 1979 1247 1995 ιν...
1270 1979 1494 1994 "eccm...
1511 1979 1614 2004 νυ,
1644 1979 1759 1992 ...ην

134 1979 150 2109 i
185 2053 272 2109 qua
292 2038 388 2092 vita
409 2035 685 2092 hominum
709 2033 959 2100 stultitia,
987 2031 1215 2098 scelere,
1247 2029 1578 2084 immanitate
1610 2043 1759 2083 com-

132 2103 148 2154 s
183 2103 355 2202 pletur.
385 2129 603 2186 Multum
654 2128 799 2184 enim
827 2125 1082 2183 refraenat
1109 2123 1357 2180 homines
1400 2120 1755 2187 conscientia,

184 2223 220 2277 si
244 2223 509 2280 credamus
530 2238 630 2279 nos
658 2222 714 2277 in
740 2229 1036 2291 conspectu
1068 2217 1162 2274 Dei
1192 2218 1411 2281 vivere;
1442 2215 1485 2270 si
1510 2231 1615 2270 non
1639 2225 1756 2269 tan-

183 2322 276 2368 tum
303 2329 415 2384 qua:
438 2313 702 2384 gerimus,
735 2311 904 2366 videri
934 2309 1189 2379 desuper,
1219 2305 1316 2362 sed
1332 2305 1496 2361 etiam
1518 2320 1638 2376 quae
1663 2319 1755 2360 eo-

181 2405 404 2477 gitamus,
426 2415 514 2460 aut
534 2404 828 2476 loquimur,
852 2401 1028 2457 audiri
1054 2417 1082 2455 a
1104 2402 1213 2456 Deo
1236 2407 1507 2470 putemus.
1535 2397 1750 2453 Atenitn

182 2498 371 2568 prodest
398 2497 448 2554 id
477 2498 725 2561 credere,
772 2505 830 2550 ut
857 2493 1077 2566 quidam
1121 2500 1330 2564 putant,
1359 2505 1465 2546 non
1509 2489 1752 2545 veritatis

180 2593 344 2660 gratia,
371 2592 462 2646 sed
487 2590 766 2654 utilitatis;
795 2589 1048 2659 quoniam
1072 2586 1217 2656 leges
1237 2583 1623 2639 conscientiam
1650 2598 1749 2653 pu-

184 2684 283 2739 nire
306 2700 397 2738 non
424 2692 670 2756 possunt,
703 2682 806 2737 nisi
845 2679 1040 2750 aliquis
1065 2677 1300 2746 desuper
1341 2686 1518 2732 terror
1541 2677 1749 2746 impen-

181 2777 285 2831 deat
307 2777 366 2832 ad
391 2777 689 2833 cohibenda
746 2782 986 2845 peccata.
1045 2772 1202 2828 Falsa
1229 2781 1315 2826 est
1366 2770 1525 2842 igitur
1576 2771 1752 2827 omnis

183 2869 340 2942 religio
365 2870 688 2926 etdivinitas
717 2869 859 2924 nulla
906 2875 1007 2922 est.
1043 2865 1150 2923 Sed
1177 2880 1206 2918 a
1235 2864 1364 2920 viris
1399 2862 1753 2935 prudentibus

183 2963 400 3019 universa
437 2963 665 3018 conficta
706 2969 850 3026 sunt,
907 2975 1015 3031 quo
1066 2957 1266 3013 rectius
1297 2957 1751 3026 innocentiusque

1866 1942 2138 2008 Socrates,
2170 1951 2224 1997 et
2243 1941 2456 1998 auditor
2476 1942 2594 2013 ejus
2616 1942 2789 2011 Plato,
2819 1953 2876 2000 et
2894 1945 2984 2016 qui
3011 1944 3080 2002 de
3127 1945 3313 2002 schola
3345 1945 3468 2002 Pla-

1865 2035 2029 2101 tonis,
2061 2043 2314 2106 tanquam
2346 2035 2506 2090 rivuli
2536 2035 2843 2090 diversasin
2868 2045 3049 2107 partes
3066 2036 3467 2108 proﬂuxerunt;

1862 2125 2018 2182 Stoici
2047 2133 2103 2183 et
2129 2126 2484 2198 peripatetici,
2532 2127 2585 2183 in
2634 2127 2822 2184 eadem
2852 2128 3002 2185 fuere
3031 2130 3321 2198 sententia,
3365 2145 3470 2202 qua

1862 2221 2089 2289 priores.

1928 2311 2122 2368 Postea
2145 2327 2278 2369 vero
2297 2314 2560 2384 Epicurus
2589 2315 2757 2371 Deum
2779 2315 2997 2386 quidem
3029 2330 3153 2372 esse
3172 2316 3330 2384 dixit,
3346 2318 3471 2388 quia

1859 2417 2084 2459 necesse
2105 2404 2175 2458 sit
2199 2419 2322 2460 esse
2371 2405 2572 2476 aliquid
2604 2407 2656 2461 in
2705 2406 2906 2462 mundo
2936 2416 3224 2478 praestans,
3265 2418 3320 2464 et
3353 2408 3470 2464 exi-

1855 2495 2045 2563 tnium,
2079 2505 2132 2549 et
2155 2496 2404 2563 beatum;
2463 2499 2858 2568 providentiam
2885 2508 3066 2556 tamen
3093 2501 3325 2556 nullam:
3364 2503 3468 2558 ita-

1853 2603 1959 2658 que
1989 2588 2245 2644 mundum
2271 2590 2445 2659 ipsum
2500 2606 2599 2647 nec
2626 2592 2836 2646 ratione
2879 2591 3012 2657 ulla,
3069 2607 3170 2648 nec
3199 2601 3336 2657 arte,
3366 2609 3469 2650 nec

1856 2679 2058 2735 fabrica
2087 2681 2430 2745 instructum,
2483 2681 2581 2738 sed
2632 2691 2878 2737 naturam
2929 2699 3108 2739 rerum
3147 2683 3468 2756 quihusdam

1855 2771 2076 2827 minutis
2105 2772 2402 2828 seminibus
2424 2783 2476 2830 et
2508 2775 2886 2830 insecabilibus
2912 2775 3315 2846 conglobatam.
3349 2777 3468 2845 Quo

1855 2865 1982 2936 quid
2025 2867 2410 2936 repngnantius
2454 2866 2561 2921 dici
2591 2870 2782 2938 possit,
2815 2882 2924 2923 non
2953 2868 3129 2924 video.
3180 2870 3392 2925 Etenim
3419 2871 3465 2925 si

1858 2968 1938 3011 eSt
1973 2957 2135 3023 Deus,
2166 2959 2349 3027 utique
2368 2957 2660 3030 providens
2689 2967 2794 3026 est,
2826 2966 2883 3013 ut
2912 2959 3082 3024 Deus;
3117 2975 3217 3016 nec
3242 2960 3402 3016 aliter
3418 2961 3467 3016 ei

185 3052 377 3110 vivatur.
411 3055 595 3126 Magna
614 3056 750 3121 haec,
797 3062 851 3110 et
878 3067 909 3108 a
939 3049 1164 3107 materia
1182 3064 1342 3120 quam
1366 3049 1743 3119 proposuimus
1769 3039 1814 3101 C
1848 3060 2032 3120 potest
2068 3051 2322 3107 divinitas
2373 3052 2613 3120 attribui,
2661 3051 2762 3108 nisi
2803 3062 2858 3108 et
2889 3053 3160 3124 praeterita
3185 3061 3386 3120 teneat,
3412 3061 3467 3110 et

1489 3189 1848 3249 VARIORUM
1887 3191 2115 3251 NOTAE.

238 3332 474 3394 Arriserit.
496 3332 828 3388 consulantne
874 3330 968 3384 rei.
996 3327 1123 3384 Haec
1159 3325 1268 3382 duo
1289 3334 1560 3397 postrema
1589 3325 1750 3382 verba

182 3401 340 3459 absunt
366 3420 395 3458 a
425 3405 490 3460 15
513 3419 648 3460 mss.
677 3413 733 3459 et
760 3410 867 3458 vet.
891 3401 1022 3456 edit.
1047 3400 1205 3455 Rom.

240 3497 372 3571 Quod
394 3494 766 3571 colendum_sit.
797 3491 871 3546 Ita
902 3506 1052 3571 mss._
1081 3505 1221 3571 pene
1248 3503 1438 3571 omnes
1461 3496 1516 3544 et
1539 3498 1752 3571 veteres

184 3561 303 3636 editi.
328 3569 382 3622 In
425 3568 457 3623 4
491 3565 712 3636 scriptis
757 3579 870 3636 rec.
887 3574 944 3619 et
970 3561 1135 3636 editis
1162 3561 1343 3636 multis
1365 3561 1640 3636 verendum
1661 3561 1749 3613 sit.

185 3634 387 3709 Utraque
409 3639 568 3695 lectio
589 3631 756 3691 bona.
776 3634 810 3687 Ξ
826 3634 952 3689 Mss.
984 3649 1095 3690 rec.
1123 3632 1392 3689 levissima
1421 3631 1747 3695 mutatione,

184 3708 425 3764 dolendum
443 3711 528 3763 sit.

239 3778 385 3835 Sentit
413 3780 690 3846 Epicurus.
720 3777 756 3831 2
787 3777 922 3848 Reg.
957 3787 1011 3832 et
1032 3775 1163 3848 edit.
1196 3775 1353 3848 Rom.
1385 3775 1546 3848 M79,
1582 3772 1752 3828 Sentit

185 3847 430 3906 Lucretius.
463 3845 534 3906 Et
559 3848 776 3920 quidem
801 3845 1019 3916 Epicuri
1037 3847 1172 3902 echo
1198 3857 1281 3920 est
1300 3845 1604 3920 Lucretius.

239 3921 487 3993 Sequetur.
516 3917 594 3976 ita
612 3921 792 3993 cuncti
807 3934 962 3984 mss.,
987 3918 1230 3989 prmterﬂ
1245 3933 1357 3972 rec.
1380 3918 1432 3971 in
1454 3917 1647 3986 quibus
1668 3924 1752 3970 est

186 4000 242 4055 ut,
267 3992 310 4047 in
335 3993 516 4059 editis,
546 3992 794 4061 sequitur.

239 4084 292 4140 Ut
310 4100 354 4140 et
376 4086 697 4155 sapientiam.
722 4083 835 4151 Qua
859 4083 1104 4155 distamus
1126 4099 1156 4134 α
1178 4082 1377 4155 belluis,
1394 4079 1737 4155 _etjttstititttn_.

183 4153 386 4228 Quatuor
413 4153 688 4228 postrema
719 4155 879 4208 verba
903 4153 1280 4228 desiderantur
1303 4153 1454 4228 init)
1477 4167 1604 4228 mss.
1630 4160 1680 4205 el
1711 4153 1742 4204 7

185 4226 325 4283 editis.
350 4222 558 4294 -έριιιι
585 4227 835 4280 distamus
872 4243 903 4278 (ι
938 4225 1138 4285 belluis,
1165 4235 1210 4277 et
1240 4224 1517 4294 jttstitiattt.
1554 4222 1614 4275 L.
1659 4235 1740 4294 ιιι,

185 4313 275 4366 cap.
296 4302 355 4357 l0
375 4319 387 4352 ε
408 4293 548 4354 ctli
584 4298 818 4352 maxime
845 4296 913 4350 de
942 4296 1043 4358 Ira,
1067 4310 1184 4363 cap.
1215 4295 1309 4348 11.;
1331 4293 1590 4366 Diximus,
1621 4293 1742 4345 reli-

185 4364 299 4434 gione
311 4371 528 4435 sublata,
558 4386 650 4423 nec
663 4369 966 4435 sapientium
983 4366 1138 4418 teneri
1160 4381 1326 4434 posse,
1346 4381 1437 4419 nec
1457 4364 1738 4435 justitiam,

187 4441 278 4493 dum
299 4443 576 4497 divinitatis
615 4434 920 4504 intellectus,
948 4453 1047 4506 quo
1074 4436 1367 4506 tliﬂ'erimus
1395 4453 1424 4488 a
1455 4435 1660 4497 belluis,
1686 4434 1741 4487 in

1930 3327 2179 3400 Quamuis
2203 3326 2436 3384 breviter.
2465 3329 2541 3384 Ita
2575 3343 2766 3385 omnes
2794 3343 2962 3400 prope
2990 3345 3120 3386 mss.
3153 3339 3204 3388 et
3226 3329 3259 3387 6
3285 3339 3466 3389 vetus~

1856 3395 2020 3452 tiores
2053 3399 2207 3463 editi,
2239 3415 2302 3455 ac
2336 3399 2555 3465 Cellar.,
2590 3395 2809 3458 Walch.
2834 3395 2954 3456 ln'5
3005 3417 3118 3459 rec.
3155 3418 3286 3459 mss.
3313 3413 3368 3460 et
3398 3404 3466 3461 10

1855 3468 2132 3536 impressis
2157 3479 2264 3537 est,
2291 3487 2446 3539 quam
2477 3472 2708 3526 breviter.

1928 3560 2400 3636 Protagoras,_etc.
2438 3564 2570 3619 Vide
2599 3565 2890 3636 Laertium.
2918 3566 2992 3621 De
3021 3564 3317 3636 Protagora
3347 3567 3464 3625 dic-

1855 3641 1966 3686 tum
1989 3642 2071 3686 est
2099 3634 2192 3687 lib.
2223 3649 2238 3686 ι
2271 3634 2503 3688 Institut.
2535 3650 2584 3690 c.
2615 3637 2671 3689 2.
2702 3635 2960 3690 Refertur
2987 3639 3153 3693 etiam
3183 3634 3252 3693 ab
3288 3641 3461 3695 Arno-

1856 3701 2097 3781 bio,_lib_.
2148 3705 2533 3781 vnt_ad_versus
2570 3705 2800 3781 _Gentes.
2847 3706 3062 3781 Similes
3089 3711 3314 3781 catalngi
3338 3721 3464 3768 sunt

1855 3773 2001 3846 apud
2025 3773 2204 3830 Cicer.
2234 3774 2304 3830 de
2326 3775 2527 3830 Natura
2550 3777 2773 3831 deorum
2805 3777 3007 3846 primo;
3040 3787 3098 3834 et
3119 3773 3460 3838 inter'eccle-

1855 3845 2101 3919 siasticos
2115 3846 2460 3919 scr_ipt9res,a
2471 3849 2572 3916 pud
2593 3845 2952 3916 Epipltanium
2968 3849 3020 3904 in
3039 3849 3302 3919 Epitome,
3318 3853 3460 3914 apud

1855 3916 2146 3988 Eusebium
2177 3917 2244 3972 de
2273 3917 2566 3988 Praeparat.
2603 3919 2859 3988 Evangel.
2891 3920 2984 3973 lib.
3011 3916 3101 3974 m‘
3125 3935 3244 3988 cap.
3271 3922 3322 3974 1.
3343 3921 3458 3977 Ire-

1855 4002 2004 4060 nazus
2037 3987 2130 4060 lib.
2165 4004 2202 4043 ιι
2234 4004 2354 4058 cap.
2389 3987 2476 4045 l9.
2501 3987 2878 4060 Anaxagoram
2908 3988 3049 4047 ἄθεον
3074 3987 3335 4058 nominat,
3355 3993 3459 4048 nisi

1850 4058 2011 4130 lectio
2033 4059 2102 4112 sit
2126 4060 2419 4128 mendosa;
2447 4062 2589 4130 quod
2619 4058 2728 4116 non
2758 4070 2905 4130 puto.
2938 4063 3261 4118 Beruuttns.
3285 4062 3460 4118 —Ci-

1851 4129 2089 4206 cerolib.
2121 4145 2137 4184 ι
2185 4130 2252 4184 de
2281 4131 2398 4206 Nat.
2430 4129 2584 4206 deor.
2609 4129 2786 4206 c.7257:
2824 4134 3090 4206 Abderites
3118 4133 3454 4206 Protagoras,

1849 4202 2100 4274 sophistes
2129 4203 2442 4274 temporibus
2462 4203 2566 4274 illis
2591 4205 2669 4258 vel
2696 4205 2968 4271 maximus,
2995 4205 3175 4258 cttmin
3197 4202 3454 4274 principio

1847 4271 1964 4344 libri
1983 4273 2056 4344 sic
2076 4274 2325 4344 posuisset
2359 4289 2376 4327 :
2407 4271 2486 4325 De
2513 4273 2650 4328 Divis
2677 4291 2833 4344 neque
2856 4286 2908 4327 ut
2929 4275 3052 4338 sint,
3078 4271 3237 4344 neque
3270 4285 3324 4329 ut
3355 4271 3458 4330 non

1846 4342 1966 4409 sint,
2000 4342 2160 4418 ltubeo
2184 4343 2382 4418 dicere;
2414 4342 2796 4418 Atheniensium
2817 4346 2967 4418 jussu
3012 4345 3135 4398 urbe
3152 4342 3455 4418 'atqueagro

1847 4423 1920 4466 est
1949 4414 2332 4482 exterminatus,
2359 4417 2571 4486 librique
2591 4417 2700 4486 ejus
2718 4417 2768 4470 in
2798 4414 3044 4470 cenaene
3075 4414 3346 4470 combusti.

187 4509 347 4569 homine
375 4516 482 4567 solo
511 4521 829 4580 reperiatur;
857 4503 976 4580 quae
995 4503 1163 4562 verba
1184 4521 1368 4577 aperte
1400 4517 1640 4560 nostrum
1665 4505 1742 4560 lo-
1769 4517 1823 4578 Ι)
1891 4503 2534 4580 _T_emporibus_Socratis.
2565 4507 2725 4580 Teste
2757 4506 2995 4572 Laertio,
3023 4505 3228 4580 Alloruit
3249 4504 3447 4580 Qlym-

188 4593 278 4636 cum
301 4585 610 4654 respiciunt.
641 4583 773 4637 BUN.

242 4673 340 4731 Non
369 4677 591 4732 veritatis
612 4677 802 4746 gratia,
841 4684 944 4730 etc.
975 4673 1065 4746 Sic
1095 4672 1514 4746 ειιὶιιιΝιιιιιιιιιι,
1545 4671 1750 4746 Scipio-

192 4758 280 4817 nem
303 4760 354 4804 et
379 4749 512 4803 alios
545 4743 862 4817 religionem
895 4745 1181 4800 simulasse
1209 4744 1456 4817 Valerius
1483 4743 1748 4817 exemplis

190 4815 331 4874 docet.
381 4821 586 4874 Βετυι..
620 4815 691 4857 -4
718 4819 884 4886 quue
913 4826 970 4870 ut
1008 4831 1252 4871 morosos
1294 4815 1516 4884 populus
1558 4815 1751 4869 timore

193 4885 371 4944 deorum
400 4892 464 4944 ad
497 4892 673 4957 legum
697 4885 1098 4942 observantiam
1123 4887 1426 4956 adigereut.

243 4959 326 5015 Sed
356 4956 615 5016 utilitatis.
664 4959 984 5030 ltegio-Put.
1037 4958 1266 5012 utilitati.
1324 4957 1448 5012 Mss.
1491 4957 1571 5022 15,
1613 4956 1752 5010 utili-

195 5037 284 5084 tale.

247 5122 406 5181 Terror
429 5126 740 5194 impendeat.
767 5121 840 5176 Ita
873 5137 1063 5176 omnes
1091 5122 1262 5194 ferme
1299 5135 1430 5194 mss.
1457 5130 1509 5174 et
1536 5118 1568 5172 6
1588 5119 1744 5194 editi.

195 5191 344 5266 ξενίῃιί
375 5208 481 5254 tres
502 5191 623 5252 rec.
656 5206 720 5266 iet
773 5194 826 5246 7.
853 5195 1046 5266 excusi
1086 5191 1342 5266 mendose
1392 5191 1670 5266 impendat.
1716 5191 1752 5244 2

198 5261 293 5334 Reg.
319 5285 422 5324 rec.
457 5279 511 5322 ct
537 5266 622 5322 ed.
650 5265 808 5324 Rom.
847 5262 1000 5330 M70,
1031 5263 1293 5333 impediat.
1331 5268 1353 5317 l
1391 5262 1627 5316 (Jolbet't.
1648 5273 1752 5314 tor-

201 5341 255 5385 lor
265 5340 525 5406 impendat.

249 5405 446 5478 Con/icta
462 5421 602 5464 sunt.
628 5409 720 5463 Sic
746 5407 964 5475 reposui
989 5421 1052 5460 ex
1081 5406 1292 5460 cunctis
1325 5421 1460 5478 pene
1491 5418 1622 5458 mss.
1651 5405 1753 5458 et?)

202 5475 338 5536 editis.
361 5481 416 5536 In
452 5483 514 5536 10
546 5479 765 5548 scriptis
787 5490 842 5532 et
867 5479 947 5548 12
969 5478 1244 5545 impressis
1300 5477 1751 5548 legiturconfrcta

201 5553 630 5618 utut—Conﬁctn
650 5545 790 5604 sunt.
826 5549 896 5604 Ut
925 5547 1199 5618 Arnobius
1229 5549 1264 5600 Ι.
1301 5563 1410 5602 vu:
1463 5545 1750 5615 Religioni-

202 5616 264 5696 bus
283 5625 448 5696 artifex
466 5616 522 5677 in
548 5620 996 5696 comminisceutlis
1015 5616 1210 5671 Numa.
1234 5618 1560 5696 Lactantius
1576 5619 1753 5696 imitat

204 5693 264 5759 ιμι
289 5689 515 5750 Ciceron.
549 5695 628 5749 l.t
659 5691 729 5747 de
755 5689 878 5745 Nat.
913 5689 1088 5755 deor.,
1135 5704 1255 5759 cap.
1289 5689 1387 5742 5'2:
1423 5689 1560 5755 Quid
1583 5689 1641 5753 ii,
1665 5690 1753 5756 qui

205 5755 400 5824 diterunt,
429 5775 588 5820 totant
617 5767 684 5820 de
703 5762 804 5816 diis
852 5755 1224 5815 immortalibus
1256 5759 1547 5831 Opinionem
1578 5755 1754 5829 [ictum

203 5835 340 5888 esseab
361 5837 646 5893 hominibus
672 5833 1012 5905 sapientibus.
1045 5831 1174 5888 Bon.

1853 4575 2009 4646 piatle
2031 4592 2208 4632 Lxxtv.
2241 4577 2350 4632 Sed
2377 4578 2515 4633 hanc
2570 4577 2826 4632 librorum
2858 4578 3202 4632 exustionem
3249 4575 3450 4632 Euseb.

1854 4645 1904 4719 in
1931 4645 2212 4702 Chronicis
2239 4663 2382 4702 anno
2411 4649 2566 4704 tertio
2592 4648 2922 4719 Olympiadis
2965 4662 3170 4719 Lxxnv
3203 4647 3371 4717 ponit,
3399 4657 3455 4704 et

1853 4718 2033 4791 ﬂoruit
2061 4734 2190 4772 sane
2220 4728 2330 4773 tum
2359 4719 2630 4791 Socrates,
2660 4718 2848 4791 etcum
2874 4719 3113 4791 Socratis
3139 4718 3304 4774 fuisse
3328 4735 3455 4791 syn-

1853 4787 2095 4843 chronon
2127 4797 2352 4844 teStatur
2389 4791 2550 4844 etiam
2582 4790 2820 4844 Platonis
2851 4790 3120 4860 Dialogus,
3149 4791 3239 4860 qui
3268 4787 3456 4848 Prota-

1854 4874 2001 4933 gorae
2025 4860 2562 4933 nomineiuscriptus
2589 4861 2703 4916 fuit.
2730 4861 3046 4930 Quanquam
3066 4861 3134 4933 de
3165 4865 3265 4917 hoc
3285 4878 3459 4933 quaes-

1856 4932 2049 5002 tio_est'
2076 4931 2216 5002 apud
2245 4931 2478 4986 Macrob.
2508 4931 2604 4985 lih.
2637 4949 2654 4986 ι
2680 4934 2792 4989 Sat.
2823 4947 2945 4995 cap.
2979 4933 3030 4986 1.
3062 4931 3395 4988 Bsrntetns.

1930 4999 1998 5054 Et
2030 4999 2185 5074 libros
2214 5003 2325 5074 ejus
2353 5003 2691 5074 inconcinne,
2719 5013 2826 5074 etc.
2859 5001 2998 5058 Vide
3023 5019 3142 5074 qua:
3189 5020 3351 5074 supra
3371 5005 3457 5059 di-

1857 5072 2041 5146 ximus
2063 5073 2129 5126 ad
2153 5088 2270 5146 cap.
2290 5072 2376 5146 __22
2407 5073 2498 5146 lib.
2535 5090 2570 5128 t.
2607 5075 2686 5129 Ex
2719 5073 2820 5146 hoe
2850 5075 2968 5130 loco
2999 5072 3353 5146 cerrigendus
3375 5077 3455 5130 lo-

1855 5159 1952 5199 cus
1977 5143 2185 5216 Minutii
2211 5143 2374 5216 Felic.
2402 5143 2489 5216 ubi
2522 5145 2764 5200 nonnulli
2791 5146 2996 5214 legunt,
3019 5143 3210 5214 scripta
3236 5148 3349 5216 ejus
3369 5147 3460 5200 tle-

1856 5216 2082 5281 riserint,
2109 5214 2414 5284 legendum.
2443 5215 2750 5271 deusserint.
2786 5216 2937 5272 Patet
2984 5218 3087 5272 hoc
3113 5231 3180 5273 ex
3206 5214 3452 5272 Lactant.

1857 5286 2016 5340 etiam
2043 5301 2110 5341 ex
2139 5285 2374 5356 Diogene
2402 5285 2586 5340 Laert.
2619 5287 2709 5356 qui
2738 5286 2807 5342 de
2833 5287 2982 5342 omni
3010 5287 3108 5342 hac
3138 5303 3197 5342 re
3215 5287 3452 5343 disserit.

1857 5357 1993 5413 Vide
2013 5367 2068 5412 et
2088 5356 2404 5413 Ciceronem
2436 5358 2530 5412 lib.
2558 5373 2574 5412 ι
2604 5357 2673 5412 de
2704 5357 2901 5413 Natura
2927 5359 3170 5414 deorum.

1930 5451 1996 5502 Et
2025 5450 2231 5504 auditor
2260 5453 2372 5516 eius
2405 5449 2578 5511 Plato.
2611 5459 2716 5507 etc.
2747 5451 2916 5520 Quam
2957 5451 3330 5520 inconstanter
3361 5463 3457 5520 an-

1860 5530 1964 5574 tem
1993 5521 2038 5574 is
2059 5524 2127 5576 de
2146 5521 2306 5576 rebus
2332 5521 2528 5576 divinis
2554 5518 2895 5584 disseruerit,
2913 5536 3018 5575 non
3047 5518 3206 5573 modo
3221 5518 3457 5572 Velleius

1860 5591 2172 5665 Epicureus
2179 5593 2327 5665 apud
2355 5593 2670 5665 Ciceronem
2699 5593 2907 5665 objicit,
2937 5589 3223 5665 sedetiam
3255 5587 3454 5665 Euseb.

1857 5663 1926 5719 de
1949 5663 2121 5732 Prtep.
2154 5662 2356 5733 Evang.
2375 5663 2468 5718 lib.
2505 5679 2602 5718 χιιι
2631 5661 2918 5733 collatione
2946 5661 3460 5728 scriptorumipsius

1859 5733 2097 5804 diligenti
2127 5732 2404 5790 evidenter
2425 5734 2778 5789 demonstrat.
2806 5732 3007 5787 Βιτυι..
3459 5750 3462 5757 ·

1939 5826 2324 5897 Insecabilibus.
2350 5827 2557 5885 Atomis
2583 5825 2806 5883 scilicet.
