3912 6256
445 345 552 403 105
1757 353 1767 362 '
1832 341 2015 400 FIRM.
2057 341 2061 397 ἶ

2184 340 2420 398 ιτΑΝτιι
3647 337 3736 394 101

450 458 566 514 sine
594 464 744 528 partu
767 501 782 526 ,
810 455 936 515 item
957 463 1151 514 caetera
1183 456 1412 514 viventia
1435 457 1552 514 sine
1575 456 1719 511 coitu
1745 475 1756 508 :
1790 458 2033 526 arbores,
2063 463 2116 524 Α
2211 456 2411 513 Omitto
2440 454 2640 510 silicem
2670 469 2734 509 ac
2763 453 2988 509 ferrum.
3019 452 3219 509 Orbem
3245 451 3478 509 vitreum
3517 451 3731 522 plenum
3752 478 3798 534 εξ

450 559 505 604 et
530 565 648 621 quae
677 551 960 621 gignuntur
986 565 1016 605 e
1061 557 1202 604 terra
1223 590 1238 616 ,
1266 549 1480 620 propria
1508 549 1713 604 semina
1741 563 1846 604 non
1871 547 2037 604 habe-
2143 563 2296 619 aqua:
2324 549 2369 602 si
2401 546 2640 602 tenueris
2664 547 2717 602 in
2744 547 2859 602 sole
2887 588 2902 614 ,
2935 545 3004 601 de
3033 545 3268 614 lumine,
3305 544 3448 617 quod
3483 545 3552 599 ab
3605 541 3845 621 aquajléi

453 653 612 708 rent,
681 659 800 713 quae
857 658 954 698 nos
997 643 1238 712 quotidie
1286 652 1613 706 tractamus.
1661 652 1716 698 et
1787 642 2038 698 serimus.

455 737 561 789 (Zur
581 750 645 790 ex
673 733 943 790 frumento
971 749 1126 805 seges
1151 741 1410 800 nascitur,
1441 743 1497 790 et
1523 749 1708 789 rursus
1738 749 1805 789 ex
1857 743 2044 804 segete

455 829 822 884 frumentum?
852 828 1093 900 Denique
1113 829 1157 884 si
1205 839 1504 883 atomorum
1555 826 1716 881 coitio
1742 834 1798 881 et
1823 826 2045 896 conglo-

453 923 601 980 batio
626 921 864 977 efliceret
892 922 1108 988 omnia,
1147 921 1199 974 in
1247 935 1372 976 aere
1426 919 1679 975 universa
1729 933 2047 974 concresce-

458 1023 608 1079 rent;
650 1013 694 1068 si
720 1013 939 1083 quidem
972 1029 1065 1084 per
1096 1014 1254 1068 inane
1280 1012 1447 1067 atomi
1471 1013 1699 1067 volitant
1731 1030 1745 1067 :
1791 1027 1888 1067 cur
1930 1015 2049 1068 sine

459 1114 597 1161 terra
623 1146 639 1172 ,
667 1103 784 1160 sine
810 1103 1081 1160 radicibus
1099 1145 1112 1168 ,
1166 1105 1283 1159 sine
1312 1101 1539 1159 hutnore
1560 1144 1574 1168 ,
1633 1103 1751 1158 sine
1799 1102 2004 1158 semine
2033 1143 2047 1166 ,

461 1216 565 1254 non
592 1197 757 1253 herba
781 1238 796 1266 ,
828 1213 935 1253 non
966 1196 1148 1264 arbor,
1202 1212 1308 1250 non
1360 1195 1540 1267 fruges
1588 1195 1718 1250 oriri
1759 1195 2052 1266 augerique

460 1291 728 1366 possunt?
754 1290 906 1347 Unde
938 1299 1193 1360 apparet,
1217 1289 1351 1345 nihil
1373 1305 1437 1344 ex
1461 1289 1659 1344 atomis
1700 1287 1814 1344 fieri
1845 1305 1858 1352 ;
1886 1304 2053 1358 quan-

460 1385 750 1456 doquidem
779 1398 1112 1453 unaquaeque
1135 1397 1222 1437 res
1251 1381 1412 1437 habet
1433 1385 1704 1452 pr0priam
1743 1389 2056 1450 certamque

463 1487 738 1544 naturam,
769 1491 923 1531 suum
945 1491 1129 1532 semen
1151 1516 1166 1541 ,
1197 1489 1348 1530 suam
1380 1476 1552 1546 legem
1596 1474 1664 1529 ab
1703 1473 1927 1530 exordio
1961 1473 2056 1528 da-

465 1582 594 1625 tam.
638 1569 876 1638 Denique
926 1567 1243 1632 Lucretius,
1285 1567 1436 1637 quasi
1477 1566 1674 1621 oblitus
1716 1574 2052 1631 atomorum,

465 1677 598 1734 quas
627 1660 936 1726 asserebat,
968 1668 1027 1714 ut
1071 1659 1416 1729 redargueret
1457 1673 1584 1726 eos,
1629 1657 1717 1728 qui
1747 1657 1932 1713 dicunt
1985 1672 2054 1712 ex

2145 733 2282 789 Nunt
2305 735 2467 789 etiam
2499 734 2550 788 in
2580 748 2717 803 aqua
2745 734 2921 804 ignem
2951 746 3072 788 esse
3097 731 3425 787 credendum
3447 739 3532 787 est
3550 731 3574 784 ?
3595 731 3734 800 atqui

2147 827 2214 882 de
2241 827 2357 881 sole
2387 826 2525 897 ignis
2573 841 2640 881 ne
2688 834 2874 880 astate
2904 825 3119 895 quidem
3158 823 3380 878 accendi
3435 829 3631 893 potest.
3681 823 3730 878 Si

2150 935 2288 976 cera:
2314 921 2639 975 inhalaveris
2659 961 2674 984 ,
2706 919 2791 974 vel
2824 919 2866 974 si
2895 934 3062 990 vapor
3089 919 3222 973 levis
3240 916 3452 992 aliquid
3477 917 3735 988 attigerit,

2151 1024 2243 1070 aut
2271 1025 2508 1070 crustam
2549 1015 2870 1078 marmoris,
2901 1022 2993 1067 aut
3033 1013 3289 1068 laminam
3319 1054 3334 1080 ,
3367 1011 3626 1083 paulatim
3654 1027 3740 1082 per

2153 1106 2546 1162 minutissimos
2590 1121 2740 1161 rores
2777 1121 2912 1176 aqua
2941 1104 3261 1160 concrescit.
3295 1102 3427 1160 Item
3457 1103 3526 1160 de
3577 1102 3735 1159 halitu

2158 1209 2313 1256 terra:
2335 1210 2426 1256 aut
2453 1201 2618 1254 maris
2642 1199 2837 1256 nebula
2865 1199 3048 1254 existit
3073 1215 3085 1251 :
3111 1213 3232 1269 qua:
3255 1207 3348 1253 aut
3378 1197 3624 1268 dispersa
3651 1196 3739 1252 bu-

2157 1295 2373 1350 mel‘acit
2418 1292 2676 1365 quidquid
2727 1293 2959 1359 texerit;
3014 1301 3106 1347 aut
3152 1292 3417 1359 collecta,
3461 1293 3514 1346 in
3559 1289 3744 1348 arduos

2158 1398 2368 1444 montes
2399 1387 2451 1442 in
2493 1387 2722 1442 sublime
2751 1398 2913 1442 vento
2952 1395 3105 1456 rapta
3124 1426 3138 1449 ,
3168 1388 3400 1456 stipatur
3435 1385 3486 1439 in
3515 1383 3736 1449 nubem,

2161 1491 2320 1551 atque
2351 1480 2551 1535 imbres
2582 1479 2845 1534 maximos
2887 1477 3089 1548 dejicit.
3119 1476 3222 1533 Ubi
3247 1491 3377 1547 ergo
3422 1475 3656 1531 dicimus
3694 1475 3745 1528 li-

2159 1587 2358 1643 quores
2381 1580 2534 1627 natos
2559 1570 2729 1625 esse?
2755 1568 2892 1624 Num
2917 1569 2970 1623 in
3023 1567 3258 1639 vapore?
3296 1566 3432 1622 Num
3465 1567 3520 1622 in
3552 1566 3746 1622 halitu?
3845 1566 3847 1638 l

2161 1666 2297 1722 Num
2325 1667 2376 1720 iu
2409 1665 2612 1721 vento?
2643 1663 2803 1735 Atqui
2832 1663 2962 1718 nihil
2994 1671 3172 1733 potest
3202 1662 3503 1718 consistere
3550 1662 3604 1717 in
3653 1677 3743 1727 eo,

3807 697 3820 710 α

2144 605 2406 710 refulget,
2441 639 2576 709 ignis
2607 605 2920 694 accenditur
2944 638 3106 696 etiam
3130 639 3183 692 in
3203 605 3501 693 durissimo
3523 605 3733 708 frigore.
3750 605 3846 715 "i

3831 701 3840 716 ἱ

467 1753 634 1810 nihilo
683 1755 796 1809 fieri
843 1755 1025 1808 omnia
1047 1795 1060 1817 ,
1108 1753 1192 1808 his
1241 1753 1571 1824 argumentis
1617 1767 1744 1808 usus
1791 1761 1904 1816 est,
1939 1767 2059 1824 qua:
2161 1760 2302 1829 quod
2331 1775 2428 1816 nec
2458 1759 2711 1830 tangitur,
2742 1773 2843 1815 nec
2890 1757 3119 1813 videtur.
3153 1757 3292 1826 Quid
3317 1773 3419 1830 ego
3444 1757 3513 1815 de
3540 1758 3849 1830 animm-ﬁ

465 1855 651 1902 υοιηῑθ
675 1846 847 1917 ipsum
869 1845 1130 1902 valerem-
1160 1844 1248 1900 δίε
1275 1845 1418 1900 θιιίιη
1445 1844 1578 1899 dim
1614 1861 1626 1898 ε
2085 1860 2134 1921 Β
2161 1827 2301 1908 libus
2337 1827 2634 1922 loquar,vin
2663 1865 2892 1920 quorum
2947 1849 3264 1920 corporibus
3291 1827 3422 1904 nihil
3452 1849 3573 1906 sine
3598 1827 3770 1930 ratio-i

622 1962 744 2012 Nam
766 1963 806 2011 si
826 1962 890 2011 de
908 1960 1058 2010 nihilo
1080 1959 1282 2022 fierent,
1310 1959 1590 2024 exomnibu
1609 1959 1762 2008 rebus
2087 1919 2117 1921 ⁷
2167 1960 2237 2000 tte
2261 1985 2275 2009 ,
2305 1919 2427 1998 sine
2461 1941 2650 1998 ordine
2667 1919 2692 2007 ,ί
2709 1942 2827 1996 sine
2867 1919 3100 1997 utilitate
3119 1983 3135 2006 ,
3189 1942 3306 1997 sine
3339 1943 3523 2012 specie
3570 1919 3774 2024 figura-ﬁ

623 2024 781 2076 Omne
798 2037 960 2086 genus
982 2024 1110 2072 nasci
1135 2029 1301 2086 posset
1326 2021 1391 2071 nil
1416 2022 1608 2071 semine
1631 2028 1829 2084 egeret.

2168 2047 2278 2093 tum
2306 2037 2588 2103 videmus;
2622 2037 2758 2092 adeo
2774 2044 2833 2091 ut
2853 2035 3208 2091 solertissima
3230 2077 3245 2102 ,
3276 2044 3329 2091 et
3353 2022 3780 2106 diligentissimi

469 2132 599 2189 Item
631 2140 814 2203 postea
836 2171 852 2197 ,

653 2246 731 2310 Nil
750 2247 905 2310 igitur
926 2247 1037 2310 fieri
1058 2246 1126 2295 de
1147 2245 1244 2296 nilo
1264 2258 1409 2310 posse
1433 2243 1684 2296 fatendum
1705 2252 1785 2295 est

655 2308 857 2372 Semine
882 2309 1075 2372 quando
1093 2321 1216 2371 Opus
1235 2316 1320 2372 est
1340 2308 1511 2372 rebus,
1535 2322 1633 2371 quo
1655 2320 1866 2370 quaeque
1881 2315 2064 2358 creatae

657 2370 800 2421 Aeris
822 2372 870 2420 in
892 2370 1092 2421 teneras
1116 2370 1299 2434 possint
1323 2370 1587 2432 proferrier
1609 2384 1769 2420 auras.

469 2498 600 2567 Quis
625 2499 766 2554 hunc
801 2506 949 2568 putet
994 2497 1246 2553 habuisse
1275 2497 1594 2562 cerebrum,
1627 2513 1752 2553 cum
1779 2497 1894 2554 haec
1919 2499 2066 2553 dice-

470 2601 581 2658 ret,
612 2607 710 2646 ncc
748 2590 958 2646 videret
987 2589 1089 2645 sibi
1118 2603 1240 2646 esse
1281 2590 1590 2644 contraria?
1620 2589 1764 2644 Nihil
1795 2591 1938 2645 enim
1970 2605 2067 2661 per

470 2693 680 2739 atomos
718 2685 832 2738 fieri
876 2683 1070 2740 exinde
1114 2694 1371 2754 apparet,
1403 2683 1543 2754 quod
1593 2699 1778 2740 semen
1805 2687 2068 2757 cujusque

473 2775 549 2830 rei
575 2785 779 2832 certum
818 2785 901 2831 est
929 2791 944 2841 ;
975 2774 1074 2829 nisi
1109 2773 1248 2830 forte
1272 2785 1326 2831 et
1348 2775 1517 2846 ignis,
1557 2785 1611 2830 et
1636 2790 1788 2845 aqua:
1817 2786 2065 2831 naturam

470 2886 535 2925 cx
567 2871 762 2926 atomis
783 2885 903 2926 esse
925 2869 1227 2926 credemus.
1279 2869 1451 2938 Quid,
1501 2867 1646 2940 quod
1674 2868 1949 2924 durissimi
1996 2871 2069 2925 ri-

471 2962 616 3032 goris
641 2957 909 3024 materiai,
938 2962 982 3016 si
1013 2962 1117 3016 ictu
1143 2959 1547 3016 vehementiore
1562 2959 1905 3029 collidantur,
1929 2963 2068 3033 ignis

471 3054 735 3110 excutitur
759 3055 782 3107 ?
813 3053 948 3110 Num
971 3052 1025 3108 in
1050 3054 1193 3110 ferro
1219 3061 1311 3108 aut
1335 3053 1483 3108 silice
1511 3054 1677 3108 atomi
1701 3053 1913 3109 latent?
1937 3055 2068 3121 Quis

471 3146 686 3202 inclusit
709 3148 733 3199 ‘l
759 3156 963 3201 autcur
991 3161 1084 3201 sua
1115 3154 1306 3214 sponte
1354 3160 1459 3200 non
1486 3145 1752 3210 emicant;
1798 3155 1891 3200 aut
1935 3163 2070 3217 quo-

2165 2131 2404 2186 omnium
2438 2129 2668 2200 partium
2701 2130 3171 2199 membrorumque
3218 2127 3551 2198 descriptio,
3583 2115 3782 2213 casumé‘

2167 2239 2230 2281 ac
2278 2224 2543 2280 fortunam
2576 2225 2817 2294 repellat.
2866 2223 2973 2280 Sed
3005 2231 3254 2294 putemus
3301 2231 3450 2278 artus
3478 2231 3534 2278 et
3561 2237 3680 2278 ossa
3708 2230 3753 2277 et

2169 2333 2366 2373 nervos
2391 2327 2447 2372 et
2475 2321 2790 2388 sanguinem
2842 2316 2910 2372 de
2952 2317 3147 2372 atomis
3190 2330 3351 2387 posse
3393 2331 3750 2372 concrescere.

2168 2412 2306 2478 Quid
2336 2426 2528 2467 sensus
2553 2453 2567 2476 ,
2597 2411 2852 2481 cogitatio
2876 2450 2891 2475 ,
2923 2411 3180 2466 memoria
3203 2451 3218 2478 ,
3248 2424 3436 2474 mens,
3468 2409 3749 2479 ingenium,

2167 2504 2362 2575 quibus
2381 2501 2675 2558 seminibus
2695 2503 3060 2574 coagmentari
3080 2501 3342 2574 possunt?
3365 2501 3749 2567 minutissimis,

2169 2596 2360 2667 inquit.
2397 2596 2534 2651 Sunt
2557 2609 2686 2666 ergo
2726 2595 2833 2650 alia
2864 2595 3089 2666 majora.
3121 2595 3409 2664 Quomodo
3434 2595 3598 2666 igitur
3628 2596 3752 2651 iuse-

2169 2689 2361 2745 cabilia
2385 2689 2409 2742 ?
3087 2694 3092 2697 '
3322 2695 3326 2698 ’

2245 2781 2448 2837 Deinde
2470 2821 2485 2847 ,
2517 2781 2562 2836 si
2594 2795 2661 2837 ex
2706 2780 3065 2837 invisibilibus
3092 2789 3254 2846 sunt,
3287 2795 3408 2851 qua:
3440 2795 3547 2836 non
3578 2780 3751 2836 viden-

2171 2883 2256 2930 tur
2275 2916 2288 2941 ,
2322 2890 2661 2945 consequens
2685 2884 2803 2941 est,
2833 2883 2891 2930 ut
2916 2890 2982 2930 ex
3011 2874 3313 2929 visibilibus
3341 2875 3446 2929 sint
3467 2916 3483 2941 ,
3531 2889 3652 2944 quae
3694 2871 3756 2925 vi-

2170 2966 2398 3033 dentur;
2440 2983 2537 3022 cur
2587 2967 2746 3038 igitur
2783 2981 2944 3022 nemo
2990 2965 3174 3022 videt?
3205 2965 3311 3022 Sed
3340 2966 3454 3021 sive
3483 2964 3756 3020 invisibilia

2176 3075 2292 3130 qua:
2316 3070 2441 3116 sunt
2469 3062 2522 3116 in
2551 3060 2768 3116 homine
2787 3059 3132 3126 consideret,
3154 3060 3269 3116 sive
3290 3059 3595 3116 tractabilia
3617 3101 3631 3125 ,
3654 3073 3758 3129 qua:

2175 3153 2395 3208 veniunt
2423 3153 2524 3208 sub
2551 3164 2827 3223 aspectum
2845 3196 2859 3220 ,
2888 3154 3098 3209 ratione
3123 3162 3352 3223 utraque
3377 3164 3632 3209 constare
3651 3151 3754 3224 quis

473 3239 634 3294 modo
659 3239 863 3294 semina
891 3238 1027 3308 ignis
1052 3238 1106 3292 in
1130 3236 1351 3294 materia
1374 3236 1720 3308 frigidissima
1747 3252 2070 3308 permanere
2095 3274 2140 3338 Ο
2178 3263 2286 3302 non
2319 3245 2504 3302 videt?
2533 3245 2816 3314 Quomodo
2845 3260 2976 3316 ergo
2995 3246 3114 3301 sine
3140 3247 3350 3301 ratione
3376 3246 3628 3301 coeuntia
3655 3259 3759 3314 pos-

474 3341 762 3404 potuerunt
790 3333 813 3384 ?

2173 3349 2297 3394 sunt
2320 3338 2521 3409 aliquid
2544 3337 2761 3394 efﬁcere
2801 3338 3112 3394 rationale?
3145 3334 3399 3394 Videmus
3439 3338 3585 3394 enim
3631 3336 3750 3393 nihil

1820 3426 2176 3485 VARIORUM
2213 3430 2440 3487 ΝΟΤΔΕ.

520 3523 527 3529 ’
552 3522 668 3576 Non
686 3521 857 3576 herba.
890 3519 978 3577 Sic
999 3521 1212 3591 reposui
1241 3535 1305 3576 ex
1331 3536 1462 3577 mss.
1492 3529 1547 3577 et
1573 3521 1735 3578 editis
1765 3530 1872 3576 vet.
1903 3522 2060 3578 Rom.

474 3592 756 3720 :Jiylll’tltic.,
820 3592 1013 3649 Cellar.
1084 3591 1138 3648 In
1197 3593 1410 3649 caeteris
1476 3593 1636 3648 editis
1688 3593 1909 3664 legitur,
1963 3612 2067 3649 non

493 3682 566 3719 ter
599 3680 661 3719 ω.

542 3736 828 3809 Augerique
849 3746 1079 3806 possunt.
1113 3734 1236 3792 Mss.
1278 3737 1340 3792 14
1371 3745 1424 3792 et
1453 3736 1519 3791 15
1549 3736 1698 3803 edd.,
1729 3745 1818 3790 aut
1845 3753 2064 3806 genera-

483 3810 527 3862 ri
555 3817 784 3862 nossunt.

575 3879 688 3932 fieri
737 3878 802 3932 de
845 3879 970 3932 nilo.
1027 3877 1177 3946 Lips.
1235 3876 1308 3944 2,
1375 3878 1630 3943 Reimm.,
1688 3877 1866 3944 Rost.,
1925 3877 2059 3931 Ven.

477 3950 609 4003 H71
643 3951 705 4003 de
730 3950 894 4003 nullo.
945 3949 1174 4018 Bonon.,
1211 3947 1398 4013 00th.,
1431 3948 1568 4002 Ven.
1600 3959 1827 4018 utraque
1874 3949 2012 4004 1478
2035 3992 2051 4016 ,

475 4020 670 4084 Betul.,
705 4020 895 4086 Turn.,
918 4017 1156 4082 Walclt.,
1191 4019 1302 4073 fieri
1328 4019 1389 4072 de
1422 4019 1582 4073 nihilo
1613 4017 1879 4088 posterius
1899 4035 2061 4089 repu-

473 4101 599 4161 gnat
626 4093 800 4146 versui
832 4109 846 4158 ;
879 4091 1028 4160 prius
1054 4090 1116 4142 de
1146 4090 1290 4144 nullo
1315 4089 1549 4145 Lucretii
1575 4091 1744 4157 mori,
1777 4091 1866 4160 qui
1898 4091 2070 4146 liben-

477 4171 559 4217 ter
582 4161 804 4216 nihilum
833 4163 884 4217 in
917 4161 1083 4216 nilum
1125 4161 1430 4226 contrahit,
1459 4161 1690 4231 exempli
1719 4163 1888 4233 gratia
1911 4203 1926 4228 ,

731 4315 742 4326 .
770 4314 782 4326 .
814 4313 825 4326 .
856 4313 869 4326 .
901 4315 910 4326 .
939 4274 1012 4324 Ad
1032 4275 1182 4326 nilum
1198 4287 1411 4338 quaeque
1434 4276 1657 4337 reverti;

476 4383 544 4440 Et
570 4399 708 4440 vers.
739 4384 844 4440 674
878 4402 889 4438 :

629 4497 704 4548 Ne
724 4499 810 4548 tibi
830 4512 914 4550 res
929 4499 1141 4549 redeant
1158 4497 1218 4548 ad
1239 4495 1391 4578 nilum
1409 4495 1626 4546 funditus
1643 4508 1834 4546 omnes.

555 4601 840 4658 Fatendum
864 4613 956 4658 est.
987 4602 1116 4658 Mss.
1144 4602 1180 4656 2
1204 4601 1412 4656 Bonon.
1432 4641 1447 4666 ,
1475 4600 1497 4653 1
1526 4599 1683 4670 ch.,
1711 4614 1821 4655 rec.
1841 4642 1857 4665 ,
1885 4601 1919 4655 5
1943 4599 2068 4657 Col-

481 4673 644 4740 bert.,
697 4673 853 4741 Pen.,
915 4673 1180 4740 Clarom.,
1240 4673 1524 4742 putandum
1571 4681 1666 4726 est.
1716 4671 1742 4724 1
1796 4671 2062 4740 Sorbon.,

478 4762 522 4797 st
535 4745 738 4798 iendum
752 4755 848 4799 est.

552 4815 679 4882 Quis
718 4815 852 4870 [tunc
897 4825 1034 4886 putet
1075 4814 1309 4869 habuisse
1354 4813 1656 4886 cerebrum?
1688 4812 1881 4886 Siciex
1933 4830 2066 4870 mss.

477 4885 589 4940 fere
615 4887 863 4941 omnibus
889 4884 1126 4951 restitui;
1158 4887 1208 4940 in
1239 4887 1274 4940 4
1311 4900 1422 4940 rec.
1472 4895 1526 4940 ct
1575 4885 1627 4938 in
1674 4884 1836 4939 editis
1873 4885 2069 4956 legitur

478 4967 642 5027 putat.
676 4957 930 5012 Habuisse
949 4957 1229 5020 cerebrum,
1263 4956 1314 5011 id
1354 4964 1461 5027 est,
1485 4957 1748 5010 rationem
1797 4966 1851 5010 et
1877 4970 2063 5010 sanam

478 5026 752 5094 mentem;
807 5044 926 5082 nam
977 5039 1187 5083 veteres
1216 5027 1270 5081 in
1323 5026 1548 5082 cerebro
1599 5027 1851 5082 dixerunt
1900 5027 2068 5087 animi

477 5115 597 5153 esse
620 5099 825 5154 sedem.
847 5099 959 5154 Cic.
989 5099 1207 5154 Tuscul.
1240 5115 1286 5162 ι,
1321 5113 1439 5167 cap.
1460 5098 1516 5152 9.
1545 5127 1617 5137 -—
1645 5097 1900 5150 llabuisse
1932 5115 2070 5152 cere-

477 5169 642 5223 brum.
674 5170 980 5239 Eleganter,
1013 5185 1070 5224 ut
1098 5169 1360 5224 thrdrus
1411 5169 1478 5222 de
1527 5167 1697 5223 Larva
1758 5167 1852 5239 lib.
1913 5184 1930 5220 ι
1957 5169 2066 5239 ,_7.

474 5243 548 5312 27:
586 5241 630 5294 0
658 5237 849 5312 quanta
875 5242 1094 5310 species,
1124 5241 1316 5310 inquit,
1342 5241 1604 5293 cerebrum
1628 5255 1728 5292 non
1759 5238 1924 5312 liabet.
1968 5237 2068 5295 Ubi

475 5311 600 5366 vide
657 5308 1062 5367 Bunemamtum
1109 5312 1162 5366 in
1201 5308 1368 5365 _novo
1419 5310 1834 5364 commentario.
1868 5308 2068 5364 lterum

477 5382 624 5438 Lact.
656 5385 786 5450 epit.
825 5399 944 5450 cap.
979 5385 1045 5440 56
1072 5401 1087 5440 :
1115 5381 1359 5437 Homines
1380 5382 1549 5436 inanis
1578 5381 1765 5434 cerebri
1788 5395 1807 5444 ;
1830 5380 1896 5433 de
1923 5379 2070 5449 Opif.

475 5469 594 5522 cap.
640 5453 709 5509 16
759 5471 772 5506 2
815 5455 917 5508 Alii
961 5455 1130 5510 sedem
1157 5454 1267 5522 ejus
1298 5451 1542 5524 (mentis)
1596 5452 1648 5505 in
1704 5451 1906 5505 cerebro
1951 5467 2072 5507 esse

472 5525 742 5579 dixerunt.
774 5524 905 5582 BUN.

547 5593 890 5652 CredemusJ
921 5596 1182 5662 Colbert.,
1235 5596 1524 5660 credimus;
1557 5595 1582 5650 1
1629 5594 1699 5650 al.
1749 5593 1988 5650 Colbert.
2018 5602 2074 5650 et

475 5667 664 5732 Brun.,
697 5669 988 5725 credamus.

548 5736 689 5809 Ignis
716 5741 987 5794 excutitur.
1019 5739 1110 5795 Sic
1136 5752 1327 5792 omnes
1365 5736 1548 5806 scripti
1572 5737 1807 5809 editique
1827 5778 1841 5801 ,
1875 5746 2072 5809 praeter

475 5808 610 5869 Ven.
641 5811 870 5884 primam
901 5809 1063 5880 1478,
1087 5809 1360 5874 excutitur,
1385 5823 1567 5879 prave.
1597 5808 1804 5864 Mallem
1834 5849 1850 5879 ,
1881 5808 1926 5863 si
1949 5808 2071 5865 libri

2103 4500 2156 4559 D

2174 3535 2479 3582 aunuerent
2500 3567 2514 3591 ,
2544 3525 2836 3592 excuditur,
2860 3537 2918 3582 ut
2945 3525 3094 3597 Virg.
3129 3542 3142 3580 t
3174 3524 3301 3582 ZEn.
3336 3527 3436 3582 l'M
3473 3545 3485 3580 :

2363 3640 2435 3690 Ac
2459 3639 2668 3702 primum
2695 3641 2842 3691 silicis
2865 3640 3124 3692 scintillam
3147 3640 3352 3692 excudit
3369 3641 3602 3691 Achates.

3194 3729 3199 3740 '
3451 3723 3582 3778 Bos.

2251 3822 2436 3878 Orbem
2457 3823 2689 3890 vitreum,
2714 3833 2818 3878 etc.
2861 3823 2985 3879 Haec
3011 3823 3235 3878 cristalli
3276 3831 3467 3876 natura
3500 3831 3619 3887 est,
3652 3838 3755 3892 quat

2174 3893 2308 3948 nihil
2340 3894 2482 3948 aliud
2510 3904 2590 3949 est
2612 3937 2625 3959 ,
2650 3911 2810 3963 quam
2837 3909 2973 3964 aqua
2997 3895 3049 3948 itt
3075 3895 3266 3958 lapidis
3287 3894 3540 3950 duritiem
3569 3895 3752 3964 frigore
3838 3919 3846 3931 ι

2168 3975 2223 4019 et
2253 3974 2517 4020 vetustate
2563 3966 2868 4036 congelata.
2922 3965 3050 4019 Vide
3097 3964 3459 4036 Mat-bodaeum
3502 3981 3624 4020 cunt
3663 3967 3758 4018 suis

2179 4035 2712 4091 commentatorihus.
2745 4037 2817 4090 De
2846 4036 2984 4105 ignis
3014 4047 3203 4091 natura
3232 4035 3595 4104 Theophrasti
3636 4036 3756 4105 liber

2179 4117 2346 4160 extat.
2395 4108 2535 4162 Sunt
2582 4107 2790 4163 similes
2839 4102 2976 4176 ignis
3029 4106 3280 4161 eliciendi
3355 4102 3593 4162 rationes
3634 4102 3759 4172 apud

2180 4177 2319 4233 Plin.
2345 4187 2400 4233 et
2431 4178 2737 4234 Lucretium
2768 4179 2975 4248 ipsum,
3021 4189 3182 4247 atque
3207 4178 3370 4232 etiam
3419 4177 3562 4247 apud
3606 4179 3759 4232 Sene-

2181 4263 2299 4303 cam
2333 4251 2384 4302 itt
2416 4249 2656 4304 Natural.
2685 4259 2876 4318 qtuest.
2903 4249 3107 4303 Βετυι.

2255 4319 2577 4375 Credendum
2602 4329 2692 4375 est.
2723 4319 2851 4374 Mss.
2874 4319 2928 4384 5,
2959 4320 3185 4374 credent.

2256 4391 2411 4460 Atqui
2440 4393 2502 4444 de
2523 4393 2630 4445 sole
2658 4392 2813 4462 ignis,
2865 4400 2968 4446 etc.
3013 4389 3386 4445 Hallucinatur
3417 4390 3756 4447 Lactantius:

2185 4462 2516 4532 experientia
2545 4464 2876 4516 contrarium
2902 4469 3150 4516 testatur.

2254 4533 2396 4586 Cera:
2424 4533 2751 4587 inhalaveris.
2779 4532 2904 4585 Mss.
2938 4547 2992 4598 ι,
3024 4532 3157 4603 Reg.
3191 4546 3329 4598 rec.,
3356 4535 3390 4588 5
3427 4533 3666 4590 Colbert.
3713 4538 3759 4585 et

2175 4603 2380 4664 Baluz..
2416 4603 2478 4658 Si
2510 4619 2640 4658 certe
2658 4605 2711 4657 in
2735 4605 2995 4658 alveariis.

2256 4673 2424 4748 νίτρον
2442 4675 2590 4748 levis.
2604 4674 2732 4748 lilss.
2746 4673 2941 4748 460th"
2957 4675 3117 4748 lenis;
3144 4674 3168 4728 1
3188 4673 3402 4730 Bonon.
3421 4676 3612 4748 autiq.,
3639 4676 3751 4730 leue.

2243 4745 2343 4797 Aut
2371 4745 2545 4800 maris.
2573 4745 2700 4801 Mss.
2733 4746 2766 4800 6
2795 4755 2842 4799 et
2864 4746 3044 4799 maris.

2247 4815 2387 4886 Quid,
2412 4833 2524 4885 ego.
2567 4817 2656 4874 Sic
2705 4816 2985 4886 legendum
3034 4832 3101 4870 ex
3145 4825 3253 4871 vet.
3311 4833 3442 4882 mss.
3481 4818 3504 4872 1
3537 4819 3753 4880 Bonon.,

2171 4885 2338 4960 Cauc.
2363 4885 2555 4960 Cteteri
2581 4897 2634 4941 et
2659 4885 2785 4942 edd.
2803 4888 3007 4960 habent
3045 4903 3200 4960 ergo;
3228 4887 3418 4952 Brun.,
3450 4889 3627 4960 igitur.

2243 4957 2460 5011 Deinde.
2493 4957 2566 5012 Ita
2601 4958 2814 5026 reposui
2844 4975 2910 5013 ex
2933 4959 3182 5014 omnibus
3206 4974 3335 5015 mss.
3365 4957 3563 5028 prtc'ter
3590 4961 3622 5016 5
3648 4973 3748 5014 rec.

2173 5027 2225 5082 in
2259 5028 2454 5101 quibus
2479 5039 2562 5084 est
2587 5029 2851 5101 Denique,
2882 5037 2942 5084 ut
2970 5032 3022 5085 in
3057 5028 3241 5085 editis.

2252 5099 2312 5153 Si
2343 5116 2406 5153 ea:
2431 5099 2762 5155 inuisibilibus
2789 5110 2905 5154 sunt
2928 5143 2942 5167 ,
2972 5115 3087 5170 qua:
3116 5117 3217 5154 non
3244 5101 3499 5163 videntur,
3534 5118 3674 5155 nemo
3695 5100 3757 5154 vi—

2172 5169 2299 5224 det?
2328 5171 2418 5224 Sic
2463 5171 2746 5241 Iegeudum
2795 5187 2866 5226 ex
2917 5169 3144 5241 utroque
3175 5172 3407 5237 Bonon.,
3443 5176 3476 5227 5
3503 5173 3753 5233 Colbert.,

2173 5241 2358 5295 Baluz.
2388 5250 2443 5296 et
2467 5241 2623 5306 Tam,
2661 5252 2768 5296 non
2799 5253 2856 5296 ut
2893 5243 3008 5308 alii,
3035 5244 3078 5296 si
3129 5258 3192 5296 ea:
3226 5243 3565 5299 inuisibilibus
3613 5242 3720 5294 sunt
3743 5281 3756 5303 ,

2170 5328 2285 5382 qua:
2308 5314 2558 5377 videntur,
2587 5329 2677 5366 cur
2691 5315 2846 5384 igitur
2876 5330 3034 5378 nemo~
3051 5314 3182 5367 videt
3205 5315 3228 5366 ?
3252 5313 3431 5368 Utitur
3453 5320 3755 5384 argumento

2171 5399 2200 5436 a
2228 5385 2514 5438 contrariis
2547 5403 2560 5438 ε
2593 5384 2635 5436 si
2662 5400 2726 5439 ea
2755 5400 2876 5454 qua:
2916 5401 3022 5439 non
3047 5385 3316 5444 videntur.
3356 5396 3578 5440 manant
3598 5401 3624 5437 a
3644 5397 3753 5438 cor-

2175 5454 2392 5526 poribus
2422 5454 2824 5520 invisihilibus;
2857 5471 2984 5526 ergo
3033 5471 3153 5525 quae
3200 5455 3470 5519 videntur,
3509 5455 3756 5518 prodeunt

2171 5540 2239 5579 ex
2259 5524 2566 5596 visibilibus
2591 5542 2606 5590 ;
2635 5542 2696 5581 ea
2720 5528 2879 5596 igitur
2903 5524 3001 5582 cur
3028 5524 3133 5580 non
3157 5526 3448 5582 videntur?
3472 5526 3654 5583 lsmus.

2245 5593 2562 5651 Cousiderel.
2598 5596 2724 5651 Mss.
2742 5593 2787 5650 '7
2817 5597 3125 5651 consideres.

2243 5663 2575 5740 Tractabilia.
2591 5666 2719 5722 Mss.
2743 5669 2810 5723 16
2825 5671 2963 5724 inter
2979 5683 3114 5740 quos
3131 5675 3214 5724 est
3229 5667 3550 5740 Regio-Put.
3574 5666 3760 5740 habent

2175 5736 2423 5811 tactibilia
2448 5755 2464 5802 ;
2494 5738 2922 5811 Bouon.antiq.,
2946 5736 3173 5811 laetitia;
3202 5740 3238 5793 2
3258 5736 3410 5795 C6“).
3428 5781 3440 5802 ,
3457 5736 3758 5811 laetabilia;

2170 5810 2208 5866 ‘2
2233 5807 2366 5881 Reg.
2389 5823 2500 5866 rec.
2549 5819 2603 5866 et
2649 5810 2736 5866 ed.
2773 5807 2947 5889 Roinq
2981 5810 3142 5880 1470,
3191 5809 3534 5880 iutactibilia;
3573 5809 3638 5868 al.
3671 5808 3751 5865 ed.
