3912 6256
115 481 142 503 ὧν

197 299 285 360 1ὒῦ

1487 293 1687 352 LIBER
1731 295 1822 352 DE
1862 295 1979 353 lliA
2023 295 2158 354 DEI.

3335 310 3440 368 106

190 432 295 472 esse
322 416 368 467 iu
393 411 532 466 omni
557 406 763 472 mundo,
790 404 934 476 quod
952 421 1060 462 non
1078 404 1271 462 habeat
1289 405 1340 462 in
1358 422 1416 462 se
1442 408 1728 462 maximam
1760 413 1812 471 Α
1838 409 1982 464 tione
2011 410 2079 466 de
2097 406 2324 467 cnnfuso
2346 423 2543 472 acervo
2569 432 2628 474 se
2659 419 2823 475 atomi
2850 434 3314 494 congregaverant
3336 471 3350 492 ,
3381 436 3440 483 ut

191 504 563 573 mirabilemque
589 501 866 554 rationem.
919 498 1048 564 Quae
1074 540 1089 563 ,
1117 499 1241 568 quia
1282 514 1442 568 supra
1497 499 1732 554 hominis

190 612 380 655 sensum
405 604 456 649 et
485 593 744 663 ingenium
784 601 865 646 est
887 632 903 657 ,
935 591 1021 646 cui
1053 593 1287 659 rectius,
1337 607 1498 662 quam
1531 592 1732 646 divinae

189 687 505 764 providentia:
537 684 812 740 tribuenda
845 684 966 739 est?
997 683 1077 738 An
1113 685 1463 740 simulacrum
1495 683 1733 738 hominis

190 794 239 841 et
270 792 471 838 statuam
496 777 633 834 ratio
683 787 739 832 et
778 792 868 848 ars
908 775 1092 848 ﬁngit;
1144 778 1318 850 ipsum
1363 777 1636 832 hominem
1668 777 1736 832 de

193 875 356 930 frustis
399 882 583 926 temere
624 871 1072 925 concurrentibus
1125 869 1241 924 fieri
1295 870 1631 939 putabimus?
1670 869 1738 924 Et

191 966 304 1037 quid
327 963 483 1028 simile
520 961 760 1017 veritatis
801 963 853 1016 in
903 962 1060 1028 ﬁcto,
1096 975 1220 1018 cum
1248 977 1517 1018 summum
1549 971 1605 1016 ct
1642 978 1737 1017 cx-

189 1060 363 1114 ccllens
388 1053 662 1110 artificium
690 1053 824 1108 nihil
846 1054 990 1108 aliud
1010 1095 1026 1120 ,
1060 1054 1162 1109 nisi
1203 1053 1446 1109 umbram
1470 1061 1528 1109 et
1551 1063 1734 1109 extre-

186 1169 259 1210 ma
292 1151 516 1221 corporis
543 1149 866 1204 lineamenta
898 1149 1071 1220 possit
1110 1150 1346 1204 imitari?
1392 1148 1530 1204 Num
1566 1150 1739 1219 potuit

184 1245 388 1298 humana
415 1241 628 1296 solertia
657 1239 788 1296 dare
817 1242 968 1312 operi
999 1256 1099 1298 suo
1127 1253 1220 1297 aut
1252 1251 1456 1297 motum
1478 1243 1735 1312 aliquem,

181 1348 260 1393 aut
281 1351 483 1392 sensum
505 1334 527 1387 ?
553 1333 754 1388 Omitto
807 1347 962 1390 usum
1012 1335 1265 1402 videndi,
1302 1335 1583 1394 audiendi.
1615 1335 1739 1390 odo-

181 1427 314 1485 randi
335 1467 349 1493 ,
370 1436 792 1494 czeterorumque
812 1427 1180 1482 membrorum
1201 1468 1219 1494 ,
1237 1425 1317 1481 vel
1341 1425 1735 1496 apparentium,

183 1519 258 1575 vel
286 1516 582 1581 latentium,
632 1516 913 1572 mirabiles
940 1517 1217 1574 utilitates.
1245 1517 1377 1584 Quis
1414 1516 1606 1572 artifex
1638 1531 1738 1587 po-

182 1611 268 1664 tuit
287 1651 300 1675 ,
325 1619 408 1664 aut
431 1623 521 1662 cor
552 1607 792 1662 hominis
812 1649 827 1674 ,
879 1619 971 1661 aut
1007 1623 1225 1674 vocem,
1255 1618 1346 1662 aut
1376 1608 1543 1678 ipsam
1574 1607 1738 1661 fabri.

183 1719 294 1758 care
316 1702 616 1772 sapientiam
636 1699 1042 1770 iouisquamne
1063 1699 1226 1770 igitur
1245 1714 1412 1756 sanus
1434 1701 1738 1764 existimat,

1837 516 1900 555 ex
1928 501 2048 558 aliis
2075 503 2296 559 inferius
2321 517 2462 562 terra
2485 512 2920 580 conglobaretur,
2954 515 3150 570 cceltnn
3202 518 3438 589 desuper

1842 593 2176 660 tenderetur,
2232 606 2378 652 tanta
2426 599 2665 656 siderum
2713 606 2972 661 varietate
3013 607 3452 674 distinctum,ut~

1839 685 1973 741 nihil
2005 703 2245 758 unquam
2276 691 2574 762 excogitari
2609 696 2780 764 possit
2806 698 3090 752 ornatlus?
3111 698 3278 755 Tanta
3310 716 3443 772 ergo

1838 780 1926 849 qui
1957 780 2220 836 videatet
2254 783 2417 851 talia,
2461 794 2642 854 potest
2690 787 3004 843 existimare
3057 790 3203 844 nullo
3246 791 3446 849 effecta

1839 888 1960 929 esse
1974 874 2225 937 consilio,
2245 875 2391 929 nulla
2415 877 2776 946 providentia,
2807 879 2953 933 nulla
2977 879 3188 935 ratione
3216 881 3439 950 divina;

1840 967 1936 1021 sed
1964 981 2032 1020 es
2057 966 2252 1022 atomis
2269 967 2558 1024 subtilibus
2579 1009 2595 1035 ,
2628 970 2840 1040 exiguis
2863 983 3116 1027 concreta
3142 989 3264 1029 esse
3294 984 3443 1030 tanta

1841 1057 2096 1111 miracula
2124 1058 2147 1111 ?
2173 1057 2363 1114 Nonne
2394 1060 2637 1130 prodigio
2663 1061 2842 1117 simile
2868 1071 2953 1116 est
2989 1075 3081 1117 aut
3109 1074 3292 1118 natum
3319 1079 3449 1120 esse

1843 1149 2152 1214 hominem,
2195 1152 2285 1220 qui
2320 1151 2433 1206 hac
2453 1151 2691 1220 diceret,
2722 1163 2816 1208 aut
2832 1155 3108 1219 extitisse,
3139 1157 3229 1226 qui
3255 1157 3450 1214 crede-

1842 1243 1968 1296 ret?
2003 1250 2060 1298 ut
2091 1242 2455 1298 Democritum
2481 1285 2494 1309 ,
2523 1245 2615 1314 qui
2646 1244 2862 1300 auditor
2889 1246 3006 1316 ejus
3031 1247 3134 1302 fuit
3158 1289 3173 1312 ,
3201 1250 3286 1304 vel
3318 1250 3454 1322 Epi-

1840 1345 2066 1396 curum,
2101 1334 2152 1388 itt
2182 1347 2343 1403 quem
2389 1334 2595 1390 vanitas
2651 1338 2832 1391 omnis
2884 1335 2953 1392 de
2998 1337 3257 1409 Leucippi
3297 1344 3448 1400 fonte

1843 1424 2112 1495 proﬂuxit.
2140 1428 2210 1480 At
2236 1427 2378 1481 enim
2409 1426 2592 1497 (sicut
2616 1427 2706 1482 alii
2733 1427 2958 1500 dicunt)
2985 1441 3174 1484 natura
3208 1434 3447 1490 mundus

1842 1516 2072 1573 effectus
2097 1526 2215 1582 est,
2249 1533 2370 1587 qua:
2421 1531 2584 1572 sensu
2636 1529 2692 1573 et
2746 1519 2914 1589 figura
2963 1533 3130 1576 caret.
3163 1522 3277 1577 lloe
3316 1539 3452 1581 vero

1843 1612 2013 1668 multo
2039 1621 2126 1666 est
2149 1611 2455 1667 absurdius.
2477 1611 2534 1668 Si
2566 1623 2754 1667 natura
2787 1613 3044 1668 mundum
3077 1613 3201 1669 fecit
3222 1658 3236 1680 ,
3260 1621 3444 1675 consi-

1845 1705 1916 1776 lio
1937 1715 1991 1760 et
2021 1704 2233 1759 ratione
2282 1704 2501 1769 fecerit,
2544 1719 2768 1760 necesse
2797 1714 2881 1762 est
2906 1721 2921 1772 ;
2956 1706 3002 1761 is
3029 1708 3175 1762 enim
3199 1710 3324 1764 facit
3346 1711 3446 1766 ali-

183 1795 309 1866 quod
338 1795 481 1849 ltomo
509 1794 726 1848 ratione
751 1804 806 1847 et
833 1792 1061 1848 consilio
1092 1792 1269 1848 facere
1296 1806 1403 1847 non
1445 1793 1647 1862 possit,
1681 1791 1737 1846 id
1771 1794 1819 1854 B
1847 1799 1973 1868 quid
1999 1840 2014 1864 ,
2037 1800 2126 1868 qui
2152 1806 2242 1853 aut
2272 1797 2602 1852 voluntatem
2631 1796 2860 1854 faciendi
2888 1797 3090 1865 habet,
3138 1811 3230 1855 nut
3269 1803 3449 1857 scien-
3499 1805 3501 1807 ’

128 1943 148 1956 ν
183 1901 412 1944 concursu
448 1895 757 1940 atomorum
785 1884 980 1955 passim
1003 1883 1388 1940 cohaerentium
1419 1884 1599 1954 perlici
1644 1901 1736 1953 po-

180 1979 356 2035 tuisse?
387 1976 546 2032 Vides
585 1979 640 2031 in
677 1991 797 2048 qua:
849 1975 1201 2031 deliramenta
1247 1975 1579 2041 inciderint,
1607 1974 1735 2031 dum

178 2075 340 2132 nolunt
359 2073 696 2130 elfectionem
723 2085 1017 2142 curamque
1046 2085 1227 2126 rerum
1252 2070 1363 2125 Deo
1399 2069 1550 2126 dare.

235 2165 591 2221 Concedamus
634 2174 815 2218 tamen
847 2162 967 2227 his,
999 2171 1058 2216 ut
1097 2179 1163 2217 ex
1209 2162 1404 2218 atomis
1446 2164 1572 2218 liattt
1621 2179 1740 2234 quas

177 2269 358 2315 terrena
373 2265 529 2312 sunt:
560 2271 695 2310 nunt
725 2256 887 2311 etiam
913 2252 1191 2310 ctelestia‘!
1217 2253 1356 2308 Deos
1384 2255 1534 2309 aiunt
1559 2255 1738 2309 incor-

177 2361 368 2421 ruptos,
393 2359 625 2405 teternos
649 2390 666 2412 ,
698 2349 884 2404 beatos
907 2363 1068 2413 esse;
1095 2346 1333 2416 solisque
1360 2348 1490 2401 dant
1536 2348 1736 2401 immu-

175 2442 405 2509 nitatem,
434 2457 499 2496 ne
537 2453 810 2495 concursu
862 2448 1165 2493 atomorum
1215 2437 1452 2493 concreti
1493 2452 1616 2493 esse
1655 2438 1734 2492 vi-

173 2533 398 2590 deantur.
427 2531 483 2587 Si
511 2531 662 2587 enim
692 2530 766 2586 dii
811 2543 1024 2601 quoque
1065 2543 1132 2584 ex
1177 2527 1285 2583 illis
1330 2527 1734 2597 constitissent,

173 2625 482 2697 dissipabiles
506 2624 743 2691 flerent,
787 2622 1084 2678 seminibus
1113 2620 1405 2692 aliquando
1444 2623 1733 2689 reSolutis,

176 2728 325 2788 atque
365 2717 412 2772 in
454 2721 704 2772 naturam
745 2729 894 2769 suam
937 2714 1352 2770 revertentibus.
1382 2712 1526 2784 Ergo
1571 2715 1614 2768 si
1655 2725 1740 2770 est

174 2807 385 2880 aliquid,
413 2807 547 2879 quod
573 2807 749 2861 atomi
783 2823 888 2861 non
932 2804 1206 2861 ell‘ecerint
1228 2846 1245 2872 ,
1268 2821 1367 2860 cur
1407 2821 1514 2861 non
1539 2816 1736 2862 cmtera

173 2901 340 2956 eodem
369 2901 522 2956 modo
581 2898 995 2970 intelligamus?
1029 2897 1160 2966 Sed,
1187 2912 1372 2968 quaero
1395 2939 1412 2965 ,
1451 2909 1736 2969 antequam

175 2991 401 3048 mundum
432 2993 728 3063 primordia
769 2992 870 3046 ista
908 2999 1261 3061 generarent,
1284 3007 1381 3046 cur
1405 2991 1506 3046 sibi
1536 2992 1609 3046 dii
1637 2991 1737 3048 ha-

173 3087 436 3144 bitaculum
487 3105 605 3143 non
659 3086 1080 3142 :edilicaveriut?
1116 3084 1378 3142 Videlicet
1429 3086 1532 3141 nisi
1571 3086 1736 3141 atomi

1841 1891 1988 1946 tiam.
2026 1891 2082 1946 Si
2109 1898 2258 1945 caret
2298 1903 2460 1945 sensu
2502 1904 2565 1944 ac
2619 1889 2788 1958 llgura
2813 1931 2827 1954 ,
2858 1891 3131 1960 quomodo
3173 1903 3347 1962 potest
3372 1894 3450 1947 ab

1841 1999 1903 2038 ea
1930 1983 2045 2039 ﬁeri
2065 2026 2081 2050 ,
2105 1982 2249 2054 quod
2271 1991 2327 2038 et
2351 1996 2570 2038 sensum
2593 1981 2857 2038 habeatet
2885 1983 3105 2054 liguratn
3125 1984 3148 2036 ?
3170 1986 3270 2038 nisi
3300 1983 3450 2041 forte

1842 2076 1963 2146 quis
1988 2075 2301 2139 arbitretur,
2333 2073 2648 2130 animalium
2682 2073 2936 2128 fabricam
2969 2083 3077 2128 tam
3109 2075 3364 2130 subtilem
3409 2092 3448 2130 ts

1845 2183 1951 2224 non
1979 2167 2249 2223 sentiente
2268 2165 2488 2221 formari
2511 2166 2846 2236 auimarique
2869 2167 3110 2236 potuisse
3133 2183 3146 2230 ;
3169 2176 3262 2222 aut
3284 2169 3447 2222 istam

1843 2263 1963 2318 οωιί
1985 2261 2220 2331 Speciem
2237 2301 2252 2327 ,
2278 2270 2384 2315 tam
2405 2259 2750 2330 providenter
2769 2259 2834 2314 ad
2858 2261 3119 2316 utilitates
3147 2262 3448 2319 viventium

1847 2364 2236 2425 temperatam,
2263 2351 2447 2408 nescio
2486 2367 2596 2422 quo
2639 2366 2768 2407 casu
2790 2393 2805 2416 ,
2842 2353 2961 2408 sine
2993 2353 3294 2422 conditore,
3320 2356 3446 2410 sine

1844 2447 2084 2511 artifice,
2128 2445 2308 2500 subito
2345 2443 2608 2498 extitisse.

1919 2555 1938 2588 ι
1974 2539 2030 2592 Si
2058 2535 2183 2607 quid
2210 2543 2323 2601 est,
2355 2535 2529 2604 inquit
2555 2534 2922 2606 Chrysippus,
2945 2535 3088 2605 quod
3118 2534 3319 2592 efﬁciat
3343 2551 3436 2604 ca,‘

1843 2645 1962 2700 qua:
1991 2630 2172 2692 homo,
2205 2626 2330 2682 licet
2359 2627 2570 2681 ratione
2625 2627 2694 2680 sit
2749 2626 3048 2697 przeditus,
3101 2627 3278 2684 facere
3327 2631 3438 2684 non

1846 2721 2046 2791 possit,
2080 2720 2128 2774 id
2153 2718 2396 2790 profecto
2419 2727 2504 2774 cst
2534 2717 2738 2788 majus,
2768 2727 2821 2774 et
2849 2717 3078 2788 fortius,
3120 2731 3174 2775 et
3213 2723 3436 2792 sapien-

1845 2811 1949 2867 tius
1976 2811 2212 2865 homine.
2247 2829 2264 2862 s
2293 2809 2465 2864 llo.t.o
2490 2819 2667 2863 autem
2697 2825 2803 2863 non
2837 2819 3014 2879 potest
3041 2813 3216 2866 lacere
3253 2813 3449 2868 caeles-

1843 2905 1949 2968 tia;
1979 2918 2108 2972 ergo
2139 2901 2270 2956 illud
2294 2942 2310 2967 ,
2339 2901 2482 2971 quod
2531 2901 2646 2954 haec
2669 2902 2869 2956 efficiet
2907 2903 2989 2956 vel
3027 2903 3269 2956 elfeeerit
3294 2945 3309 2968 ,
3352 2918 3448 2958 su-

1844 3002 1998 3066 perat
2027 2992 2300 3048 hominem
2329 3000 2469 3057 arte,
2509 2991 2769 3058 consilio,
2801 2991 3084 3062 prudentia
3104 3033 3118 3058 ,
3153 3003 3444 3062 potestate.

1844 3091 1975 3158 Quis
2025 3090 2186 3161 igitur
2213 3097 2390 3158 potest
2431 3101 2590 3151 esse,
2649 3086 2752 3141 nisi
2808 3086 2988 3141 Deus?
3033 3084 3233 3142 Natura
3288 3103 3439 3155 vero,

173 3182 401 3239 coiissent
425 3225 440 3250 ,
467 3184 785 3253 caelumque
814 3181 1098 3248 fecissent,
1148 3179 1325 3235 adhuc
1372 3179 1444 3235 dii
1491 3196 1586 3252 per
1628 3195 1742 3235 me-
1771 3164 1816 3226 C
1849 3201 2006 3255 quam
2035 3182 2201 3239 veluti
2230 3191 2456 3237 matrem
2487 3194 2611 3236 esse
2634 3195 2815 3236 rerum
2859 3188 3070 3250 putant,
3117 3181 3160 3235 si
3208 3191 3447 3237 mentem

174 3275 301 3331 dium
326 3278 476 3332 inane
507 3275 834 3348 penderent.
865 3275 984 3342 Quo
1033 3272 1195 3345 igitur
1242 3274 1494 3343 consilio,
1528 3290 1629 3346 qua
1660 3289 1746 3330 ra-

1851 3291 1956 3332 non
1989 3275 2178 3344 habet,
2203 3272 2337 3330 nihil
2355 3272 2556 3329 efficiet
2581 3287 2814 3344 unquam
2837 3314 2850 3338 ,
2884 3270 3016 3326 nihil
3043 3272 3312 3328 molietur.
3344 3272 3446 3329 Ubi

1500 3390 1852 3448 νΑιιιοιιυΜ
1883 3390 2113 3447 NOTAE.

175 3507 310 3563 Rom.
339 3505 494 3573 M74,
526 3503 892 3571 intactabilia;
920 3503 1083 3559 altera
1109 3504 1268 3559 Rom.
1303 3504 1445 3560 1468
1466 3521 1588 3560 cum
1630 3520 1734 3561 ca:-

176 3581 285 3650 teris
328 3579 619 3650 impressis
655 3592 718 3630 ac
767 3576 1330 3650 scriptis__tractabilia_,
1361 3587 1416 3630 ut
1463 3578 1518 3650 in
1565 3587 1731 3632 textu.

175 3649 307 3706 Unde
331 3647 520 3719 liquet,
570 3647 716 3702 sicut
757 3661 824 3704 ex
873 3647 1033 3719 variis
1071 3647 1401 3719 lectionibus
1429 3647 1585 3719 aliis,
1628 3657 1736 3719 tres

175 3717 416 3776 ltotnanas
466 3719 740 3776 editiones
782 3733 812 3772 a
866 3732 926 3772 se
977 3717 1204 3773 invicem
1260 3717 1520 3772 diversas.
1549 3717 1653 3773 Sed
1683 3726 1738 3773 et

173 3792 282 3848 alibi
309 3793 529 3862 legimus
555 3788 704 3859 apud
727 3788 1062 3844 Lactantium
1089 3789 1182 3862 lib.
1213 3804 1243 3842 v
1272 3787 1453 3862 Divin.
1477 3787 1736 3862 Ιιιξιιίιιιι.Ξ

173 3878 271 3933 cap.
295 3857 383 3928 22,
415 3857 875 3933 oculis’manuquc
919 3861 1180 3914 tractabile
1202 3859 1338 3933 ;_ubi
1367 3858 1489 3914 vide
1514 3857 1638 3916 Νοι.
1672 3859 1738 3914 ad

175 3931 254 3987 lib.
282 3934 343 3989 de
368 3933 627 4004 Opiﬁcio,
651 3932 826 4004 cap._i
861 3947 1014 3984 manu
1045 3931 1283 4004 et_oculis
1311 3941 1643 4004 contrectare.

237 3999 464 4059 muenia
486 3999 729 4073 corporis
743 4002 1067 4073 lineamenta.
1095 3999 1292 4066 Lond.,
1320 4001 1476 4073 Begu,
1503 4000 1733 4073 Reimm.

172 4083 218 4129 et
242 4092 418 4131 omnes
463 4071 624 4137 libri,
681 4084 923 4126 exirenta.
977 4071 1141 4128 Recte
1171 4087 1300 4141 ergo
1339 4087 1402 4126 ex
1465 4072 1566 4125 hoc
1620 4072 1739 4128 loco

172 4145 227 4200 D.
255 4146 479 4200 Bouhier
517 4152 708 4199 monet
746 4145 1009 4198 adversus
1041 4143 1344 4207 Davisimn;
1377 4143 1538 4197 etiam
1569 4144 1619 4197 itt
1649 4141 1739 4197 Ci-

170 4231 346 4272 cerone
373 4217 462 4271 lib.
525 4232 540 4271 t
589 4214 661 4269 de
708 4213 824 4269 Nat.
878 4213 1061 4277 Deor.,
1114 4229 1232 4285 cap.
1263 4213 1332 4268 44
1367 4231 1379 4266 :
1410 4212 1738 4268 Lineamenta

172 4290 396 4342 duntaxat
425 4288 667 4341 extremis
707 4285 1010 4338 servandum
1035 4301 1163 4340 esse.
1215 4285 1336 4340 Pari
1381 4286 1542 4339 modo
1588 4286 1733 4339 Lact.

168 4357 251 4415 lib.
281 4375 329 4424 v,
351 4372 465 4428 cap.
489 4357 526 4411 2
557 4400 572 4413 .
601 4355 928 4411 Lineantenta
965 4365 1012 4409 ct
1039 4372 1286 4410 summam
1315 4355 1534 4481 ligarant
1590 4356 1737 4411 dixit.

1434 4443 1520 4481 UN.

1434 4443 1520 4482 ΠΝ.

236 4498 435 4554 Omitto.
465 4499 563 4556 Ms.
589 4499 616 4553 1
641 4499 774 4554 Bon.
805 4500 1000 4568 antiq.,
1031 4496 1198 4552 Mitto.
1221 4497 1325 4553 Pro
1346 4497 1739 4563 usumvidendi,
1769 4547 1776 4552 .

170 4571 217 4626 in
251 4572 373 4627 edit.
418 4570 616 4628 Venet.
658 4569 807 4625 Trid.
851 4568 1090 4624 Florent.
1139 4579 1223 4624 est
1259 4585 1458 4624 sensum
1507 4569 1737 4637 videndi,

172 4643 328 4708 male,
353 4659 477 4699 mox
503 4646 653 4698 enim
686 4658 785 4696 vox
812 4657 1014 4695 sensum
1045 4642 1340 4710 praecessit.

237 4711 594 4780 Electionem.
620 4713 756 4767 Rara
788 4728 890 4765 vox
911 4755 925 4776 ,
951 4709 1068 4782 qua:
1095 4721 1278 4766 tamen
1311 4711 1580 4781 reperitur
1599 4709 1739 4780 apud

170 4783 492 4854 Ciceronem,
521 4787 615 4839 lib.
633 4801 668 4839 tt
699 4785 766 4838 de
783 4783 1026 4848 Finibus,
1049 4799 1169 4854 cap.
1201 4785 1292 4849 45,
1313 4795 1364 4838 et
1391 4784 1483 4837 lib.
1514 4797 1594 4848 ιιι,
1618 4798 1739 4852 cap.

170 4853 250 4919 25,
281 4859 400 4910 artis
429 4856 650 4921 elfectio.

235 4925 290 4982 Si
314 4930 448 4982 enim
478 4927 552 4979 dii
581 4941 778 4995 quoque
815 4940 877 4978 ea:
902 4923 1007 4979 illis
1031 4925 1390 4979 constitissent.
1417 4923 1509 4980 Sic
1536 4924 1741 4980 restitui

171 5011 228 5052 ex
259 4997 670 5068 quatnplurimis
699 5009 827 5050 mss.
864 4997 1004 5049 inter
1041 5010 1176 5066 quos
1222 5005 1348 5051 sunt
1383 4997 1739 5066 antiquissimi

173 5067 412 5123 lBonon.
445 5078 504 5123 et
531 5066 817 5123 Rem-PM.
852 5063 909 5120 In
938 5067 972 5121 6
1010 5068 1227 5123 scriptis
1254 5078 1311 5120 et
1338 5066 1498 5122 editis
1529 5069 1739 5123 lenitur.

289 5084 412 5123 non.
445 5081 504 5124 ει
534 5081 817 5136 ιςιιεριίιι.
852 5081 909 5120 Ill
938 5081 972 5121 0
1010 5081 1227 5134 SCI'IpllS
1254 5081 1311 5120 el
1338 5081 1498 5122 CUIUS
1529 5081 1740 5136 tegitur,

173 5085 196 5120 ι
219 5085 412 5123 ωηοιι.
445 5085 504 5124 et
534 5085 817 5150 “eg-rut.
852 5085 909 5120 in
938 5085 987 5149 υ.
1010 5085 1227 5148 scriptis
1254 5085 1311 5120 et
1338 5085 1498 5122 catus
1529 5085 1740 5136 tegitur,

172 5140 281 5194 deos
303 5156 503 5210 quoque
528 5155 590 5193 ea:
615 5138 1151 5210 illisiconstitutssent;
1177 5153 1227 5191 ttt
1252 5137 1290 5210 2’s
1310 5137 1441 5208 Reg.
1468 5152 1602 5204 rec.,
1625 5137 1746 5192 Cla-

172 5224 324 5276 rom.,
353 5208 440 5266 ed.
463 5211 622 5265 Rom.
654 5208 812 5274 1470,
841 5209 1031 5264 deos...
1054 5208 1409 5264 constituisset.

237 5277 587 5352 Dlssipabites.
609 5281 736 5336 Haec
751 5295 856 5334 vox
876 5281 966 5334 vix
983 5281 1218 5352 occurrit
1242 5277 1384 5350 apud
1414 5278 1549 5352 alios
1576 5279 1747 5352 scrip-

175 5359 311 5420 tores
335 5369 349 5406 :
374 5348 734 5408 nihilominus
763 5361 910 5406 extat
938 5349 1076 5420 apud
1100 5348 1440 5414 Ciceronem,
1474 5348 1568 5405 lib.
1598 5363 1664 5420 ttt
1681 5349 1747 5401 de

173 5419 362 5494 Natura
385 5423 564 5488 deor.,
592 5439 712 5494 cap.
744 5421 814 5477 12
839 5440 852 5478 :
887 5419 987 5476 Aer
1009 5431 1192 5475 natura
1216 5423 1401 5476 cedens
1428 5429 1503 5476 est
1529 5419 1749 5474 maxime

172 5501 217 5544 et
235 5492 559 5564 dissipabilis.

238 5559 632 5689 fauentibus.
662 5563 789 5619 Mss.
838 5563 874 5618 2
921 5563 1078 5632 Bou.,
1110 5562 1154 5618 Τ
1157 5577 1269 5630 ax.,
1301 5563 1324 5617 1
1360 5559 1542 5628 0011)..
1574 5575 1749 5616 recur-

238 5649 292 5687 ιι
391 5676 404 5689 .

169 5635 404 5689 rentibus.

237 5703 533 5764 Primordia
552 5709 656 5764 ista
678 5715 994 5780 generarent.
1022 5707 1044 5761 l
1084 5705 1289 5760 Bonou.
1319 5705 1486 5773 antiq.
1516 5718 1750 5775 generas-

168 5785 292 5835 seut.

689 5871 967 5937 PATROL.
1019 5869 1155 5935 VII.

1913 3505 2034 3560 Non
2059 3504 2446 3572 (edi/icaverint.
2490 3504 2616 3560 Mss.
2669 3503 2700 3557 7
2736 3511 2791 3559 et
2818 3505 2852 3560 4
2883 3504 3053 3572 editi,
3085 3523 3190 3562 non
3213 3510 3445 3573 edi/ica-

1839 3589 2039 3632 rerunt.
2068 3605 2140 3617 —-
2167 3577 2354 3642 Quaero
2381 3592 2475 3630 cur
2491 3593 2662 3632 non...
2689 3575 3080 3644 wdi/icaverint.
3107 3577 3286 3643 “051.,
3305 3580 3440 3636 Ven.

1845 3649 1944 3702 M7
1961 3648 2172 3711 1-1515,
2199 3658 2255 3701 et
2281 3646 2478 3708 Paris.,
2505 3646 2761 3714 Qunam...
2790 3663 2882 3700 cur
2914 3663 3014 3702 non
3033 3650 3440 3717 wdiﬁcat'eruut.

1845 3718 1993 3773 Haud
2027 3720 2190 3784 male,
2216 3717 2397 3784 judice
2426 3717 2760 3788 lleutuanuo,
2789 3719 2877 3786 qui
2909 3734 3007 3773 nec
3035 3721 3181 3788 prius
3211 3722 3441 3776 Lactan-

1847 3791 1920 3842 tio
1962 3789 2236 3859 iudignum
2263 3802 2329 3842 ex
2345 3787 2670 3859 supradictis
2695 3800 2898 3842 censet.
2932 3787 3057 3843 Mihi
3082 3790 3228 3858 prius
3258 3793 3435 3846 solum

1848 3859 1996 3914 Lact.
2026 3857 2245 3928 dignum
2271 3857 2507 3923 videtur,
2541 3859 2628 3925 qui
2653 3900 2665 3918 .
2694 3859 2782 3912 ubi
2812 3873 2916 3912 non
2945 3857 3263 3929 corrUptus,
3296 3878 3445 3916 sem-

1849 3946 1943 3999 per
1971 3939 2092 3998 post
2118 3945 2290 3999 quwro
2323 3946 2434 3992 cur,
2471 3929 2872 3996 conjunctivum
2901 3931 3070 3999 ponit.
3099 3933 3187 3984 Sic
3233 3933 3328 3988 lib.
3361 3948 3430 4000 ll,

1846 4002 2064 4073 cap.r4,
2117 4001 2375 4073 restitui:
2425 4000 2612 4064 Qmero
2661 4017 2752 4053 cur
2775 4000 2962 4073 illim.
3005 4001 3292 4073 Sacrilegia
3336 4019 3440 4059 non

1845 4072 2246 4134 vindicaverint;
2292 4070 2386 4142 lib.
2419 4086 2533 4142 ιιι,
2592 4085 2710 4140 cap.
2767 4071 2876 4124 15:
2938 4072 3116 4126 Solent
3169 4070 3436 4142 querere,

1845 4160 2002 4197 cur...
2036 4139 2378 4212 reperiantur.
2407 4139 2616 4208 Cicero,
2649 4139 2746 4214 ltb.
2784 4157 2800 4194 ι
2831 4142 2896 4196 de
2938 4141 3059 4198 Nil.
3105 4139 3283 4208 deor.,
3313 4139 3436 4214 cap.

1845 4215 1921 4269 9:
1951 4214 2220 4277 Sciscitor,
2251 4229 2344 4266 cur
2389 4214 2564 4266 mundi
2610 4212 2946 4280 adiﬁcittores
2993 4225 3196 4279 repente
3248 4212 3432 4270 extite-

1843 4286 2039 4339 rint....
2069 4300 2260 4353 quaero,
2291 4300 2383 4337 cur
2420 4282 2637 4338 Promea
2661 4295 2824 4336 vestra
2847 4285 3113 4338 cessat-crit
3129 4300 3149 4349 ;
3178 4285 3245 4340 de
3272 4286 3430 4352 Fato,

1845 4371 1965 4426 cap.
2007 4356 2040 4410 8
2065 4375 2079 4408 :
2110 4356 2387 4426 ﬂumen"
2416 4371 2508 4408 cur
2525 4371 2633 4426 non
2664 4357 2876 4422 possint.
2932 4354 3062 4407 Bon.

1921 4423 2076 4480 Terra
2101 4423 2507 4495 conglobaretur.
2523 4425 2596 4479 lta
2623 4440 2750 4478 mss.
2768 4427 3096 4492 antiquiores
3113 4434 3165 4478 et
3188 4425 3425 4495 potiores

1842 4497 2076 4562 Bouou.,
2113 4497 2426 4564 Regio-Pot.
2476 4498 2704 4567 aliique.
2757 4503 2810 4546 et
2863 4495 2950 4549 ed.
3001 4495 3069 4549 ls.
3124 4499 3194 4549 At
3241 4497 3432 4567 scripti

1843 4570 1912 4624 12
1933 4584 2045 4624 rec.
2073 4578 2130 4622 et
2155 4567 2284 4622 editi
2310 4577 2455 4620 teme
2473 4564 2914 4635 conglobarentur.

1913 4637 2199 4693 Subtilibus
2238 4637 2450 4706 exiguis.
2509 4634 2726 4704 Legitur
2773 4650 2902 4688 vero
2949 4634 3184 4688 subtilius
3234 4636 3432 4705 exiguis

1841 4710 1982 4777 apud
2015 4710 2332 4765 Btttteman..
2353 4709 2512 4776 inque
2540 4709 2678 4777 hanc
2706 4715 3090 4777 vocentatotam
3110 4721 3427 4774 sequentem

1845 4775 2102 4836 Itahet.—
2133 4778 2382 4847 Subtilius
2407 4775 2622 4847 exiguis.
2651 4775 2846 4847 Betul.,
2874 4775 3062 4838 Toru.,
3097 4777 3426 4841 15874613.

1843 4851 2048 4907 Geuev.
2078 4849 2233 4914 l650,
2276 4846 2510 4910 Walcln,
2563 4846 2845 4902 Subtilibus
2880 4857 2923 4899 et
2979 4847 3197 4918 cygnis.
3226 4847 3426 4914 L0nd.,

1844 4923 1956 4994 Reg
1988 4964 2002 4985 ,
2034 4932 2108 4994 iet
2149 4919 2338 4994 Goth.,
2389 4918 2682 4994 subtilibus
2716 4919 2960 4994 _exiguis.
2982 4916 3327 4994 Frequenter
3355 4923 3428 4977 ita

1843 4988 2828 5062 Arnobius,ifreqttentiusilllittucius,
2851 5003 2916 5062 ac
2946 4991 3029 5043 vix
3065 4990 3240 5062 semel
3269 5002 3433 5062 atque

1845 5067 2036 5120 iterum
2066 5064 2136 5120 ita
2153 5057 2482 5117 Lactantius.
2515 5061 2586 5114 Ita
2609 5057 2770 5114 60th.
2800 5059 2997 5114 minora
3015 5101 3028 5124 ,
3055 5060 3270 5114 humilia
3291 5103 3305 5125 .
3335 5057 3430 5120 ubi

1846 5135 2059 5206 plures,
2090 5135 2288 5206 minora
2309 5142 2364 5186 et
2389 5129 2604 5206 humilia
2630 5146 2652 5206 :_
2667 5129 2820 5206 _ttnde
2859 5143 3078 5206 secutus
3105 5131 3426 5206 sumLond.

1844 5199 1900 5262 ct
1927 5199 2066 5263 Gotlt
2097 5203 2435 5259 membranas
2467 5218 2482 5256 :
2508 5199 2757 5257 Subtilius
2790 5201 3007 5272 exiguis,
3042 5217 3138 5272 pro
3163 5202 3435 5260 subtilissi-

1845 5278 1966 5343 mis,
1987 5275 2355 5330 minutissimis.
2389 5272 2519 5328 BDN.

1917 5341 2048 5402 Tam
2087 5345 2358 5411 subtilem,
2399 5343 2528 5400 Mss.
2571 5341 2614 5416 76
2648 5351 2704 5399 et
2740 5341 2779 5396 2
2815 5341 2961 5416 edd.
2987 5342 3189 5416 addunt
3233 5352 3438 5416 tamque

1847 5419 2161 5483 mirabilem;
2191 5420 2350 5472 Cauc.
2381 5416 2488 5471 et9
2519 5415 2644 5471 editi
2665 5456 2681 5482 ,
2701 5425 2804 5468 tam
2834 5414 3084 5469 subtiliter
3122 5434 3154 5468 ιι
3186 5431 3289 5468 non
3315 5414 3431 5470 sen-

1849 5490 2001 5546 tiente
2019 5500 2201 5543 natura
2217 5487 2450 5559 formari.

1923 5560 1983 5616 Si
2012 5553 2228 5613 mentem
2245 5575 2346 5612 non
2372 5557 2542 5610 habet.
2567 5553 2756 5611 Cicero
2783 5555 2849 5622 de
2879 5555 2999 5610 Nat.
3031 5555 3205 5621 deor.,
3229 5571 3267 5609 ιι
3289 5597 3304 5621 ,
3349 5555 3434 5610 di-

1848 5646 2032 5686 versas
2056 5631 2124 5684 de
2158 5639 2342 5682 natura
2390 5627 2684 5683 sententias
2725 5643 2819 5682 seu
2851 5628 3195 5682 definitiones
3233 5628 3437 5681 descri-

1849 5702 1930 5757 bit
1961 5720 1974 5757 ;
2006 5717 2166 5756 unum
2195 5715 2380 5755 eorum
2406 5739 2421 5766 ,
2451 5698 2541 5770 qui
2573 5712 2814 5753 naturam
2855 5707 3078 5770 censent
3108 5699 3211 5749 vim
3250 5713 3438 5770 quam-

1852 5774 1978 5832 dam
2040 5774 2159 5829 sine
2235 5771 2444 5830 ratione
2474 5769 2721 5826 cientem
2787 5779 2964 5822 motus
3018 5769 3070 5823 iu
3125 5769 3444 5836 corporibus

2927 5859 2966 5925 ι.
