3856 6256
386 325 487 382 107

1779 322 1962 377 FIRM.
2006 320 2371 379 LACTANTII

3579 322 3673 384 108

389 440 533 495 enim
582 454 687 494 non
727 448 811 494 cst
851 440 1133 510 cogitatio,
1166 453 1266 494 nec
1320 448 1497 493 motus
1551 448 1632 492 est
1682 439 1857 503 ullus,
1890 454 1988 494 nec
2018 443 2070 500 Λ
2166 439 2220 495 Si
2270 454 2398 493 vero
2436 442 2487 493 in
2538 437 2698 508 hujus
2737 437 2919 494 mundi
2953 435 3054 510 (ut
3101 440 3173 494 ita
3226 438 3454 495 dixerim
3483 441 3502 514 )
3531 454 3672 514 repu.

393 530 667 587 efficacia.
699 529 756 587 Si
796 541 972 586 autem
1010 530 1240 587 consilio
1294 531 1460 586 utitur
1507 531 1571 585 ad
1622 530 1986 601 incipiendum

388 623 592 694 aliquid
612 665 626 689 ,
657 624 866 678 ratione
893 622 959 677 ad
988 622 1386 693 diSponendum
1414 664 1429 690 ,
1479 631 1595 677 arte
1635 623 1701 677 ad
1749 622 1989 678 efﬁcien—

391 714 551 780 dum,
580 700 784 770 ‘virtute
821 714 888 769 ad
916 715 1433 779 consummaudum,
1476 723 1742 785 potestate
1784 715 1851 771 ad
1896 729 1986 771 re-

390 808 622 879 gendum
653 817 709 864 et
760 808 1177 874 continendum;
1228 824 1324 864 cur
1364 816 1551 863 natura
1604 808 1783 877 potius
1827 821 1986 879 quam

393 903 532 958 Deus
563 900 906 957 nominetur?
937 902 1043 956 Aut
1085 902 1129 956 si
1170 914 1468 955 concursus
1516 908 1859 964 atomorum,
1897 899 1990 954 vel

392 1009 583 1051 carens
627 1002 808 1050 mente
856 1004 1079 1055 natura,
1126 1008 1229 1057 ea,
1279 1007 1398 1062 quae
1448 990 1724 1056 videmus,
1776 990 1986 1059 effecit,

296 1161 303 1167 ἢ
393 1103 576 1152 quiem
628 1103 724 1142 cur
771 1086 950 1141 facere
1004 1085 1201 1141 caelum
1254 1084 1525 1153 potuerit,
1555 1082 1742 1138 urbem
1770 1091 1863 1136 aut
1888 1082 1987 1135 do-

394 1195 541 1235 mum
586 1194 690 1232 non
734 1176 1003 1247 potuerit?
1049 1191 1144 1232 cur
1188 1183 1395 1230 montes
1438 1174 1723 1230 marmoris
1762 1173 1987 1240 fecerit,

395 1272 671 1327 columnas
713 1280 768 1325 et
816 1270 1100 1325 simulacra
1149 1284 1254 1323 non
1301 1266 1523 1323 fecerit?
1550 1267 1715 1338 Atqui
1760 1281 1865 1321 non
1896 1266 1991 1323 de-

397 1363 625 1420 buerant
650 1362 815 1418 atomi
843 1363 1003 1419 etiam
1048 1362 1115 1416 ad
1162 1361 1275 1416 haec
1304 1360 1587 1416 efficienda
1626 1375 1988 1427 concurrere;

397 1457 663 1528 siquidem
695 1455 895 1510 nullam
932 1454 1253 1524 positiOnem
1304 1454 1648 1523 relinquunt,
1681 1467 1841 1523 quam
1882 1466 1991 1507 non

398 1554 766 1623 experiantur.
791 1551 921 1606 Nam
963 1551 1033 1606 de
1073 1558 1438 1619 natura,qu:e
1476 1558 1710 1603 mentem
1757 1564 1862 1603 non
1893 1549 1991 1603 ha-

396 1645 554 1710 beat,
590 1659 696 1700 non
718 1653 799 1698 est
825 1641 1157 1705 mirandum,
1189 1639 1331 1711 quod
1358 1638 1474 1713 haec
1503 1638 1679 1695 facere
1703 1639 1867 1694 oblita
1898 1642 1989 1694 sit.

399 1735 536 1801 Quid
562 1749 691 1805 ergo
718 1734 837 1790 est?
861 1733 1054 1803 Utique
1083 1733 1255 1799 Deus,
1279 1746 1403 1786 cum
1426 1732 1705 1786 inchoaret
1733 1732 1834 1787 hoc
1857 1747 1994 1801 opus

2090 531 2230 587 blica
2261 532 2399 585 nulla
2428 530 2764 602 providentia
2794 537 2879 586 est
2902 572 2914 597 ,
2938 545 3059 602 qua:
3100 540 3290 603 regat,
3319 533 3495 589 nullus
3523 527 3671 603 Deus,

2092 624 2181 695 qui
2211 623 2551 678 administret
2571 664 2586 690 ,
2611 637 2713 679 nec
2732 624 2954 679 omnino
2991 637 3184 680 sensus
3215 623 3358 680 ullus
3386 626 3441 679 in
3468 624 3569 679 hac
3596 639 3675 682 re-

2090 730 2211 771 rum
2240 725 2429 770 natura
2459 715 2658 785 pollet;
2701 715 2843 771 unde
2893 715 3056 787 igitur
3099 730 3257 771 mens
3309 716 3540 772 humana
3578 727 3675 773 tam

2092 807 2265 862 solers
2287 848 2301 871 ,
2335 816 2442 861 tam
2487 806 2787 877 intelligens
2837 815 2953 862 orta
2993 821 3114 863 esse
3141 794 3440 863 credetur?
3466 806 3521 865 Si
3545 806 3675 865 enim

2092 913 2290 969 corpus
2319 900 2549 955 hominis
2578 914 2645 955 ex
2672 899 2838 955 humo
2869 899 3047 955 fictum
3072 910 3193 968 est,
3219 901 3365 958 unde
3391 901 3552 958 homo
3592 917 3678 960 no-

2093 1007 2218 1047 men
2247 992 2482 1062 accepit;
2513 991 2722 1046 animus
2753 1005 2882 1061 ergo
2908 993 2997 1061 qui
3042 992 3220 1061 sapit,
3256 993 3350 1063 qui
3397 1002 3574 1049 rector
3605 1002 3679 1051 est

2093 1084 2365 1152 corporis,
2393 1084 2476 1137 cni
2510 1083 2750 1138 membra
2791 1084 3162 1154 obsequuntur
3207 1093 3463 1155 tanquam
3504 1087 3611 1159 regi
3633 1092 3681 1143 et

2096 1178 2405 1247 imperatori
2430 1221 2443 1242 ,
2471 1179 2559 1248 qui
2589 1192 2692 1234 nec
2719 1178 2922 1248 aspici,
2957 1194 3057 1233 nec
3082 1166 3474 1249 comprehendi
3496 1188 3678 1251 potest,

2096 1285 2201 1324 non
2219 1271 2393 1339 pctuit
2421 1271 2486 1323 ad
2511 1267 2783 1325 hominem
2813 1269 2914 1324 nisi
2950 1286 2979 1323 a
3017 1271 3260 1340 sapiente
3286 1282 3477 1326 natura
3509 1285 3681 1342 perve-

2096 1361 2230 1417 nire.
2249 1359 2354 1415 Sed
2383 1361 2522 1415 sicut
2564 1375 2725 1415 oume
2750 1376 2948 1431 corpus
2972 1377 3123 1418 mens
3150 1371 3207 1418 et
3247 1364 3461 1418 animus
3495 1364 3678 1435 guber-

2097 1464 2188 1509 nat
2220 1471 2234 1510 :
2270 1455 2340 1509 ita
2369 1464 2423 1509 et
2453 1455 2711 1510 mundum
2740 1455 2899 1510 Deus.
2943 1455 3051 1511 Nec
3078 1457 3222 1512 enim
3254 1456 3549 1513 verisimile
3573 1467 3676 1526 est,

2098 1553 2157 1601 ut
2186 1548 2394 1601 minora
2440 1557 2494 1601 et
2536 1547 2755 1601 humilia
2808 1547 3048 1617 regimen
3100 1547 3365 1612 habeant,
3396 1542 3595 1620 majora
3632 1556 3680 1606 et

2097 1655 2305 1695 summa
2343 1654 2446 1695 non
2477 1641 2725 1696 habeant.
2762 1642 3003 1711 Denique
3034 1641 3102 1696 M.
3132 1641 3328 1697 Cicero
3358 1644 3411 1697 in
3436 1642 3678 1700 Tuscula-

2099 1734 2182 1788 nis
2207 1774 2221 1799 ,
2250 1742 2305 1789 et
2327 1735 2377 1787 in
2404 1733 2818 1788 Consolatione:
2855 1752 2874 1784 ι
2910 1733 3233 1789 Animorum
3261 1734 3280 1806 (
3304 1735 3479 1806 inquit
3510 1733 3681 1805 )nulla

402 1826 624 1893 mundi,
655 1841 764 1895 quo
786 1824 917 1879 nihil
937 1833 1115 1893 potest
1139 1837 1267 1879 esse
1291 1837 1393 1877 nec
1414 1823 1722 1892 dispositius
1749 1823 1815 1877 ad
1847 1822 1995 1877 ordi-
2022 1820 2072 1879 B
2100 1827 2154 1881 in
2187 1827 2342 1882 terris
2367 1826 2519 1897 origo
2544 1825 2770 1880 inveniri
2788 1833 2978 1896 potest.
3008 1824 3151 1881 Nihil
3185 1836 3269 1881 est
3291 1828 3434 1882 enim
3456 1870 3470 1893 ,
3502 1827 3676 1899 inquit,

406 1934 530 1975 nem
559 1961 574 1985 ,
607 1932 707 1974 nec
732 1918 911 1986 aptius
942 1915 1006 1971 ad
1048 1915 1330 1970 utilitatem
1353 1955 1368 1980 ,
1396 1929 1496 1969 nec
1524 1915 1764 1970 ornatius
1793 1914 1859 1969 ad
1881 1914 1997 1984 pul-

395 2012 789 2075 chritudinem,
837 2024 938 2065 nec
993 2008 1166 2078 majus
1220 2006 1289 2062 ad
1338 2007 1720 2078 molem,qu:e
1774 2007 1890 2063 fieri
1927 2008 1997 2064 ab

402 2103 623 2159 homine
645 2118 751 2157 non
779 2108 1028 2172 poterant
1050 2141 1065 2165 ,
1087 2092 1211 2154 fecit
1233 2101 1385 2170 ipse;
1419 2100 1471 2154 in
1501 2100 1693 2170 quibus
1709 2101 1871 2156 etiam
1898 2100 1997 2155 bo-

403 2182 602 2252 minem
631 2197 803 2267 ipsum
824 2237 839 2261 ,
869 2195 956 2250 cui
982 2193 1297 2265 particulam
1319 2193 1389 2249 de
1411 2209 1504 2248 sua
1524 2195 1781 2265 sapientia
1808 2194 1993 2259 dedit;

401 2300 456 2345 et
484 2290 735 2346 instruxit
764 2304 887 2346 eum
933 2290 1164 2354 ratione,
1194 2297 1453 2359 quantum
1487 2289 1744 2359 fragilitas
1775 2297 1994 2345 terrena

398 2383 673 2454 capiebat,
697 2392 756 2439 ut
776 2384 892 2453 ipse
919 2382 1023 2437 sibi
1054 2382 1330 2446 efﬁceret,
1360 2397 1481 2452 quae
1506 2383 1576 2437 ad
1604 2397 1733 2439 usus
1752 2394 1885 2439 suos
1908 2399 1995 2439 es-

399 2464 523 2531 sent
542 2474 870 2531 necessaria.

2103 1920 2157 1973 in
2210 1908 2403 1973 animis
2451 1918 2670 1973 mistum
2716 1928 2875 1988 atque
2925 1929 3273 1982 concretum,
3309 1926 3402 1973 aut
3447 1918 3584 1990 quod
3620 1933 3681 1975 es

2101 2023 2242 2070 terra
2270 2022 2449 2067 natum
2481 2022 2643 2082 atque
2675 2013 2857 2066 fictum
2888 2027 3009 2067 esse
3034 2012 3321 2076 videatur;
3368 2013 3565 2069 nihilne
3601 2019 3683 2068 aut

2100 2104 2377 2159 humidum
2407 2103 2619 2174 quidem
2641 2146 2654 2168 ,
2677 2112 2769 2158 aut
2797 2102 2976 2159 ﬂabile
3000 2146 3014 2171 ,
3039 2114 3130 2160 aut
3153 2105 3393 2174 igneum.
3428 2103 3519 2159 llis
3547 2104 3676 2162 enim

2103 2199 2309 2252 naturis
2334 2196 2467 2251 nihil
2495 2196 2666 2261 inest,
2701 2193 2843 2265 quod
2875 2195 2981 2250 vim
3005 2197 3320 2261 memoria},
3349 2195 3545 2251 mentis
3565 2207 3680 2265 ,ω-

2090 2290 2373 2360 ,ςίιθιίοηὶς
2399 2288 2594 2342 habeat
2611 2329 2626 2355 ,
2650 2286 2793 2357 quod
2814 2295 2869 2342 et
2900 2287 3166 2357 praeterita
3204 2296 3418 2351 teneat,
3442 2296 3493 2343 et
3519 2286 3683 2343 futura

2100 2379 2395 2453 prtevideat
2419 2422 2432 2444 ,
2468 2388 2523 2434 et
2552 2378 2832 2450 complecti
2865 2380 3035 2447 possit
3066 2377 3361 2447 praesentia
3386 2419 3401 2443 ,
3425 2392 3541 2449 quae
3576 2376 3679 2434 sola

2104 2473 2288 2528 divina
2312 2478 2461 2526 sunt.
2480 2469 2591 2526 Nec
2619 2471 2761 2527 enim
2786 2470 3136 2526 inveniuntur
3155 2460 3395 2543 unquam
3421 2514 3437 2540 ,
3466 2469 3599 2528 unde
3619 2469 3680 2526 ad

1743 2565 2101 2624 VARIOBUM
2138 2562 2366 2621 ΝΟΤιΕ.

399 2705 762 2770 necessarios;
807 2705 1031 2759 alteram
1074 2720 1293 2771 eorum,
1338 2706 1430 2774 qui
1475 2704 1739 2761 definiunt
1766 2710 1873 2762 vim
1904 2724 1992 2763 ra-

399 2776 560 2849 tionis
580 2783 740 2849 atque
764 2774 969 2849 ordinis
997 2776 1333 2849 participem,
1359 2784 1630 2849 tamquam
1653 2778 1736 2831 via
1769 2794 1994 2849 progre-

396 2846 663 2911 dientem,
697 2846 1169 2915 declarantemque
1213 2846 1340 2918 quid
1370 2846 1629 2918 cujusque
1668 2846 1992 2903 caussa'res

397 2919 626 2984 efficiat,
659 2917 789 2988 quid
835 2927 1113 2988 sequatur,
1166 2917 1320 2987 cujus
1376 2917 1652 2975 solertiam
1703 2921 1845 2975 nulla
1882 2935 1992 2987 ars,

402 2990 547 3046 nulla
572 3005 762 3044 manus
786 3030 802 3054 ,
828 3003 990 3045 nemo
1017 2989 1199 3058 opifex
1228 2990 1483 3058 consequi
1508 2991 1688 3113 [possit
1715 2991 1993 3047 imitando.

1553 3077 1831 3113 ETULEIUS.

1553 3077 1831 3116 ETULEIUS.

476 3150 585 3205 Nec
636 3161 836 3210 motus.
868 3160 972 3205 etc.
1029 3149 1190 3219 Atqui
1243 3159 1432 3203 natura
1479 3151 1713 3206 Zenonis
1766 3152 1995 3219 artifex,

403 3222 578 3292 opifex
602 3262 617 3286 ,
646 3221 943 3276 consultrix
964 3262 979 3287 ,
1010 3232 1065 3275 et
1097 3220 1317 3292 provida
1347 3222 1632 3276 utilitatum
1678 3224 2000 3292 opportuni-

401 3290 678 3361 tatumque
703 3292 945 3347 omnium
965 3290 1182 3356 mundi,
1204 3306 1395 3346 omnes
1418 3302 1595 3348 motus
1626 3290 1789 3349 habet
1812 3296 2003 3350 volun-

406 3364 608 3428 tarios,
655 3372 990 3444 conatusque
1021 3431 1032 3444 _
1065 3369 1144 3444 et,
1187 3362 1578 3444 appetitiones,
1639 3381 1773 3444 quas
1836 3370 2001 3443 ὁρμὰς

400 3449 575 3502 graece
612 3441 825 3487 vocant.
855 3430 967 3486 Cic.
1001 3431 1072 3486 de
1103 3430 1436 3501 Nat.’deor.,
1468 3434 1562 3489 lib.
1592 3430 1890 3492 nfBETUL'.

467 3502 715 3559 Consilio.
752 3502 875 3557 Mss.
903 3504 931 3556 7
960 3502 1164 3557 addunt
1188 3519 1302 3568 suo,
1332 3505 1477 3574 quod
1506 3506 1573 3561 ab
1601 3507 1718 3562 aliis
1742 3520 1794 3562 et
1827 3524 1857 3563 a
1881 3509 2000 3563 vul-

406 3573 720 3645 gatisabest
742 3588 993 3645 ,Anecnon
1026 3590 1054 3645 a
1078 3574 1291 3645 caeteris
1322 3573 1530 3644 periodi
1563 3577 1839 3636 membris.

480 3642 867 3722 Ell'ecit.“lilss.
918 3643 954 3698 2
998 3644 1181 3710 Colb.,
1233 3642 1495 3714 Clarom.,
1531 3649 1618 3704 ed.
1647 3649 1896 3722 Gymnic.
1947 3660 2004 3707 et

408 3715 601 3788 Spark.
614 3758 628 3782 ,
658 3715 826 3791 efﬁcit.

480 3804 888 3881 cur..._.__ctelum
915 3796 1164 3881 potuerit;
1190 3810 1443 3881 urbem...
1463 3827 1567 3865 non
1596 3813 1859 3881 potuerit?
1879 3811 2007 3867 Hinc

408 3878 603 3943 similia
633 3877 739 3948 illis
765 3876 1044 3933 Ciceronis
1084 3878 1176 3931 lib.
1212 3895 1249 3933 ιι
1285 3880 1355 3934 de
1400 3876 1606 3936 Natura
1656 3883 1879 3937 deorum
1905 3924 1920 3948 ,
1949 3899 2000 3937 c.

407 3950 474 4003 5'7
500 3966 514 4002 :
547 3947 695 4015 Quod
720 3947 761 4002 si
786 3948 1033 4002 mundum
1061 3949 1253 4018 efﬁcere
1279 3959 1439 4015 potest
1489 3968 1766 4006 concursus
1808 3947 2006 4008 atomo-

410 4030 528 4090 rutn
547 4060 565 4086 ,
589 4034 680 4071 cur
709 4018 959 4088 porticum
983 4060 1000 4083 ,
1052 4034 1145 4072 cur
1197 4020 1444 4090 templum
1465 4058 1481 4086 ,
1507 4039 1598 4075 cur
1635 4022 1841 4077 domum
1864 4064 1879 4089 ,
1913 4041 2005 4078 cur

409 4088 585 4162 urbem
604 4100 707 4143 non
734 4097 893 4162 potest
914 4089 1075 4162 {quas
1115 4099 1231 4144 sunt
1280 4088 1450 4146 minus
1478 4108 1691 4162 Operose
1716 4138 1730 4161 ,
1765 4105 1812 4148 et
1844 4088 2004 4149 multo

411 4156 614 4231 quidem
632 4156 905 4231 faciliora.
939 4156 1073 4214 Bon.
1498 4182 1505 4187 ·

490 4228 773 4300 Αιᾳιιῖηοη
791 4230 1067 4285 debuerant
1091 4231 1266 4284 atomi.
1294 4231 1369 4286 Ita
1395 4234 1602 4288 restitui
1621 4251 1687 4289 ex
1710 4250 1839 4291 mss.
1868 4240 2006 4292 anti-

411 4300 690 4378 {piissimis
707 4311 899 4378 et‘opt1
922 4301 959 4356 2
988 4301 1146 4378 Bon.,
1164 4302 1375 4378 5_Re_g_.,
1398 4304 1433 4359 5
1450 4302 1719 4378 Colbert.,
1736 4307 2001 4378 Clarum.,

413 4370 843 4450 Daiu;.,_Brun.,
861 4371 1238 4450 faventibus}
1259 4375 1377 4450 aliis
1397 4390 1425 4428 a
1448 4370 1817 4450 quibusabest
1838 4370 2001 4450 nega;

414 4444 508 4499 tio.
543 4444 598 4498 In
629 4444 664 4498 5
690 4444 913 4515 scriptis
931 4458 1041 4498 rec.
1064 4452 1119 4498 et
1141 4443 1210 4499 10
1254 4444 1381 4500 edd.
1430 4443 1527 4515 pro
1580 4443 2006 4515 debuerantfest

416 4522 687 4588 potuerant
717 4531 734 4580 ,'
767 4515 818 4567 in
850 4514 972 4588 aliis
995 4522 1227 4588 quatuor
1255 4514 1531 4588 impressis
1553 4529 1847 4588 potuerunt.

484 4582 818 4662 Bunetnann.
871 4582 1347 4662 legit’debuerant;
1372 4582 1571 4662 omisso
1600 4607 1702 4644 non
1736 4610 1749 4644 :
1787 4610 1805 4643 ι
1842 4592 2007 4662 Editi,

416 4655 874 4731 inquit,‘lta_bent,_
908 4657 1046 4726 atqui
1075 4665 1362 4731 potuerant.
1391 4658 1589 4726 Lond.,
1622 4662 1780 4729 Reg,
1814 4655 2005 4731 60th.,

414 4725 560 4797 Lips.
605 4725 661 4787 2,
693 4727 749 4793 5,
783 4725 1011 4803 licitum.
1046 4744 1061 4780 :
1092 4729 1237 4803 alqui
1257 4746 1361 4803 non
1392 4725 1851 4803 debgeranthum
1881 4725 2005 4803 non,

415 4811 513 4866 pro
553 4802 720 4871 nonne
761 4798 1101 4871 sumendum.
1134 4798 1241 4855 Sed
1285 4801 1445 4870 Bou.,
1474 4800 1633 4868 Tum,
1681 4805 1838 4871 Pen.,
1875 4798 2007 4861 Em;

420 4882 565 4922 man.
589 4885 603 4921 :
632 4866 785 4936 Atqui
811 4868 1104 4923 debuerant.
1130 4889 1148 4922 ι

491 4936 705 5015 Nullam
726 4938 1043 5007 positionem.
1074 4940 1392 5015 DeOpific”
1438 4957 1557 5013 cap.
1590 4945 1623 5000 6
1645 4963 1658 4999 :
1679 4945 1741 5002 Si
1785 4950 2009 5015 primor-

419 5009 506 5064 dia
557 5007 757 5064 nullum
800 5026 960 5082 genus
1009 5007 1274 5081 positionis
1317 5007 1636 5141 inexpegtum
1689 5007 2002 5091 relinquunt.

516 5140 519 5141 ν
1528 5101 1616 5141 un.
1716 5124 1725 5130 ο

1528 5101 1616 5142 οη.
1716 5124 1725 5130 —

493 5140 751 5227 Quantum
780 5152 1039 5227 fragilitas
1054 5163 1264 5227 terrena
1307 5140 1677 5227 capiebatlSic
1701 5161 1910 5216 restitui
1939 5176 2007 5218 ex

413 5221 620 5346 clinictlis
650 5238 778 5278 mss.
807 5221 951 5280 et‘lt)
976 5223 1154 5281 editis.
1205 5221 1399 5283 Cameri
1442 5231 1638 5300 vulgati
1682 5231 1865 5302 legunt
1916 5248 2007 5287 cu-

414 5310 447 5346 υ
470 5310 495 5346 ϐ
530 5311 559 5346 α
590 5335 603 5346 .

413 5310 603 5363 pteoat.

487 5386 572 5457 Ad.
592 5388 1096 5442 nsus...necessnria.
1129 5389 1201 5444 fta
1219 5388 1393 5458 jungit
1420 5398 1752 5447 constanter.
1789 5393 1907 5449 Lib.
1939 5411 1956 5449 ι
1987 5412 2001 5450 :

414 5454 682 5536 Derelictis
704 5460 773 5536 ad
801 5458 1010 5536 tutelam
1039 5454 1507 5536 vilre_necessariis;
1540 5464 1703 5533 Epit.,
1740 5480 1860 5536 cap.
1889 5466 1958 5521 56
1987 5485 2000 5521 :

412 5528 585 5607 princ.
627 5546 638 5581 :
678 5528 1051 5607 lNecessurium
1097 5532 1165 5585 ad
1221 5534 1456 5586 salutem.
1494 5528 1721 5607 Seneca
1746 5577 1760 5602 ,
1791 5528 1877 5607 ep.
1928 5538 2000 5592 8:

411 5597 594 5673 Multis
620 5600 687 5653 ad
709 5600 1060 5669 quotidianum
1082 5619 1229 5656 nsum
1255 5605 1549 5661 necessariis
1570 5621 1699 5673 opus
1746 5597 1841 5660 est:
1868 5607 1998 5664 BUN.

481 5670 984 5748 ᾼηὶιιιηθνηκιθεσιοι·
1012 5675 1257 5748 corporis.
1288 5674 1404 5748 μδ.
1433 5692 1493 5740 ιι,
1518 5670 1637 5745 cap.
1674 5677 1771 5744 12,
1796 5677 1888 5734 lib.
1914 5693 1998 5748 vt,

404 5752 456 5795 c.
492 5742 655 5818 ιίιιθ
679 5741 844 5812 0pif.,
868 5745 1001 5818 c._l;
1034 5741 1250 5818 Sallust.
1284 5744 1405 5818 Jug.
1440 5763 1486 5816 ι,
1510 5749 1562 5802 5.
1586 5741 1727 5803 Bon.

401 5852 415 5883 ι
478 5812 561 5868 Ad
578 5829 700 5872 usus
730 5831 870 5872 suos.
901 5815 1111 5887 Sequor
1135 5812 1545 5889 antiquiores'et
1588 5818 1827 5889 potiores
1860 5834 1990 5877 mss.

2096 2705 2131 2759 2
2162 2705 2396 2771 Bouon.,
2432 2701 2751 2771 Regio—Pot.
2802 2701 3044 2773 aliosque
3088 2703 3328 2771 multos,
3360 2712 3416 2761 et
3443 2701 3567 2758 edd.
3614 2699 3678 2758 ιε.

2099 2776 2156 2831 1η
2184 2775 2394 2829 caeteris
2419 2772 2582 2829 editis
2606 2782 2660 2827 et
2679 2772 2985 2843 loscriptis
3016 2788 3128 2828 rec.
3158 2782 3246 2830 est
3275 2776 3329 2830 in
3357 2791 3474 2831 usus
3500 2789 3628 2829 suos.

2171 2846 2369 2915 Corpus
2408 2843 2627 2899 hominis
2659 2859 2722 2898 ex
2750 2841 2903 2896 humo
2931 2844 3108 2912 ﬁctum
3161 2854 3256 2900 est.
3290 2846 3443 2902 Cum.
3475 2851 3577 2900 vet.
3601 2841 3678 2900 ed.

2100 2917 2258 2971 Rom.
2283 2917 2362 2971 sic
2412 2915 2590 2969 ferunt
2639 2929 2829 2970 omnes
2879 2928 3010 2987 mss.
3044 2926 3245 2985 praeter
3276 2918 3303 2974 1
3336 2918 3467 2987 Reg.
3496 2922 3677 2987 rec.et

2100 2987 2384 3042 Clarom.a
2417 2987 2587 3056 prima
2633 3000 2825 3049 manu,
2889 2986 3083 3056 quibus
3136 2997 3253 3055 est,
3306 2998 3366 3045 ut
3418 2986 3468 3044 in
3494 2986 3679 3054 editis,

2103 3059 2295 3127 factum
2327 3067 2415 3111 est.
2450 3057 2584 3111 Vide
2612 3056 2748 3111 infra
2777 3056 2949 3125 ﬁctum
2974 3074 3100 3112 esse.

2180 3127 2327 3183 Unde
2355 3130 2501 3182 horno
2524 3143 2707 3181 nomen
2734 3129 2946 3197 accepit.
2980 3129 3185 3182 Allusin
3221 3140 3307 3185 est
3331 3172 3345 3194 ,
3382 3145 3483 3184 non
3509 3141 3676 3183 verum

2103 3211 2343 3271 etymon,
2367 3198 2509 3268 quod
2540 3208 2623 3253 est
2648 3200 2716 3252 ab
2740 3200 3307 3271 Hebrmoipetendnm,
3343 3200 3683 3257 Faliscum.—

2106 3269 2236 3325 Vide
2258 3270 2590 3325 Lactantium
2610 3285 2768 3337 supra
2797 3269 2885 3323 lib.
2914 3286 2947 3324 ιι
2974 3270 3147 3324 Divin.
3174 3270 3435 3338 lnstitut.,
3465 3288 3514 3327 e.
3539 3271 3684 3334 Il,et

2107 3341 2280 3396 Vossii
2310 3341 2716 3413 Etymologicon
2743 3341 2963 3410 Lingum
2987 3338 3213 3396 Latinae.
3236 3344 3292 3399 In
3315 3342 3475 3399 editis
3497 3344 3527 3396 7
3547 3342 3684 3397 deest

2105 3413 2279 3467 homo.
3604 3444 3607 3449 ,

2181 3483 2257 3537 Μ.
2284 3481 2458 3537 Cicero
2477 3482 2526 3536 in
2556 3480 2861 3535 Tusculanis
2889 3491 2935 3535 et
2968 3482 3021 3536 in
3060 3482 3440 3541 Consolatione.
3472 3484 3525 3539 In
3555 3482 3681 3539 Tus-

2104 3556 2311 3609 culanis
2337 3554 2767 3621 Qumstionibns,
2805 3554 2896 3608 lib.
2928 3569 2980 3622 ι,
3012 3570 3062 3609 c.
3088 3555 3156 3608 27
3210 3572 3276 3611 ex
3321 3557 3457 3611 libro
3489 3569 3586 3610 suo
3624 3550 3685 3607 de

2072 3625 2514 3697 Consolatione,
2566 3639 2687 3693 quae
2730 3634 3027 3691 sequuntur
3073 3625 3236 3681 verba
3288 3622 3682 3697 produxitaAit

2104 3698 2247 3750 enim
2282 3714 2295 3751 :
2334 3694 2482 3749 Hanc
2511 3711 2601 3748 nos
2629 3698 2926 3768 sententiam
2972 3698 3157 3768 secuti.
3188 3698 3269 3752 Itis
3289 3693 3432 3768 'ipsis
3461 3695 3611 3768 verbis
3634 3693 3685 3768 in

2107 3767 2463 3821 Consolatione
2511 3769 2615 3819 hazc
2642 3767 2978 3835 expressimus
3022 3783 3040 3821 :
3084 3762 3389 3824 Animorum
3438 3766 3581 3824 nullo
3634 3762 3684 3818 in

2107 3839 2275 3897 terris,
2310 3847 2413 3892 etc.
2445 3838 2611 3891 (ῖειι.

2180 3908 2331 3962 Nihil
2362 3917 2431 3961 est
2456 3909 2624 3973 enim,
2674 3907 2855 3974 inquit.
2917 3905 2972 3961 In
3005 3908 3091 3963 12.
3126 3924 3261 3963 mss.
3288 3924 3398 3965 rec.
3428 3918 3483 3965 et
3510 3910 3539 3963 7
3567 3903 3681 3963 odd.

2109 3979 2450 4034 desideratur
2477 3980 2609 4032 enim
2635 4019 2647 4041 ,
2675 3980 2817 4048 quod
2856 3988 2939 4033 est
2981 3980 3030 4033 in
3062 3981 3276 4035 caneris
3306 3981 3609 4046 eodicibus,
3635 3980 3685 4031 et

2110 4050 2251 4120 apud
2284 4051 2598 4104 Ciceronem
2643 4050 2693 4103 in
2727 4047 3038 4120 fragmentis
3062 4051 3129 4105 de
3157 4051 3555 4107 Consolatione.

2180 4123 2338 4189 Atque
2382 4122 2555 4184 [ictum
2607 4135 2733 4174 esse.
2762 4119 2839 4174 lta
2873 4136 3003 4173 mss.
3035 4122 3169 4176 edit.
3204 4122 3376 4178 Betul.
3423 4119 3684 4181 αθ,οἰοω

2111 4192 2250 4263 ipse,
2286 4191 2338 4245 In
2358 4191 2394 4245 2
2414 4191 2545 4262 Reg.
2573 4205 2683 4246 rec.
2704 4200 2763 4263 et
2789 4190 2953 4263 editis,
2972 4202 3042 4246 est
3070 4194 3285 4263 factum.

2182 4262 2399 4317 Nihilne
2428 4258 2517 4317 aui
2536 4262 2801 4316 humidum
2830 4258 3155 4331 quidemflta
3184 4262 3396 4320 Cicero.
3430 4258 3684 4331 Accedunt

2108 4349 2239 4389 mss.
2274 4334 2308 4387 2
2335 4334 2465 4404 Reg.
2501 4334 2690 4401 antiq.,
2715 4334 2749 4389 5
2770 4329 2949 4397 Co'lb.,
2978 4334 3180 4399 Balnz.,
3208 4335 3398 4402 lb-un.,
3428 4335 3480 4390 iu
3506 4329 3684 4405 quibus

2106 4415 2190 4459 est
2233 4397 2442 4458 nihilne'
2473 4397 2740 4459 humidum
2778 4404 3016 4471 quidem;
3049 4406 3100 4461 in
3149 4397 3356 4461 Bonou.
3384 4397 3554 4475 antiq.
3579 4408 3631 4457 et
3652 4397 3683 4455 4

2032 4499 2085 4560 D
2111 4475 2449 4560 alii-snifti‘lve.
2466 4484 2552 4560 qut
2579 4476 2843 4560 {tumidum
2866 4476 3089 4560 quidem.

2190 4545 2408 4600 Flebile.
2433 4546 2489 4601 ld
2520 4556 2631 4611 est,
2663 4548 2884 4600 aerium.
2917 4544 3205 4603 FRANCIUS.

2189 4615 2284 4670 His
2311 4620 2442 4670 enim
2472 4618 2665 4671 naturis
2694 4618 2825 4671 nihil
2855 4618 2998 4670 inest.
3044 4617 3115 4673 Ita
3163 4634 3294 4675 mss.
3323 4633 3447 4675 cum
3472 4622 3576 4673 vet.
3600 4610 3678 4669 ed.

2114 4687 2271 4743 Rom.
2306 4689 2465 4749 1470,
2499 4687 2682 4742 Venet.
2712 4685 2869 4742 1490.
2907 4687 2962 4742 lu
3004 4689 3040 4742 2
3068 4690 3245 4751 Colb..
3270 4691 3450 4745 Baluz.
3475 4695 3530 4744 et
3550 4686 3602 4740 in
3624 4682 3682 4739 10

2113 4759 2391 4827 impressis
2414 4757 2625 4828 legitur,
2658 4757 2753 4812 His
2783 4763 2912 4830 enim
2962 4762 3195 4815 innatum
3222 4762 3353 4815 nihil
3382 4772 3473 4815 est.
3498 4787 3567 4830 -τ
3587 4753 3685 4830 liis

2112 4831 2245 4903 enim
2274 4830 2326 4882 in
2354 4826 2567 4903 naturis.
2599 4826 2887 4899 Eleganter
2912 4830 3105 4903 Loml.,
3140 4832 3295 4903 Rig,
3326 4831 3511 4897 60th.,
3541 4826 3677 4896 Lips.

2111 4900 2178 4968 2,
2213 4916 2332 4953 cum
2360 4898 2624 4957 Cicerone
2646 4942 2661 4966 ,
2687 4898 2740 4955 in
2772 4902 2987 4954 naturis.
3023 4902 3152 4957 Dim.

2186 4971 2335 5034 Quod
2352 5014 2365 5036 ,
2394 4982 2499 5026 etc.
2525 4972 2617 5027 Sic
2636 4988 2756 5028 cum
2784 4987 2919 5026 mss.
2942 4970 2977 5024 2
3006 4971 3241 5037 Βοιιοιι.,
3262 4972 3420 5039 Tax.,
3452 4971 3488 5026 2
3513 4966 3679 5039 Galba

2112 5041 2320 5117 Baluzﬂ
2367 5041 2604 5117 Claram.
2677 5043 3285 5117 a___s_ecunda__manu,
3329 5038 3680 5117 edit._Cral.-a

2111 5112 2359 5183 Graph.,
2422 5111 2658 5180 Ccllar.,
2703 5111 2953 5182 Walch.,
3001 5111 3192 5172 Cicero
3270 5114 3405 5185 ipse.
3469 5109 3680 5172 (laeteris

2147 5200 2232 5247 uo,
2259 5195 2325 5239 et.
3545 5239 3552 5247 .

2111 5200 2493 5310 ᾳηῖίνῗέιήάεαι.
2525 5254 2612 5311 Sic
2632 5255 2751 5323 lego
2765 5270 2887 5310 cum
2909 5270 3040 5313 mss.
3063 5257 3087 5312 ‘l
3114 5258 3321 5315 Bon....
3348 5239 3677 5325 autiq.,jl_’en.

2111 5335 2165 5399 et
2190 5327 2305 5396 ipso
2333 5321 2894 5399 CiceroneuClarom.
2943 5329 3113 5399 prima
3167 5345 3366 5397 manu,
3413 5321 3678 5398 pervident.

2109 5396 2326 5465 leeri,
2354 5398 2632 5466 provideat.

2187 5467 2297 5545 Nec
2322 5470 2451 5545 enim
2478 5468 2824 5545 inveniuntur.
2861 5470 2937 5545 ita
2985 5481 3316 5545 constantes
3343 5481 3528 5525 omnes
3553 5473 3678 5545 mss.

2109 5549 2163 5595 et
2202 5540 2488 5609 impressi,
2525 5542 2780 5613 praeter}
2810 5542 2933 5597 edd.
2976 5557 3085 5598 rec.
3126 5543 3181 5600 in
3212 5543 3403 5613 quibus
3453 5546 3560 5603 est,
3606 5540 3682 5613 ft"

2108 5602 2352 5675 veniatur,
2409 5602 2485 5665 ut'
2518 5602 2655 5682 apud
2703 5610 3039 5669 Ciceronem.
3085 5602 3381 5671 Bune'man.
3438 5602 3563 5664 vero
3584 5602 3679 5682 le-

2106 5683 2211 5755 git,
2243 5670 2620 5749 invenieturfet
2647 5693 2826 5738 notam
2859 5695 3172 5755 sequentem
3196 5670 3414 5755 exhibet
3440 5699 3453 5733 :
3481 5706 3549 5721 -
3573 5670 3677 5729 Νθο

2107 5753 2241 5806 enim
2280 5756 2560 5808 invenietur
2599 5770 2838 5824 unquam.
2870 5753 3186 5824 Habebunt,
3230 5753 3547 5824 inveniuntur
3585 5758 3678 5824 un‘

2105 5839 2258 5894 quam
2279 5867 2293 5894 ,
2322 5825 2502 5897 plures
2535 5825 2657 5882 libri
2678 5820 2691 5895 ᾖ
2712 5828 2859 5883 solus
2896 5827 3070 5885 Betui.
3095 5820 3184 5884 nec
3208 5826 3343 5885 enim
3368 5820 3678 5878 inveniuntur
