3912 6256
268 346 377 403 113

263 559 320 614 in
353 560 557 632 Legum
593 563 743 619 libris
774 585 787 620 :
826 583 845 618 ‹
891 565 1030 635 Quid
1057 567 1279 623 omnino
1307 570 1378 623 sit
1404 569 1577 635 Deus,
1609 586 1717 626 non
1750 564 1873 627 esse

266 654 662 720 qua-rendam;
693 658 816 726 quia
840 672 941 712 nec
966 657 1192 713 inveniri
1218 660 1406 729 possit,
1438 676 1539 717 nec
1558 663 1867 735 enarrari.|i

269 742 607 815 Pythagoras
635 761 850 819 quoque
898 765 1062 804 unum
1107 748 1279 805 Deum
1325 752 1613 807 conﬁtetur
1645 753 1870 820 dicens,

275 837 669 909 incorporalem
699 855 823 898 esse
850 851 1085 898 mentem
1104 885 1119 911 ,
1161 859 1280 914 qua:
1308 859 1407 913 per
1434 859 1651 901 omnem
1693 861 1874 901 rerum

274 937 526 985 naturam
554 931 744 987 dill‘usa
772 943 827 990 et
852 933 1060 990 intenta
1081 977 1097 1000 ,
1131 935 1347 992 vitalem
1394 951 1615 994 sensum
1661 940 1874 996 cunctis

270 1024 634 1080 animantibus
701 1025 921 1083 tribuat.
978 1028 1330 1084 Antisthenes
1381 1038 1561 1086 autem
1623 1031 1678 1086 in
1727 1032 1873 1103 Phy-

268 1113 386 1167 sico
441 1129 606 1171 unum
661 1130 784 1173 esse
832 1119 1136 1175 naturalem
1196 1120 1362 1176 Deum
1405 1121 1577 1188 dixit,
1628 1123 1873 1193 quamvis

262 1214 461 1276 gentes
488 1216 546 1263 et
578 1208 741 1265 urbes
768 1224 896 1266 suos
921 1209 1161 1268 habeant
1188 1212 1496 1283 populares.
1538 1214 1739 1271 Eadem
1764 1216 1876 1272 fere

264 1304 321 1350 ct
346 1295 674 1354 Aristoteles
720 1313 845 1355 cum
875 1300 988 1357 suis
1029 1303 1425 1373 peripateticis,
1474 1312 1529 1360 et
1558 1304 1705 1360 Zeno
1749 1320 1873 1361 cum

264 1389 383 1445 suis
414 1392 621 1447 stoicis.
652 1392 899 1463 Longum
927 1404 1012 1451 est
1041 1395 1183 1450 enim
1217 1397 1550 1467 singulorum
1573 1398 1873 1454 sententias

267 1481 517 1550 exequi,
562 1482 653 1553 qui
697 1483 823 1540 licet
849 1484 1081 1542 diversis
1110 1487 1415 1543 nominibus
1459 1490 1569 1543 sint
1591 1490 1774 1555 abusi,
1804 1488 1874 1545 ad

270 1586 437 1627 unam
466 1580 643 1630 tamen
672 1583 1015 1646 potestatem,
1047 1593 1166 1651 qua:
1190 1579 1447 1635 mundum
1477 1589 1723 1653 regeret,
1744 1597 1874 1637 ροη-

275 1675 579 1719 cnrrerunt.
610 1664 718 1721 Sed
764 1675 942 1724 tamen
973 1683 1243 1725 summum
1274 1671 1438 1727 Deum
1462 1713 1477 1737 ,
1508 1686 1630 1727 cum
1673 1682 1727 1728 et
1751 1673 1873 1743 phi-

277 1754 517 1825 losophi,
547 1764 603 1812 et
629 1766 825 1828 poetas,
859 1768 915 1816 et
955 1760 1056 1831 ipsi
1101 1760 1335 1832 denique
1362 1762 1451 1833 qui
1493 1764 1623 1818 deos
1646 1765 1870 1832 colunt,

1577 356 1781 413 LIBER
1822 357 1911 415 DE
1951 358 2069 417 lRA
2107 361 2238 418 DEI.

260 466 377 533 ait,
429 484 449 519 ι
486 467 710 524 formam
741 470 835 526 Dei
863 484 968 527 non
999 480 1251 543 oportere
1273 470 1550 546 conquiri;
1587 493 1606 528 ›
1634 485 1688 532 et
1713 476 1869 532 Plato
1894 484 1950 541 Α

3471 358 3580 419 114

2583 476 2812 536 CAPUT
2861 480 2975 536 XII.

2371 591 2451 648 De
2495 593 2739 665 religione
2773 604 2821 650 et
2850 595 2947 650 Dei
2974 595 3174 651 timore.

2049 748 2198 805 Nunc
2247 749 2497 818 quoniam
2549 750 2924 819 respondimus
2970 753 3146 822 impia:
3196 753 3552 823 quorumdam

1977 841 2389 912 detestabiliquc
2425 843 2763 914 prudentiae,
2794 845 2876 899 vel
2928 847 3103 915 potius
3149 846 3400 901 amentiae
3423 890 3438 910 ,
3483 861 3575 901 rc-

1973 933 2196 988 dcamus
2221 933 2286 987 ad
2315 934 2667 1003 propositum.
2706 935 2978 1003 Diximus,
3026 937 3291 1007 religione
3329 939 3571 1004 sublata,

1975 1039 2075 1080 nec
2100 1024 2420 1093 sapientiam
2465 1026 2635 1080 teneri
2668 1041 2855 1095 posse,
2881 1041 2980 1083 nec
3003 1026 3298 1098 justitiam;
3326 1029 3451 1099 quia
3482 1044 3572 1084 sa-

1974 1115 2173 1186 pientia
2202 1114 2501 1171 divinitatis
2542 1117 2850 1173 intellectus
2877 1127 2991 1183 est,
3041 1132 3149 1188 quo
3198 1117 3494 1174 dill‘erimus
3541 1135 3576 1173 a

1974 1206 2206 1262 belluis:
2247 1206 2301 1261 in
2331 1206 2552 1263 homine
2596 1209 2715 1264 solo
2744 1208 2970 1281 reperiri
3009 1209 3274 1279 justitiam
3293 1250 3307 1275 ,
3336 1224 3439 1278 qua
3470 1209 3578 1264 nisi

1975 1299 2297 1370 cupiditates
2321 1308 2535 1355 nostras
2563 1301 2737 1369 Deus,
2761 1303 2849 1371 qui
2877 1301 2991 1357 falli
3022 1318 3128 1357 non
3175 1311 3383 1371 potest,
3415 1317 3574 1358 coer-

1974 1391 2184 1456 cuerit,
2225 1390 2489 1447 scelerate
2533 1390 2803 1462 impieque
2846 1393 3107 1448 vivemus.
3143 1392 3388 1463 Spectari
3435 1406 3570 1464 ergo

1975 1493 2128 1540 actus
2156 1491 2373 1541 nostros
2411 1498 2440 1539 a
2486 1484 2630 1552 Deo,
2659 1499 2767 1539 non
2812 1486 2974 1541 modo
3011 1489 3077 1541 ad
3109 1486 3393 1543 utilitatem
3420 1501 3574 1543 com-

1974 1572 2156 1628 munis
2179 1574 2305 1629 vitte
2333 1573 2558 1639 attinet,
2590 1574 2685 1630 sed
2708 1574 2870 1631 etiam
2897 1576 2964 1630 ad
2990 1576 3310 1644 veritatem;
3341 1578 3464 1649 quia
3485 1593 3577 1633 re-

1974 1664 2174 1737 ligione
2195 1665 2512 1736 justitiaque
2536 1665 2777 1722 detracta
2799 1710 2814 1735 ,
2844 1667 2929 1724 vel
2959 1668 3028 1724 ad
3076 1662 3356 1725 stultitiam
3404 1684 3576 1741 pecu-

1974 1758 2103 1814 dum
2142 1760 2339 1814 amissa
2385 1760 2596 1815 ratione
2641 1760 2996 1827 devolvimur,
3042 1762 3126 1817 vel
3159 1762 3226 1818 ad
3272 1762 3572 1819 bestiarum

274 1857 423 1912 szepe
465 1845 773 1914 fateantur;
819 1850 887 1906 de
931 1852 1079 1906 cultu
1112 1861 1289 1907 tamen
1331 1862 1386 1909 et
1432 1853 1871 1925 honoribus‘ejus
1900 1868 1949 1929 Β
1978 1850 2405 1906 immanitatem:
2456 1850 2563 1906 imo
2590 1866 2720 1908 vero
2763 1852 3027 1924 amplius;
3079 1852 3348 1924 siquidem
3380 1853 3573 1910 bestiae

276 1950 439 1992 nemo
464 1953 703 2010 unquam
730 1941 1014 2012 requisivit
1075 1957 1237 1999 nemo
1266 1944 1553 2011 disseruit;
1582 1960 1644 2000 ea
1667 1946 1875 2004 scilicet

267 2028 655 2098 persuasione,
686 2046 792 2101 qua
813 2047 1032 2104 semper
1059 2034 1360 2091 beneficum
1390 2037 1872 2109 incorruptumque

266 2116 591 2186 credentes,
627 2136 734 2178 nec
772 2124 932 2180 irasci
961 2139 1085 2181 eum
1113 2126 1399 2197 cuiquam,
1430 2142 1530 2184 nec
1573 2129 1683 2184 ullo
1723 2130 1872 2187 cultu

260 2208 517 2282 indigere
540 2213 890 2270 arbitrantur.
932 2215 1083 2274 Adeo
1112 2218 1304 2290 religio
1348 2234 1469 2277 esse
1512 2234 1618 2277 non
1650 2230 1867 2293 potest,

267 2300 363 2356 ubi
391 2311 573 2360 metus
594 2305 779 2389 nullus
798 2316 901 2363 est.
959 2366 965 2375 ,

1978 1944 2063 1998 sui
2108 1944 2327 2013 generis
2355 1942 2679 1999 animalibus
2727 1954 2973 2015 parcunt.
3021 1944 3160 2014 Quid
3201 1945 3305 2002 erit
3351 1944 3575 2002 homine

1977 2036 2366 2103 truculentius,
2398 2037 2527 2108 quid
2558 2037 2820 2093 immitius
2843 2078 2859 2104 ,
2888 2040 2934 2094 si
2980 2037 3200 2110 dempto
3228 2046 3377 2095 metu
3404 2052 3571 2108 supe-

1974 2127 2154 2194 riore,
2180 2128 2287 2184 vim
2319 2129 2495 2200 legum
2544 2136 2638 2183 aut
2681 2128 2867 2186 fallere
2911 2131 3181 2201 potuerit,
3212 2139 3306 2186 aut
3330 2138 3574 2187 contem-

1975 2222 2142 2279 nere?
2164 2221 2350 2278 Timor
2375 2222 2536 2292 igitur
2563 2221 2656 2278 Dei
2698 2223 2847 2279 solus
2877 2232 2990 2289 est,
3019 2224 3110 2294 qui
3135 2223 3372 2280 custodit
3398 2221 3573 2280 homi-

1975 2329 2103 2370 num
2142 2315 2284 2370 luter
2312 2327 2373 2370 se
2411 2313 2764 2381 societatem,
2798 2328 2894 2385 per
2921 2329 3082 2385 quem
3107 2315 3217 2370 vita
3249 2315 3364 2388 ipsa
3409 2313 3575 2372 susti-

1596 2403 1960 2464 VABIORUM
1994 2404 2227 2462 ΝΟΤᾹΞ.

345 2508 411 2565 Et
440 2510 611 2589 Plato
633 2512 701 2589 in_
714 2512 905 2585 Legum
934 2514 1112 2589 libris,
1146 2524 1250 2571 etc.
1300 2517 1357 2589 In
1406 2519 1636 2589 septimo
1662 2519 1730 2575 de
1762 2521 1866 2578 Le-

266 2581 429 2658 gibus
463 2585 551 2658 sic
581 2581 829 2658 legimus
850 2625 865 2649 ,
893 2587 996 2642 sub
1038 2601 1265 2658 persona
1315 2581 1539 2658 hospiiis
1568 2592 1865 2647 Athenien-

272 2652 354 2734 sis
373 2670 387 2704 :
533 2652 762 2734 μέγιᾷςων
789 2658 896 2734 Osos
923 2697 937 2721 ,
972 2652 1056 2712 uati
1098 2655 1207 2712 ὅλον
1239 2659 1323 2734 τὸν
1351 2652 1719 2734 κρἆοννφαμέν
1747 2661 1862 2720 οὔτε

273 2727 450 2808 ξητεζν
473 2724 609 2808 sciv,‘
622 2724 739 2782 οὔτε
757 2728 1207 2808 ,πολγπραγμονεζν
1231 2732 1327 2790 τὰς
1348 2724 1517 2808 τλτὶιτςῗοιςΔ
1532 2724 1861 2808 ἑρεὑνῶντας.

267 2794 683 2920 mirandam
726 2798 923 2854 similia
936 2794 1116 2855 'etiam
1155 2801 1210 2856 in
1253 2816 1286 2855 x
1307 2842 1323 2869 ,
1355 2803 1451 2858 sed
1502 2794 1608 2859 huc
1633 2819 1740 2860 non
1773 2794 1863 2861 re-

292 2879 515 2923 erenaa.

315 2933 673 3019 ⁸ΡῃςΙιειςιοῙ-ιιο
694 2954 893 3019 quer
912 2981 927 3003 ,
956 2941 1286 3019 etc._Simile
1310 2944 1564 3014 quiddam
1592 2946 1864 3019 _est_apnd

261 3007 408 3062 Cic.’
433 3008 487 3062 in
516 3007 1026 3088 primo’de'Natura
1055 3012 1280 3088 deorum
1302 3007 1543 3086 {nempe
1591 3007 1865 3088 Pythago-

264 3091 387 3133 ram
410 3081 689 3154 censuisse
707 3122 722 3144 ,
756 3081 921 3136 Deum
947 3096 1077 3141 esse.
1097 3081 1341 3140 animum
1372 3081 1750 3154 per'natui‘am
1767 3081 1868 3145 're-

262 3163 392 3228 rum
418 3164 635 3228 omnem
661 3142 927 3207 intentum
958 3142 1469 3228 etcommeantém,
1501 3171 1567 3213 ex
1600 3172 1708 3228 quo
1734 3142 1864 3214 nos-
1893 3142 1939 3207 C

262 3220 341 3291 t_ri
389 3221 552 3277 animi
595 3233 967 3291 carperentur.
996 3224 1129 3291 Quze
1162 3232 1339 3282 tamen
1385 3242 1416 3281 a
1456 3220 1669 3283 'Velleio
1695 3230 1860 3285 etiam

262 3289 540 3366 Epicureo
568 3289 1072 3366 reprehenduntur;
1099 3310 1276 3366 neque
1303 3297 1593 3353 immerito.
1620 3299 1865 3355 Crassior

262 3370 357 3438 est
382 3360 473 3416 illa
493 3404 509 3429 ,
537 3360 659 3438 qua;
684 3363 879 3435 legitur
914 3360 1445 3438 apud—Epiphaniam
1465 3402 1489 3436 ,η
1524 3377 1580 3425 et
1608 3371 1765 3438 plane
1794 3371 1864 3425 ab

264 3431 374 3486 hac
399 3431 580 3508 nostra
601 3431 914 3508 discrbpans
933 3431 1071 3508 ,‘ubi
1098 3431 1360 3508 Epicurus
1385 3431 1549 3495 Deum
1574 3431 1680 3495 non
1705 3455 1863 3495 men-

263 3511 412 3575 tem,
442 3504 538 3559 sed
566 3518 762 3575 corpus
790 3506 937 3561 facit.
970 3506 1076 3563 Sed
1107 3504 1173 3565 ei
1199 3507 1422 3564 Platone
1465 3510 1520 3563 in
1560 3526 1629 3564 x.~
1656 3510 1726 3565 de
1754 3510 1861 3567 Le-

260 3572 378 3650 gib.
404 3575 564 3650 Astra
587 3572 700 3650 non
728 3576 953 3650 deorum
982 3592 1208 3650 corpora
1236 3579 1362 3634 facit
1393 3581 1533 3637 idem
1555 3579 1820 3650 Epicurus
1844 3598 1859 3649 ;

410 3643 545 3702 deos
584 3646 734 3717 ipsos
749 3647 997 3727 _:_|ibrum
1048 3643 1290 3727 Platonis
1318 3651 1499 3727 adeas.
1548 3643 1862 3727 Hancdeﬁ;

255 3718 530 3791 “itionem
550 3757 567 3783 ,
598 3732 719 3788 quae
748 3718 838 3791 hic
861 3718 1078 3791 citatur,
1111 3721 1461 3791 produximus
1499 3735 1660 3791 supra
1690 3721 1781 3775 lib.
1807 3737 1854 3787 ι,

259 3799 393 3858 cap.
442 3788 510 3854 5,
540 3791 682 3845 sicut
721 3789 887 3845 etiam
912 3788 1250 3850 Antistlienis
1271 3792 1493 3863 jamjam
1519 3788 1856 3861 sequentem.

1508 3865 1716 3918 BETUL.

254 3930 1005 4057 ἀθέῗιῖῖητροταιεηιδδγιιιεε.
1033 3932 1178 4017 apud
1210 3932 1325 3989 Cic.
1356 3933 1451 3990 lib.
1483 3950 1503 3989 1
1545 3933 1615 3989 de
1659 3933 1858 3989 Natura

300 4014 492 4058 eorum
500 4042 515 4056 .
1033 4012 1039 4017 ’

340 4070 549 4144 Diﬂ’usa
586 4081 635 4128 et
672 4074 883 4129 intenta.
934 4073 1086 4130 Lact.
1121 4074 1187 4129 de
1215 4075 1357 4144 Upif.
1404 4091 1450 4130 c.
1493 4076 1561 4130 16
1609 4093 1621 4127 :
1670 4074 1859 4129 Divina

258 4159 413 4227 nscas
449 4143 559 4227 Dei.
574 4159 665 4227 per
704 4145 1183 4227 universasmtuntli
1214 4143 1385 4227 partes
1422 4147 1615 4227 intenta
1650 4145 1855 4227 discur-

255 4215 482 4286 π·ἱι.....ζ
502 4214 687 4286 ubique
704 4214 919 4281 diffusa.
945 4216 1208 4270 Minucius
1235 4215 1350 4271 Fel.
1381 4232 1501 4285 cap.
1530 4217 1595 4273 19
1620 4234 1632 4269 :
1658 4215 1858 4286 Pytha-

255 4299 411 4356 gorae
441 4284 575 4340 Deus
601 4284 674 4340 est
717 4287 920 4341 animus
962 4303 1052 4352 per
1089 4287 1373 4340 universam
1401 4284 1571 4340 rerum
1618 4284 1856 4341 naturam

254 4371 554 4428 commeans
573 4367 621 4411 et
647 4356 895 4428 intentus,
924 4373 989 4412 ex
1006 4374 1106 4428 quo
1126 4358 1278 4428 etiam
1302 4358 1604 4412 animalium
1627 4357 1855 4411 omnium

254 4427 372 4497 uita
396 4428 647 4495 capiatur.
681 4426 897 4483 COnfer.
941 4426 1092 4483 Lact.
1125 4426 1215 4481 lib.
1248 4442 1298 4494 ι,
1330 4443 1448 4497 cap.
1477 4427 1512 4483 5
1557 4445 1571 4483 :
1606 4428 1851 4494 Quamvis

256 4496 381 4569 ipse
409 4514 498 4569 per
516 4508 677 4553 totum
701 4514 755 4553 se
782 4514 967 4569 corpus
990 4498 1291 4569 intenderat.
1321 4496 1452 4554 nos.

344 4567 665 4640 Antisthenes
686 4579 855 4623 autem
874 4567 929 4624 in
952 4570 1179 4640 physico.
1209 4568 1432 4638 Respice
1453 4569 1518 4623 ad
1542 4569 1632 4625 lib.
1659 4568 1854 4625 tlnsti-

258 4646 395 4703 tut.,
424 4654 542 4709 cap.
571 4639 624 4695 6.
661 4639 1129 4696 Ciceronis'verba
1174 4649 1299 4693 sunt
1326 4640 1393 4695 de
1433 4641 1632 4695 Natura
1673 4641 1847 4705 deor.,

256 4709 361 4763 lib.
389 4724 408 4762 ι
429 4750 445 4781 ,
472 4724 591 4781 cap.
617 4711 683 4766 15
711 4728 727 4768 :
753 4711 1076 4766 Antisthenes
1112 4711 1167 4764 in
1191 4725 1249 4781 eo
1279 4710 1407 4765 libro
1427 4752 1442 4777 ,
1481 4712 1568 4781 qui
1598 4709 1854 4781 Physicus

252 4780 584 4853 inscribitur,
632 4783 904 4853 populares
944 4782 1067 4836 deos
1106 4780 1327 4853 multos,
1372 4780 1657 4835 naturalem
1688 4780 1854 4835 unum

253 4865 376 4905 esse
402 4851 603 4919 diceris,
633 4851 773 4907 tollit
802 4854 908 4906 vim
937 4863 992 4906 et
1017 4860 1262 4906 naturam
1297 4852 1544 4907 deorum.
1574 4853 1742 4907 Cncn.

341 4920 585 4992 Physica.
618 4923 776 4978 Liber
802 4922 898 4976 fuit
920 4922 1277 4978 Antisthenis.

340 4992 482 5063 Suos
508 4993 724 5048 habeant
750 4993 1042 5063 populares.
1073 4992 1200 5048 Mss.
1230 4993 1264 5048 9
1284 4993 1483 5047 addunt
1513 4994 1651 5048 deos.

339 5062 541 5136 Eadem
560 5066 668 5136 fere
694 5074 742 5119 et
766 5063 1060 5136 Aristoteles
1082 5105 1095 5130 ,
1121 5073 1244 5136 etc._
1261 5063 1424 5136 Libro
1457 5065 1649 5131 primo,
1682 5066 1854 5134 capite

259 5133 665 5206 5.ALactan'tius
691 5143 775 5190 est
809 5134 1121 5206 confessus,
1155 5133 1500 5206 Aristotelem
1526 5149 1707 5206 secum
1738 5133 1850 5190 dis-

259 5203 487 5271 sidere;
517 5206 569 5261 in
595 5219 804 5260 summa
827 5215 1029 5270 tamen,
1057 5205 1289 5260 Mentem
1308 5203 1432 5260 esse
1456 5205 1638 5259 mundi
1668 5206 1850 5275 praesi-

260 5275 417 5346 dem.
451 5277 527 5332 De
554 5276 641 5331 illa
677 5278 790 5346 ipsa
809 5290 938 5331 vero
966 5275 1301 5331 dissensione
1327 5276 1444 5346 lege
1469 5275 1579 5330 Cic.
1604 5276 1656 5346 in
1680 5276 1855 5344 primo

257 5346 338 5402 de
359 5345 555 5402 Natura
569 5345 813 5403 deorum.
832 5345 1489 5402 Bsrur..—DeAristo’tel.
1519 5356 1574 5402 et
1606 5345 1852 5415 Zenone,

264 5418 396 5473 vide
415 5416 662 5473 Ciceron.
689 5417 782 5474 lib.
810 5434 823 5472 ι
849 5417 918 5472 de
946 5418 1063 5472 Nat.
1093 5417 1244 5473 deor.

346 5486 410 5542 Et
452 5488 628 5556 Zeno,
659 5497 767 5545 etc.
797 5488 932 5544 Vide
965 5487 1184 5543 omnino
1209 5488 1545 5544 Lactantium
1592 5489 1766 5558 ipsum
1796 5495 1861 5543 et

261 5557 583 5616 Ciceronem
617 5560 750 5614 locis
780 5558 889 5628 jam
932 5560 1374 5629 saepius‘citatis,
1410 5559 1504 5614 ubi
1533 5557 1684 5625 haec,
1733 5574 1854 5629 quae

250 5628 355 5759 llitic
381 5631 441 5758 ir:i
459 5630 644 5686 medio
671 5644 931 5699 suspensa
956 5628 1350 5701 relinquuntur,
1386 5630 1731 5686 excutiuntur
1754 5628 1856 5685 di—

296 5715 400 5759 tten
447 5716 528 5758 us.

334 5702 528 5758 entius.

296 5716 737 5828 833333;"an
780 5771 870 5825 Sic
893 5770 1101 5826 restitui
1147 5787 1213 5827 ex
1256 5770 1437 5825 multis
1466 5770 1627 5827 editis
1652 5778 1705 5827 et
1734 5786 1852 5826 om-

246 5842 413 5903 nibus
440 5858 574 5899 mss.
622 5850 820 5912 praeter
866 5842 890 5895 1
938 5841 1088 5898 Colb.
1136 5857 1246 5901 rec.
1278 5843 1332 5900 in
1360 5856 1495 5912 quo,
1540 5850 1599 5899 ut
1644 5850 1700 5899 et
1735 5842 1788 5898 in
1816 5841 1850 5896 3

1970 2523 2181 2578 excusis
2202 2562 2217 2586 ,
2241 2532 2323 2576 est
2343 2532 2670 2576 concurrunt.

2040 2592 2436 2664 Detestabilique
2462 2592 2765 2659 prudentiae.
2812 2592 3045 2649 Malebat
3082 2593 3340 2649 Francius
3387 2592 3568 2664 legere

1970 2662 2320 2734 impudentiae.
2349 2662 2420 2718 At
2445 2664 2725 2731 legendum
2753 2678 2874 2719 cum
2904 2679 3033 2719 mss.
3064 2664 3381 2734 Regio-Put.
3420 2662 3569 2720 aliis-

1976 2748 2083 2805 que
2109 2733 2319 2796 decem,
2345 2745 2399 2789 et
2422 2734 2458 2787 2
2483 2744 2594 2789 vet.
2624 2734 2748 2790 edd.
2775 2735 2934 2790 Rom.
2962 2750 3026 2789 ac
3050 2733 3220 2791 Betul.
3255 2734 3563 2805 prudentia,

1969 2804 2023 2859 id
2050 2814 2133 2861 est
2159 2805 2438 2874 sapientia:
2482 2805 2564 2877 vel
2603 2806 2846 2861 scientiae
2895 2805 3176 2877 gentilium
3210 2804 3561 2877 philosopho-

1971 2890 2089 2930 rum
2109 2916 2122 2938 ,
2159 2884 2219 2930 ut
2248 2877 2480 2931 sumitur
2507 2875 2607 2929 hac
2634 2877 2856 2931 notione
2875 2874 3015 2944 apud
3044 2874 3220 2932 Cicer.

2044 2946 2179 3014 Quia
2202 2947 2455 3015 sapientia
2479 2946 2761 3001 divinitatis
2783 2948 3068 3002 intellectus
3089 2958 3182 3001 est.
3219 2947 3428 3017 Sequor
3453 2946 3565 3002 lec-

1968 3015 2171 3072 tionem
2197 3017 2696 3088 antiquissimorum
2729 3027 2785 3072 et
2810 3026 2922 3085 opt.
2952 3018 3199 3088 codicum
3229 3015 3364 3088 mss.
3392 3017 3428 3071 2
3458 3017 3563 3071 Bo-

1969 3102 2121 3152 non.,
2157 3088 2191 3143 5
2218 3086 2485 3151 Colbcrt.,
2515 3086 2695 3143 Baluz.
2727 3098 2781 3142 et
2807 3088 2894 3144 ed.
2935 3086 3168 3142 Plautin.
3211 3087 3488 3156 probatam
3532 3104 3565 3143 a

1969 3156 2261 3213 Thomasio
2291 3159 2342 3213 in
2391 3158 2533 3212 notis
2571 3159 2681 3213 suis
2705 3201 2719 3225 ,
2750 3159 2818 3213 Is.
2852 3158 3046 3228 Spark.
3081 3156 3274 3213 Caneri
3320 3157 3563 3212 multifa-

1967 3229 2102 3283 riam
2133 3228 2317 3300 legunt
2346 3248 2359 3284 :
2389 3229 2478 3283 alii
2509 3229 2669 3293 dum;
2697 3230 2852 3284 alteri
2871 3246 2987 3300 cum
3015 3228 3299 3300 divinitatis
3327 3228 3560 3283 intellec-

1965 3299 2526 3371 tus......’reperiatur,
2548 3301 2846 3370 justitiam,-
2875 3299 2964 3354 alii
2980 3299 3190 3370 justitia
3221 3314 3239 3353 :
3267 3299 3561 3371 bancpos—

1967 3378 2191 3441 tremam
2222 3385 2409 3427 vocem
2440 3371 2618 3438 plures
2649 3380 3004 3441 respuunt.—
3028 3372 3165 3438 Quia
3207 3370 3459 3441 sapientia
3489 3378 3563 3425 est

1964 3440 2244 3496 divinitatis
2287 3441 2602 3502 intellectus,
2662 3440 2766 3496 etc.
2834 3440 3063 3497 Secutus
3109 3455 3227 3496 sum
3272 3440 3561 3495 lectionem

1965 3525 2098 3566 mss.
2126 3514 2475 3581 optimorum.
2505 3519 2559 3565 ct
2587 3510 2942 3566 Plantiniante
2969 3511 3271 3581 probatam,
3301 3519 3355 3566 et
3381 3510 3561 3581 expli-

1963 3591 2137 3635 catam
2165 3596 2194 3635 a
2237 3582 2527 3652 Thomasio
2574 3582 2624 3634 iu
2673 3583 2783 3652 suis
2815 3582 2975 3637 notis.
3007 3582 3272 3652 Antonius
3299 3582 3559 3652 Augusti-

1963 3664 2065 3723 nus
2090 3665 2189 3720 pro
2216 3666 2283 3706 eo
2311 3651 2453 3723 quod
2485 3651 2697 3723 legitur,
2730 3651 2797 3707 In
2842 3652 3045 3723 homine
3069 3651 3179 3723 solo
3202 3651 3418 3723 reperiri
3436 3652 3559 3723 jus-

1962 3719 2156 3785 titiam,
2190 3719 2456 3787 malebat,
2491 3719 2556 3775 !n
2581 3721 2785 3776 homine
2808 3722 2919 3776 solo
2944 3721 3196 3790 reperitur
3210 3719 3561 3792 justitiailm-

1960 3793 2132 3862 pressi
2159 3791 2278 3848 libri
2302 3791 2414 3862 l‘ere
2442 3807 2632 3846 omnes
2661 3792 2897 3857 habent,
2931 3792 3060 3846 Cum
3088 3791 3369 3845 divinitatis
3397 3792 3554 3844 intel-

1962 3863 2119 3934 lectus
2140 3903 2155 3928 ,
2181 3879 2281 3934 quo
2309 3861 2595 3930 differimus
2621 3879 2653 3916 a
2684 3863 2864 3918 belluis
2884 3903 2899 3928 ,
2937 3864 2991 3917 in
3028 3862 3231 3934 homine
3269 3862 3379 3915 solo
3404 3876 3556 3930 repe-

1959 3933 2148 4000 riatur,
2174 3931 2276 4003 qua
2301 3935 2400 3989 nisi
2423 3934 2731 4003 cupiditates
2748 3974 2764 3999 ,
2788 3943 2894 3989 etc.
2927 3947 3086 4003 quam
3110 3931 3397 4003 lectionem
3426 3945 3547 3985 mu-

1962 4003 2112 4058 tilam
2137 4001 2277 4072 esse,
2299 4020 2399 4060 nec
2418 4001 2554 4058 bene
2579 4018 2699 4059 cum
2725 4001 3094 4073 superioribus
3113 4001 3413 4068 coluerere,
3434 4016 3555 4057 om-

1960 4087 2092 4136 nes,
2123 4083 2181 4129 ut
2208 4085 2337 4144 puto
2361 4116 2376 4139 ,
2411 4075 2727 4142 intelligunt.
2761 4075 2892 4130 BDN.

2034 4142 2265 4216 cheriri
2278 4145 2555 4216 justitiam.
2585 4146 2656 4199 Ita
2691 4160 2822 4202 mss.
2851 4146 2887 4199 2
2916 4145 3149 4212 Bonon.,
3180 4145 3216 4200 5
3237 4142 3419 4210 Colb.,
3452 4143 3556 4198 Ba-

1960 4212 2066 4268 luz.
2098 4212 2153 4270 In
2180 4212 2300 4271 aliis
2320 4224 2402 4270 est
2420 4217 2722 4284 reperiatur.

2034 4286 2150 4352 Qua
2187 4286 2285 4340 nisi
2318 4286 2639 4355 cupiditates.
2672 4287 2762 4343 Sic
2790 4285 2911 4356 lego
2941 4301 3061 4342 cum
3101 4300 3230 4341 mss.
3263 4284 3299 4338 2
3326 4284 3487 4356 Reg.,
3515 4286 3551 4341 5

1957 4356 2222 4421 Colbcrt.,
2251 4356 2476 4415 Christ..
2523 4357 2773 4421 Merton.,
2801 4357 2972 4423 Lips.,
3007 4356 3168 4421 Ultr.,
3199 4357 3346 4420 Em.,
3379 4356 3548 4410 Brun.

1958 4436 2011 4482 et
2040 4426 2126 4497 ed.
2161 4427 2405 4489 Fasitel.,
2435 4426 2598 4497 Basil.
2634 4427 2776 4484 1552
2800 4468 2815 4492 ,
2842 4427 3032 4497 Egnat.
3064 4428 3174 4490 AL,
3208 4426 3352 4497 quia.

1877 4516 1933 4577 D
1961 4566 1997 4577 ﬂ
2031 4495 2297 4569 Impiaque
2347 4493 2608 4577 vipenius._
2634 4493 2928 4577 lia-omnes
2971 4511 3103 4577 mss.
3151 4493 3365 4577 e_t'vet.
3415 4493 3548 4549 edd.

1958 4566 2126 4649 Rom.
2146 4584 2253 4623 non
2295 4577 2353 4623 ut
2391 4568 2447 4623 iu
2477 4568 2639 4624 editis
2669 4570 2967 4622 viveremus.
2995 4566 3129 4622 Nam
3159 4567 3370 4631 dixerat
3399 4581 3547 4619 coer-

1956 4647 2203 4762 wm‘tus.
2237 4709 2340 4774 Pro
2370 4710 2569 4764 actione
2594 4709 2753 4764 etiam
2782 4705 2918 4761 infra
2944 4720 3065 4776 cap.
3098 4706 3186 4773 17,
3211 4706 3537 4778 singulorum

1955 4789 2098 4833 actus
2127 4780 2501 4834 animadvertit.

2028 4850 2295 4922 Religione
2316 4850 2622 4922 justitiaque
2649 4849 2898 4922 detracta.
2932 4847 3059 4922 llaec
3089 4846 3290 4902 locutio
3315 4846 3549 4922 Lactan-

1959 4921 2014 4974 tii
2043 4931 2125 4976 est
2146 4918 2165 4985 ξ
2188 4918 2438 4991 illamque
2469 4922 2519 4975 in
2535 4918 2663 4991 ejus
2701 4919 2916 4989 scriptis
2943 4918 3252 4991 frequenter
3280 4920 3543 4990 reperies.

1960 4934 2014 4974 tu
2043 4934 2125 4976 est
2146 4962 2161 4985 ,
2188 4934 2438 4991 tuamque
2469 4936 2519 4975 ιιι
2548 4935 2663 4991 ejus
2701 4934 2916 4989 SCI‘IpllS
2943 4934 3252 5043 tresuenter
3280 4934 3489 4990 reperte

1960 4992 2014 5047 In
2040 4992 2075 5063 2
2102 5007 2233 5047 mss.
2264 4993 2467 5063 Bonon.
2492 5001 2545 5047 et
2572 4993 2605 5045 5
2630 4990 2750 5063 aliis
2775 5004 2885 5044 rec.
2914 4999 2998 5045 est
3059 4990 3281 5063 etractis.
3338 5059 3368 5063 __
3402 5060 3413 5063 _
3472 5054 3490 5063 Δ

2031 5061 2379 5118 Devolvimur.
2409 5062 2487 5116 Ex
2514 5061 2762 5116 omnibus
2792 5076 2922 5115 mss.
2956 5069 3011 5115 et
3034 5060 3260 5131 vulgatis
3285 5059 3448 5115 editis
3470 5059 3541 5114 ita

1957 5135 2197 5198 restitui,
2229 5132 2371 5204 quod
2400 5133 2700 5204 latiniuset
2727 5131 3011 5187 rotundius
3036 5141 3154 5198 est,
3196 5145 3357 5202 quam
3390 5132 3550 5185 volvi-

1956 5221 2092 5269 mur,
2125 5215 2182 5258 ut
2208 5202 2263 5257 iu
2284 5203 2528 5274 pluribus
2553 5202 2730 5257 editis.

2031 5275 2248 5348 Dempta
2274 5270 2411 5328 metu
2449 5274 2513 5328 de
2541 5274 2820 5345 superiore.
2852 5271 2946 5348 Sic
2981 5270 3344 5348 legitur‘apnd
3374 5270 3549 5324 Buue-

1957 5361 2101 5401 man.
2133 5340 2221 5416 q'ui
2254 5355 2433 5400 notam
2463 5340 2782 5416 sequentem
2803 5340 3137 5416 exhibetj-e
3158 5340 3376 5411 Dempta
3412 5351 3549 5395 metu

1958 5418 2022 5471 de
2058 5414 2336 5486 superiore.
2389 5415 2636 5486 Plerique
2679 5414 2866 5486 scripti
2908 5430 2921 5466 :
2965 5414 3095 5486 editi
3142 5427 3272 5486 vero
3315 5427 3544 5475 omnes,

1955 5498 2092 5541 metu
2123 5482 2414 5557 superiore.
2462 5482 2880 5557 lta'Cyprianus
2918 5485 3085 5557 epist.
3108 5482 3175 5536 ad
3217 5483 3478 5557 Donatum
3529 5498 3541 5533 :

1956 5558 2128 5612 nullus
2154 5551 2218 5611 de
2240 5551 2783 5628 legibusmetus'rest;
2807 5556 2891 5628 tle
2926 5551 3230 5628 gutesitore,
3262 5552 3330 5607 de
3367 5551 3548 5621 judice

1956 5643 2123 5699 pavor
2152 5622 2349 5684 nullu's.
2384 5627 2549 5684 Silius
2569 5626 2731 5681 Italus
2751 5668 2767 5693 ,
2799 5626 2863 5679 17
2884 5665 2900 5691 ,
2924 5622 3069 5681 59ι1ε

2450 5705 2623 5757 Saevus
2640 5716 2818 5768 magno
2836 5703 2901 5753 de
2916 5704 3111 5754 nomine
3136 5708 3340 5815 terror.B

3344 5775 3430 5815 ΗΝ.

2034 5838 2139 5897 Per
2162 5856 2330 5911 quem.
2360 5838 2559 5907 Lond.,
2592 5838 2751 5908 Reg,
2786 5834 2933 5906 Lips.
2979 5834 3042 5902 2,
3087 5841 3140 5891 et
3163 5831 3421 5903 Reimm.,
3469 5849 3559 5905 per
