3856 6256
294 602 307 631 \

357 315 462 378 H9

1698 318 1879 373 FlftM.
1924 316 2292 374 LACTANTII

3547 314 3644 373 1Ξο

343 448 552 503 κεκτη
592 432 861 489 adversus
908 432 1069 498 mala,
1122 448 1245 487 cum
1289 432 1339 487 id
1384 434 1455 488 illi
1502 443 1797 504 querantur
1824 448 1947 488 esse
1974 433 2183 500 ANam
2213 434 2258 489 si
2290 434 2489 489 malum
2520 433 2727 489 nullum
2762 435 2872 499 sit,
2908 433 3113 488 nullum
3154 433 3445 504 periculum
3467 476 3481 502 ,
3518 434 3643 491 nihil

352 524 581 580 omnino
626 525 843 579 malum.
876 524 1130 595 Viperam
1175 525 1357 580 ferunt
1402 537 1647 580 exustam
1700 526 1753 579 in
1805 526 1952 581 cine-

303 622 311 665 ζ
354 630 581 686 remque
619 615 913 684 dilapsam,
946 617 1147 672 mederi
1187 617 1429 686 ejusdem
1479 618 1668 673 bestia:
1723 618 1947 673 morsui.

356 706 575 775 Quanto
606 707 799 761 melius
830 709 1007 762 fuerat
1032 722 1151 763 eam
1189 723 1408 777 prorsus
1437 723 1544 763 non
1587 723 1710 764 esse
1732 750 1745 773 ,
1793 724 1952 779 quam

357 803 659 858 remedium
690 813 874 858 contra
906 819 966 859 se
992 804 1060 858 ab
1090 820 1151 859 ea
1175 806 1284 876 ipsa
1316 806 1655 863 desiderari?

435 897 656 951 Brevius
684 897 861 968 igitur,
892 913 955 952 ac
988 898 1167 954 verius
1211 899 1539 969 respondere
1580 910 1870 969 potuerunt
1902 902 1955 957 in

358 986 504 1042 hunc
551 988 785 1042 modum.
822 989 961 1044 Deus
989 1005 1109 1043 cum
1158 988 1444 1045 formassct
1482 991 1751 1047 hominem
1792 992 1957 1048 veluti

358 1079 706 1135 simulacrum
732 1095 913 1144 suum,
942 1081 1085 1151 qttod
1112 1091 1227 1136 erat
1252 1082 1412 1136 divini
1438 1082 1636 1152 opificii
1665 1099 1956 1150 summum,

357 1171 640 1240 inSpiravit
671 1172 721 1226 ei
752 1173 1069 1242 sapientiam
1095 1174 1218 1237 soli,
1245 1184 1301 1228 ut
1322 1174 1500 1228 omnia
1532 1174 1756 1244 imperio
1782 1191 1844 1231 ac
1870 1175 1922 1231 di
1941 1206 1955 1217 -

358 1265 493 1321 lioni
544 1282 657 1320 sua:
688 1266 999 1337 subjugarct
1028 1268 1383 1338 omnibusque
1434 1269 1615 1322 mundi
1662 1269 1961 1325 commodis

356 1369 626 1415 uteretur.
661 1360 949 1431 Proposuit
975 1372 1150 1417 tamen
1178 1364 1227 1416 ei
1254 1373 1310 1416 et
1352 1364 1491 1417 bona
1537 1372 1592 1417 et
1632 1364 1804 1428 mala;
1834 1364 1960 1433 quia

356 1451 676 1521 sapientiam
702 1450 881 1518 dedit;
918 1452 1072 1521 cujus
1115 1453 1293 1508 omnis
1322 1455 1459 1508 ratio
1501 1456 1554 1509 in
1590 1454 1963 1513 discernendis

360 1544 522 1599 malis
552 1558 617 1597 ac
644 1544 802 1598 bonis
837 1544 938 1598 sita
980 1554 1084 1599 est.
1116 1544 1232 1600 Non
1287 1554 1466 1616 potest
1512 1546 1654 1601 enim
1682 1548 1964 1617 quisquam

360 1637 564 1705 eligere
593 1634 815 1689 meliora
847 1644 903 1691 et
948 1636 1088 1691 scire
1133 1636 1260 1707 quid
1288 1638 1489 1692 bonum
1538 1639 1648 1704 sit,
1680 1639 1780 1693 nisi
1830 1638 1967 1693 sciat

360 1726 523 1782 simul
554 1727 781 1795 rejicere
804 1742 870 1783 ac
900 1728 1071 1784 vitare
1100 1744 1221 1799 qua:
1249 1729 1389 1783 maia
1421 1740 1565 1784 sunt.
1599 1730 1833 1785 Invicem
1864 1730 1961 1785 sibi

2056 526 2325 598 denique,
2384 525 2528 597 quod
2583 525 2803 582 laedere
2859 526 3133 583 hominem
3180 527 3388 598 possit,
3453 527 3646 584 tollitur

2056 619 2232 674 omnis
2262 618 2480 674 materia
2504 618 2803 690 sapientiae,
2833 632 2932 674 nec
2957 618 3061 674 erit
3088 618 3291 674 homini
3328 620 3643 675 necessaria.

2058 711 2252 768 Positis
2289 711 2433 766 enim
2465 710 2833 765 tantummodo
2882 710 2935 765 in
2981 720 3274 781 conspectu
3319 711 3501 778 bonis,
3528 713 3646 781 quid

2059 819 2193 874 opus
2223 814 2305 859 est
2348 804 2700 874 cogitatione,
2752 802 3051 872 intellectu,
3099 803 3357 868 scientia,
3406 804 3649 860 ratione?

2060 913 2184 952 cum
2227 912 2566 967 quocumque
2606 896 2908 967 porrexerit
2936 911 3187 962 manum,
3231 895 3281 950 id
3314 906 3524 951 natura:
3558 913 3650 968 ap.

2062 999 2174 1044 tum
2196 1000 2249 1043 et
2276 988 2737 1043 accommodatum
2768 987 2837 1043 sit
2870 1006 2883 1042 :
2919 996 2975 1041 ut
3000 988 3043 1043 si
3073 989 3189 1059 quis
3214 989 3338 1043 velit
3360 990 3653 1059 apparatis

2062 1082 2251 1136 simam
2272 1096 2483 1136 caenam
2516 1080 2829 1147 infantibus,
2852 1081 2943 1151 qtti
2974 1081 3209 1134 ttondmn
3238 1081 3469 1151 sapiant,
3498 1097 3657 1150 appo-

2064 1190 2215 1239 nere,
2251 1176 2324 1229 ttti
2348 1189 2433 1238 nte
2463 1174 2514 1229 id
2546 1182 2803 1245 appetent
2832 1174 3050 1243 singuli,
3090 1190 3197 1244 quo
3226 1189 3656 1245 unumquemque

2064 1278 2157 1322 aut
2202 1267 2452 1337 impetus,
2502 1276 2595 1320 aut
2623 1265 2813 1332 fames,
2847 1275 2939 1321 aut
2978 1267 3139 1321 etiam
3169 1282 3325 1323 casus
3352 1268 3655 1333 attraxerit,

2065 1369 2121 1415 et
2140 1358 2397 1429 quidquid
2424 1359 2775 1429 sumpserint,
2807 1358 2857 1411 id
2888 1357 2993 1412 illis
3015 1358 3120 1413 erit
3146 1358 3306 1413 vitale
3334 1374 3396 1413 ac
3423 1358 3657 1415 salubre.

2066 1448 2204 1518 Quid
2231 1450 2388 1520 igitur
2436 1449 2669 1514 nocebit,
2721 1462 2818 1503 eos
2854 1446 3010 1503 sicuti
3054 1458 3211 1513 sunt,
3245 1462 3564 1517 permanere
3612 1461 3663 1504 ct

2069 1557 2285 1613 semper
2324 1541 2557 1597 infantes
2602 1556 2666 1597 ac
2715 1541 2927 1596 nescios
2969 1555 3091 1596 esse
3139 1540 3357 1594 rerum?
3386 1541 3442 1596 Si
3484 1550 3661 1595 autem

2070 1636 2370 1691 admisceas
2395 1634 2476 1691 vel
2498 1650 2702 1698 amara,
2726 1633 2811 1689 vel
2834 1633 3061 1698 inutilia,
3088 1633 3176 1687 vel
3197 1636 3361 1689 etiam
3383 1644 3662 1693 venenata,

2069 1726 2415 1796 decipiuntur
2460 1725 2645 1793 utique
2698 1740 2793 1794 per
2838 1724 3192 1794 ignorantiam
3246 1724 3381 1779 boni
3412 1739 3473 1779 ac
3517 1726 3662 1789 mali,

357 1818 620 1875 alterutra
654 1829 1084 1901 connexasunt;
1113 1826 1171 1875 ut
1196 1820 1409 1875 sublato
1434 1821 1720 1889 alterutro,
1756 1830 1962 1875 utrum-
1996 1844 2043 1905 Β
2070 1821 2172 1877 nisi
2201 1821 2421 1877 accedat
2468 1820 2557 1876 his
2584 1820 2871 1890 sapientia,
2900 1834 2995 1887 per
3036 1835 3195 1888 quant
3228 1820 3460 1874 habeant
3492 1820 3662 1874 malo-

364 1925 473 1981 que
495 1910 693 1965 tollisit
714 1898 956 1967 necesse.
984 1912 1281 1983 l’ropositis
1312 1913 1471 1983 igitur
1496 1913 1651 1969 bonis
1678 1914 1961 1984 malisque,

364 2012 480 2058 tum
503 2002 720 2057 demqu
746 2019 884 2073 opus
913 2020 1072 2059 suum
1105 2005 1309 2075 peragit
1336 2005 1634 2074 sapientia;
1666 2017 1720 2061 et
1749 2006 1965 2075 quidem

358 2093 563 2150 bonum
608 2095 811 2164 appetit
840 2094 907 2148 ad
940 2094 1248 2160 utilitatem,
1282 2095 1481 2149 malum
1528 2096 1701 2164 rejicit
1728 2095 1795 2150 ad
1823 2095 1967 2149 salu-

359 2191 499 2238 tem.
526 2184 665 2253 Ergo
690 2184 828 2239 sicut
851 2185 990 2239 bona
1014 2185 1417 2239 innumerabilia
1442 2186 1563 2240 data
1589 2196 1713 2239 sunt
1738 2185 1964 2255 homini,

363 2275 563 2347 quibus
603 2276 705 2331 frui
754 2287 964 2347 posset;
1017 2279 1095 2333 sic
1145 2280 1303 2331 etiam
1345 2277 1505 2343 mala,
1557 2294 1677 2348 qttzc
1727 2286 1964 2333 caveret.

2074 1929 2191 1970 rum
2220 1914 2570 1984 rejectionem
2600 1913 2971 1983 bonorumque
2995 1911 3286 1967 delectum.

2146 2093 2308 2148 Vides
2356 2107 2508 2163 ergo,
2541 2093 2711 2161 magis
2750 2101 2970 2162 propter
3011 2092 3147 2146 mala
3192 2106 3326 2161 opus
3368 2092 3522 2147 nobis
3550 2106 3671 2148 esse

2073 2184 2331 2255 sapientia
2358 2200 2371 2237 :
2400 2200 2521 2254 qua:
2549 2184 2651 2239 nisi
2683 2184 3228 2253 loisseut'pmposita,
3258 2185 3521 2240 rationale
3544 2186 3662 2239 ani-

2074 2278 2184 2333 mal
2214 2292 2322 2333 non
2352 2292 2616 2333 essemus.
2646 2278 2798 2345 Quod
2831 2278 2873 2332 si
2904 2278 3018 2332 lucc
3047 2277 3183 2331 ratio
3214 2293 3336 2332 vera
3361 2287 3445 2333 est
3464 2319 3478 2342 ,
3509 2292 3669 2347 quam

1710 2414 2073 2473 VARIORUM
2112 2415 2343 2473 ΝΟΤΑΕ.

352 2529 383 2563 ”
445 2532 644 2602 Nempe
672 2534 909 2588 adversus
940 2534 1106 2595 mala,
1142 2549 1255 2585 cum
1283 2532 1334 2584 id
1377 2530 1453 2584 illi
1478 2540 1773 2602 querantur.
1812 2571 1824 2602 τ
1856 2571 1874 2602 ,ί
1898 2570 1909 2581 .
1947 2569 1959 2581 .

370 2601 588 2657 malum.
622 2603 745 2658 Haec
773 2604 935 2659 verba
966 2606 1143 2657 omnia
1180 2604 1528 2659 Heumannus
1570 2601 1733 2669 ejicit.
1785 2601 1963 2655 tlella-

368 2677 483 2729 rlus
509 2682 564 2728 el.
593 2673 803 2729 Walcli.
837 2672 1034 2744 Nempe
1061 2674 1300 2728 adversus
1326 2675 1482 2737 mula,
1511 2688 1722 2739 euntque
1746 2671 1829 2744 illi
1845 2688 1966 2740 que-

371 2755 569 2799 rentur.
603 2746 807 2801 Sensus
831 2742 1045 2800 videtur
1083 2760 1239 2799 esse:
1274 2744 1330 2798 Si
1377 2744 1459 2797 vel
1511 2745 1742 2798 maxime
1786 2742 1963 2811 aliqua

370 2815 639 2871 medicina
673 2817 723 2869 in
754 2817 819 2869 iis
848 2814 1218 2886 (perniciosis)
1266 2823 1369 2877 est,
1417 2824 1469 2869 et
1500 2814 1965 2886 aliquandoinve-

372 2888 572 2952 nietur,
605 2902 799 2956 nempe
828 2883 1088 2942 adversus
1115 2883 1251 2943 mala
1284 2887 1409 2950 erit,
1434 2894 1488 2937 et
1515 2883 1877 2956 itamedicina
1905 2900 1966 2936 ea:

372 2958 527 3011 malis
552 2954 817 3013 adversus
844 2959 979 3012 mala
1003 2974 1017 3021 ;
1045 2973 1168 3012 cum
1203 2956 1507 3011 Academici
1537 2955 1733 3018 velint,
1767 2954 1967 3007 nullum

368 3030 595 3083 omnino
648 3030 846 3083 malum
893 3044 1013 3083 esse
1040 3030 1259 3092 debere,
1300 3043 1369 3080 ne
1414 3025 1675 3081 medicina
1716 3041 1780 3085 ως
1814 3026 1967 3078 malis

371 3109 563 3157 contra
589 3100 729 3156 mala
750 3114 885 3171 opus
912 3100 1000 3155 sit.
1027 3098 1229 3155 Confer
1256 3097 1415 3161 infra,
1452 3096 1512 3150 Si
1546 3096 1739 3149 malum
1774 3096 1971 3149 nullunt

456 3240 695 3309 Viperam
748 3242 917 3305 ferunt
960 3250 1233 3309 exustam,
1264 3247 1370 3293 etc.
1423 3236 1558 3291 Vide
1583 3236 1842 3309 ﬁPlinium
1877 3236 1971 3291 lib.

370 3326 499 3366 xm
522 3308 711 3366 ’Natur.
744 3312 935 3367 histor.
969 3327 1089 3381 cap.
1121 3311 1177 3367 4.
1206 3308 1470 3366 Galenum
1499 3309 1551 3362 in
1581 3308 1973 3377 Therapeutica

374 3382 444 3438 ad
474 3383 750 3437 Pisonem.

382 3452 605 3577 16Quod
642 3463 747 3507 erat
786 3453 945 3507 divini
992 3452 1187 3521 οιιὶβοὶἰ
1211 3466 1485 3507 summum.
1530 3449 1701 3505 Abest
1741 3449 1904 3504 divini
1943 3465 1974 3505 a

479 3538 608 3577 mss.

417 3524 450 3579 6
479 3538 608 3578 mss.

454 3593 522 3647 Et
556 3594 688 3647 bona
712 3604 759 3647 et
785 3595 921 3648 mata
941 3637 956 3661 ,
998 3605 1104 3649 etc.
1130 3596 1284 3664 Siepe
1312 3593 1429 3648 haec
1457 3600 1512 3649 et
1530 3590 1722 3647 similia
1742 3591 1977 3647 inculcat

374 3663 689 3721 Lactantius
735 3685 747 3719 :
802 3666 999 3720 fallitur
1044 3663 1232 3721 autem
1275 3680 1434 3735 quam
1485 3664 1750 3727 maxime;
1794 3664 1974 3717 omnia

373 3735 521 3791 enim
546 3752 666 3804 quia:
700 3738 837 3791 Deus
865 3740 1089 3801 creavit,
1121 3747 1275 3791 erant
1302 3735 1455 3791 valde
1496 3735 1633 3788 bona
1659 3775 1675 3798 .
1708 3741 1766 3786 ut
1797 3744 1975 3787 textus

377 3820 533 3865 sacer
578 3807 768 3861 innuit.
814 3809 867 3863 Si
921 3809 1081 3878 igitur
1130 3807 1404 3862 nonnulla:
1454 3814 1715 3878 creatura:
1766 3804 1971 3878 homini

376 3878 568 3931 noxias
590 3878 790 3933 habent
817 3873 1123 3946 qualitates.
1156 3894 1261 3931 non
1288 3877 1548 3931 creaturis
1576 3874 1725 3935 vitio,
1753 3874 1847 3946 sed
1878 3873 1971 3926 lto-

376 3947 541 4002 minis
570 3960 789 4013 peccato
819 3943 1219 4016 imputandum;
1261 3947 1387 4001 illud
1429 3948 1570 4001 enim
1615 3953 1785 3997 totum
1832 3943 1974 4016 hunc

377 4017 638 4072 mundum
696 4014 913 4073 vanitati
964 4019 1259 4073 obnoxium
1306 4017 1558 4082 reddidit,
1606 4023 1667 4069 ut
1707 4014 1881 4067 innuit
1910 4015 1969 4067 Β.

379 4087 578 4159 Paulus
607 4088 673 4141 ad
695 4088 968 4143 Romanos
989 4104 1107 4157 cap.
1143 4104 1258 4143 vut.

457 4154 530 4211 Ac
555 4158 698 4212 bonis
723 4161 821 4213 situ
842 4171 935 4213 est.
968 4154 1069 4215 Sic'
1082 4160 1287 4214 restitui
1317 4174 1382 4213 ex
1412 4172 1540 4213 mss.
1565 4154 1814 4210 omnibus
1837 4170 1973 4223 prae-

378 4237 465 4284 ter
491 4231 524 4285 5
557 4245 663 4285 rec.
699 4230 749 4284 in
776 4231 973 4299 quibus
1000 4240 1104 4292 cst,
1139 4241 1195 4285 ut
1221 4232 1271 4284 in
1293 4229 1478 4294 editis,
1507 4227 1671 4298 posita
1695 4235 1805 4290 est;
1839 4242 1969 4281 mss.

380 4300 623 4372 quidam,
652 4302 750 4355 sita
778 4304 862 4355 sit.

451 4370 676 4426 Invicem
700 4374 793 4425 sibi
820 4373 1065 4426 alterutra
1086 4388 1313 4425 connexa
1335 4378 1474 4424 sunt.
1500 4368 1573 4423 lta
1598 4368 1777 4421 ferunt
1801 4376 1976 4421 veter-

379 4443 501 4497 rimi
538 4459 665 4497 tnss.
698 4444 1019 4513 chio-l’ut.
1044 4440 1296 4505 et'Cauc.,
1328 4441 1742 4509 aliiqueplurcs,
1778 4452 1841 4491 ac
1874 4438 1971 4491 Be-

381 4514 529 4567 tuleii
562 4513 690 4571 edit.
721 4514 776 4567 ltt
804 4514 984 4566 tttultis
1007 4514 1144 4575 aliis,
1176 4515 1478 4567 alterutrum
1508 4526 1734 4563 connexa
1762 4518 1976 4561 sunt.—

382 4582 534 4637 Hauc
576 4584 815 4637 ultimam
858 4584 1141 4639 lectionem
1170 4584 1362 4653 recipit
1393 4583 1688 4645 Bnnemau,
1718 4590 1772 4633 et
1795 4588 1973 4633 notam

380 4664 695 4721 sequentem
736 4654 974 4709 exhibet.
1001 4683 1067 4693 —-
1109 4654 1331 4709 Invicem
1377 4655 1470 4709 sibi
1507 4654 1973 4721 alterutruntcmt-

382 4720 515 4777 nenia
547 4733 680 4776 sunt.
714 4723 874 4779 Gotb.
909 4736 963 4779 et
988 4726 1160 4781 Betui.
1194 4726 1461 4787 alterutra,
1488 4738 1711 4778 numero
1736 4720 1975 4773 multitu-

384 4792 547 4865 dinis,
573 4794 871 4865 elegantius
901 4811 1051 4851 sane.
1088 4797 1161 4851 [ta
1186 4808 1310 4852 ante
1340 4806 1580 4849 nostrum
1612 4791 1976 4847 Tertullianus

383 4862 452 4919 de
482 4862 701 4936 Resurr.
732 4866 919 4930 Carm,
951 4883 1066 4936 cap.
1108 4868 1200 4929 44,
1250 4867 1481 4921 Membra
1528 4865 1843 4936 alterutrum
1890 4879 1977 4915 stt-

382 4950 518 4988 mus.
576 4932 875 5006 Cyprianus
920 4932 1105 4992 libfut
1151 4938 1373 4993 Testim.
1432 4952 1485 4989 ιι.
1544 4936 1596 4988 9.
1646 4934 1975 5006 Alterutrum

380 5004 825 5066 onerasustinete.
868 5018 921 5061 ct
964 5010 1111 5063 alibi.
1145 5008 1267 5074 ipse
1316 5006 1620 5062 Lactantius
1664 5004 1715 5057 in
1751 5004 1888 5071 Epit.
1920 5019 1968 5058 c.

379 5075 485 5131 29:
518 5075 685 5129 Vides.
711 5118 724 5131 .
751 5119 763 5131 .
797 5081 981 5131 bonum
1002 5091 1046 5133 et
1078 5079 1270 5132 malum
1299 5081 1369 5131 ita
1398 5080 1489 5131 sibi
1522 5092 1627 5128 esse
1652 5090 1897 5137 connexa,
1924 5084 1975 5126 ut

381 5149 599 5202 alterum
627 5150 734 5202 sine
750 5150 908 5201 altero
936 5162 1167 5203 constare
1194 5167 1295 5203 non
1326 5150 1501 5218 possit.
1535 5147 1665 5200 Bun.

456 5218 674 5271 Sublato
727 5220 992 5285 alterutro,
1044 5232 1150 5275 etc.
1204 5222 1228 5275 l
1288 5216 1491 5273 Bonon.
1550 5218 1740 5285 antiq..
1791 5216 1969 5267 altera.

379 5288 576 5356 Scrillli
603 5288 765 5341 Calui.
796 5333 808 5350 .
844 5291 981 5346 Ultr.
1004 5335 1016 5351 ,
1058 5294 1323 5344 alterutra.
1371 5290 1502 5343 Huic
1535 5286 1813 5356 qttrestioui
1837 5302 1969 5356 Anon

378 5354 516 5412 satis
538 5362 778 5431 apposite
805 5364 1093 5431 respondet
1126 5364 1449 5415 Lactantius.
1480 5354 1609 5431 C'utt
1653 5357 1794 5409 enim
1836 5354 1973 5407 DCIIS

381 5430 463 5502 sui
495 5431 673 5497 operis
706 5430 996 5498 inspector,
1023 5446 1370 5502 qumcumque
1402 5430 1563 5483 totius
1598 5436 1801 5480 naturae
1827 5440 1974 5502 cotti-

385 5500 541 5569 plexu
570 5504 1013 5565 continebantur,
1041 5498 1262 5571 proprio
1306 5502 1465 5555 etiam
1503 5502 1630 5552 bona
1663 5498 1973 5571 pronuntia-

383 5579 487 5634 ret,
514 5572 589 5623 ita
622 5582 677 5625 ιιι
708 5590 824 5641 qua:
867 5568 1120 5641 deinceps
1162 5574 1294 5625 mala
1325 5571 1633 5625 acciderint.
1680 5568 1778 5621 sibi
1814 5568 1973 5617 homo

384 5656 609 5695 necesse
641 5643 708 5696 sil
736 5654 950 5711 accepta
982 5647 1198 5705 referat,
1233 5645 1429 5712 quipae
1458 5656 1575 5710 qua:
1609 5653 1713 5712 non
1743 5650 1965 5712 natura),

383 5712 480 5775 sed
511 5716 709 5779 μυρριιί
742 5706 955 5769 humani
988 5715 1203 5785 sequela
1231 5706 1447 5767 essent:
1478 5706 1583 5785 iam
1616 5710 1770 5785 longe
1797 5706 1967 5767 abesl.

389 5792 450 5840 ιιι
483 5787 624 5855 quod
668 5785 805 5843 infra
844 5789 1035 5845 asserit
1069 5780 1411 5849 Lactantius,
1454 5781 1655 5851 sublato
1702 5780 1967 5844 alterutro,

2068 2540 2339 2599 utrumque
2368 2530 2475 2583 tolli
2504 2531 2566 2584 sit
2588 2547 2806 2593 necesse,
2833 2540 2883 2583 ut
2909 2530 3029 2585 cmli
3062 2529 3250 2584 incolis
3298 2529 3427 2582 nihil
3476 2546 3542 2585 eo
3575 2547 3672 2585 no-

2067 2603 2214 2656 mine
2240 2600 2488 2666 decedat,
2522 2601 2663 2669 quod
2693 2601 2839 2654 onmi
2872 2602 3274 2655 cotttrarietatis
3303 2612 3444 2654 metu
3480 2604 3673 2657 immu-

2068 2687 2184 2743 nes,
2217 2670 2355 2727 feliei
2396 2672 2723 2743 necessitate
2770 2672 2821 2724 in
2873 2674 3097 2725 alterum
3143 2671 3419 2725 dumtaxat
3467 2686 3673 2743 partem

2070 2742 2332 2796 ferantur.
2368 2742 2491 2797 Haec
2514 2742 2692 2807 itaque
2725 2758 2887 2807 paena?
2913 2743 3049 2796 mala
3080 2754 3368 2797 consecuta
3398 2742 3520 2797 sunt
3556 2761 3672 2798 tua-

2071 2813 2178 2868 lum
2233 2814 2431 2881 σαίρω,
2478 2813 2621 2883 quod
2667 2812 2721 2867 in
2771 2827 2831 2868 se
2870 2807 3400 2875 Adamus'admisit,
3450 2830 3675 2871 securus

2068 2885 2267 2955 alioqui
2298 2899 2326 2936 a
2365 2884 2645 2949 prioribus
2674 2884 2882 2939 futurus
2902 2926 2918 2951 ,
2951 2885 2995 2939 si
3021 2883 3666 2996 innocensqperstitisset.

3280 2990 3289 2996 .
3322 2972 3543 2996 DARRIHG

3280 2972 3565 3012 DPARKIUS.

2153 3024 2369 3079 Tollitur
2389 3026 2553 3096 omnis
2582 3027 2795 3081 materia
2821 3027 3103 3096 sapientia.
3147 3024 3362 3081 Falsum
3406 3032 3506 3083 hoc
3552 3044 3677 3084 esse

2079 3105 2221 3219 patet
2252 3099 2300 3148 in
2337 3095 2572 3179 Adamo;
2607 3098 2703 3179 fuit
2732 3095 2888 3181 enim
2908 3106 3194 3179 antequam
3219 3099 3362 3179 .mala
3389 3110 3675 3180 esseut..—

2127 3167 2299 3219 ollttur
2324 3184 2487 3219 omnis
2514 3178 2728 3219 materia
2748 3178 3030 3219 sementim.
3064 3168 3133 3219 Et
3162 3168 3258 3219 fuit
3286 3179 3549 3219 sapientia
3573 3185 3675 3219 an-

2127 3167 2299 3220 ollitur
2324 3169 2487 3223 omnis
2514 3168 2728 3222 materia
2748 3169 3030 3238 sapientia.
3064 3168 3133 3223 Et
3162 3168 3258 3223 fuit
3286 3171 3549 3234 sapientia
3573 3185 3676 3225 an-

2080 3245 2291 3307 tequam
2322 3238 2459 3309 mala
2490 3248 2693 3303 essent,
2723 3250 2779 3295 et
2804 3240 2906 3294 erit
2937 3251 3213 3309 perpetua,
3259 3240 3489 3294 sublatis
3517 3243 3675 3297 malis

2077 3309 2348 3363 omnibus.
2372 3307 2541 3364 Caute
2564 3324 2715 3380 ergo,
2759 3326 2880 3380 quae
2911 3307 3013 3365 hoc
3037 3307 3160 3365 loco
3202 3310 3454 3364 dicuntur
3480 3354 3494 3377 ,
3532 3314 3671 3366 acci~

2079 3379 2270 3448 pienda
2296 3390 2439 3443 sunt,
2467 3394 2588 3435 cum
2620 3379 2794 3449 paena:
2826 3382 2963 3435 mala
3011 3396 3116 3435 non
3154 3390 3279 3436 ante
3318 3382 3531 3450 culpam
3578 3384 3678 3437 lio-

2078 3450 2239 3576 rtnitnis
2254 3450 2485 3578 gierint,
2521 3467 2696 3523 neque
2733 3452 2800 3506 ad
2845 3451 3166 3507 exercitium
3203 3454 3481 3522 sapientiae
3522 3454 3679 3509 insti-

2107 3536 2137 3575 ιι
2167 3536 2217 3574 a.
2300 3538 2421 3576 ELL.

2083 3530 2217 3576 tuta.
2254 3530 2421 3576 UELL.

2149 3591 2276 3646 Cum
2303 3608 2620 3663 quocumque
2650 3594 2950 3663 porrexerit.
2980 3592 3149 3649 Abest
3200 3609 3317 3647 cum
3357 3610 3391 3649 a
3442 3596 3509 3651 10
3539 3612 3673 3651 mss.

2079 3663 2409 3732 totidemque
2433 3662 2612 3717 editis.

2151 3732 2440 3788 Naturte...
2455 3735 2917 3788 accommodatum.
2944 3735 3187 3789 Imitatur
3199 3734 3543 3802 Ciceronem,
3563 3738 3599 3792 l.
3621 3755 3674 3801 v,

2077 3805 2198 3888 lin_.,
2221 3820 2339 3888 cap.
2372 3804 2406 3858 9
2430 3822 2441 3856 :
2468 3804 2661 3888 coaptat
2685 3816 2730 3858 et
2756 3822 2835 3888 ea,
2863 3818 3201 3888 quwnnatura:
3228 3810 3677 3888 apta_sen‘tit_,”ap-

2076 3885 2244 3949 petere
2258 3886 2306 3928 et
2333 3876 2633 3949 propulsare
2659 3876 2937 3931 contraria.
2967 3877 3103 3948 Ergo
3125 3880 3262 3932 omni
3287 3880 3497 3932 animali
3519 3876 3671 3949 illud,

2075 3945 2212 4017 quod
2240 3947 2435 4017 appetit
2460 3946 2681 4011 positum
2705 3949 2853 4002 estin
2878 3964 2957 4017 eo,
2986 3945 3124 4017 quod
3153 3959 3352 4004 natura
3380 3960 3453 4005 est
3475 3945 3677 4005 accomi-

2076 4016 2359 4070 modatum.
2390 4016 2520 4071 BUN.

2149 4109 2599 4183 Accommodatum
2624 4110 2709 4163 sit.
2738 4109 2829 4165 Sic
2855 4110 3065 4183 restitui
3088 4126 3153 4167 ex
3176 4113 3457 4183 antiquiss.
3487 4129 3615 4167 mss.
3644 4118 3667 4171 1

2080 4178 2310 4253 bottom,
2360 4180 2710 4253 Regio—Pttt.,
2766 4183 2793 4235 l‘
2835 4182 2908 4236 al.
2950 4182 3083 4253 Reg.
3140 4198 3273 4247 rec.,
3308 4178 3357 4237 ’2
3407 4184 3673 4253 Cotbcrt.,

2080 4250 2601 4373 Balpzmttjlarom.
2637 4252 2689 4306 in
2737 4268 2906 4324 marg.
2959 4250 3182 4308 ln'aliis
3228 4263 3281 4311 et
3331 4256 3487 4310 editis
3536 4250 3677 4311 eam;

2080 4336 2158 4373 ηιο
2200 4338 2306 4373 um.

2078 4336 2283 4374 moaum
2294 4362 2306 4375 .

2160 4412 2325 4486 Yitale
2351 4430 2410 4467 ac
2437 4414 2657 4468 salubre.
2695 4415 2773 4469 lsa
2806 4418 3021 4486 reposui
3073 4432 3139 4471 ex
3189 4417 3225 4471 2
3270 4418 3573 4473 veterrimis
3624 4431 3677 4473 ct

2080 4484 2455 4557 optimismss.
2483 4486 2712 4551 Bouou.,
2740 4484 3060 4554 Regio-Put.
3089 4489 3151 4542 Et
3175 4499 3355 4551 recte;
3391 4490 3677 4557 respicitur

2077 4555 2221 4609 enim
2249 4555 2315 4607 ad
2347 4571 2540 4609 ranam
2571 4570 2751 4624 supra.
2776 4558 2907 4611 Aliis
2935 4566 3017 4613 est
3044 4561 3186 4613 utile.
3214 4589 3285 4599 -—
3325 4555 3492 4614 Vitale'
3514 4578 3576 4612 ac
3594 4579 3678 4614 sa-

2077 4624 2240 4701 lubre.
2288 4626 2511 4701 Legitur
2547 4629 2670 4681 utile
2696 4644 2757 4682 ac
2804 4628 3009 4701 salubre
3045 4632 3182 4699 apud
3222 4630 3513 4684 Bnneutau.
3563 4634 3675 4701 Ap-

2080 4695 2269 4770 probat
2296 4707 2475 4770 tamen
2499 4698 2552 4770 in
2578 4700 2974 4770 notaiscquenti
3000 4695 3237 4755 nostram
3269 4701 3579 4756 lectionem.
3610 4695 3678 4742 '—

2076 4766 2431 4838 Singttlariter
2462 4768 2620 4838 idque
2667 4766 2945 4837 eleganter
2973 4771 3181 4826 Bonon.
3224 4770 3387 4826 Vitale
3431 4790 3491 4825 ac
3532 4774 3677 4827 saluo

2078 4836 2195 4901 bre;
2229 4846 2283 4889 ut
2312 4837 2480 4891 vitatis
2524 4836 2596 4894 sit
2621 4840 2688 4893 ad
2731 4836 2883 4895 vitam
2926 4844 3085 4897 utilis.
3124 4842 3388 4897 Videntur
3429 4859 3677 4899 nonnun-

2076 4922 2236 4977 quam
2265 4908 2349 4961 hae
2372 4922 2528 4983 voces
2557 4910 2813 4966 confusae.
2846 4911 3008 4968 Forte
3048 4914 3240 4981 aliquis
3281 4916 3571 4983 suspicitur
3593 4957 3608 4976 .
3636 4916 3672 4968 Ι.

2075 4993 2159 5043 vt,
2193 4993 2311 5048 cap.
2363 4980 2450 5046 l3,
2504 4996 2600 5050 pro
2644 4984 2811 5036 vitalis
2840 4984 2957 5048 viri,
3004 4984 3309 5109 legendutg.
3367 4980 3507 5041 utilis
3555 4986 3673 5041 viri.

3298 5072 3384 5109 un.

3298 5072 3384 5111 UN.

2145 5118 2289 5187 Opus
2318 5121 2478 5175 nobis.
2530 5123 2618 5177 Sic
2665 5124 2948 5178 emendavi
3001 5140 3067 5180 ex
3112 5142 3241 5181 mss.
3273 5129 3307 5180 2
3360 5128 3593 5189 Bouou.,
3647 5129 3669 5181 l

2079 5188 2234 5269 Reg.,
2267 5193 2306 5269 2_
2327 5190 2588 5269 Colbert.,
2622 5194 2824 5260 B.tluz.,
2858 5195 2990 5249 Tax.
3022 5196 3078 5251 In
3117 5198 3327 5252 cst-teris
3358 5198 3509 5253 libris
3545 5188 3677 5269 legi-

2079 5271 2163 5314 tur
2192 5260 2352 5328 bonis,
2383 5264 2658 5318 mendose.

2151 5353 2283 5430 Quas
2327 5358 2428 5430 nisi
2464 5356 2678 5430 fuissent
2718 5362 3017 5430 preposita.—
3052 5361 3271 5417 Scilicet
3317 5362 3476 5416 mala.
3536 5362 3673 5419 Vide

2078 5425 2308 5498 princed:
2338 5436 2391 5479 et
2417 5428 2469 5498 iu
2499 5428 2609 5498 line
2633 5425 2840 5498 Capitis.
2876 5430 2949 5486 Ita
2986 5432 3197 5487 correxi
3240 5449 3303 5487 ex
3353 5434 3509 5486 editis
3558 5446 3669 5488 vet.

2061 5494 2259 5585 'R‘otn‘?
2278 5496 2560 5585 [ﬁetu-lqis.
2590 5494 2912 5585 etoinnibus
2940 5518 3103 5585 mss...
3123 5514 3318 5571 pr:eter
3400 5503 3532 5585 εἶξε.
3556 5520 3669 5585 rec.

2073 5567 2442 5705 gsstlolbcrt.
2476 5569 2526 5621 in
2576 5570 2768 5639 quibus
2798 5573 2992 5643 legitur
3029 5567 3227 5645 fuisset,
3260 5584 3315 5627 ιιι
3357 5576 3406 5627 itt
3440 5567 3505 5627 l5
3553 5576 3672 5629 vul-

2148 5706 2420 5784 Ra_t_ionale
2446 5713 2639 5784 animal
2667 5729 2766 5765 non
2793 5730 3031 5769 essemus.
3068 5716 3146 5768 An
3183 5714 3349 5769 Adam
3394 5716 3578 5784 utique
3614 5716 3664 5769 in

2071 5777 2323 5848 paradiso
2372 5796 2478 5837 non
2521 5783 2619 5838 fuit
2664 5784 2861 5840 animal
2903 5787 3201 5855 rationale?
3248 5802 3373 5847 num
3418 5777 3670 5847 homines
