3912 6256
163 358 256 420 121

96 610 104 618 ,
157 569 307 625 etiam
341 575 712 636 argumentum
759 567 886 622 illud
930 567 1167 637 Epicuri.
1202 569 1342 624 Deus
1364 610 1377 630 ,
1407 567 1577 639 inquit
1599 608 1612 631 ,
1642 577 1734 622 aut

156 661 262 714 vult
298 657 481 714 tollere
523 658 663 713 mala
705 667 761 714 et
804 673 910 713 non
941 669 1155 729 potest;
1203 669 1294 715 aut
1325 668 1498 731 potest
1527 670 1583 715 et
1623 674 1730 713 non

159 751 296 818 vult;
324 761 410 807 aut
458 765 635 819 neque
659 750 810 816 vult,
845 765 1020 822 neque
1045 761 1246 822 potest;
1291 762 1384 808 aut
1421 761 1475 807 et
1519 753 1631 807 vult
1679 761 1734 808 et

158 852 348 916 potem.
378 843 430 900 Si
459 843 572 898 vult
603 851 657 898 et
687 858 792 898 non
817 853 1024 914 potest,
1053 845 1333 901 imbecillis
1360 853 1475 911 est;
1505 845 1646 916 quod
1677 846 1730 901 in

165 938 322 994 Deum
349 951 444 990 non
469 934 633 990 cadit.
657 935 713 993 Si
741 945 919 1006 potest
943 947 997 993 et
1021 953 1128 992 non
1152 938 1281 1004 vult,
1316 937 1563 1002 invidus;
1588 938 1731 1009 quod

165 1043 306 1098 mque
327 1028 551 1082 alienum
579 1043 610 1082 a
640 1027 772 1083 Deo.
800 1028 856 1083 Si
888 1044 1060 1100 neque
1088 1029 1220 1096 vult,
1249 1045 1424 1101 neque
1449 1038 1646 1101 potest,
1679 1039 1734 1086 et

164 1117 358 1174 invidus
398 1127 449 1174 et
501 1118 786 1175 imbecillis
815 1131 927 1186 est;
978 1121 1205 1191 ideoque
1247 1137 1420 1193 neque
1460 1123 1622 1179 Deus.
1673 1123 1731 1179 Si

155 1213 259 1266 vult
284 1221 334 1267 et
358 1221 552 1281 potest,
583 1214 725 1283 quod
755 1215 932 1271 solum
976 1216 1084 1272 Deo
1112 1215 1397 1280 convenit,
1431 1217 1571 1272 unde
1598 1233 1728 1288 ergo

154 1311 268 1358 sunt
291 1302 461 1358 mala?
484 1314 579 1358 aut
605 1306 805 1360 eurilla
830 1322 934 1360 non
954 1307 1122 1361 tollit?
1145 1307 1270 1363 Scio
1297 1308 1583 1379 plerosque
1607 1309 1726 1379 phi-
1754 1340 1766 1358 κ

154 1394 502 1464 losophorum,
534 1397 626 1465 qui
656 1397 1052 1467 providentiam
1089 1398 1408 1468 defendunt,
1443 1401 1546 1456 hoc
1572 1416 1732 1471 argu-

155 1495 321 1542 mento
333 1486 635 1554 perturbari
654 1489 829 1544 solere
849 1498 900 1544 et
923 1489 1117 1544 invitos
1141 1505 1278 1560 pene
1303 1491 1466 1562 adigi,
1487 1502 1543 1546 ut
1560 1493 1728 1548 Deum

159 1579 277 1632 nihil
304 1593 490 1634 curare
517 1578 812 1646 fateantur,
844 1581 985 1651 quod
1027 1583 1263 1636 maxime
1307 1584 1498 1651 quaerit
1530 1584 1730 1654 Epicu-

156 1684 258 1724 rus.
281 1668 381 1725 Sed
400 1683 496 1724 nos
521 1685 580 1724 ra
591 1672 737 1727 tione
763 1681 1061 1741 perspecta,
1088 1673 1494 1731 formidolosum
1523 1676 1624 1731 hoc
1651 1691 1729 1731 ar-

159 1769 438 1830 gumentum
461 1761 623 1817 facile
653 1762 1023 1819 dissolvimus.
1043 1764 1186 1819 Deus
1208 1766 1351 1822 enim
1376 1777 1547 1838 potest
1574 1768 1730 1840 quid-

1464 355 1668 413 LlllER
1712 353 1799 412 DE
1839 352 1956 410 lRA
1997 351 2127 409 DEI.

157 475 302 532 stoici
358 475 507 529 nullo
563 472 720 528 modo
774 473 961 529 videre
1029 481 1355 544 potuerunt,
1419 470 1811 531 dissolviturA

3331 346 3432 406 I22

2425 531 2653 590 CAPUT
2691 530 2829 590 XIV.

2243 686 2347 744 Cur
2377 687 2516 743 Deus
2539 687 2712 761 fecerit
2733 687 3011 743 hominem.

1906 847 2157 919 Sequitur
2185 853 2245 901 ut
2282 846 2560 902 ostendam
2589 861 2687 902 cur
2725 846 2910 902 fecerit
2937 843 3206 902 hominem
3248 843 3428 915 ipsum

1837 939 1997 995 Deus.
2031 938 2177 995 Sicut
2207 937 2461 992 mundum
2511 927 2733 1009 propter
2768 937 3038 992 hominem
3089 935 3426 991 machinatus

1833 1039 1938 1096 est,
1966 1031 2038 1085 ita
2061 1030 2234 1100 ipsum
2256 1039 2478 1100 propter
2501 1045 2583 1096 se,
2615 1039 2882 1100 tamquam
2911 1028 3078 1084 divini
3103 1028 3283 1098 templi
3322 1044 3422 1082 au-

1836 1123 2056 1179 tistitem
2081 1165 2097 1191 ,
2139 1133 2496 1195 spectatorem
2526 1138 2752 1194 operum
2781 1137 3073 1194 rerumque
3101 1121 3422 1179 coelestium.

1832 1215 1990 1272 Solus
2012 1223 2095 1271 est
2119 1215 2284 1282 enim,
2308 1216 2398 1286 qui
2414 1216 2671 1283 sentiens,
2692 1230 2968 1285 capaxque
2999 1214 3244 1280 rationis,
3269 1214 3430 1269 intel-

1833 1308 2000 1381 ligere
2025 1309 2194 1379 possit
2217 1309 2508 1379 Deum,qui
2533 1323 2696 1378 opera
2722 1308 2842 1379 ejus
2866 1307 3142 1373 admirari,
3174 1306 3425 1361 virtutem

1835 1411 2258 1473 petestatcmque
2274 1402 2578 1472 perspicere
2596 1419 2610 1467 ;
2633 1401 2834 1457 idcirco
2849 1401 2992 1457 enim
3006 1386 3255 1467 consilio,
3277 1417 3426 1456 men-

1831 1504 1886 1574 te
1911 1537 1926 1563 ,
1956 1494 2237 1566 prudentia
2265 1496 2556 1550 instructus
2578 1506 2680 1550 est.
2711 1495 2837 1550 Ideo
2867 1495 3014 1550 solus
3039 1501 3235 1565 printer
3263 1503 3423 1550 caete-

1832 1603 1921 1644 ras
1938 1590 2240 1646 animantes
2266 1599 2414 1644 recto
2439 1604 2669 1658 corpore
2697 1604 2760 1644 ac
2780 1598 2921 1644 statu
2950 1589 3121 1644 lactus
3142 1595 3244 1655 est,
3276 1597 3334 1642 ut
3358 1587 3425 1645 ad

1832 1671 2340 1750 contemplationem
2364 1681 2598 1750 parentis
2626 1681 2708 1735 sui
2729 1681 2990 1735 excitatus
3010 1695 3135 1736 esse
3157 1679 3416 1736 videatur.

1833 1771 1957 1827 Ideo
1985 1787 2288 1829 sermonem
2314 1773 2462 1827 solus
2488 1773 2715 1843 accepit,
2735 1788 2798 1828 ac
2827 1773 3059 1843 linguam
3077 1771 3418 1843 cogitationis

156 1851 271 1920 quid
295 1852 440 1916 velit,
487 1863 542 1908 et
573 1855 954 1924 imbecillitas,
1001 1857 1084 1912 vel
1113 1859 1307 1914 invidia
1341 1861 1395 1915 in
1440 1861 1549 1917 Deo
1577 1864 1722 1918 nulla
1753 1858 1802 1919 B
1829 1864 2197 1935 interpretem,
2228 1873 2288 1920 ut
2314 1880 2568 1920 enarrare
2591 1865 3158 1936 majestatem-domini
3180 1865 3263 1920 sui
3296 1880 3419 1936 pos-

155 1953 261 2006 cst;
307 1953 474 2012 potest
503 1944 675 2016 igitur
702 1947 840 2002 mala
889 1947 1119 2004 tollere:
1148 1949 1242 2005 sed
1277 1949 1382 2006 neu
1428 1953 1580 2022 vult;
1627 1970 1728 2012 nec

152 2033 261 2087 ideo
285 2043 450 2089 tamen
484 2036 703 2091 invidus
731 2049 832 2092 est.
864 2040 1069 2096 Idcirco
1095 2042 1237 2098 enim
1272 2059 1376 2099 non
1409 2046 1567 2112 tollit,
1597 2049 1724 2119 quia

152 2129 438 2196 sapientiam
468 2128 635 2199 (sicut
664 2134 872 2198 edocui)
922 2135 1080 2189 simul
1129 2137 1346 2204 tribuit,
1379 2146 1435 2194 et
1471 2140 1594 2210 plus
1639 2148 1725 2197 est

149 2218 258 2272 boni
283 2234 341 2274 ac
363 2220 717 2288 iucunditatis
746 2225 796 2278 in
819 2225 1079 2292 sapientia
1101 2268 1116 2292 ,
1151 2241 1308 2297 quam
1338 2231 1388 2283 in
1418 2231 1575 2286 malis
1601 2247 1718 2289 mo-

149 2309 319 2366 lestize.
345 2311 614 2382 Sapientia
647 2316 791 2370 enim
825 2317 970 2381 facit,
1005 2328 1060 2371 ut
1090 2318 1250 2374 etiam
1296 2321 1460 2376 Deum
1485 2338 1714 2394 cognos-

149 2415 311 2457 camus
335 2415 384 2458 et
418 2419 510 2473 per
536 2420 663 2460 eam
690 2406 1047 2477 cognitionem
1081 2410 1535 2469 immortalitatem
1566 2429 1717 2471 asse-

151 2508 373 2565 quamur;
405 2497 543 2566 quod
575 2510 662 2553 cst
686 2515 953 2554 sumntum
988 2502 1207 2558 bonum.
1241 2505 1422 2576 Itaque
1451 2507 1551 2562 nisi
1573 2508 1717 2578 prius

146 2587 328 2643 malum
353 2592 726 2659 agnoverimus
748 2633 761 2658 ,
811 2608 908 2648 nec
938 2595 1134 2650 bonum
1181 2585 1717 2669 poteritnus‘aguos-

95 2673 110 2692 ί
149 2679 396 2735 ccre.Sed
421 2679 512 2736 hoc
539 2698 653 2736 non
678 2685 810 2738 vidit
833 2685 1115 2753 Epicurus,
1148 2704 1246 2743 nec
1263 2690 1714 2760 aliusquiSquam;

151 2771 194 2825 si
222 2772 453 2828 tollantur
474 2775 648 2840 mala,
682 2777 791 2831 tolli
819 2779 1017 2847 pariter
1032 2780 1372 2848 sapientiam,
1400 2797 1498 2838 nec
1525 2785 1628 2837 ulla
1659 2784 1713 2838 in

150 2861 348 2920 homine
369 2863 581 2920 virtutis
597 2882 876 2924 remanere
903 2870 1144 2940 vestigia,
1173 2873 1326 2941 cujus
1351 2874 1487 2928 ratio
1518 2873 1568 2927 in
1597 2889 1715 2930 sus-

150 2953 340 3008 tinenda
366 2967 416 3012 et
445 2959 754 3028 superanda
804 2961 1066 3015 malorum
1111 2963 1402 3018 acerbitate
1445 2965 1710 3019 consistit.

150 3043 310 3116 Itaque
335 3057 544 3118 propter
563 3050 815 3120 exiguum
837 3053 1215 3122 compendium
1242 3053 1570 3110 sublatorum
1601 3074 1712 3113 nta-

151 3136 301 3192 Iorum
326 3143 557 3197 maximo
585 3151 641 3198 et
667 3159 798 3198 vero
823 3152 875 3198 et
901 3146 1120 3215 proprio
1147 3146 1300 3202 nobis
1330 3148 1470 3204 bono
1497 3165 1709 3207 carere-

1828 1959 1918 2014 sit.
1969 1955 2246 2014 Postremo
2295 1957 2492 2012 idcirco
2536 1957 2582 2013 ei
2646 1966 2835 2012 cuncta
2883 1957 3125 2023 subjecta
3182 1967 3330 2024 sunt,
3360 1969 3421 2014 ut

1827 2050 2013 2106 {actori
2043 2059 2204 2120 atque
2220 2048 2412 2104 artiﬁci
2443 2048 2551 2103 Deo
2578 2059 2724 2104 esset
2753 2049 2869 2120 ipse
2889 2047 3182 2119 subjectus.
3213 2047 3268 2105 Si
3291 2063 3422 2117 ergo

1828 2142 1967 2197 Deus
2009 2141 2282 2196 hominem
2308 2156 2464 2196 suum
2504 2141 2670 2196 voluit
2696 2155 2817 2196 esse
2847 2140 3108 2194 cultorem
3130 2183 3144 2206 ,
3180 2139 3410 2205 ideoque

1791 2275 1794 2277 λ
1826 2233 1900 2288 illi
1929 2241 2132 2287 tantum
2179 2233 2400 2287 honoris
2425 2231 2697 2295 attribuit,
2731 2240 2790 2286 ut
2821 2245 2998 2286 rerum
3039 2231 3279 2285 omnium
3317 2230 3417 2285 do-

1825 2324 2155 2389 minaretur;
2206 2321 2767 2392 utiquejustissimum
2795 2331 2878 2376 est
2920 2330 2976 2376 et
2996 2336 3115 2376 eum
3155 2321 3245 2391 qui
3273 2329 3418 2375 tanta

1824 2417 2154 2488 praestiterit,
2186 2431 2371 2471 amare
2399 2427 2454 2470 et
2482 2414 2776 2481 hominem,
2816 2415 2904 2491 qui
2935 2413 3006 2468 sit
3027 2413 3303 2468 uobiscum
3331 2411 3417 2466 tli-

1822 2510 1928 2565 vini
1957 2510 2093 2580 juris
2118 2510 2377 2566 societate
2402 2509 2747 2579 conjunctos.
2773 2506 2882 2580 Nec
2910 2509 3052 2562 enim
3082 2507 3163 2562 Ias
3189 2514 3272 2562 est
3305 2507 3419 2560 cul-

1802 2567 1996 2658 torem
2027 2601 2118 2655 Dei
2148 2617 2179 2656 a
2207 2601 2299 2656 Dei
2331 2567 2538 2656 cultore
2559 2567 2957 2654 violariﬂflnde
2984 2596 3296 2667 intelligitur
3326 2611 3412 2651 re-

1827 2693 2041 2762 ligionis
2073 2707 2136 2747 ac
2161 2692 2386 2762 jusﬁtim
2416 2706 2578 2746 causa
2623 2705 2745 2745 esse
2788 2688 3058 2743 hominem
3106 2689 3411 2759 ﬁguratum.

1815 2780 1980 2854 Cujus
2005 2783 2079 2837 rei
2101 2783 2252 2837 testis
2275 2792 2357 2838 est
2379 2782 2584 2836 Marcus
2602 2781 2806 2835 Tullius
2829 2781 2878 2834 in
2902 2779 3053 2836 libris
3068 2779 3136 2836 de
3159 2781 3412 2850 Legibus,

1817 2874 1889 2930 ita
1910 2876 2096 2930 dicens
2123 2893 2136 2930 :
2161 2894 2179 2926 ι
2205 2875 2312 2932 Sed
2331 2875 2592 2940 omnium,
2617 2890 2736 2945 qua:
2760 2875 2812 2928 in
2830 2873 3115 2928 doctorum
3138 2873 3416 2928 hominum

1815 2965 2176 3036 disputatione
2197 2978 2504 3033 versantur,
2532 2967 2660 3021 nihil
2675 2977 2755 3022 est
2777 2965 3016 3037 profecto
3031 2965 3412 3038 praestabilius,

1815 3075 1975 3131 quam
2022 3061 2178 3132 plane
2209 3061 2430 3130 intelligi
2459 3101 2472 3124 ,
2528 3076 2624 3114 nos
2651 3059 2716 3114 ad
2739 3059 3004 3131 justitiam
3035 3073 3154 3113 esse
3182 3066 3357 3112 natos.
3389 3075 3408 3109 ι

1813 3152 1966 3220 Quod
1996 3151 2038 3205 si
2067 3162 2148 3208 est
2179 3153 2543 3215 verissimum,
2578 3153 2717 3206 Deus
2771 3167 2900 3222 ergo
2946 3151 3059 3204 vult
3083 3164 3274 3204 omnes
3303 3148 3406 3203 ho-

152 3244 272 3285 mus.
297 3231 507 3289 Constat
549 3235 712 3306 igitur
757 3237 935 3292 omnia
970 3249 1189 3308 propter
1218 3239 1488 3296 hominem
1515 3257 1710 3313 propo-
1738 3218 1784 3282 C
1817 3245 1988 3300 mines
2011 3260 2130 3300 esse
2153 3245 2358 3314 justos,
2406 3245 2457 3299 id
2498 3255 2610 3310 est,
2653 3245 2816 3300 Deum
2863 3254 2915 3300 et
2945 3243 3214 3298 hominem
3258 3255 3414 3298 caros

151 3321 256 3392 sita,
282 3333 378 3380 tam
404 3329 571 3398 mala,
598 3344 757 3400 quam
783 3331 944 3386 etiam
980 3331 1137 3388 bona.

1821 3340 2018 3396 habere
2049 3357 2062 3394 :
2095 3340 2262 3396 Deum
2296 3339 2501 3396 scilicet
2527 3339 2797 3397 honorare
2849 3347 3119 3408 tamquam
3162 3345 3368 3408 patrem
3395 3376 3412 3405 ,

1441 3455 1803 3517 VARIORUM
1839 3459 2073 3516 NOTAE.

156 3562 272 3646 hanc
293 3569 686 3646 proprietatem
717 3569 768 3624 in
814 3569 964 3626 oculis
1010 3572 1280 3640 amittent,
1328 3588 1394 3630 eo
1447 3575 1588 3646 quod
1635 3577 1708 3632 ibi

156 3636 280 3691 nulla
303 3639 404 3694 sint
430 3641 617 3695 mala?
647 3640 932 3697 Gnaeus.

217 3706 364 3783 Quam
402 3711 551 3783 stoici
583 3713 724 3766 nullo
754 3715 904 3766 modo
939 3713 1107 3768 videre
1136 3725 1408 3783 potuerunt
1433 3756 1447 3780 ,
1480 3718 1713 3771 dissolvi-

159 3785 241 3854 tur.
266 3779 379 3834 Mss.
409 3781 476 3836 15
494 3791 554 3838 et
579 3783 707 3838 edit.
737 3784 772 3837 2
811 3793 918 3838 vet.
955 3779 1144 3850 ltom.,'
1167 3779 1445 3852 Parrhas.,
1475 3787 1704 3854 Tridin.,

158 3846 408 3925 Floreat,
439 3869 602 3922 quam
647 3855 796 3908 stoici
858 3846 1174 3924 posuerunt,
1229 3846 1556 3925 dissolvitur;
1607 3846 1712 3915 non

156 3928 296 3986 recte,
325 3922 441 3999 quia
470 3938 639 3999 supra
667 3922 876 3980 dixerat
925 3929 1124 3999 stoicos
1153 3929 1414 3997 repulisse
1453 3922 1710 3999 quatstio-

159 4002 261 4066 nent
305 3993 768 4066 academicorum,
823 4005 927 4049 etc.
978 3997 1163 4052 Imus.
1205 3993 1276 4038 L—
1334 3993 1498 4066 ραίυή
1567 4003 1710 4055 stoici

156 4059 281 4141 nullo
302 4065 442 4141 modo
469 4065 642 4141 uidere
662 4059 951 4134 potuerunt.
987 4068 1149 4141 Stoici
1183 4059 1615 4141 illamwrationem
1646 4073 1710 4126 de

157 4133 384 4212 sapientia
412 4133 942 4212 uullibi_posuerunt,
977 4147 1027 4193 et
1065 4139 1179 4212 ipse
1228 4139 1532 4195 Lactantius
1575 4143 1710 4196 infra

157 4198 361 4281 altirmat
379 4220 554 4275 neque
585 4198 896 4281 Epicurum,
929 4198 1030 4281 nec
1062 4198 1228 4264 alium
1260 4227 1577 4281 quemquam
1614 4214 1712 4266 hoc

159 4270 362 4339 vidisse;
403 4270 533 4349 ergo
573 4270 672 4333 nec
697 4279 852 4334 stoici
886 4270 1054 4334 illam
1098 4270 1359 4337 rationem
1398 4270 1709 4350 posuerunt.

1443 4353 1571 4407 BUN.

158 4425 178 4489 ‘_
211 4414 271 4489 _Si
292 4417 455 4489 saltet
485 4419 842 4489 potest.qnod.
876 4419 946 4474 Ita
970 4419 1327 4489 antiquissimi
1353 4437 1482 4477 mss.
1513 4425 1713 4486 IBoa.,

161 4482 533 4568 Iliegio-Put'._,
582 4489 603 4542 I
649 4482 886 4568 Colbert.
925 4501 980 4546 et
1005 4482 1132 4568 editi
1172 4493 1283 4568 fere
1307 4507 1517 4568 omnes.
1561 4482 1715 4568 In”
1739 4509 1792 4568 ι)

157 4565 268 4634 mss.
299 4571 398 4612 rec.
421 4569 474 4614 et
503 4561 780 4634 impressis
809 4560 963 4615 Rom.
990 4569 1044 4616 et
1064 4561 1311 4634 Gymnic.
1337 4564 1561 4634 legitur,
1596 4567 1640 4619 si
1665 4581 1712 4620 et

158 4625 249 4697 vult
273 4637 314 4680 et
336 4639 492 4694 potest
508 4671 522 4693 ,
557 4625 710 4697 quod.

217 4696 348 4776 Sicut
371 4696 577 4776 _edo_cui.
605 4701 1024 4776 Itaurestitutum
1055 4719 1122 4758 ex
1163 4707 1194 4759 4
1239 4704 1368 4775 Reg.
1416 4705 1554 4760 inter
1578 4722 1712 4776 quos

159 4774 227 4842 est
265 4767 600 4842 Regio-HL.
633 4772 857 4842 aliisque
893 4775 1108 4834 multis.
1154 4767 1535 4832 accedeIttibtts
1575 4767 1609 4831 ἐξ
1635 4779 1708 4833 al.

159 4832 549 4965 ἓρὲἆέξροιὺη
579 4832 818 4897 Clarotn.
844 4855 897 4900 et
923 4846 1010 4900 ed.
1046 4832 1204 4903 Rom.
1234 4847 1393 4912 1470,
1418 4848 1609 4918 quibus
1630 4832 1714 4904 est.

219 4977 401 5054 Etplas
429 4994 502 5039 est
528 4983 663 5038 boni.
714 4983 795 5038 Ex
835 4985 1174 5054 llegio-lfut.,
1214 4989 1248 5042 5
1297 4988 1532 5043 Colhert.
1563 4989 1711 5043 aliis-

159 5061 247 5134 fttte
267 5051 432 5134 addidi
470 5064 688 5134 est,_pro
714 5071 820 5125 quo
863 5051 1063 5127 legitur
1080 5069 1127 5112 et
1151 5051 1202 5114 in
1230 5060 1264 5114 6
1293 5061 1530 5128 scriptis;
1557 5061 1711 5117 deest

159 5131 310 5174 autem
338 5126 385 5177 in
413 5126 640 5180 caeteris.

221 5191 474 5269 §npientia_
494 5198 627 5269 enim
653 5195 802 5269 facit.
834 5198 907 5252 Ita
937 5198 1056 5269 lego
1086 5215 1148 5253 ex
1172 5200 1545 5256 vetustissimis
1575 5218 1703 5257 mss.

160 5257 190 5310 2
216 5257 424 5340 Bonan,
455 5257 796 5340 Regio-_Put.r.
835 5257 1058 5340 aliisque
1086 5271 1120 5323 2
1154 5270 1308 5340 ch.,
1338 5272 1370 5326 6
1397 5270 1551 5327 Colb.
1589 5289 1709 5328 sex—

162 5345 250 5398 que
286 5337 393 5391 aliis
431 5349 482 5393 et
515 5338 602 5392 ed.
627 5337 809 5414 _Be_tul_.
843 5337 1000 5414 ac_Is'_.
1041 5354 1143 5414 non
1174 5337 1307 5414 ut'in
1342 5359 1471 5396 mss.
1505 5345 1538 5397 5
1567 5344 1705 5414 Reg.

163 5416 259 5454 rcc.
284 5414 331 5460 rt
351 5422 398 5461 sn
426 5408 836 5479 quamplurimis
867 5410 1043 5475 editis,
1079 5411 1341 5478 Sapientia
1371 5415 1542 5468 etiam.
1573 5408 1704 5469 Nam

161 5485 348 5554 causam
364 5477 536 5545 affert,
557 5493 656 5554 cur
683 5480 736 5534 in
757 5481 1016 5554 sapientia
1035 5477 1164 5551 plus,
1181 5483 1250 5536 sit
1274 5483 1398 5538 boni
1426 5500 1487 5538 ac
1505 5485 1672 5554 jucun
1687 5516 1705 5528 -

161 5542 336 5620 dilatis,
365 5542 531 5620 neque
553 5550 732 5620 placet
757 5542 845 5605 hic
873 5559 929 5606 et
951 5542 1140 5606 iterum
1171 5567 1291 5607 mox
1320 5555 1488 5608 etiam.

193 5612 361 5696 ⁵ςιιμιι
385 5612 578 5696 ηιῑὶρίιὶ
599 5621 913 5696 sustinenda,
937 5632 1041 5696 etc.
1071 5622 1510 5696 Praepositionem
1535 5625 1589 5678 in
1610 5627 1704 5680 ad-

158 5681 591 5817 ἓὶἀέχῗιὲἓιὲἰϋυε
617 5690 728 5748 fere
754 5707 881 5747 mss.
900 5681 965 5748 'et
993 5694 1027 5748 6
1057 5681 1232 5750 editis.
1267 5696 1432 5752 Abest
1451 5710 1480 5750 a
1510 5697 1545 5750 2
1569 5697 1697 5767 Reg.

159 5767 206 5808 et
226 5767 416 5816 excusis
441 5767 491 5816 8.

155 5875 169 5895 ι
221 5824 360 5907 Recto
405 5847 630 5906 corpore.
672 5833 746 5889 Ita
776 5833 1151 5908 quamplurimi
1204 5849 1332 5894 mss.
1376 5838 1515 5894 inter
1562 5853 1698 5908 quos

1811 3586 1938 3660 sunt
1968 3577 2241 3660 veterrimi
2275 3578 2480 3632 Bonon.
2511 3584 2567 3631 et
2595 3575 2727 3644 Reg.
2759 3573 2830 3628 At
2867 3574 2932 3626 14
2963 3586 3073 3626 rec.
3103 3578 3158 3626 et
3189 3570 3412 3628 totidem

1812 3658 2090 3718 impressi,
2123 3658 2291 3701 rectus
2316 3663 2546 3714 corpore.

1884 3741 2110 3807 Ideoque
2137 3740 2238 3804 illi,
2263 3751 2370 3794 etc.
2398 3739 2456 3792 In
2480 3753 2611 3792 mss.
2642 3739 2666 3792 1
2691 3737 2836 3807 Lips.
2864 3734 3413 3807 Ideoque‘illititulum

1814 3821 2010 3865 tantum
2027 3804 2263 3865 honoris.
2284 3810 2341 3865 In
2375 3811 2524 3864 nullo
2553 3808 2677 3874 alio,
2701 3806 2842 3877 quod
2869 3806 3058 3870 sciam,
3086 3805 3155 3857 ita
3187 3804 3402 3873 legitur,

1802 3879 2042 3949 ideoque
2067 3881 2198 3936 nihil
2233 3891 2439 3936 mutare
2467 3879 2632 3934 volui.

1891 3944 2077 4007 Rerum
2105 3953 2330 4006 omnium
2368 3950 2735 4005 dominaretur.
2773 3947 2876 4001 Per
2903 3946 3289 4010 Grarcismum;
3323 3944 3409 3999 in-

1816 4024 1998 4080 solens
2023 4024 2165 4079 enim
2195 4024 2525 4079 constructio
2555 4020 2810 4074 dominari
2829 4033 2951 4071 eum
2972 4016 3224 4087 gignendi
3255 4031 3406 4071 casu.

1815 4095 1971 4164 Apud
2001 4095 2318 4149 Ciceronem
2341 4094 2580 4164 jungitur
2605 4102 2798 4162 qUarto
2827 4089 2909 4145 vel
2935 4097 3088 4143 sexto
3116 4088 3262 4141 casui
3282 4102 3406 4142 cum

1818 4166 2198 4235 praepositione
2226 4166 2298 4219 in.

1893 4257 2077 4328 Utique
2106 4259 2449 4326 justissimum
2483 4265 2552 4310 est
2583 4265 2778 4328 etcum
2807 4253 2891 4323 qui
2922 4260 3062 4305 tanta
3087 4250 3397 4328 prmstiterit,

1818 4322 2058 4383 amare'et
2087 4322 2362 4394 hominem,
2392 4329 2476 4399 qui
2503 4328 2585 4399 sit.
2607 4322 2844 4399 Sic_lego
2860 4333 2912 4399 et
2926 4322 3166 4399 eluendo
3188 4334 3402 4399 ex-tuss.

1821 4399 2160 4470 Regio-Put.,
2187 4399 2223 4452 2
2250 4390 2479 4461 Bonon.,
2497 4390 2831 4470 'l‘ax..__Em'.,
2866 4396 2888 4470 1
2919 4391 3099 4470 colli"
3127 4390 3267 4460 quod
3289 4405 3406 4470 reef

1822 4463 1928 4525 tius
1958 4480 2011 4526 et
2043 4471 2227 4539 purius
2250 4479 2353 4541 est,
2384 4484 2542 4538 quam
2569 4508 2584 4531 ,
2640 4465 2825 4541 Utique
2863 4463 3196 4541 iustissimum
3241 4470 3313 4541 est
3359 4469 3406 4541 et

1818 4541 1984 4595 Deum
2027 4537 2224 4604 colere,
2266 4537 2495 4594 videlicet
2538 4554 2650 4612 eunt
2700 4537 2787 4612 qui
2833 4543 2973 4586 tanta
3015 4537 3304 4612 jtrrcstiterit
3357 4539 3404 4583 et

1816 4628 1989 4666 amare
2041 4613 2313 4676 hominem,
2345 4620 2477 4676 etc.,
2509 4608 2647 4681 quod
2671 4604 2905 4681 glossam
2932 4604 3089 4681 sapit,
3123 4604 3261 4681 ut_in
3297 4615 3398 4681 ms.

1815 4681 1978 4738 Cane.
2015 4683 2066 4735 in
2104 4683 2138 4735 ὅ
2166 4671 2355 4747 editis,
2409 4671 2758 4745 pr'ws'tititfin
2789 4675 2822 4730 5
2865 4673 3122 4747 vulgatis,
3152 4671 3403 4747 demptis

1815 4752 2304 4822 conjunctionibus.
2327 4742 2352 4804 1
2380 4742 2597 4822 Ιὶθεηὲ
2618 4742 2772 4800 Colh.
2790 4753 2843 4799 et
2867 4744 3058 4822 Datus.
3080 4752 3136 4822 ut
3152 4742 3398 4822 intexto,

1816 4766 2304 4822 conjunettomnus.
2327 4766 2351 4804 Ἰ
2383 4766 2458 4804 Ite
2501 4789 2537 4808 ..
2564 4766 2597 4801 Ζ
2618 4766 2772 4800 hom.
2790 4766 2843 4799 et
2871 4766 3058 4797 οιιιιιι.
3081 4766 3202 4795 ιιιιιι
3227 4766 3398 4805 sunt",

1816 4823 1915 4877 nisi
1939 4822 2080 4892 quod
2109 4837 2205 4892 pro
2233 4832 2276 4876 et
2297 4839 2438 4893 eum,
2461 4766 2668 4893 {habent
2689 4833 2801 4893 eunt
2831 4814 3080 4875 videlicet;
3113 4815 3134 4866 1
3171 4811 3317 4893 Lips.
3349 4820 3405 4893 ct

1814 4893 1848 4947 5
1878 4885 2162 4963 impressi,
2210 4903 2256 4946 et
2285 4892 2451 4946 Deum
2496 4891 2658 4963 colere
2694 4889 2784 4963 qui
2833 4894 2973 4963 tanta
3018 4885 3309 4963 prazstitcrit
3353 4891 3403 4934 et

1813 4954 2261 5049 atnarellto'minem
2278 4966 2390 5049 qui,
2414 4971 2520 5043 etc.
2541 4960 2676 5014 Vide
2704 4954 3054 5049 iul‘r:t‘..‘De‘um
3082 4965 3129 5007 et
3149 4954 3404 5049 nemiuem

1813 5052 1960 5089 caros
1989 5025 2399 5106 habere—Eum
2427 5033 2667 5106 quitmita
2695 5027 3002 5106 unwstiterit.
3030 5041 3205 5106 (tutare
3231 5033 3278 5077 et
3303 5025 3395 5106 lio-

1813 5108 2017 5178 utinem.
2058 5094 2698 5178 Valde__a_ntiqn'uscodex
2730 5097 2912 5178 Cauci,
2943 5095 3133 5178 Easit.,
3167 5094 3397 5178 Gryp‘ltq,

1812 5177 2000 5240 Torn.,
2023 5177 2190 5230 Betul.
2207 5169 2460 5247 ,Walch.,
2486 5173 2801 5247 Houmauu._
2818 5186 2832 5224 :
2851 5169 3215 5247 Justissimurn
3243 5174 3326 5247 est
3347 5173 3396 5247 et

1813 5248 1977 5302 Deum
2011 5249 2211 5306 colere.
2245 5246 2498 5318 videlicet
2523 5258 2680 5318 eum,
2718 5242 2802 5310 qui
2841 5249 2981 5293 tanta
3013 5242 3322 5318 praestiterit,
3354 5244 3400 5288 et

1810 5334 1982 5371 amare
2009 5319 2281 5370 hominem.
2333 5317 2480 5370 llauc
2523 5316 2807 5368 lcctiooun
2859 5320 2984 5380 puto
3021 5316 3356 5380 verissimam
3383 5346 3398 5368 ,

1808 5390 2138 5454 verhumque
2167 5390 2331 5441 colere
2361 5399 2442 5440 est
2470 5384 2854 5444 necessarium;
2885 5395 3006 5454 nam
3036 5379 3139 5432 hoc
3163 5379 3280 5447 ipso
3301 5391 3402 5454 uu-

1809 5475 1960 5514 mero
1988 5446 2121 5513 diiit
2151 5476 2165 5514 :
2196 5459 2340 5530 Deus_
2367 5457 2637 5530 hominem
2670 5467 2825 5508 suum
2857 5449 3024 5530 voluit.
3067 5446 3400 5530 esse-fulto-

1807 5547 1944 5595 rem;
1987 5539 2040 5584 et
2086 5530 2258 5594 infra,
2306 5528 2471 5582 Deum
2513 5528 2833 5580 honorare...
2867 5519 3123 5574 hominem
3163 5519 3394 5586 diligere.

1805 5601 1984 5665 Cont‘.,
2008 5616 2126 5666 cap.
2159 5601 2213 5654 6.
2248 5600 2379 5654 Bon.

1880 5696 2025 5751 Unde
2066 5697 2384 5765 intelligitur.
2420 5694 2544 5748 Mss.
2575 5693 2612 5745 2
2640 5691 2844 5765 Borion.
2875 5726 2891 5750 ,
2937 5685 2963 5740 1
3017 5683 3152 5752 Reg.
3189 5693 3325 5740 rec..
3358 5680 3396 5733 2

1803 5767 2066 5833 Collini-1.,
2099 5761 2258 5831 Taxf,
2289 5767 2494 5826 Baluz.,
2529 5761 2876 5833 intrlligitnus.
2993 5823 3000 5830 _

1879 5825 2065 5893 Omnes
2116 5825 2340 5908 homines
2391 5825 2494 5890 esse
2517 5825 2809 5904 ῥιιειυδΪΕς
2861 5825 3109 5880 omnibus
3165 5834 3296 5874 mss.
3339 5829 3397 5911 et
