3856 6256
40 2870 318 2944 [Ξᾏῡὸῖιώηι

59 2961 107 2985 ,με

106 2942 227 2997 p.045

440 288 549 349 ηδ

442 504 557 554 tota
582 497 787 569 iustitia
811 497 1074 555 consiStit.
1100 498 1201 565 Qui
1228 511 1359 569 ergo
1391 505 1485 554 aut
1512 497 1677 553 Deum
1711 512 1815 551 non
1838 512 2036 567 agnos-

446 588 544 658 cit,
567 597 660 644 aut
676 588 877 645 homini
896 599 1078 655 nocet,
1106 588 1304 661 injuste
1326 598 1380 645 et
1408 595 1594 643 contra
1621 595 1863 643 naturam
1882 603 2033 645 suam

364 694 377 701 “
447 682 600 748 vivit,
626 691 681 737 et
708 680 810 738 hoc
844 680 1006 737 modo
1031 680 1231 752 rumpit
1260 680 1561 735 institutum
1592 680 1880 750 iegemque
1900 680 2038 735 divi-

434 788 595 869 item.
1102 854 1115 869 .

1034 882 1269 947 CAPUT
1308 884 1426 941 XV.

669 1001 819 1058 Unde
848 1001 918 1056 ad
948 1001 1203 1065 hominem
1224 1011 1447 1072 .peeeata
1486 1002 1817 1073 perverterint.

520 1126 622 1204 llic
649 1134 880 1192 fortasse
896 1143 1105 1213 quaerat
1127 1135 1343 1208 aliquis,
1374 1134 1515 1193 unde
1537 1134 1602 1189 ad
1627 1135 1898 1191 hominem
1919 1149 2043 1215 pec-

447 1237 565 1299 cata
588 1227 951 1301 pervenerint,
976 1236 1065 1282 aut
1087 1244 1205 1309 qua:
1238 1228 1476 1299 pravitas
1507 1226 1671 1285 divini
1703 1226 1931 1283 instituti
1950 1240 2042 1281 re-

447 1322 625 1392 gulam
670 1320 737 1382 ad
779 1321 960 1399 pejora
992 1320 1301 1387 detorserit,
1336 1329 1392 1375 ut
1425 1335 1547 1376 cum
1575 1320 1646 1375 sit
1685 1320 1750 1375 ad
1777 1320 2042 1390 justitiam

447 1411 682 1483 genitus,
714 1425 878 1482 opera
919 1420 1096 1467 tamen
1138 1409 1340 1473 efﬁciat
1376 1410 1596 1487 injusta.
1637 1410 1755 1467 Jam
1797 1413 2045 1481 superius

448 1502 752 1573 explanavi,
780 1501 939 1556 simul
959 1500 1124 1556 Deum
1148 1502 1492 1572 proposuisse
1515 1501 1713 1557 bonum
1738 1518 1803 1559 ac
1823 1503 2040 1569 malum;

450 1603 506 1650 et
532 1593 730 1659 bonum
761 1593 975 1665 quidem
1005 1593 1249 1666 diligere,
1280 1596 1477 1657 malum
1505 1606 1684 1652 autem
1704 1638 1718 1664 ,
1754 1594 1903 1667 quod;
1922 1595 2045 1651 huic

450 1695 733 1769 repugnat,
776 1686 989 1742 odisse:
1015 1686 1106 1745 sed
1138 1686 1259 1744 ideo
1299 1687 1498 1743 malum
1526 1688 1860 1759 permisisse,
1894 1695 1950 1742 ut
1991 1696 2046 1743 et

1797 288 1984 348 FIRH.
2023 286 2393 349 LAC’I‘ANTII

441 404 719 463 hominem
750 403 979 476 diligere
1001 404 1145 462 velut
1170 403 1413 471 fratrem;
1452 406 1505 461 in
1537 402 1622 461 his
1646 403 1789 461 enim
1826 403 2038 461 duobus
2063 404 2118 469 Δ
2145 402 2256 463 Deo
2306 402 2507 461 laetitiis
2541 400 2767 460 affectus
2812 400 2880 459 ad
2929 400 3158 471 gratiam
3179 440 3194 468 ,
3240 407 3295 457 et
3322 398 3429 457 odii
3460 397 3526 459 ad
3557 399 3707 473 iram,
3802 402 3803 423 ‘

2141 508 2363 552 necesse
2384 502 2467 549 est
2490 492 2706 561 habeat,
2737 502 2791 551 et
2820 492 3092 561 timorem,
3122 500 3179 549 et
3222 489 3493 551 libidinem
3512 530 3527 558 ,
3564 498 3615 546 et
3634 482 3709 567 cu}

2138 585 2456 659 piditatem,
2493 595 2827 656 cmterosque
2874 582 3131 649 allectus,
3183 582 3275 659 qui
3322 590 3445 638 sunt
3495 581 3710 643 imbecil-

2141 676 2306 741 litatis
2329 679 2596 739 ltumanae.
2630 698 2648 731 ι
2684 678 2796 739 Νοη
2821 685 2905 733 est
2928 690 3147 739 necesse
3178 686 3236 741 ut
3262 674 3464 742 timeat,
3487 674 3573 746 qui
3598 675 3711 737 iras-

2144 771 2325 837 citur;
2359 781 2450 829 aut
2492 780 2751 837 Intereat,
2800 770 2893 840 qui
2922 767 3116 841 gaudet
3147 786 3158 820 :
3188 767 3420 837 denique
3458 766 3706 835 iracundi,

2147 862 2329 919 minus
2368 861 2541 916 timidi
2592 871 2746 927 sunt;
2779 869 2835 916 et
2878 869 3071 919 natura
3094 858 3199 914 laeti
3223 901 3239 926 ,
3282 857 3458 913 minus
3485 865 3706 915 moerent.

2143 953 2281 1021 Quid
2305 968 2440 1023 cpus
2483 964 2564 1009 est
2592 953 2660 1009 de
2692 953 2939 1019 humanis
2966 950 3250 1009 allectilius
3275 949 3457 1006 dicere
3477 992 3492 1019 ,
3542 951 3709 1021 quibus

2144 1028 2408 1115 fragilitas
2455 1054 2638 1100 nostra
2684 1042 3025 1103 succumbit?
3062 1040 3479 1105 Considercmus
3505 1038 3709 1095 divinam
3804 1068 3807 1087 ‹

2150 1136 2566 1204 necessitatem;
2595 1136 2724 1192 nolo
2754 1136 2899 1199 enim
2932 1145 3174 1191 naturam
3203 1134 3383 1191 dicere
3403 1175 3418 1203 ,
3452 1134 3571 1206 quia
3595 1133 3712 1199 Deus

2146 1237 2330 1285 noster
2356 1242 2627 1299 nunquam
2668 1227 2908 1283 creditur
2930 1236 3108 1282 natus.
3139 1225 3374 1283 Timoris
3402 1223 3619 1289 affectus
3637 1225 3715 1291 ba-

2146 1324 2237 1378 bet
2263 1323 2315 1378 in
2359 1323 2577 1385 homine
2608 1321 2885 1378 materiam
2906 1362 2923 1390 ,
2956 1321 3008 1376 in
3038 1321 3151 1381 Deo
3175 1335 3282 1383 non
3317 1318 3500 1383 habet.
3522 1318 3678 1387 Homo
3699 1360 3712 1387 ,

2148 1414 2271 1486 quia
2306 1414 2490 1469 multis
2529 1414 2745 1470 casibus
2786 1412 3151 1483 periculisque
3175 1411 3452 1483 subjectus
3474 1418 3592 1485 est,
3620 1425 3714 1467 me-
3810 1414 3811 1469 ἱ

2149 1512 2249 1565 tuit
2268 1551 2284 1578 ,
2316 1525 2385 1569 ne
2404 1525 2508 1582 qua
2541 1511 2620 1565 vis
2649 1509 2823 1578 major
2849 1509 3084 1574 existat,
3109 1523 3230 1578 quae
3260 1507 3414 1563 illum
3455 1506 3712 1573 verberet,
3810 1492 3811 1501 “

2148 1603 2380 1671 spoliet,
2414 1603 2647 1668 laceret,
2681 1601 2916 1672 afﬂigat,
2960 1600 3255 1665 interimat.
3285 1600 3425 1657 Deus
3453 1607 3651 1668 autem,
3673 1599 3715 1665 iu

2155 1709 2315 1769 quem
2345 1708 2444 1749 nec
2470 1704 2679 1765 egestas
2701 1735 2715 1756 ,
2750 1708 2848 1749 nec
2875 1691 3090 1764 injuria,
3121 1706 3221 1748 nec
3252 1690 3405 1746 dolor
3426 1733 3442 1759 ,
3476 1706 3572 1755 nec
3593 1705 3714 1751 mors
3812 1722 3813 1727 π

453 1777 956 1872 bonutn‘etnicarel,
973 1778 1114 1849 quod
1142 1777 1367 1835 alterum
1387 1780 1505 1834 sine
1522 1780 1696 1834 altero
1720 1778 1883 1852 (sicut
1904 1793 2047 1850 saepe
2070 1795 2125 1869 Β
2154 1786 2317 1849 cadit,
2343 1772 2533 1851 timere
2560 1786 2709 1847 nullo
2735 1794 2889 1856 pacto
2919 1794 3131 1872 potest;
3166 1784 3288 1855 quia
3316 1783 3454 1838 nihil
3480 1792 3581 1851 est,
3598 1781 3715 1852 quod

452 1866 635 1951 docui)
662 1869 1013 1940 intelligimus
1055 1879 1303 1927 constare
1342 1886 1447 1925 non
1478 1885 1638 1941 posse
1668 1887 1680 1923 :
1708 1869 1941 1945 denique
1970 1870 2049 1942 ip—
2090 1866 2103 1869 ⁷
2144 1878 2198 1945 ei
2234 1876 2340 1935 vim
2372 1876 2542 1949 possit
2569 1876 2790 1941 inferre.
2824 1866 2952 1939 item
2985 1874 3221 1933 libidinis
3247 1876 3385 1935 ratio
3415 1884 3473 1930 et
3502 1888 3652 1933 causa
3674 1874 3715 1929 in

453 1980 572 2022 sum
600 1963 857 2031 mundum
885 1980 953 2022 ex
977 1964 1186 2020 duobus
1213 1965 1500 2025 elémentis
1535 1964 1960 2043 repugnantibus
1991 1972 2047 2025 et

454 2057 683 2115 invicem
710 2056 970 2126 copulatis
995 2070 1118 2111 esse
1137 2065 1448 2115 concretum
1470 2096 1486 2123 ,
1520 2056 1677 2127 igneo
1704 2067 1755 2112 et
1785 2054 2006 2113 humido
2031 2097 2046 2122 ,

455 2162 559 2213 nec
587 2146 825 2233 potuisse
857 2147 1028 2202 lucem
1076 2147 1215 2215 ﬂeri,
1248 2148 1351 2202 nisi
1393 2157 1447 2203 et
1508 2148 1742 2211 tenebrae
1785 2148 2046 2214 fuissent;

458 2239 582 2311 quia
610 2254 712 2301 nec
739 2254 993 2313 superum
1024 2246 1202 2309 potest
1229 2254 1349 2296 esse
1375 2239 1494 2295 sine
1523 2238 1716 2306 infero,
1742 2254 1840 2295 nec
1867 2241 2049 2296 oriens

457 2316 575 2393 sine
602 2329 900 2397 occidente,
941 2346 1041 2387 nec
1073 2329 1304 2385 calidum
1348 2331 1463 2389 sine
1497 2330 1708 2402 frigido,
1752 2347 1853 2387 nec
1883 2331 2048 2387 molle

456 2421 749 2495 sineduro.
785 2423 873 2480 Sic
898 2432 953 2478 et
979 2438 1076 2481 nos
1100 2426 1178 2478 ex
1209 2422 1419 2478 duobus
1454 2438 1606 2495 mque
1628 2421 2049 2495 repugnantibus

455 2514 722 2599 compacti
750 2530 959 2583 sumus,
982 2515 1161 2573 anima
1183 2524 1237 2571 et
1267 2530 1496 2587 corpore
1522 2534 1534 2569 :
1563 2532 1786 2587 quorum
1818 2515 2048 2572 alterum

456 2611 597 2686 ctylo
629 2609 939 2678 ascribitur,
965 2610 1108 2682 quia
1133 2618 1293 2665 tenue
1318 2618 1402 2665 est
1432 2617 1487 2665 et
1517 2608 1882 2675 intractabile;
1922 2610 2051 2666 alte-

458 2718 578 2770 rum
609 2710 788 2767 terrae.
822 2701 945 2771 quia
975 2700 1461 2773 comprehensibile
1490 2711 1572 2756 est
1602 2718 1615 2754 :
1652 2700 1880 2755 alterum
1911 2700 2046 2755 soli-

458 2794 587 2850 dum
627 2804 681 2850 et
707 2801 968 2855 aeternum
1002 2802 1108 2860 est,
1134 2793 1362 2849 alterum
1396 2792 1582 2866 fragile
1612 2802 1772 2869 atque
1802 2792 2045 2853 mortale.

390 2883 402 2927 ε
457 2883 600 2959 Ergo
620 2884 775 2951 alteri
793 2883 990 2941 bonum
1018 2884 1280 2952 adhmret,
1303 2883 1455 2942 alteri
1481 2884 1680 2939 malum
1713 2902 1725 2937 :
1749 2883 1904 2939 alteri
1934 2883 2045 2950 lux,

458 2978 588 3047 'vita,
620 2977 855 3050 justitia;
883 2977 1037 3033 alteri
1079 2978 1351 3043 tenebrae,
1382 2992 1558 3045 mors,
1604 2975 1884 3047 injustitia.
1917 2974 2051 3030 Hinc

458 3052 633 3130 extitit
662 3073 715 3127 in
746 3070 1055 3129 hominibus
1084 3083 1292 3127 natura:
1322 3087 1435 3127 suae
1465 3069 1796 3143 depravatio;
1821 3080 1877 3125 ut
1906 3080 2052 3137 esset

457 3181 683 3233 necesse
722 3165 974 3223 constitui
1004 3165 1203 3237 legem,
1235 3179 1339 3234 qua
1372 3174 1592 3235 possent
1633 3174 1689 3219 et
1715 3163 1838 3218 vitia
1870 3163 2051 3236 probi—
2080 3177 2127 3245 ο

456 3259 597 3328 beri,
627 3266 682 3316 et
710 3259 925 3315 virtutis
950 3256 1125 3313 officia
1170 3257 1448 3330 imperari.
1481 3255 1614 3313 Cum
1651 3256 1810 3329 igitur
1844 3257 1953 3313 sint
1996 3258 2053 3317 in

460 3351 627 3408 rebus
657 3349 907 3406 humanis
933 3348 1071 3405 bona
1100 3358 1157 3406 et
1195 3350 1333 3404 mala
1353 3390 1367 3413 ,
1398 3364 1625 3419 quorum
1656 3347 1920 3404 rationem
1947 3346 2049 3403 de-

456 3443 701 3511 claravi,
752 3458 974 3501 necesse
1023 3452 1107 3499 est
1151 3444 1201 3497 in
1250 3450 1533 3513 utramque
1587 3454 1791 3512 partem
1845 3443 2051 3498 moveri

458 3538 653 3606 Deum,
670 3547 727 3594 et
740 3537 809 3593 ad
826 3537 1079 3609 gratiam,
1100 3552 1223 3593 cum
1237 3535 1379 3607 iusta
1396 3536 1514 3593 fieri
1532 3537 1697 3604 videt;
1719 3543 1777 3593 et
1795 3536 1862 3595 ad
1891 3537 2050 3603 iram,

456 3645 578 3687 cum
606 3631 780 3687 cernit
808 3631 1025 3701 injusta.

531 3724 637 3784 Sed
662 3724 898 3783 occurrit
927 3724 1083 3781 nobis
1114 3722 1380 3795 Epicurus
1400 3766 1415 3792 ,
1449 3737 1512 3781 ac
1538 3724 1705 3780 dicit:
1744 3745 1763 3779 ι
1800 3727 1858 3786 Si
1889 3740 1972 3786 est
2002 3731 2057 3786 in

2155 1967 2376 2033 homine
2426 1969 2710 2037 manifesta
2742 1978 2844 2029 est.
2878 1970 3010 2025 Nam
3041 1970 3162 2041 quia
3193 1968 3395 2039 fragilis
3423 1980 3479 2026 et
3509 1969 3718 2043 mortalis
3814 1982 3815 2031 ξ

2150 2062 2374 2123 eﬂ‘ectus
2402 2071 2502 2131 est,
2525 2078 2745 2118 necesse
2773 2063 2866 2117 fuit
2889 2062 3121 2118 alterum
3153 2078 3339 2118 sexum
3366 2062 3719 2132 diversumque

2150 2156 2439 2227 constitui,
2466 2160 2620 2227 cuius
2652 2156 3002 2227 permistionc
3049 2154 3266 2212 soboles
3289 2154 3432 2211 efﬁci
3462 2163 3634 2229 posset
3665 2151 3719 2208 ad

2153 2248 2582 2317 continuandam
2604 2249 2819 2320 generis
2844 2249 3280 2320 perpetuitatem.
3318 2247 3450 2304 Haec
3476 2257 3642 2309 autem
3665 2245 3718 2301 li-
3816 2260 3817 2295 ξ

2154 2343 2285 2417 bido
2313 2344 2364 2407 in
2392 2344 2509 2409 ,Deo
2540 2343 2713 2405 locum
2738 2359 2842 2397 non
2868 2343 3061 2408 habet;
3085 2343 3207 2415 quia
3235 2351 3291 2415 et
3312 2341 3722 2413 fragilitasetin-
3816 2360 3817 2365 π

2158 2434 2351 2495 tet-itus
2392 2435 2458 2490 ab
2482 2450 2546 2493 eo
2573 2436 2781 2493 alienus
2807 2444 2920 2501 est,
2955 2449 3055 2491 nec
3078 2434 3183 2490 ulla
3215 2444 3296 2489 est
3323 2435 3469 2504 apud
3493 2450 3610 2497 eum
3635 2433 3719 2489 fte-

2152 2528 2296 2583 mina
2320 2568 2336 2593 ,
2360 2526 2516 2598 cujus
2545 2528 2714 2599 possit
2733 2527 3075 2599 cotiulatione
3099 2526 3335 2601 gaudere
3356 2569 3371 2594 ,
3408 2543 3512 2585 nec
3537 2540 3722 2587 succes-

2152 2619 2305 2683 sione
2332 2617 2563 2690 indiget,
2595 2619 2683 2689 qui
2714 2633 2929 2688 semper
2953 2618 3163 2674 fttturus
3191 2629 3293 2675 est.
3321 2619 3528 2675 Eadem
3567 2620 3627 2674 de
3651 2620 3720 2675 inv
3818 2618 3819 2651 ἶ

2153 2712 2291 2769 vidia
2329 2722 2384 2768 et
2408 2712 2699 2782 cupiditate
2724 2712 2829 2769 dici
2858 2724 3109 2784 possunt;
3134 2728 3257 2785 quae
3284 2715 3452 2770 certis
3482 2711 3711 2771 manifes-

2155 2806 2334 2874 tisque
2372 2804 2439 2861 de
2466 2804 2644 2861 causis
2669 2805 2724 2861 in
2757 2804 3031 2863 hominem
3058 2805 3290 2872 cadunt,
3322 2806 3375 2861 in
3403 2806 3572 2862 Deum
3600 2803 3722 2877 nullo

2154 2896 2335 2953 modo.
2367 2896 2437 2955 At
2467 2912 2615 2965 vero,
2640 2907 2695 2954 et
2721 2898 2913 2970 gratia,
2948 2907 3005 2954 et
3034 2899 3136 2966 ira,
3157 2908 3214 2954 et
3234 2898 3518 2955 miseratio
3555 2896 3721 2953 habent
3820 2892 3821 2909 ³

2154 2989 2207 3059 in
2235 2989 2346 3045 Deo
2367 2989 2646 3051 materiam
2671 3007 2686 3056 ;
2716 3000 2970 3061 recteque
2992 2989 3096 3045 illis
3123 2994 3288 3051 utitur
3316 3005 3529 3046 summa
3574 2989 3654 3045 illa
3679 2996 3721 3053 et

2155 3083 2440 3155 singularis
2466 3093 2705 3156 potestas
2736 3084 2801 3141 ad
2832 3100 3012 3149 rerum
3037 3086 3530 3147 conservationem.

2748 3242 2972 3300 CAPUT
3011 3244 3148 3300 XVI.

2489 3388 2567 3444 De
2602 3388 2713 3445 Deo
2745 3389 2952 3460 ejusque
2978 3390 3058 3443 ira
3087 3400 3135 3444 et
3160 3388 3450 3457 aﬂ'eetibus.

2233 3549 2451 3617 Quaeret
2497 3547 2760 3618 quispiam
2784 3588 2797 3612 ,
2830 3561 2949 3616 quae
2980 3547 3049 3601 sit
3096 3547 3193 3601 ista
3226 3548 3492 3603 materiai
3515 3548 3725 3604 Primum

2163 3640 2530 3696 accidentibus
2552 3639 2707 3693 malis
2734 3637 2918 3694 afﬂicti
2944 3637 3194 3695 homines
3225 3638 3290 3694 ad
3324 3640 3493 3696 Deum
3520 3641 3726 3714 plerum-

2165 3747 2269 3803 que
2294 3730 2641 3802 confugiunt,
2671 3729 2950 3801 mitigant,
2982 3731 3291 3797 obsecrant,
3318 3731 3603 3793 credentes
3619 3743 3725 3787 eunt

1779 3862 2140 3923 VARIORUM
2177 3864 2409 3922 ΝΟΤΞ.

460 3999 644 4056 multis
670 3997 797 4055 edd.
830 3995 1008 4052 addidi
1036 3998 1095 4051 τὸ
1124 3996 1370 4060 homines,
1418 3996 1561 4065 quod
1591 4010 1619 4050 a
1652 3996 1923 4053 nonnullis
1946 3999 2047 4053 im-

460 4070 663 4141 pressis
692 4069 867 4141 abest.

533 4140 602 4195 In
631 4141 711 4196 Itis
734 4138 950 4193 duobus.
975 4136 1160 4193 Matth.
1193 4153 1325 4200 χχιι,
1358 4136 1514 4192 Rom.
1539 4153 1652 4201 χιιι.
1684 4138 1804 4195 Gal.
1830 4155 1882 4192 v.

535 4212 663 4279 Qui:
680 4211 985 4280 pravitas...
1004 4210 1304 4280 regulam...
1327 4208 1614 4267 detorserit.
1640 4209 1797 4264 Vera:
1827 4210 2046 4268 lectioni

461 4280 754 4342 deterserit
790 4281 847 4337 in
894 4279 1125 4336 Reimm.
1178 4280 1491 4349 inscriptum
1521 4322 1534 4344 ,
1575 4280 1843 4337 detruserit
1874 4283 2046 4348 male;

464 4352 614 4425 prius
636 4353 857 4425 elegans
880 4360 935 4425 et
960 4360 1188 4425 rectum.
1214 4350 1435 4425 Lib._vt.
1459 4366 1579 4425 c_:tp.
1608 4351 1672 4409 2i
1699 4370 1711 4405 :
1745 4354 1838 4407 llic
1857 4366 2049 4415 sensus

388 4476 393 4481 .
465 4419 574 4483 non
599 4433 685 4481 est
708 4419 775 4478 a'd
804 4424 988 4479 vitium
1019 4419 1444 4491 detorquendus.
1476 4422 1605 4477 BUN.

536 4495 709 4551 Simul
741 4494 907 4549 Deum
937 4495 1258 4562 proposuisse
1291 4492 1479 4547 bonum
1504 4509 1565 4547 ac
1595 4493 1804 4561 malum.
1836 4493 1890 4553 Id
1922 4507 2003 4551 est
2030 4537 2045 4561 ,

465 4567 770 4639 permisisse.
806 4564 901 4620 llic
920 4564 1162 4639 loquitur
1179 4564 1248 4619 de
1268 4564 1411 4617 malo
1431 4564 1623 4639 culpae.
1651 4564 1840 4621 lusus.

535 4636 604 4695 Et
633 4638 822 4695 bonum
843 4636 1046 4705 quidem
1070 4635 1311 4705 diligere;
1337 4636 1528 4689 malum
1551 4646 1733 4699 autem,
1774 4637 1907 4704 quod
1934 4637 2051 4692 huic

463 4716 715 4781 repugnat
739 4749 754 4773 ,
774 4704 987 4781 -odisse.
1025 4704 1258 4781 S_ic_iego
1286 4719 1407 4781 cum
1438 4720 1567 4781 mss.
1602 4708 1625 4761 i
1656 4706 1789 4781 Reg.
1819 4718 1875 4763 et
1913 4710 2054 4764 anti-

465 4775 928 4849 quissimisCauc.
960 4784 1016 4832 et
1048 4776 1347 4849 i_Bunon.,
1377 4778 1411 4833 3
1437 4775 1700 4842 Colbert.,
1729 4778 1961 4839 (Ilarom.
1996 4787 2054 4836 et

469 4846 538 4906 ιι
562 4847 805 4915 vulgatis.
836 4849 935 4901 nisi
967 4846 1106 4913 quod
1138 4862 1235 4915 pro
1265 4850 1456 4901 malum
1492 4859 1693 4913 autent,
1728 4848 1759 4901 7
1789 4849 1918 4904 editi
1955 4852 2052 4903 ha-

469 4920 600 4976 bent
620 4934 684 4971 ac
711 4918 924 4982 malum;
962 4918 996 4973 4
1040 4918 1223 4985 scripti
1270 4933 1404 4981 rec.,
1431 4927 1478 4970 et
1520 4921 1729 4973 malunt.
1752 4918 1817 4987 ,ιη
1852 4921 1878 4973 1
1912 4920 2048 4976 Bon.

471 4989 641 5057 autiq.
668 4996 721 5043 et
748 4989 833 5042 ed.
863 4987 932 5041 Is.
966 5002 1061 5057 pro
1079 4988 1216 5051 huic,
1242 4995 1325 5043 est
1344 4988 1491 5041 bono.
1510 4987 1853 5057 Regio-PaL,
1887 5001 1933 5045 et
1964 4993 2053 5046 bo-

472 5076 593 5116 num
635 5058 837 5130 quidem
866 5059 1123 5130 diligere,_
1145 5068 1333 5130 pugnat
1368 5058 1552 5121 odisse,
1589 5058 1822 5126 omissis,
1863 5062 2056 5116 malum

473 5139 642 5185 autem
670 5129 806 5197 quod
832 5130 948 5183 huic
968 5128 1049 5182 re.
1080 5128 1266 5184 Μεδίι
1295 5128 1427 5198 Reg.
1462 5145 1594 5193 rec.,
1616 5132 1661 5184 ἃ
1686 5130 1863 5195 (2011)..
1890 5132 2053 5199 Ultr.,

474 5200 639 5262 Brun.
669 5212 724 5255 ct
751 5210 859 5273 vet.
899 5200 1029 5273 edit.
1060 5201 1243 5273 Rom._,
1274 5211 1320 5273 et
1356 5200 1540 5273 bonum
1570 5201 1771 5273 quidem
1796 5203 2010 5273 diligere
2033 5245 2051 5271 ,

476 5288 676 5396 ngnas
699 5270 887 5338 odisse;
919 5272 1047 5326 Pen.
1075 5281 1129 5326 et
1154 5272 1178 5325 1
1206 5271 1382 5338 Culb.,
1416 5272 1597 5328 habent
1622 5271 1825 5342 eligere,
1859 5270 2057 5345 pugnas

476 5358 506 5396 ο
545 5358 660 5396 isse.

475 5358 660 5398 οαιεκ.

548 5411 891 5486 Intelligimus
911 5422 1143 5467 constare
1163 5428 1263 5468 non
1288 5428 1449 5482 posse.
1474 5410 1642 5486 Caute
1672 5413 1808 5484 lege,
1839 5431 1959 5486 quae
1987 5416 2058 5472 de

476 5486 603 5541 ntali
652 5484 862 5553 origine
886 5493 940 5538 et
983 5486 1303 5540 necessitate
1330 5485 1573 5553 proponit
1616 5484 1922 5543 Lactantius
1953 5506 1964 5541 :
2000 5488 2053 5542 in

478 5557 562 5610 his
588 5555 729 5610 enim
764 5572 867 5607 non
898 5555 1091 5624 nhiquc
1118 5570 1280 5611 sanus
1306 5564 1407 5611 est.

550 5627 615 5683 In
636 5636 901 5707 uitantque
921 5638 1135 5707 partem.
1167 5628 1238 5683 ita
1269 5643 1454 5685 omnes
1483 5644 1611 5685 mss.
1642 5638 1836 5699 praeter
1861 5627 1896 5681 ‘2
1921 5628 2051 5699 Reg.

446 5713 588 5757 .rec.
617 5698 705 5768 qui
731 5695 931 5752 habent
957 5699 1023 5751 ad
1053 5709 1319 5769 utramque
1345 5712 1559 5766 partem.
1644 5695 1657 5699 ⁷
2004 5695 2022 5699 ⁷

550 5768 933 5825 Cousideremus
978 5770 1199 5853 divinant
1225 5773 1583 5828 necessitatem.
1615 5771 1687 5828 ita
1717 5786 1905 5827 omnes
1944 5771 2054 5828 fere

2154 4014 2283 4073 mss.
2313 4010 2367 4057 et
2395 4001 2542 4073 editi.
2569 4002 2625 4057 lu
2658 4003 2871 4073 scriptis
2900 4003 2933 4058 ὅ
2962 4012 3044 4058 cst
3067 4043 3083 4069 ,
3117 4002 3267 4069 Quod
3301 4001 3346 4057 si
3376 4001 3730 4059 consideremus

2155 4069 2381 4145 divinant
2410 4072 2721 4145 bonitatem;
2753 4069 2927 4129 minus
2967 4084 3111 4145 apte.

2228 4141 2437 4199 Noster.
2468 4144 2626 4198 Deest
2652 4146 2703 4199 in
2742 4145 2970 4199 vetcril).
3002 4141 3229 4200 edition.

2230 4211 2295 4267 Et
2318 4231 2493 4269 causa.
2532 4214 2687 4270 Deest
2717 4217 2767 4271 in
2795 4220 2826 4267 ϐ
2858 4231 2969 4271 rce.
3006 4230 3135 4269 mss.
3171 4223 3224 4269 et
3246 4214 3279 4270 9
3308 4214 3492 4270 editis.

2232 4283 2371 4339 Nam
2396 4288 2517 4356 quia
2546 4288 2767 4356 fragilis.
2796 4287 2871 4341 Ita
2899 4286 3277 4355 corrigendum
3315 4285 3412 4340 fuit
3438 4286 3565 4341 illud
3590 4285 3733 4356 librae

2157 4356 2365 4429 rioruui
2391 4355 2648 4429 erratum,
2667 4357 2701 4413 5
2727 4372 2856 4414 mss.
2881 4372 2993 4414 rec.
3024 4368 3079 4412 et
3104 4359 3138 4413 8
3163 4356 3292 4413 edit.
3323 4356 3379 4415 in
3400 4358 3594 4429 quibus
3618 4355 3730 4426 legi-

2074 4429 2129 4507 D
2159 4436 2276 4494 tur,
2313 4426 2452 4482 Nam
2491 4427 2597 4499 qui.

2225 4521 2302 4574 Ad
2333 4522 2736 4577 continuandam
2757 4524 2957 4594 generis
2982 4523 3393 4593 perpetuitatem.
3425 4523 3518 4580 Sic
3537 4515 3732 4579 restitui

2152 4605 2222 4664 ex
2261 4606 2396 4664 mss.
2441 4595 2816 4649 vetustissimis
2853 4595 2879 4649 i
2914 4594 3147 4659 Bonon.,
3184 4594 3531 4664 Regio—Put.,
3557 4594 3729 4664 Caua,

2152 4660 2342 4734 quiin,
2374 4664 2397 4734 i
2428 4663 2694 4734 Colbert.,
2732 4667 2749 4719 Ι
2787 4666 2958 4734 Lips.,
2988 4666 3133 4729 Em.,
3163 4660 3356 4729 Bruit.,
3389 4666 3519 4720 edit.
3546 4662 3728 4734 Betul.,

2154 4731 2349 4806 Cellar.
2391 4733 2603 4790 Walch.
2645 4745 2700 4791 et
2741 4730 2930 4805 Spark.
2969 4738 3021 4790 in
3044 4752 3211 4803 marg.
3248 4732 3447 4792 melius
3478 4751 3633 4806 quam
3667 4730 3728 4786 ad

2155 4804 2513 4861 continendam
2533 4849 2548 4872 ,
2580 4816 2636 4863 ut
2664 4808 2716 4862 in
2749 4809 2815 4863 i5
2841 4809 3058 4877 scriptis
3084 4817 3140 4861 et
3174 4807 3238 4862 i0
3274 4804 3519 4877 vulgatis.

2232 4895 2434 4967 Quteret
2464 4898 2736 4967 quispiam.
2767 4897 2855 4967 Sic
2886 4913 3016 4951 mss.
3057 4896 3243 4953 Martii.
3294 4908 3348 4951 et
3380 4899 3405 4951 1
3436 4896 3670 4967 Clarum.
3690 4906 3731 4967 ‘a

2156 4965 2390 5027 secunda
2413 4962 2592 5041 manu.
2622 4968 2685 5022 Et
2705 4968 2782 5021 sic
2810 4966 3021 5041 Cicero,
3052 4978 3107 5041 et
3134 4984 3258 5023 mox
3274 4969 3485 5041 inquiet,
3509 4983 3624 5039 cap.
3649 4962 3727 5018 20.

2157 5041 2300 5117 Multi
2332 5038 2552 5117 scripti,
2586 5042 2764 5117 quierit
2914 5040 3012 5117 al._,
3042 5039 3269 5117 Quaequ

2228 5103 2776 5181 Acciden'tibrus'malis.
2810 5109 2936 5162 Mss.
2982 5111 3003 5163 i
3036 5103 3176 5181 Bon.
3200 5103 3369 5181 a'ntiq.
3414 5109 3543 5165 Pen.
3576 5114 3629 5164 et
3652 5103 3727 5162 ed.

2158 5184 2313 5238 Rom.
2340 5180 2499 5236 1468.
2515 5180 2679 5234 Torn.
2711 5181 2979 5235 Souhron.
3003 5180 3214 5236 Walch.
3231 5180 3601 5235 accedentibus.

2232 5275 2488 5341 Mitigant.
2514 5270 2666 5338 Quod
2683 5272 2899 5325 verbum
2921 5271 3516 5331 tnutatiieumannusin
3539 5280 3733 5341 euntque

2160 5338 2830 5413 obsecratio—Militiam.
2880 5346 3165 5399 obsecrant.
3209 5343 3327 5399 Lib.
3379 5358 3453 5409 vr,
3504 5355 3620 5410 cap.
3677 5338 3732 5392 il]

2161 5418 2401 5485 Olfensus
2441 5414 2502 5467 ab
2534 5414 2611 5467 Itis
2639 5412 2780 5468 Deus
2807 5431 2960 5469 eos...
3004 5414 3360 5484 Subjagabat,
3405 5414 3564 5485 donec
3615 5425 3732 5463 rur-

2155 5507 2241 5543 sus
2267 5486 2555 5560 paenitentia
2593 5485 2772 5560 populi
2812 5487 3079 5560 rntiitigutus
3107 5485 3375 5560 liberaret;
3421 5484 3512 5539 lib.
3543 5498 3596 5547 v,
3626 5494 3731 5560 cap.

2161 5562 2227 5616 15
2250 5550 2277 5615 ;’
2300 5559 2431 5615 Si...
2465 5550 2741 5610 cum'Deos
2777 5558 2872 5611 sibi
2900 5550 3216 5615 nihili-antur
3240 5557 3421 5620 iratas,
3454 5564 3618 5615 tamen
3647 5550 3733 5603 do-

2157 5634 2265 5695 nis,
2312 5639 2357 5682 et
2404 5628 2699 5696 sacriﬁciis,
2753 5637 2798 5680 et
2824 5627 3061 5681 odoribus
3106 5628 3298 5696 placari
3340 5643 3423 5681 eos
3470 5622 3733 5696 credunt..-

2157 5693 2261 5755 σιω(
2280 5700 2439 5754 Deum
2463 5693 2688 5754 nostrum
2718 5709 2818 5750 tant
2838 5693 3231 5763 inmtih'nt,'tant
3256 5693 3624 5767 implacabilem
3638 5706 3737 5762 .pus

2154 5782 2256 5828 tem
2275 5774 2299 5825 ?
2321 5772 2447 5827 BEN.

3618 285 3803 348 ιιιι
