3912 6256
23 901 28 916 ι

21 981 28 1002 Ι

393 1318 402 1326 .
469 1276 722 1331 ιυινιιιθιηι
741 1291 897 1331 suum
949 1287 1151 1332 motum
1195 1288 1446 1333 exerceat
1485 1279 1743 1334 varietate
1782 1281 2053 1344 visorum;

43 1550 104 1602 bis
121 1539 202 1596 fw:
215 1545 428 1614 gestans.

466 332 567 390 127
1817 334 1996 389 FIRM.
2042 330 2410 395 LAC'I‘ANTII
3664 315 3783 381 598

463 449 558 506 scd
587 450 747 507 etiam
776 450 1004 506 mundus
1031 450 1144 518 ipse
1165 450 1235 504 sit
1268 450 1434 507 vilis?
1463 451 1608 514 Ideo.
1639 454 1830 522 inquit,
1867 454 2046 507 incor-
2077 455 2128 513 A
2155 451 2268 505 sive
2307 450 2620 514 humanam,
2662 449 2776 502 sive
2813 445 3048 501 divinam
3071 485 3084 512 ,
3115 443 3425 500 acerbitatis
3454 451 3506 498 et
3540 444 3782 497 malitiae

464 553 659 613 ruptus
687 556 766 599 est
803 560 865 599 ac
895 545 1101 608 beatus,
1138 542 1260 614 quia
1291 561 1507 616 semper
1538 546 1770 615 quietus.
1798 547 1895 601 Cui
1928 561 2055 615 ergo
2160 544 2374 596 nomine
2405 540 2684 604 infamant,
2727 548 2974 608 putantes
3015 545 3298 592 nocentem
3337 536 3443 590 dici
3479 544 3775 605 oportere,

463 634 861 688 administratio
893 642 1158 688 tantarum
1205 650 1381 690 rerum
1415 636 1596 699 cessit,
1640 636 1684 689 si
1723 635 1837 690 hmo
1877 651 1906 688 a
1949 637 2056 691 Deo
2159 633 2247 702 qui
2278 641 2534 686 nocentes
2561 629 2725 686 afﬁcit
2757 645 2932 699 pinna.
2958 628 3111 695 Quod
3139 629 3184 682 si
3214 637 3328 695 est,
3361 637 3625 682 nocentes
3663 625 3780 694 igi-

466 727 824 797 negligantur,
857 741 976 795 qua:
999 725 1243 782 videmus
1273 728 1479 783 ratione
1500 742 1705 782 summa
1736 729 2057 798 gubernari?
2161 737 2247 781 tur
2281 727 2426 796 leges
2448 725 2730 789 habemus,
2756 739 2876 795 qua:
2909 722 3253 794 peccantibus
3276 721 3540 790 supplicia
3562 732 3778 774 sanxi.L

461 827 554 871 aut
579 817 796 888 quietus
824 831 944 871 esse
970 819 1241 888 quomodo
1274 829 1466 888 potest,
1497 820 1582 888 qui
1615 820 1742 873 vivit
1767 829 1819 874 et
1850 821 2054 875 sentit?
2159 827 2311 884 runt;
2349 827 2608 871 nocentes
2635 814 2868 885 iudices,
2909 815 2998 885 qui
3041 815 3248 869 scelere
3283 813 3559 868 convictos
3600 825 3777 881 paena

462 908 596 963 Nam
637 909 788 978 quies
828 918 920 963 aut
956 910 1129 964 somni
1168 925 1255 966 res
1284 920 1386 975 est,
1429 919 1522 965 aut
1565 911 1776 966 mortis.
1809 912 1914 966 Sed
1959 926 2058 968 nec
2159 912 2351 981 capitis
2373 910 2634 965 afficiunt.
2661 909 2813 978 Quod
2845 909 2887 963 si
2919 916 2976 964 et
2997 909 3083 963 lex
3113 907 3253 976 iusta
3290 917 3396 972 est,
3427 921 3549 976 quae
3575 915 3633 961 et
3663 920 3776 960 no-

461 1015 684 1058 somnus
731 1001 890 1057 habet
928 1003 1182 1074 quietem.
1227 1003 1359 1057 Nam
1403 1019 1522 1058 cum
1569 1006 1806 1075 soporati
1848 1020 2056 1072 sumus,
2158 1004 2303 1061 centi
2330 1004 2518 1060 tribuit
2545 1003 2686 1075 quod
2715 1011 2969 1069 meretur,
3001 1002 3233 1071 ctjudex
3263 1001 3471 1072 integer
3491 1017 3554 1057 ac
3585 1001 3776 1056 bonus

460 1109 659 1162 corpus
708 1095 923 1165 quidem
965 1095 1214 1164 quiescit.
1256 1095 1469 1150 animus
1512 1105 1687 1151 tamen
1735 1097 2059 1167 irrequietus
2161 1096 2377 1163 dicitur,
2408 1111 2528 1150 cum
2560 1095 2868 1150 malefacta
2899 1095 3134 1148 vindicat
3164 1093 3452 1166 (bonorum
3491 1093 3643 1148 enim
3680 1106 3777 1145 sa-

460 1186 692 1256 agitatur
723 1202 736 1240 :
776 1185 1036 1257 imagines
1063 1187 1186 1252 sibi,
1221 1202 1354 1257 quas
1384 1199 1574 1243 cernat
1602 1188 1801 1259 efﬁngit
1824 1231 1838 1252 ,
1871 1199 1928 1244 ut
1957 1204 2056 1244 na-
2160 1189 2324 1244 lutem
2355 1187 2617 1252 custodit,
2645 1187 2736 1257 qui
2765 1187 2938 1241 malos
2965 1184 3165 1258 punit},
3198 1200 3329 1256 ergo
3357 1195 3413 1242 et
3442 1186 3605 1251 Deus,
3637 1199 3775 1239 cum

2159 1279 2313 1334 malis
2341 1279 2515 1344 obest,
2545 1293 2749 1334 nocens
2775 1293 2880 1334 non
2913 1287 3031 1340 est;
3065 1278 3180 1347 ipse
3208 1288 3389 1356 autem
3418 1287 3501 1334 est
3527 1291 3774 1343 nocens,
3801 1304 3824 1315 ν

2159 1375 2247 1444 qui
2273 1383 2365 1427 aut
2394 1371 2666 1428 innocenti
2696 1380 2873 1438 nocet,
2905 1382 2997 1426 aut
3028 1371 3242 1426 nocenti
3273 1373 3463 1442 parcit,
3493 1379 3550 1426 ut
3579 1369 3774 1441 pluri-

2159 1465 2262 1520 bus
2293 1473 2504 1520 noceat.

2230 1559 2386 1615 Libet
2407 1573 2648 1629 quaerere
2669 1561 2737 1615 ab
2755 1558 2838 1623 iis,
2864 1559 2951 1629 qui
2977 1560 3142 1614 Deum
3170 1559 3369 1614 faciunt
3387 1559 3763 1625 immobilem,

467 1376 766 1439 avocatqne
787 1383 845 1424 se
866 1384 896 1423 a
923 1368 1092 1437 falsis,
1117 1369 1243 1424 dum
1273 1372 1510 1426 membra
1532 1382 1865 1438 saturentur,
1897 1388 1958 1427 ac
1980 1373 2058 1426 vi-

458 1476 647 1533 gorem
670 1461 885 1531 capiant
911 1462 980 1518 de
1007 1463 1207 1533 quiete.
1235 1462 1398 1531 Quies
1424 1465 1585 1534 igitur
1615 1465 1940 1534 sempiterna
1970 1481 2056 1520 so—

464 1556 571 1610 lius
600 1555 789 1610 mortis
817 1565 921 1611 est.
953 1555 1012 1610 Si
1057 1565 1237 1611 autem
1279 1571 1427 1612 mors
1470 1557 1634 1612 Deum
1676 1572 1780 1611 non
1821 1557 2054 1628 attingit,

469 1646 612 1702 Deus
640 1646 800 1718 igitur
827 1663 1101 1718 nunquam
1122 1649 1334 1718 quietus
1364 1657 1464 1703 est.
1493 1649 1588 1704 Dei
1617 1663 1747 1704 vero
1777 1649 1917 1704 actio
1937 1663 2058 1717 quae
2159 1651 2204 1708 si
2232 1653 2353 1722 quis
2383 1652 2577 1708 habeat
2601 1667 2737 1718 rem,
2765 1652 3008 1718 domum,
3039 1652 3318 1719 familiam,
3347 1653 3597 1724 servique
3632 1652 3765 1722 ejus

463 1748 638 1809 potest
661 1753 802 1802 esse,
837 1739 941 1793 nisi
972 1739 1155 1793 mundi
1185 1739 1615 1795 administratio?
1644 1741 1698 1796 Si
1723 1754 1851 1795 vero
1873 1739 2057 1795 mundi
2159 1752 2571 1799 contemnentes
2604 1742 2919 1813 patientiam
2947 1743 3188 1808 domini,
3221 1742 3400 1798 omnia
3439 1744 3773 1808 invaserint,

463 1847 646 1888 curam
689 1833 847 1900 gerit,
885 1841 1038 1887 curat
1068 1833 1228 1903 igitur
1271 1833 1546 1887 hominum
1591 1833 1752 1888 vitam
1799 1833 1961 1898 Deus,
1993 1846 2055 1886 ac
2083 1833 2131 1894 B
2161 1834 2259 1904 ipsi
2293 1833 2451 1890 bonis
2478 1834 2596 1902 ejus
2625 1833 2892 1898 fruantur,
2923 1835 3071 1903 ipsos
3112 1835 3314 1891 familia
3344 1836 3463 1906 ejus
3497 1835 3774 1901 honoret,

466 1923 803 1994 singulorum
836 1933 988 1979 actus
1031 1924 1425 1990 animadvertit,
1456 1939 1656 1994 eosque
1698 1924 1968 1995 sapientes
1993 1940 2057 1980 ac
2161 1925 2412 1980 dominus
2441 1934 2619 1980 autem
2636 1935 3014 1980 contemnatur
3035 1926 3103 1981 ah
3132 1925 3398 1993 omnibus,
3419 1926 3775 1992 derideatur,

468 2013 640 2069 bonos
667 2030 788 2071 esse
813 2015 1104 2071 desiderat.
1135 2016 1261 2071 Haec
1288 2024 1365 2071 est
1392 2016 1642 2071 voluntas
1675 2017 1792 2082 Dei,
1829 2017 1942 2071 haec
1970 2016 2056 2071 di-
2160 2017 2530 2087 relinquatur:
2558 2029 2808 2072 utrumne
2836 2019 3051 2088 sapiens
3078 2033 3199 2074 esse
3227 2020 3418 2088 possit,
3446 2021 3536 2090 qui
3561 2030 3778 2076 contu-

460 2105 584 2160 vina
614 2107 730 2170 lex;
757 2122 918 2177 quam
947 2107 1036 2176 qui
1060 2108 1321 2177 sequitur,
1346 2109 1434 2176 qui
1463 2109 1735 2170 observat,
1764 2109 1874 2164 Deo
1898 2123 2055 2165 carus
2159 2111 2352 2165 melias
2382 2125 2486 2165 non
2515 2109 2770 2178 vindicet,
2800 2112 3021 2182 suisque
3047 2112 3210 2167 rebus
3240 2126 3334 2167 eos
3362 2111 3558 2182 perfrui
3583 2113 3778 2181 patia-

465 2206 571 2252 est.
597 2195 828 2252 Necesse
849 2207 927 2251 est
954 2197 1134 2268 igitur,
1157 2198 1306 2252 utira
1335 2208 1612 2252 moveatur
1628 2200 1886 2254 adversus
1904 2215 2047 2266 eum,
2159 2210 2265 2262 tur,
2302 2203 2352 2256 in
2383 2216 2516 2272 quos
2552 2202 2746 2257 habeat
2787 2204 3146 2273 potestatem?
3172 2203 3304 2271 Quae
3338 2213 3487 2259 tanta
3532 2204 3582 2259 in
3614 2219 3774 2276 quo-

465 2290 556 2359 qui
581 2290 717 2344 hanc
742 2298 998 2344 aeternam
1029 2290 1372 2360 divinamque
1402 2291 1596 2360 legem,
1629 2301 1721 2345 aut
1750 2291 2050 2357 violaverit,
2160 2309 2319 2364 quam
2365 2303 2540 2364 potest
2575 2295 2830 2364 patientia
2870 2296 3136 2365 reperiri?
3175 2296 3221 2351 si
3262 2305 3442 2353 tamen
3483 2297 3759 2368 patientia

464 2385 864 2453 antspreverit.
895 2383 951 2437 Si
969 2393 1143 2444 nocet.
1175 2383 1368 2453 inquit,
1387 2385 1544 2439 alicui
1564 2385 1724 2450 Deus,
1743 2384 1853 2454 jam
1883 2385 2052 2442 bonus
2158 2385 2482 2441 nominanda
2519 2395 2622 2452 est,
2668 2398 2723 2440 et
2763 2402 2869 2442 non
2911 2398 3100 2458 stupor
3133 2389 3354 2460 quidam
3392 2388 3760 2444 insensibilis.

462 2484 700 2531 nonest.
730 2473 849 2531 Non
885 2475 1077 2546 exiguo
1108 2475 1363 2531 falluntur
1393 2492 1600 2544 errore,
1639 2479 1731 2549 qui
1767 2492 2048 2534 censuram
2158 2477 2265 2533 Sed
2296 2477 2450 2533 facile
2478 2485 2562 2532 est
2589 2476 2733 2533 ferre
2772 2488 3160 2550 contemptum.
3193 2478 3332 2548 Quid
3372 2479 3420 2536 si
3464 2478 3593 2535 ﬁant
3649 2479 3776 2546 illa,

1811 2621 2174 2679 VAlilOliUM
2212 2622 2443 2679 NOTIE.

2157 2769 2273 2813 tem.
2304 2760 2504 2814 Plinius
2528 2759 2619 2812 lib.
2645 2773 2773 2812 χχιιι
2800 2756 2864 2812 Η.
2888 2756 2952 2812 Ν.
2978 2771 3026 2812 c.
3053 2756 3117 2811 ιε
3143 2755 3270 2810 Oleo
3291 2754 3520 2809 mollitur
3545 2769 3770 2822 corpus,

2157 2831 2378 2901 vigorem
2406 2840 2452 2884 et
2490 2829 2646 2901 robur
2674 2830 2879 2901 accipit.
2912 2828 2992 2901 De
3013 2828 3179 2897 quiete
3203 2829 3371 2901 valet,
3391 2841 3456 2901 ea;
3481 2826 3676 2896 quiete,
3705 2839 3772 2878 ex

2155 2897 2355 2970 so'pore,
2386 2916 2561 2970 more
2613 2899 2894 2970 Lactantio
2949 2897 3372 2970 frequenti.“ubi
3419 2897 3500 2958 de,
3549 2910 3652 2970 pro
3705 2913 3772 2948 ea:

2159 2967 2325 3040 ponit.
2355 2969 2443 3027 Uti
2490 2986 2619 3026 vero
2649 2987 2829 3040 capere
2870 2969 3118 3040 fructum,
3153 2969 3459 3040 utilitatem,
3503 2967 3770 3036 volupta-

2163 3038 2267 3096 tem
2294 3057 2359 3096 ex
2391 3057 2450 3096 re
2488 3038 2720 3102 dicitnr',
2762 3043 2840 3095 sic
2868 3041 3031 3094 latine
3059 3039 3163 3093 dici
3194 3055 3374 3108 capere
3413 3038 3639 3108 vigorem
3676 3040 3766 3103 de,

2081 3104 2126 3167 C
2162 3113 2244 3167 vel
2276 3129 2339 3166 ea:
2364 3130 2418 3168 re
2439 3155 2453 3176 ,
2488 3113 2618 3166 nihil
2649 3111 2892 3180 impedit.
2923 3111 3053 3166 BUN.
3083 3139 3155 3150 -
3185 3104 3403 3175 Capiant
3447 3104 3510 3162 de
3550 3110 3763 3180 quiete.

2161 3185 2317 3247 Quies
2345 3185 2503 3253 igitur
2540 3179 2865 3252 sempiterna.
2902 3182 2992 3238 Sic
3024 3181 3237 3253 reposui
3263 3195 3327 3234 ex
3359 3179 3591 3253 antiquis
3605 3195 3762 3253 ἐπες.

2158 3249 2472 3322 Reg.-Pitt.,
2505 3249 2692 3314 Cane}.
2725 3255 2799 3308 al.
2823 3255 2856 3307 4
2884 3253 3038 3321 Reg.,
3063 3249 3097 3306 6
3121 3251 3386 3318 Colbcrt.,
3417 3249 3760 3322 Ultr.,_Etn.,

2158 3319 2346 3390 Brtin.,
2382 3325 2564 3380 multis
2591 3325 2751 3378 editis
2794 3334 2849 3379 ct
2881 3327 2897 3374 t
2930 3319 3201 3384 Clarom.,
3239 3322 3340 3376 nisi
3395 3319 3537 3390 quod
3589 3319 3767 3375 habet

2155 3398 2346 3464 capiat.
2377 3397 2401 3449 1
2430 3396 2563 3448 Bon.
2583 3395 2791 3462 Antiq.,
2815 3393 2971 3450 Cant.
2997 3403 3049 3447 et
3067 3395 3102 3448 4
3130 3393 3376 3461 impressi
3395 3393 3624 3461 capiant.
3658 3390 3766 3444 De-

2157 3466 2308 3534 nique
2349 3467 2545 3535 requies
2589 3466 2918 3534 sempiterna.
2965 3464 3112 3518 lianc
3166 3473 3344 3518 tamen
3399 3476 3581 3518 veram
3631 3477 3764 3517 esse

2154 3537 2479 3604 scripturam
2508 3537 2780 3591 existimat
2810 3537 3177 3591 Heumannus.

2228 3628 2290 3683 Si
2316 3641 2478 3691 nocet,
2504 3629 2696 3695 inquit,
2723 3629 2881 3682 alicui
2911 3627 3069 3681 Deus.
3101 3627 3270 3682 Abest
3311 3626 3474 3694 inquit
3503 3641 3532 3680 a
3565 3641 3761 3689 qnam-

2155 3697 2398 3768 plurimis
2427 3700 2641 3768 scriptis
2678 3708 2733 3770 et
2759 3699 3038 3770 impressis
3070 3715 3082 3750 :
3125 3707 3180 3752 at
3213 3706 3358 3770 extat
3386 3698 3440 3770 in
3481 3698 3758 3770 antiquis-

2153 3770 2302 3840 simis
2336 3785 2466 3825 mss.
2499 3767 2902 3840 Regio-Pagi
2937 3769 3143 3824 Bonon.
3179 3777 3234 3824 ct
3274 3767 3432 3824 editis
3473 3767 3757 3840 Gyninic..

2152 3837 2246 3904 ls.,
2271 3840 2438 3905 Gall.,
2463 3837 2660 3912 Thys.,
2689 3839 2882 3909 Sparlt.

2224 3931 2525 3985 Acerbitatis
2553 3942 2599 3985 et
2620 3932 2852 3987 malitite.
2879 3931 3028 3986 Hand
3059 3945 3214 3986 secus
3243 3929 3522 3986 veterrimi
3552 3927 3760 4000 Regio-

2151 4000 2270 4055 Put.
2301 4013 2353 4056 et
2385 4004 2408 4056 1
2460 4002 2693 4066 Bonon.,
2732 4003 2855 4057 edd.
2887 4002 3169 4069 Thomas.,
3208 4001 3305 4068 Is.,
3338 4001 3532 4072 Thys.,
3573 3999 3757 4072 Galb,

2153 4071 2345 4142 Spark.
2376 4072 2433 4127 ln
2461 4073 2577 4128 aliis
2603 4074 2759 4129 deest
2784 4083 2830 4128 et
2852 4074 3081 4128 malitiaz.

2224 4165 2324 4231 Qui
2366 4169 2553 4220 scelere
2591 4167 2861 4220 convictos.
2892 4166 2968 4220 Ila
2999 4166 3204 4222 restitui
3230 4180 3296 4221 ex
3327 4167 3754 4236 qttamplurimis

2149 4235 2309 4290 editis
2349 4246 2401 4292 et
2430 4237 2680 4290 omnibus
2726 4251 2854 4291 mss.
2906 4247 3098 4304 praeter
3127 4238 3154 4291 1
3192 4236 3323 4306 Reg.
3348 4235 3455 4291 cui
3486 4246 3568 4292 est
3616 4252 3754 4292 cor-

2148 4317 2306 4374 rupte
2335 4308 2658 4376 conjunctas,
2686 4321 2784 4376 pro
2810 4308 3080 4362 convictos.
3111 4307 3167 4362 In
3203 4307 3448 4376 pluribus
3473 4307 3636 4363 editis
3667 4318 3757 4363 est

2149 4378 2396 4441 convicto,
2423 4379 2988 4436 mendose—Scelere
3013 4379 3322 4432 canvinctas.
3346 4378 3515 4433 Paris.
3542 4377 3757 4434 Scelere

2154 4449 2426 4502 convictos.
2452 4447 2604 4503 Cant.
2635 4448 2818 4511 editio,
2855 4449 3056 4504 Scelere
3086 4449 3334 4516 convicto,
3369 4449 3580 4504 vitiose.
3611 4450 3754 4505 Sue-

2150 4519 2279 4573 tonii
2308 4529 2412 4584 est,
2437 4529 2495 4574 ut
2520 4519 2715 4575 Lexica
2737 4519 2998 4587 indicant,
3022 4521 3074 4575 in
3097 4519 3331 4587 Nerone,
3353 4533 3403 4577 c.
3426 4520 3518 4576 51.
3540 4519 3754 4576 Scelere

2150 4591 2426 4643 convictus.
2455 4591 2584 4643 BUN.

2145 4591 2426 4644 convictus.
2455 4591 2584 4645 BUN.

2216 4680 2340 4751 Ipse
2376 4693 2547 4737 autem
2587 4693 2680 4737 est.
2731 4683 2802 4738 At
2839 4683 3136 4738 Bnneman.
3178 4682 3237 4737 Is
3273 4691 3440 4737 autem
3480 4693 3574 4737 est.
3613 4682 3750 4738 editi

2145 4767 2356 4824 omnes.
2401 4753 2522 4824 Ipse
2551 4763 2719 4808 autem
2744 4764 2836 4808 est.
2872 4755 3078 4809 Bonon.
3107 4753 3165 4824 ls
3183 4763 3257 4808 est
3282 4763 3471 4807 autem.
3506 4753 3746 4808 Reitnm.

2143 4822 2203 4877 1s
2230 4834 2400 4877 autent
2427 4822 2519 4878 est.
2554 4826 2724 4879 Etiam
2760 4825 3072 4881 Heumanno
3102 4823 3158 4880 Is
3183 4832 3388 4880 rectum
3417 4834 3522 4881 est.
3556 4824 3694 4881 Bon.

2214 4894 2630 4967 Libetquterere.
2662 4895 3148 4967 Manuscriptorum
3193 4905 3278 4952 est
3305 4903 3366 4952 'et
3401 4895 3434 4950 9
3464 4905 3572 4952 vet.
3604 4895 3744 4952 edit.

2141 4964 2202 5020 In
2233 4966 2263 5019 7
2292 4966 2519 5035 vulgatis
2547 4977 2632 5022 est
2661 4967 2822 5021 Licet.

2212 5040 2551 5114 Iinmobilem.
2592 5058 2721 5128 Cap.
2762 5057 2834 5112 22
2877 5075 2890 5110 :
2935 5057 3104 5112 Deam
3152 5058 3348 5128 faciunt
3394 5058 3741 5112 immobilem.

2141 5126 2297 5200 Conf.
2330 5139 2442 5184 not.
2472 5130 2509 5183 l.
2538 5147 2611 5192 Vl.
2639 5126 2690 5184 οῖ
2720 5130 2788 5184 17
2820 5145 2834 5181 :
2864 5129 2945 5183 Ad
2971 5126 3279 5185 immobilem
3301 5137 3565 5200 stuporem
3596 5145 3747 5184 men-

2138 5199 2202 5253 tis
2232 5201 2520 5268 perducere.
2548 5201 2682 5256 BUN.

2216 5293 2400 5365 Omnia
2416 5295 2708 5348 invaserint.
2733 5296 2800 5348 At
2821 5293 2955 5348 Bun.
2973 5292 3120 5365 addit
3137 5296 3272 5365 ejus,
3291 5294 3447 5365 et_sic
3465 5293 3746 5365 rationem

2140 5364 2319 5419 reddit
2335 5384 2347 5416 :
2361 5395 2425 5404 —
2447 5365 2633 5418 Omnia
2653 5365 3071 5434 ejusinvaserint.
3087 5363 3171 5419 Ei
3185 5365 3330 5430 Lips.
3344 5363 3380 5418 2
3395 5405 3407 5428 ,
3425 5367 3459 5420 5
3473 5363 3744 5431 Reimm.,

2143 5434 2318 5506 ltost.,
2352 5435 2486 5506 Yon.
2521 5436 2682 5500 M72,
2714 5445 2938 5506 utraque
2963 5435 3052 5497 78.
3087 5436 3175 5502 9'5,
3201 5436 3292 5499 97,
3317 5434 3488 5506 Pier.,
3514 5436 3743 5500 Parrh.,

2141 5505 2339 5570 Paris.,
2373 5505 2549 5577 Junt.,
2591 5507 2747 5573 Isaeo,
2793 5507 3108 5561 Henmanno
3144 5505 3583 5577 scrib0,_70mnia
3628 5512 3747 5577 ejus

2138 5577 2434 5651 invaserint.
2463 5576 2658 5651 caeteri
2687 5579 2800 5648 ejus
2827 5578 3199 5649 neglexerunt.
3235 5575 3429 5636 Studia
3459 5577 3598 5634 illud
3626 5575 3746 5651 ejus

2142 5656 2222 5702 ter
2251 5650 2484 5718 repetiit.
2518 5649 2650 5704 Buu.

462 2761 518 2816 in
548 2760 753 2816 Bonon.
799 2767 855 2816 et
881 2758 1017 2816 Tax.
1059 2761 1185 2827 Qua:
1224 2769 1381 2814 tanta:
1429 2761 1730 2831 negligente
1772 2778 1926 2816 causa
1957 2770 2048 2815 est.

544 2852 699 2924 Vilis.
722 2853 838 2908 Lib.
874 2868 945 2906 vtt
971 2853 1324 2924 Institution.,
1351 2867 1401 2924 c.
1433 2853 1503 2906 22
1531 2871 1542 2905 :
1573 2852 1772 2908 Cant...
1798 2855 1926 2924 justi
1949 2863 2053 2906 tam

462 2923 587 3048 piles
614 2923 917 3048 lgibeantur.
957 2923 1128 2979 Tacit.
1166 2923 1260 2978 lib.
1291 2939 1308 2978 ι
1354 2922 1549 2978 Annal.
1581 2923 1652 2978 40
1682 2942 1696 2979 :
1729 2922 1930 2981 Si'vilis
1956 2925 2055 2993 ipsi

483 3011 594 3048 aus.
671 3011 758 3048 UN.

463 2995 594 3050 laus.
624 2995 758 3050 BUN.

534 3065 633 3120 Cui
667 3083 784 3137 ergo
810 3065 1188 3137 administratio
1218 3075 1473 3137 tantarum
1503 3082 1692 3120 rerum.
1715 3065 1805 3121 Sic
1836 3068 1885 3120 in
1919 3081 2049 3120 mss.

461 3136 889 3207 omnibuslegn,
920 3146 974 3191 et
1011 3136 1262 3194 ineditis’
1285 3146 1390 3207 vet.
1433 3136 1590 3190 Rom.
1635 3147 1691 3192 et
1726 3137 1871 3192 Crat.
1916 3137 2053 3193 Vide

464 3207 600 3279 infra
630 3206 818 3260 mundi
845 3207 1242 3279 administratio.
1286 3206 1344 3262 In
1386 3209 1598 3263 caeteris
1638 3209 1914 3279 impressis
1945 3219 2047 3276 est,

463 3278 558 3334 Cui
587 3294 706 3349 ergo
733 3278 1058 3332 ministratio.

539 3370 751 3447 Tamen.
781 3372 872 3447 Sic
910 3386 1038 3427 mss.
1071 3371 1392 3430 Thomasii:
1423 3373 1512 3428 alii
1537 3374 1714 3444 plures
1745 3375 1926 3447 legunt
1955 3392 2051 3430 au-

467 3449 590 3507 tem,
614 3444 792 3497 minus
819 3444 976 3498 bene.

537 3533 827 3604 Avocatque
857 3551 910 3589 se
935 3552 966 3586 a
991 3535 1158 3604 falsis.
1190 3535 1280 3591 Sic
1304 3537 1678 3593 vetustissima:
1705 3539 1970 3593 editiones
1999 3548 2054 3594 et

467 3620 600 3677 mss.
624 3606 660 3659 2
681 3621 789 3660 rec.
817 3616 871 3660 et
896 3605 1045 3659 multi
1078 3606 1242 3670 editi,
1277 3608 1456 3676 falsis;
1485 3609 1518 3661 2
1543 3609 1611 3661 al.
1638 3624 1772 3674 rec.,
1798 3611 1860 3663 de
1885 3611 2048 3677 falsis.

465 3704 536 3748 τ-
563 3675 781 3746 Legitur
810 3686 1080 3748 avocatque
1123 3692 1176 3730 se
1220 3675 1366 3748 falsis
1410 3679 1548 3745 apud
1591 3675 1951 3744 Bunemann.,
1995 3681 2050 3734 in

467 3746 711 3816 hancque
758 3747 1054 3801 variantem
1111 3746 1287 3802 notam
1339 3761 1650 3817 sequentem
1699 3752 1939 3804 exhibet.
1980 3782 2050 3792 —

463 3817 752 3887 Avocatque
789 3834 843 3871 se
881 3819 1053 3942 ﬁalsis.
1107 3818 1279 3872 Reim.
1332 3833 1515 3886 prave,
1568 3822 1888 3890 Advocatque
1927 3838 1981 3874 se
2017 3839 2050 3876 a

467 3888 650 3942 falsis:
692 3888 850 3942 idque
930 3904 1228 3942 eumannns
1267 3889 1505 3942 defendit
1539 3902 1594 3942 et
1633 3894 1884 3942 exponit.
1919 3893 2050 3942 Avo-

465 3888 650 3958 falsis;
692 3888 850 3956 idque
881 3888 1228 3944 Heumannns
1267 3889 1505 3946 defendit
1539 3902 1594 3946 et
1633 3888 1884 3958 exponit,
1919 3893 2050 3946 Avo-

463 3967 544 4028 cat
571 3975 624 4013 se
664 3975 695 4011 a
737 3959 881 4027 falsis
920 3959 1245 4028 imaginibus,
1275 3962 1329 4014 id
1357 3973 1450 4026 est,
1481 3963 1735 4017 somniare
1773 3973 1950 4015 cessat.
1985 3967 2052 4019 At

464 4027 650 4099 Cultu,
681 4029 926 4094 Menum,
966 4027 1162 4086 C.’C.C.
1191 4031 1366 4094 Rost.,
1407 4034 1536 4088 Ven.
1575 4035 1732 4098 1471,
1763 4033 1920 4098 M95,
1954 4034 2045 4099 97,

465 4098 636 4172 Paris.
665 4101 805 4172 1515
830 4110 883 4155 et
908 4099 1189 4166 Cellarius,
1219 4103 1502 4172 Avocatque
1529 4120 1582 4158 se
1601 4104 1767 4171 falsis.
1793 4098 2047 4171 QuaalecQ

464 4169 542 4243 t_i_o
579 4180 660 4225 est
701 4171 854 4226 unice
878 4181 1057 4243 recta.
1101 4173 1295 4228 Noster
1336 4169 1527 4227 iterum
1572 4169 1639 4228 die
1677 4169 1899 4243 Opiffc.
1933 4175 1999 4228 18
2031 4193 2043 4228 :

468 4239 538 4312 Ut
566 4257 706 4295 mens
735 4259 824 4312 per
851 4241 982 4294 diem
1011 4245 1138 4297 veris
1178 4244 1450 4297 visionibus
1475 4239 1737 4312 avocatur,
1770 4263 1832 4298 ne
1861 4245 2046 4299 obdor-

461 4311 627 4386 mith
646 4313 716 4386 ita
738 4311 883 4380 falsis
916 4322 1073 4386 nocte
1097 4314 1323 4383 (scilicet
1360 4315 1640 4386 avocatur)
1677 4333 1738 4370 ne
1767 4318 2046 4384 excitetur;

462 4389 519 4455 et
559 4382 755 4437 ibidem
803 4394 927 4439 ante
977 4401 990 4437 :
1044 4382 1297 4438 Avocatur
1331 4400 1450 4454 ergo
1493 4382 1692 4455 (mens)
1733 4382 2040 4454 simulacris,

463 4452 624 4551 fence
667 4455 887 4551 membra
931 4471 1120 4551 sapore.
1150 4456 1363 4551 inrigata
1389 4452 1712 4551 'vfgtiztengtr.
1751 4459 1844 4540 Est
1876 4452 2046 4540 igitur
2069 4490 2123 4551 Β

462 4536 656 4578 sensus
704 4526 1007 4589 verborum,
1065 4535 1124 4580 ut
1167 4525 1359 4579 iterum
1411 4525 1538 4579 ibid.
1598 4526 1744 4582 Mens
1794 4525 2043 4585 visionum

459 4594 764 4664 imaginibus
790 4606 1036 4665 occupata
1066 4605 1290 4660 tenetur;
1320 4605 1374 4648 et
1400 4603 1602 4664 postea,
1634 4598 1780 4654 Mens
1809 4602 1876 4653 ad
1915 4617 2041 4655 con-

461 4665 780 4734 templandas
800 4669 1044 4738 imagines
1065 4667 1128 4720 ab
1159 4667 1437 4720 intentione
1462 4669 1762 4724 traducitur.
1799 4671 1931 4726 BUN.

544 4753 778 4832 Vigorem
803 4760 1010 4832 capiant
1037 4759 1102 4832 de
1125 4757 1306 4832 quiete.
1328 4757 1482 4832 Quies
1502 4759 2036 4832 igitur.1Tbomasius,

460 4842 642 4895 capere
668 4828 890 4898 vigorem
911 4829 974 4881 de
993 4829 1175 4897 quiete,
1204 4827 1396 4898 inquit,
1429 4827 1581 4884 latine
1607 4848 1707 4886 non
1727 4835 1931 4890 dicitur.
1956 4827 2041 4892 Ea:

460 4899 539 4952 his
567 4897 739 4974 autem
767 4899 998 4974 denique
1025 4912 1085 4953 re
1113 4897 1265 4974 facile
1289 4900 1451 4974 potuit
1489 4901 1600 4967 ﬁeri
1628 4903 1695 4958 de
1728 4907 1926 4974 quiete,
1956 4909 2040 4961 cui

458 4969 794 5045 postmodum
824 4968 1003 5021 addita
1035 4976 1122 5045 _e_s_t_
1143 4968 1296 5045 dictio
1336 4971 1515 5045 igitur,
1553 4983 1606 5026 ut
1641 4968 1825 5045 aliquis
1867 4968 2041 5033 sensus

459 5038 981 5119 aliceretarﬁeqttor‘
995 5038 1338 5119 nihilominus
1364 5038 1849 5119 legionemGothH
1865 5047 2038 5119 Lips.,

459 5109 714 5187 Rei_mm.,
745 5107 932 5187 I_Jlntr.n.‘
943 5109 1598 5187 Cauc.A,_Anglic.,_Rost.,
1616 5115 1751 5170 Ven.
1774 5119 1902 5173 1471
1922 5107 2034 5187 ,⁸ης

460 5182 740 5256 utriusque
757 5178 956 5256 78,90,
978 5180 1069 5245 95,
1097 5181 1184 5256 97,
1209 5178 1372 5256 Picta,
1402 5178 1615 5256 P_arrh.,
1641 5187 1838 5255 Paris.,
1863 5178 2038 5256 ltint.,

461 5250 602 5329 aldi,
636 5248 807 5313 Crat,
833 5248 1059 5329 _Gytnn.,
1102 5251 1249 5329 Ij‘as.,
1274 5252 1518 5329 ‘thypb.,
1553 5248 1740 5329 Torn.,
1787 5248 2033 5329 B'etuleii,

470 5319 705 5402 figuram
729 5319 1022 5402 capianttle
1045 5324 1227 5402 quiete.
1262 5319 1417 5402 Quies
1445 5326 1602 5402 igitur
1625 5319 1824 5399 (Enim.
1861 5319 2036 5402 ergo):

459 5390 592 5458 Quis
611 5390 752 5444 enim
774 5390 1086 5459 simpliciter
1105 5394 1321 5465 dixerit,
1353 5390 1576 5450 menibra
1602 5390 1844 5465 saturari,
1873 5390 2038 5456 acvvi-

457 5475 643 5531 gorem
686 5474 1033 5544 capereLnon
1064 5464 1270 5544 addito,
1302 5466 1442 5544 unde
1469 5477 1776 5524 saturentur
1804 5486 1866 5526 ac
1897 5473 2041 5544 vigo-

456 5546 574 5586 rem
606 5533 817 5613 capiant
827 5533 856 5613 ?_
876 5533 1071 5613 Verba,
1096 5534 1236 5613 Dum
1262 5537 1486 5613 membra
1510 5547 1801 5613 saturentur
1824 5559 1885 5597 ac
1901 5533 2040 5613 υἱῇοα

457 5617 564 5684 rem
581 5602 796 5684 (capiant
822 5605 884 5659 de
907 5608 1092 5684 quiete,
1120 5607 1260 5661 idem
1291 5607 1498 5684 dicunt,
1525 5609 1665 5678 quod
1695 5611 1784 5666 illa
1809 5613 1875 5667 de
1895 5602 2037 5684 oﬁir.

459 5673 611 5759 etis
648 5673 880 5759 :nDonec
916 5673 1139 5730 membra
1177 5693 1363 5759 sopore
1397 5673 1609 5759 irrigqta
1642 5673 1958 5750 vegetenturf
1987 5694 2042 5741 et

458 5741 615 5824 infra,
653 5743 932 5824 Postquam
960 5765 1097 5800 mens
1118 5751 1186 5799 ad
1216 5741 1636 5816 contempltindas
1661 5741 1904 5824 imagines
1934 5741 2040 5810 ἱνα·
2097 5810 2102 5811 ,

1690 5760 1904 5836 inagines
1934 5768 2040 5836 tr-a-
2097 5810 2102 5811 ,
2144 5833 2153 5836 _
2218 5760 2443 5836 Pcrfrui.
2478 5763 2645 5828 Major
2673 5765 2752 5820 vis
2779 5766 2832 5821 in
2854 5765 3154 5836 composito
3179 5764 3460 5821 subinnuit
3485 5778 3748 5826 securam

459 5813 610 5870 ducta
631 5826 720 5887 est,
751 5813 872 5874 tmte
899 5818 1103 5874 demum
1130 5834 1315 5888 corpus
1347 5813 1492 5876 omne
1520 5813 1786 5880 γεδοιυίιαῖ
1813 5828 1862 5882 in
1899 5828 2041 5898 quic-

2140 5833 2690 5903 impmtitatcm.’Bus.
