3912 6256
129 326 226 381 129

1411 316 1607 373 LIBER
1646 316 1732 374 DE
1775 315 1887 369 lliA
1933 315 2061 368 DEI.

3281 317 3384 373 130

125 454 232 511 quae
268 451 297 491 a
321 434 578 490 Cicerone
613 430 894 486 dicuntur?
929 449 944 479 (
989 431 1198 486 Etenim
1242 449 1448 502 qumru,
1481 436 1522 488 si
1564 435 1684 504 quis
1711 436 1764 495 Α
1791 433 1872 486 ira
1905 430 2227 500 composuit.
2263 449 2279 481 ι
2311 431 2392 484 Ira
2420 440 2522 497 est,
2550 432 2741 502 inquit,
2771 431 3033 502 cupiditas
3063 435 3386 491 ulciscendae

127 527 489 603 paterfamilias
527 524 702 580 liberis
743 521 854 577 suis
895 537 926 576 a
967 537 1126 578 servo
1171 524 1488 591 interfectis,
1521 540 1690 582 uxore

127 621 306 684 occisa,
337 616 549 671 incensa
571 613 752 679 domo,
777 612 1098 684 supplicium
1126 613 1195 670 de
1220 629 1379 672 servo
1399 631 1506 671 non
1527 631 1689 686 quam

124 712 428 771 acerrimum
455 706 776 776 sumpserit;
806 714 986 762 utrum
1020 706 1068 764 is
1107 708 1347 766 clemens
1379 724 1442 764 ao
1481 708 1691 765 miscri-

129 820 268 876 cors,
292 819 358 859 an
381 800 692 858 inhumanus
713 808 768 854 et
792 799 1196 856 crudelissimus
1217 815 1340 857 esse
1367 801 1644 857 videatur?
1663 820 1684 855 ι

131 897 276 967 Quod
309 897 350 952 si
377 891 628 965 ejusmodi
682 890 1008 948 facinoribus
1050 891 1330 963 ignoscere
1362 893 1691 952 crudelitatis

135 1002 215 1050 est
247 989 406 1064 potius
445 999 602 1058 quam
644 984 892 1054 pietatis;
946 999 1052 1040 non
1095 993 1178 1040 est
1215 999 1345 1056 ergo
1385 986 1595 1042 virtutis
1635 986 1689 1042 in

137 1090 258 1154 Deo,
281 1085 340 1142 ad
363 1098 442 1151 ea,
471 1095 589 1152 quae
616 1079 816 1149 injuste
847 1079 1010 1148 liunt,
1043 1095 1150 1136 non
1177 1081 1526 1136 commoveri.
1556 1080 1690 1136 Nam

134 1178 340 1237 mundus
374 1185 618 1244 tanquam
664 1172 757 1228 Dei
798 1171 992 1227 domus
1041 1181 1242 1237 est,.et
1287 1171 1534 1227 homines
1575 1182 1692 1227 tan-

132 1286 270 1343 quam
296 1268 428 1325 servi
455 1284 468 1320 :
497 1265 689 1336 quibus
708 1265 755 1319 si
782 1264 1013 1319 ludibrio
1040 1265 1113 1319 sit
1143 1279 1338 1320 nomen
1355 1265 1492 1334 ejus,
1519 1264 1691 1334 qualis

129 1370 210 1416 aut
253 1365 437 1430 quanta
481 1355 734 1425 patientia
778 1364 883 1420 est,
915 1363 973 1408 ut
1011 1352 1311 1410 honoribus
1355 1354 1466 1409 suis
1510 1352 1697 1423 cedat,

131 1466 272 1525 prava
301 1459 353 1506 et
383 1450 562 1520 iniqua
594 1449 707 1504 fieri
737 1447 938 1512 videat,
970 1455 1159 1502 etnon
1189 1447 1516 1517 indignetur,
1545 1446 1690 1516 quod

129 1542 375 1617 proprium
422 1550 475 1595 et
515 1538 760 1594 naturale
803 1548 888 1594 est
917 1537 989 1602 ei,
1037 1537 1123 1592 cui
1171 1547 1387 1607 peccata
1430 1552 1535 1591 non
1578 1537 1692 1606 pla-

1793 523 2020 592 injurize.
2053 523 2180 589 Alii,
2211 531 2268 577 ιιι
2297 523 2376 577 ait
2419 523 2778 591 Posidonius,
2818 526 3084 596 cupiditas
3129 526 3387 597 puniendi

1789 613 1927 683 ejus,
1960 629 1990 668 a
2008 628 2114 684 quo
2137 621 2188 668 te
2217 612 2398 683 inique
2419 622 2576 684 putes
2603 615 2814 670 hesum.
2845 633 2866 668 ›
2890 615 3117 684 Quidam
3146 617 3220 672 ita
3248 617 3386 672 deli-

1789 708 2007 764 nierunt
2031 726 2042 761 :
2065 727 2084 761 (
2103 707 2185 762 Ira
2210 715 2294 763 est
2314 708 2554 763 incitatio
2575 707 2741 764 animi
2769 708 2837 764 ad
2863 709 3169 766 nocendum
3195 710 3249 766 ei
3272 711 3386 782 qui,

1792 809 1885 855 aut
1910 800 2114 865 nocuit,
2146 809 2240 854 aut
2270 814 2468 856 nocere
2512 799 2702 855 voluit.
2738 819 2758 853 ι
2795 801 3100 859 Aristotelis
3143 801 3390 859 definitio

1790 907 1901 947 non
1932 892 2158 946 multum
2181 905 2212 945 a
2236 900 2416 947 nostra
2442 891 2613 948 abest.
2642 892 2732 947 Ait
2756 893 2898 949 enim
2929 894 3064 949 iram
3095 907 3218 950 esse
3237 894 3390 964 cupi-

1789 983 2012 1039 ditatem
2037 982 2235 1037 doloris
2257 982 2607 1052 rependendi.
2631 983 2759 1038 Haec
2781 991 2865 1039 est
2883 985 2984 1050 ira,
3003 983 3072 1039 de
3097 999 3201 1055 qua
3228 999 3390 1057 supc-

1789 1077 1904 1131 rius
1934 1075 2202 1142 diximus,
2239 1072 2472 1144 injusta;
2524 1092 2644 1146 quae
2692 1076 2857 1131 etiam
2910 1077 3074 1132 mutis
3116 1078 3259 1134 inest
3291 1097 3304 1133 :
3332 1081 3386 1136 in

1790 1167 2012 1225 homine
2037 1183 2166 1224 vero
2181 1167 2481 1224 cohibenda
2511 1179 2615 1234 est,
2648 1185 2717 1224 ne
2745 1168 2814 1223 ad
2841 1168 3066 1240 aliquod
3095 1170 3388 1228 maximum

1789 1261 1992 1315 malum
2017 1260 2263 1330 prosiliat
2292 1276 2388 1330 per
2412 1260 2671 1316 furorem.
2705 1261 2832 1318 Haec
2861 1263 2914 1316 in
2971 1261 3089 1319 Deo
3115 1277 3237 1320 esse
3281 1281 3388 1322 non

1790 1365 1990 1426 potest,
2023 1357 2146 1426 quia
2187 1356 2463 1412 illaesibilis
2493 1366 2610 1422 est;
2654 1357 2709 1412 in
2741 1358 2959 1414 homine
2999 1367 3214 1425 autem,
3267 1361 3391 1430 quia

1789 1445 1995 1516 fragilis
2023 1456 2129 1514 est,
2160 1447 2456 1502 invenitur.
2487 1447 2656 1503 Inurit
2681 1448 2828 1504 enim
2852 1450 3000 1504 laesio
3028 1449 3307 1521 dolorem;
3337 1467 3395 1510 et

1791 1539 1947 1595 dolor
1969 1540 2097 1595 facit
2129 1541 2348 1595 ultionis
2378 1542 2748 1612 cupiditatem.
2788 1541 2890 1598 Ubi
2921 1552 3004 1598 est
3031 1558 3162 1615 ergo
3192 1545 3281 1600 illa
3311 1546 3388 1601 ira

131 1634 300 1692 ceant?
327 1631 481 1688 Irasci
521 1647 656 1702 ergo
691 1630 916 1686 rationis
941 1638 1053 1696 est;
1086 1629 1403 1686 auferuntur
1425 1631 1570 1686 enim
1597 1630 1691 1686 de-
1786 1631 1930 1702 justa
1961 1635 2222 1690 adversus
2249 1635 2660 1706 delinquentes?
2697 1651 2816 1705 quae
2843 1635 3027 1706 utique
3053 1652 3160 1691 non
3184 1646 3270 1691 est
3295 1652 3383 1692 cu-

133 1727 272 1794 licta,
298 1733 347 1781 et
386 1724 706 1780 refrmnatur
737 1721 982 1788 licentia,
1019 1721 1165 1792 quod
1207 1721 1389 1792 utique
1419 1721 1562 1792 juste
1599 1737 1690 1778 sa-

136 1819 410 1890 pienterque
440 1814 520 1869 lit.
1275 1866 1282 1872 .

191 1910 282 1968 Sed
324 1909 482 1965 Stoici
537 1921 650 1962 non
697 1907 943 1962 viderunt
980 1921 1100 1962 esse
1136 1905 1425 1964 discrimen
1464 1907 1602 1964 recti
1632 1915 1688 1964 et

131 2006 289 2078 pravi;
317 2018 428 2060 esse
453 2004 596 2058 iram
617 2002 814 2072 justam
845 2011 900 2058 et
943 2001 1195 2072 injustam
1223 2020 1235 2056 :
1265 2011 1320 2058 et
1357 2004 1479 2073 quia
1505 2003 1687 2060 mede-

131 2101 220 2156 lam
236 2098 305 2155 rei
325 2111 424 2152 non
450 2096 816 2162 inveniebant,
838 2097 1123 2150 voluerunt
1148 2109 1266 2150 eam
1300 2097 1512 2166 penitus
1537 2097 1685 2152 exci-

131 2192 254 2246 dere.
281 2186 620 2258 Peripatetici
649 2201 776 2241 vero
803 2201 911 2241 non
939 2184 1314 2249 excidendam,
1348 2187 1441 2242 sed
1484 2195 1687 2256 tempe-

130 2281 324 2339 randam
340 2295 457 2337 esse
485 2279 780 2335 dixerunt:
815 2279 1009 2350 quibus
1036 2279 1088 2334 iu
1129 2290 1280 2335 sexto
1311 2279 1449 2335 libro
1479 2279 1688 2335 Institu-

128 2378 303 2448 tionutn
339 2375 466 2432 satis
510 2373 915 2444 respondimus.
964 2373 1214 2430 Nescisse
1243 2382 1424 2430 autem
1453 2375 1690 2444 philoso-

127 2468 262 2539 phos,
287 2481 398 2538 quae
422 2466 562 2523 ratio
591 2475 734 2522 esset
759 2466 873 2530 iraa,
907 2473 1130 2535 apparet
1169 2479 1237 2520 ex
1283 2464 1686 2522 definitionibus

125 2575 313 2628 eorum,
351 2573 475 2632 quas
517 2557 731 2614 Seneca
763 2556 1099 2613 enumeravit
1127 2557 1178 2612 in
1228 2556 1401 2625 libris,
1443 2573 1579 2627 quos
1618 2557 1688 2613 de

1792 1728 1992 1796 piditas
2023 1720 2262 1794 ultionis,
2294 1730 2417 1798 quia
2445 1743 2550 1784 non
2583 1729 2841 1799 praecedit
2866 1727 3085 1799 injuria.
3117 1728 3236 1784 Non
3267 1729 3393 1785 dico

1717 1813 1767 1874 B
1792 1816 1860 1874 de
1890 1819 1956 1873 iis
1981 1819 2070 1888 qui
2100 1819 2361 1874 adversus
2393 1820 2538 1890 leges
2566 1829 2821 1890 peccant,
2851 1819 3046 1889 quibus
3095 1818 3199 1876 etsi
3224 1821 3392 1891 judex

1793 1911 1911 1966 sine
1937 1910 2164 1966 crimine
2193 1911 2350 1966 irasci
2381 1920 2606 1980 postest,
2626 1911 2893 1982 fingamus
2913 1921 3113 1980 tamen,
3149 1928 3272 1968 eum
3302 1929 3393 1970 se-

1793 2001 1920 2057 dato
1935 2003 2117 2057 animo
2139 2017 2261 2057 esse
2279 2003 2500 2071 debere,
2525 2018 2648 2058 cum
2665 2003 2882 2074 subjicit
2897 2019 3070 2074 paena:
3084 2013 3389 2073 nocentem,

1793 2096 1917 2165 quia
1947 2096 2122 2164 legum
2161 2095 2230 2149 sit
2275 2095 2553 2162 minister,
2590 2111 2696 2150 non
2727 2096 2928 2162 animi,
2979 2106 3074 2151 aut
3105 2098 3396 2167 potestatis

1793 2203 1937 2253 sum;
1970 2191 2049 2244 sic
2089 2188 2235 2243 enim
2274 2189 2483 2256 volunt,
2514 2189 2603 2259 qui
2649 2190 2784 2244 iram
2834 2198 3104 2245 conantur
3133 2190 3391 2247 evellere.

1793 2279 1900 2334 Sed
1927 2279 1994 2335 de
2021 2279 2086 2335 iis
2114 2280 2450 2349 potissimum
2478 2280 2619 2348 dico,
2645 2282 2737 2352 qui
2767 2292 2894 2336 sunt
2917 2293 3114 2337 nostra:
3145 2291 3388 2352 potesta-

1790 2370 1881 2436 tis,
1911 2381 1970 2425 ut
1999 2371 2162 2436 servi,
2194 2371 2390 2437 liberi,
2417 2372 2674 2443 eonjuges
2699 2380 2755 2428 et
2782 2371 3033 2442 discipuli
3064 2389 3079 2426 :
3111 2387 3248 2442 quos
3268 2388 3394 2429 cum

1796 2463 2110 2534 delinquere
2133 2464 2401 2533 videmus,
2434 2466 2721 2522 incitamur
2747 2465 2815 2520 ad
2838 2464 3222 2522 coercendum.

1861 2557 2093 2614 Necesse
2143 2568 2226 2614 est
2253 2561 2397 2615 enim
2438 2560 2580 2616 bono
2624 2573 2688 2614 ac
2713 2559 2864 2629 justo
2911 2558 3224 2630 displicere,
3268 2573 3392 2630 quae

1426 2695 1788 2754 VARIORUM
1816 2694 2048 2752 NOTAE.

127 2843 160 2911 F‘
191 2839 484 2911 Supplicium
505 2839 577 2893 de
601 2854 743 2911 senm
766 2854 866 2892 non
890 2853 1052 2911 quam
1063 2835 1366 2911 acerrimum
1386 2835 1678 2904 sumpserit.

126 2910 177 2966 In
196 2909 424 2967 omnibus
454 2909 716 2966 Lactantii
748 2925 875 2962 mss.
910 2918 963 2962 et
991 2909 1112 2962 edd.
1137 2918 1220 2962 est
1243 2923 1365 2960 cum
1399 2911 1685 2975 negatione

128 2982 205 3038 hic
240 2985 406 3047 locus;
455 2981 603 3051 apud
653 2981 970 3035 Ciceronem
1018 2981 1168 3033 Orat.
1219 2979 1252 3051 4
1302 2975 1682 3051 in_Catilinaut

1788 2832 2115 2898 necessaria,
2148 2832 2275 2903 quia
2314 2831 2383 2887 de
2409 2832 2488 2886 ira
2509 2831 2658 2902 justo
2684 2840 2806 2900 post
2832 2830 3093 2903 loquitur:

1865 2905 1946 2960 Ne
1971 2906 2038 2958 ad
2058 2900 2270 2973 aliquod
2288 2900 2568 2957 maximum
2587 2904 2814 2973 malum.
2831 2900 2917 2956 ltaﬁ
2934 2917 3035 2956 ms.
3061 2900 3390 2968 Regio-Plit.

1788 2991 1911 3031 cum
1945 2972 2335 3030 tnultis’editis.
2365 2973 2423 3027 In
2474 2973 2743 3042 plerisque
2786 2972 2938 3028 deest
2970 2973 3185 3026 malum.
3218 3005 3288 3014 —
3312 2975 3396 3030 Ad

128 3069 169 3109 (δ.
198 3053 246 3120 6,
273 3042 415 3123 quam
452 3042 863 3116 acerbissimum,
895 3051 1014 3106 sine
1047 3049 1420 3123 negationein
1464 3047 1688 3123 quibus-
1712 3042 1758 3105 C
1792 3048 2002 3123 aliquod
2046 3048 2326 3123 maximum
2379 3044 2877 3123 malumﬂprosilia}.
2913 3044 3268 3123 _l‘i_ecessar_ioA
3309 3047 3398 3123 hic

135 3125 242 3179 dam
275 3120 467 3179 editis:
500 3123 800 3177 Lambinus
843 3137 993 3184 vero,
1043 3122 1224 3191 Istros,
1269 3120 1466 3191 aliique
1510 3120 1692 3189 legunt

133 3211 220 3249 non
243 3212 384 3264 quam
407 3195 738 3248 acerrimum.
772 3193 836 3247 Et
859 3195 928 3264 ita
959 3190 1098 3260 apud
1129 3190 1485 3264 Lactantium.

187 3258 280 3322 Sed
305 3267 441 3320 stoici
468 3282 577 3319 non
601 3267 850 3318 uiderunt.
884 3258 1242 3318 Perturliatio.
1271 3263 1431 3321 πάθος
1456 3302 1468 3324 ,
1515 3271 1573 3314 ut
1599 3258 1690 3314 Ci-

125 3350 234 3392 cero
266 3339 314 3391 itt
355 3336 389 3389 4
417 3336 588 3391 Tusc.
620 3351 686 3390 ex
718 3335 950 3389 Zenonis
995 3334 1264 3388 sententia
1321 3333 1511 3386 definit
1537 3373 1552 3395 ,
1610 3341 1691 3387 est

127 3422 294 3464 aversa
314 3424 341 3461 a
371 3417 514 3463 recta
551 3409 763 3461 ratione
793 3414 980 3461 contra
997 3415 1242 3458 naturam
1264 3403 1426 3462 animi
1454 3417 1695 3457 commo-

128 3480 210 3532 tio.
234 3479 444 3546 Quidam
471 3478 775 3549 appetitum
792 3475 1276 3549 vehementiorem,
1301 3474 1461 3549 opt/adu
1476 3475 1692 3549 πλεονᾴς-

127 3545 324 3620 tam:
350 3551 482 3604 iram
508 3545 776 3620 autemiut
793 3546 1020 3620 formam
1033 3545 1262 3620 libidini,
1280 3545 1342 3620 ίτῇ
1361 3545 1618 3620 intactile,
1635 3545 1696 3597 li-

127 3619 335 3690 bidinem
351 3636 483 3677 vero
503 3619 901 3690 perturbationi
927 3616 1237 3690 subjiciunt,
1253 3616 1331 3690 sic
1345 3616 1692 3690 llelllllelilQS:

127 3689 196 3744 lra
223 3703 296 3747 est
320 3692 478 3746 libido
506 3685 652 3760 Ejus,
695 3690 784 3759 qui
817 3685 1038 3760 videtur:
1066 3685 1506 3760 lmsisseinjuria.
1551 3685 1696 3752 Ergo

127 3762 257 3816 stoici
281 3756 573 3832 posuerunt
588 3756 726 3815 iram
739 3761 878 3832 inter
905 3759 1122 3832 morbos
1144 3757 1350 3832 etvitia.
1373 3756 1692 3832 Bargusios.

189 3827 383 3888 Penitus
432 3833 693 3887 excidere.
745 3829 910 3900 Lips.’
943 3829 1124 3900 Tert.,
1172 3828 1468 3900 occidere,
1503 3827 1691 3900 Torin,

129 3902 317 3959 Penitus
353 3905 672 3959 exscindere.
707 3898 983 3972 Sic—saepe
1011 3899 1226 3954 variare
1268 3899 1378 3953 dixi
1406 3899 1472 3952 ad
1514 3898 1608 3954 lib.
1641 3913 1695 3965 v,

127 3989 230 4046 cap.
259 3978 325 4032 5:
353 3975 616 4031 Horatius
645 3973 741 4028 lib.
773 3988 834 4036 tt,
862 3972 974 4028 Sat.
1000 3972 1034 4027 5
1066 3987 1080 4025 :

256 4092 477 4156 Denique
501 4100 753 4155 quatenus
773 4090 934 4140 excidi
959 4091 1171 4156 penitus
1193 4089 1370 4156 vitium
1393 4089 1481 4138 irae

257 4149 442 4208 Cetera
462 4149 589 4205 item
610 4163 863 4216 nequeant
878 4149 1041 4202 stultis
1061 4152 1320 4202 haerentia.
1573 4149 1696 4200 Bux.

186 4256 269 4311 Ira
291 4260 596 4331 est,_inquit,
617 4257 895 4331 cupiditas,
913 4254 1222 4331 ulciscenda:
1238 4253 1698 4331 injuriwaSeneea

126 4328 207 4384 lib.
240 4329 341 4384 tde
381 4324 496 4396 Ira',
545 4324 737 4397 cupa?)
769 4346 782 4381 ε
831 4326 1064 4380 Primum
1093 4327 1318 4380 diximus
1363 4324 1701 4395 cupiditatem

123 4416 218 4454 esse
237 4416 388 4470 points
403 4399 693 4472 exigendas.
723 4397 806 4454 Ad
830 4399 1052 4472 verbum
1078 4399 1323 4472 diximus,
1361 4406 1693 4472 commenta-

1793 3114 2188 3173 substantivum
2215 3116 2542 3171 addendum.
2578 3114 2666 3169 Sic
2696 3130 2745 3169 c.
2781 3115 2848 3169 18
2871 3131 2884 3170 :
2904 3114 3041 3169 Hinc
3068 3116 3297 3182 quotidie
3327 3117 3398 3170 ad

1792 3190 2040 3242 immania
2091 3189 2323 3259 facinora
2367 3186 2671 3259 prosililur;
2704 3195 2758 3259 et
2810 3185 2948 3259 infra
2993 3205 3006 3241 :
3053 3183 3288 3259 Eundem
3327 3188 3398 3242 ad

1795 3261 1964 3330 majus
1993 3255 2202 3312 malum.
2239 3255 2376 3328 Epit.
2410 3273 2459 3312 c.
2489 3256 2564 3330 61
2589 3275 2601 3310 :
2633 3255 2659 3309 Ι
2668 3257 2766 3309 nde
2801 3257 2868 3310 ad
2895 3256 3137 3330 immattia
3161 3259 3396 3330 facinora

1796 3327 2086 3399 prosilitur;
2108 3327 2311 3400 ubique
2339 3343 2466 3384 vero
2497 3328 2720 3400 adtnon
2755 3330 2845 3400 in,
2876 3337 2933 3382 ut
2964 3329 3014 3382 in
3048 3327 3240 3400 Parrh.
3273 3329 3400 3385 dici-

1798 3397 1918 3465 tur;
1950 3402 2074 3455 hinc
2105 3399 2183 3454 bis
2211 3397 2302 3454 lib.
2330 3414 2553 3472 Vl,_c:|p.
2585 3399 2638 3464 5,
2671 3409 2727 3453 et
2753 3398 2844 3452 lib.
2876 3415 2950 3466 vr,
2984 3414 3104 3469 cap.
3150 3397 3214 3454 18
3239 3418 3250 3453 :
3279 3419 3401 3472 pro-

1794 3472 1935 3526 silire
1963 3472 2033 3526 ad
2065 3472 2370 3525 nocendum.
2405 3469 2537 3528 BUN.

1867 3562 2169 3635 Illwsibilis.
2203 3562 2489 3635 Rara_vox,
2519 3559 2908 3635 quam_n_ullibi
2923 3563 3178 3635 reperire
3221 3565 3394 3635 potui.

1797 3665 1868 3676 —-
1895 3634 2113 3703 Legitur
2137 3633 2278 3704 apud
2333 3633 2636 3687 Buneman.
2676 3630 3032 3704 llleustabt’lis
3052 3674 3069 3704 ,
3097 3645 3153 3689 et
3180 3630 3238 3689 in
3260 3635 3399 3691 hanc

1797 3701 2096 3760 variant—tem
2128 3701 2307 3758 notam
2332 3714 2649 3771 sequentem
2677 3701 2928 3756 exhibet:
2951 3734 3020 3743 —
3046 3703 3150 3758 Ille
3174 3708 3392 3760 stabilis.

1799 3777 2001 3832 Omnes
2043 3775 2339 3841 editiones,
2373 3772 2681 3827 illwsibt'lis:
2720 3775 2882 3826 etiam
2931 3773 3042 3828 duo
3086 3774 3397 3840 Guelferb.,

1798 3847 2089 3910 illwsibilis,
2136 3856 2192 3901 et
2235 3844 2478 3912 sequitur
2521 3843 2681 3898 lazsio.
2731 3842 2990 3908 Sustiecta
3021 3844 3152 3900 mihi
3193 3846 3398 3902 dudutn

1800 3921 1912 3973 visa
1939 3933 2038 3972 vox
2081 3916 2373 3983 illtesibilis,
2403 3931 2506 3985 qua
2533 3914 2659 3969 alibi
2684 3929 2905 3985 semper
2930 3915 3225 3982 abstinuit;
3254 3917 3400 3972 unde

1800 4005 1850 4045 c.
1887 3990 1985 4043 i7:
2017 3987 2168 4043 Nihil
2193 3999 2286 4054 est,
2309 3984 2446 4057 quod
2473 3989 2518 4042 ei
2544 3984 2702 4058 (l)eo)
2733 3986 2838 4058 vim
2867 3988 3040 4058 possit
3065 3988 3310 4058 inferre;
3343 3998 3399 4044 et

1801 4077 1853 4116 c.
1881 4061 1943 4115 5:
1975 4061 2065 4130 qui
2093 4059 2212 4114 laedi
2246 4075 2352 4114 non
2395 4067 2590 4127 potest.
2623 4057 2840 4130 Optime
2886 4057 3002 4130 haec
3049 4057 3191 4114 ratio
3241 4059 3402 4115 alteri

1800 4127 2071 4202 sequenti,
2100 4132 2220 4200 quia
2243 4130 2445 4202 fragilis
2472 4138 2564 4192 est,
2594 4128 2902 4202 opponitur.
2934 4127 3024 4202 Itag
3038 4144 3158 4202 cap.
3195 4130 3264 4202 15
3290 4148 3302 4184 :
3333 4130 3400 4186 In

1802 4199 2073 4257 homine...
2096 4199 2219 4273 quia
2245 4199 2472 4271 fragilis
2499 4209 2559 4273 et
2578 4199 2806 4273 mortalis
2835 4210 2977 4273 est...
3006 4199 3062 4273 in
3086 4199 3195 4256 Deo
3221 4201 3400 4273 locum

1802 4289 1907 4329 non
1942 4270 2122 4339 habet,
2154 4270 2278 4342 quia
2305 4270 2364 4327 et
2389 4270 2649 4342 fragilitas
2669 4270 3074 4342 etinteritusab
3101 4287 3167 4327 eo
3188 4272 3403 4328 alienus

1802 4355 1954 4400 est...
1983 4346 2071 4413 qui
2099 4340 2296 4411 semper
2326 4340 2528 4469 ﬂaturus
2556 4353 2650 4406 est,
2683 4341 2734 4395 id
2762 4351 2867 4406 est,
2898 4340 3109 4396 stabilis
3139 4351 3243 4396 est.
3294 4343 3399 4396 Ea-

1804 4417 1926 4469 dem
1974 4415 2244 4469 unnositio
2287 4415 2320 4468 li
2368 4455 2379 4466 .
2414 4430 2446 4467 v
2478 4414 2743 4469 Iustitut..
2798 4427 2917 4469 can.
2960 4412 3022 4464 2|
3063 4429 3078 4466 :
3124 4411 3396 4469 Cornus...

1804 4417 1926 4470 dem
1974 4411 2244 4484 oppositio
2287 4411 2379 4469 lib.
2414 4430 2446 4467 v
2478 4414 2743 4484 Iustitut.,
2798 4427 2917 4484 cap.
2960 4412 3094 4484 2|;
3124 4411 3396 4482 Corpus...

129 4466 294 4553 tur-ita
323 4466 584 4560 Lipsitis.:
623 4484 815 4560 nempe
844 4470 895 4523 in
928 4471 1011 4534 iis,
1060 4484 1250 4560 qum}
1299 4466 1577 4560 Lactantio
1608 4481 1692 4521 re-

2403 4466 2700 4560 ῆιόὶιιιιςξ..ζ
2720 4466 2923 4560 animus
2943 4481 3141 4560 stqbilis
3180 4466 3402 4537 et'cous-

125 4543 366 4609 ponimus.
388 4537 458 4598 Et
489 4544 587 4598 lib.
621 4557 657 4595 tt
687 4537 764 4595 de
793 4539 895 4602 ira,
925 4555 1042 4609 cap.
1075 4541 1129 4601 3,
1160 4540 1231 4592 ait
1265 4557 1277 4591 :
1308 4537 1401 4590 Ira
1450 4548 1522 4590 est
1570 4553 1693 4592 cou-

127 4616 277 4737 citatéo
322 4615 479 4668 animi
510 4615 580 4667 ad
611 4614 854 4666 ultionem
898 4614 1156 4665 voluntate
1193 4619 1236 4664 et
1256 4609 1458 4680 judicio
1483 4625 1695 4679 pergen-

128 4694 198 4737 tts.
269 4700 384 4737 ειι..

128 4686 198 4738 tis.
226 4686 384 4740 Ceu.

189 4755 281 4808 Alii
347 4759 452 4826 (ut
507 4753 629 4826 ait)
685 4752 1014 4826 Posidonius.
1077 4751 1302 4826 Siclego
1335 4765 1478 4826 _cum
1528 4749 1690 4826 Latn-

128 4824 266 4887 biuo.
315 4820 688 4889 G'otliol‘redo,
742 4824 1003 4889 Francia,
1053 4820 1280 4891 aliisque
1317 4820 1491 4876 doctis
1532 4822 1694 4887 viris;

130 4910 221 4950 non
241 4894 600 4960 Possidonius,
629 4904 689 4950 ut
713 4895 766 4949 in
791 4909 922 4948 mss.
952 4903 1008 4949 et
1043 4893 1203 4948 editis
1231 4892 1449 4947 nostris.
1478 4891 1700 4946 Posmo-

129 4967 251 5029 nius.
270 4967 404 5025 forte
429 4985 460 5022 a
487 4966 762 5028 Ποσείδων.
790 4965 1088 5035 Neptunus,
1119 4965 1193 5018 ait
1220 4963 1574 5018 Fraucius.—
1595 4963 1700 5017 Btt-

129 5051 322 5093 neman.
349 5056 483 5096 vero
515 5039 674 5093 habet
700 5055 712 5090 :
737 5037 860 5102 Aut,
892 5045 948 5088 ut
967 5036 1058 5101 ait,
1084 5045 1138 5090 et
1176 5047 1355 5089 notam
1386 5043 1698 5102 sequentem

129 5107 642 5178 exhibetz—Gotlt.,
668 5109 842 5178 Lips,
867 5105 1346 5178 Reimm.,etedi_t_i
1369 5105 1521 5169 :Alii,
1537 5106 1697 5168 utait,

130 5176 270 5245 Pen.,
302 5179 412 5247 γει,
441 5191 502 5234 ut
532 5175 888 5245 ait.7Bonon.,
917 5177 1036 5240 Aut,
1067 5188 1124 5231 ut
1162 5177 1254 5230 ait.
1303 5175 1452 5247 Hunc
1481 5189 1696 5244 sequor.

131 5247 299 5305 Posset
322 5246 501 5306 tamen
529 5267 628 5305 vox
660 5250 751 5304 alii
770 5265 982 5320 quoque
1011 5249 1096 5304 hic
1123 5250 1296 5320 locum
1330 5246 1564 5320 habere;
1592 5261 1700 5300 non

131 5329 316 5375 tantum
343 5324 488 5377 enim
517 5317 857 5384 Posidonius,
890 5317 984 5374 sed
1012 5321 1172 5374 etiam
1195 5317 1343 5372 Zeno
1371 5317 1524 5383 dixit,
1559 5326 1698 5373 teste

130 5387 326 5468 laertio
342 5411 356 5446 :
375 5393 558 5468 Ὀρεγήν
577 5394 843 5468 ἐπιθγμὶαν
866 5394 1167 5468 τιμωρίαις.Δ
1181 5391 1309 5445 BUN.

169 5459 349 5585 lflram.
373 5458 597 5520 Aristot.
628 5479 666 5519 ll
695 5458 944 5529 lilietorﬁ,
980 5458 1098 5530 c'ap.
1137 5460 1193 5523 2,
1226 5471 1281 5515 et
1317 5459 1456 5529 apud
1499 5458 1698 5514 Senec.

202 5549 214 5585 I
238 5548 415 5585 sunra.

134 5546 214 5586 unt
238 5548 390 5602 supra
403 5577 415 5591 .

197 5600 410 5672 Iniusta.
458 5605 582 5662 Hzec
611 5619 714 5660 vox
739 5605 896 5660 deest
916 5603 968 5658 in
994 5603 1026 5657 8
1047 5602 1275 5671 vulgatis
1299 5610 1349 5656 et
1377 5601 1444 5659 12
1466 5615 1596 5654 mss.
1632 5600 1705 5656 At

133 5684 268 5731 extat
300 5679 351 5730 in
383 5678 760 5733 vetustissimis
809 5680 831 5730 1
871 5675 1108 5740 Bonun.,
1159 5672 1504 5741 Regio-Put.,
1538 5674 1564 5726 1
1626 5675 1698 5728 al.

134 5743 281 5815 lleg.,
305 5746 343 5802 2
365 5746 546 5815 Colb.,
568 5749 748 5804 Baluz.
769 5756 824 5802 et
844 5747 1082 5801 Claram.
1117 5745 1175 5815 in,
1199 5759 1366 5815 marg.
1398 5757 1610 5815 necnon
1645 5742 1702 5800 in

134 5813 513 5924 editis'l‘ltom.,
531 5813 821 5898 Is.,Tbys.,
838 5816 1003 5889 Gall.,
1026 5813 1488 5892 Sparlt.,Walclt.,
1509 5824 1702 5889 estque

1801 4569 1914 4612 tuus
1935 4569 1980 4610 et
2009 4551 2302 4626 perpetuus.
2330 4555 2526 4609 lterum
2569 4553 2637 4608 de
2672 4555 2780 4608 Deo
2808 4553 2912 4626 lib.
2931 4568 2982 4626 vt
3006 4551 3242 4626 Iustitut.
3272 4569 3393 4622 cap.

1803 4630 1902 4684 15:
1937 4623 2018 4682 Ut'
2034 4623 2170 4680 idem
2197 4626 2388 4696 (Deus)
2416 4627 2481 4696 sit
2511 4641 2711 4693 semper
2739 4633 2785 4696 et
2813 4623 3048 4696 stabilis,
3073 4623 3402 4696 etimmuta-

1801 4701 1940 4766 bilis,
1977 4708 2024 4753 et
2052 4693 2408 4750 inconcussus.
2438 4695 2516 4750 Ne
2551 4705 2726 4766 tamen
2756 4694 2923 4748 lexica
2980 4693 3185 4766 aliqu_i_d_
3227 4696 3399 4766 detri-

1801 4764 1969 4826 menti
1997 4770 2212 4838 capiant
2243 4768 2544 4838 proscripta
2585 4765 2686 4820 hac
2729 4779 2885 4826 voce,
2929 4779 3088 4838 quam
3118 4764 3403 4838 Walcltius

1801 4844 2038 4896 maxime
2067 4835 2262 4904 raram,
2295 4854 2381 4891 nec
2412 4837 2536 4891 alibi
2561 4852 2673 4889 eam
2715 4851 2769 4888 se
2797 4835 3022 4904 potuisse
3062 4837 3284 4900 reperire
3321 4839 3405 4891 di-

1800 4915 1904 4975 cit,
1947 4913 2000 4966 in
2043 4909 2308 4965 Lactantii
2338 4913 2515 4964 locum
2540 4948 2555 4974 ,
2585 4905 2849 4979 suliiciam
2879 4905 3402 4979 Te_rtul|iauum,qui

1799 4983 1938 5038 dixit
1962 4983 2085 5037 adv.
2120 4981 2392 5036 Valentin.
2443 4996 2563 5049 cap.
2599 4978 2670 5032 27
2703 4995 2716 5032 :
2748 4976 2904 5031 Pater
2943 4977 3301 5048 impassibilis,
3328 4976 3402 5034 il-

1802 5055 2052 5109 lwsibilis.
2083 5053 2217 5108 BUN.
3158 5081 3160 5083 -

1876 5148 2048 5203 Inurit
2088 5150 2223 5202 enim
2266 5147 2406 5202 ltesio
2437 5146 2688 5199 dolorem.
2731 5143 2820 5199 Sic
2850 5142 3067 5200 restitui
3096 5157 3162 5198 ex
3205 5159 3338 5200 mss.
3369 5147 3404 5202 4

1803 5221 1935 5285 Reg.
1955 5223 2182 5289 aliisque
2212 5233 2341 5272 mss.
2361 5217 2624 5289 plurimis,
2651 5214 2920 5289 vet._edit.
2943 5213 3398 5289 Rtitn._etcellar.

1804 5291 1861 5347 lit
1890 5292 1923 5346 6
1950 5285 2164 5358 scripiis
2205 5300 2258 5344 et
2307 5285 2373 5343 14
2396 5287 2615 5342 excusis
2645 5296 2728 5358 est
2763 5285 2967 5339 lrritat.
3013 5285 3119 5358 Sed
3161 5297 3217 5341 et
3261 5288 3402 5344 infra

1802 5363 1961 5426 dixit,
1982 5357 2210 5414 dolerent
2239 5362 2479 5420 inureret,
2510 5374 2631 5428 cap.
2668 5357 2734 5412 18
2757 5358 2900 5411 circa
2933 5357 3075 5411 med.

1877 5433 1982 5486 Illa
2010 5435 2089 5486 ira
2105 5434 2272 5502 jusftt.
2298 5431 2426 5484 Mss.
2455 5439 2584 5484 tres.
2619 5445 2730 5484 rec.
2767 5428 2972 5481 addunt
3001 5444 3104 5496 qua
3134 5438 3402 5502 uteretur;

1802 5505 1838 5560 5
1863 5505 1934 5559 al.
1977 5499 2230 5573 rechute
2275 5511 2536 5566 movetur;
2577 5515 2712 5569 quas
2744 5514 2906 5553 voces
2948 5499 3397 5573 utpoteinutiles

1802 5577 2056 5645 expunxi,
2085 5569 2138 5629 et
2165 5574 2407 5645 absuuta
2435 5575 2648 5645 c_:eteris
2680 5579 2895 5645 mss._ct
2921 5578 3032 5622 vet.
3075 5569 3206 5623 edit.
3231 5570 3396 5645 itum.

1881 5639 2077 5714 Quibus
2113 5645 2205 5698 etsi
2236 5643 2420 5716 judex.
2457 5643 2532 5696 Ita
2572 5639 2916 5716 cunctiufere
2955 5653 3084 5692 mss.
3133 5655 3195 5692 ac
3224 5641 3258 5693 2
3289 5649 3397 5693 vet.

1805 5711 1928 5776 edd.
1966 5717 2017 5772 In
2037 5718 2070 5772 ὅ
2095 5711 2313 5786 scriptis
2341 5727 2451 5768 rec.
2486 5721 2541 5766 et
2566 5712 2688 5767 aliis
2720 5711 2878 5766 editis
2908 5721 2993 5764 est
3016 5720 3083 5764 et.

1883 5807 1949 5867 Ut
1978 5809 2108 5865 servi
2138 5805 2304 5880 liberi,
2334 5815 2389 5864 ut
2420 5804 2695 5880 conjuges,
2723 5813 2768 5861 et
2796 5801 3058 5872 discipuli.
3083 5797 3402 5864 Distributio
