3912 6256
440 311 538 370 131

1796 297 1981 353 FIRM.
2025 294 2394 353 LACTANTII

3645 284 3764 344 139.

443 437 612 497 prava
643 431 802 489 sunt;
837 429 889 477 et
916 421 999 475 cui
1033 418 1230 472 malum
1261 415 1531 488 displicet,
1577 411 1800 473 moveri,
1833 425 1954 463 cum
1984 408 2034 463 id
2065 412 2116 468 Α
2143 425 2375 478 unquam
2405 417 2581 478 potest
2609 422 2728 462 esse
2757 407 2929 462 scelus
2957 416 3062 461 tam
3085 395 3310 469 clarum,
3347 413 3403 459 ut
3438 403 3766 460 defensioni

446 513 565 574 fieri
600 518 769 572 videt.
802 515 943 584 Ergo
991 512 1258 582 surgimus
1309 509 1374 564 ad
1424 505 1748 567 vindictam;
1780 514 1890 557 non
1921 503 2044 573 quia

450 608 568 665 liasi
597 619 802 672 sumus,
832 603 925 659 sed
956 609 1013 658 ut
1039 601 1319 672 disciplina
1349 607 1612 663 servetur,
1664 605 1844 650 Mores
1873 593 2045 650 corri-

443 710 657 776 gantur,
687 695 894 756 licentia
918 698 1324 768 eomprimatur.
1359 693 1484 748 Haec
1508 697 1591 747 est
1626 692 1704 744 ira
1726 685 1890 759 justa,
1925 703 2045 757 qme

454 788 596 850 sicut
638 794 692 848 ih‘
735 792 950 845 licuitne
979 787 1284 845 necessaria
1314 793 1396 840 est
1422 783 1487 837 ad
1519 781 1798 853 pravitatis
1830 792 2047 834 correc-

447 887 673 949 tionem,
704 881 782 938 si’c
811 883 992 952 utique
1024 881 1074 935 in
1108 880 1244 941 Deo,
1276 893 1303 932 a
1326 890 1432 945 quo
1462 874 1526 928 ad
1553 873 1828 927 hominem
1859 883 2046 939 perve-

447 977 529 1033 nit
557 974 892 1044 exemplum.
929 972 1058 1026 Nam
1092 970 1246 1024 sicuti
1279 981 1374 1021 nos
1403 963 1652 1036 potestati
1683 971 1881 1016 nostra:
1912 959 2046 1016 sub-'-

444 1067 623 1139 je'ctos
651 1075 910 1122 coercere
940 1064 1198 1119 debemus
1223 1102 1237 1126 ,
1273 1061 1341 1114 ita
1395 1059 1557 1113 etiam
1587 1065 1801 1127 peccata
1831 1055 2046 1107 univer-

439 1167 623 1217 sorum
650 1159 793 1215 Deus
822 1165 1073 1213 coercere
1101 1153 1282 1209 debet.
1312 1152 1464 1220 Quod
1484 1150 1732 1216 ntfaciat,
1766 1149 2034 1203 irascatur

443 1261 678 1312 necesse
696 1253 808 1318 est;
840 1252 962 1322 quia
996 1249 1239 1305 naturale
1280 1257 1363 1303 est
1393 1247 1532 1302 bono
1563 1244 1629 1298 ad
1657 1241 1881 1298 alterius
1911 1253 2041 1310 pec-

450 1353 630 1405 ch‘turn
661 1349 866 1402 moveri
897 1353 952 1401 et
991 1343 1220 1398 incitari.
1257 1342 1396 1411 Ergo
1441 1337 1669 1393 deﬁnire
1699 1333 2001 1391 debuerunt
2027 1350 2040 1384 :

444 1445 531 1501 Ira
560 1450 646 1500 e'St
669 1438 1107 1498 motusanimiad
1134 1436 1430 1492 coercenda
1452 1440 1670 1502 peccata
1693 1427 2040 1499 insurgentis.

440 1531 579 1595 Nam
606 1533 852 1594 deﬁnitio
875 1531 1156 1590 Ciceronis
1194 1549 1211 1582 ‹
1250 1530 1332 1584 Ira
1368 1535 1451 1582 est
1481 1524 1647 1580 libido
1678 1513 1994 1586 ulciscendi,
2020 1535 2044 1572 ι·

445 1643 554 1689 non‘
583 1631 808 1687 multum
837 1635 865 1684 a'
895 1625 1267 1696 superioribus
1295 1621 1476 1676 distat.
1526 1618 1607 1672 Ira
1651 1627 1853 1680 autem,
1883 1627 2042 1686 quam

444 1725 738 1795 possumus
769 1721 851 1775 vel
894 1719 1152 1781 furorem,
1199 1713 1285 1768 vel
1333 1709 1663 1766 iracundiam
1715 1709 2001 1762 nominare
2028 1747 2043 1772 ,

2145 501 2295 557 lacus
2326 513 2433 554 non
2469 501 2566 565 sit;
2599 505 2652 553 et
2683 499 2802 554 ideo
2845 508 3020 569 potest
3044 498 3208 568 judex
3241 513 3346 550 non
3389 496 3596 551 moveri
3632 489 3755 549 ad-

2141 609 2330 650 versus
2364 608 2510 661 eum,
2556 593 2647 662 qui
2679 599 2853 661 potest
2884 592 3147 647 innocens
3188 591 3437 645 inveniri.
3490 587 3760 658 Cumque

2142 689 2408 743 detectum
2438 687 2641 740 facinus
2671 686 2721 738 in
2745 685 2920 741 lucem
2949 675 3194 751 venerit,
3226 683 3337 752 jam
3365 687 3474 737 non
3501 689 3623 746 sua,
3658 677 3772 736 sed

2156 781 2335 849 legum
2359 779 2624 834 sententia
2677 778 2862 833 utitur.
2913 778 3094 832 Potest
3133 773 3379 843 cencedi,
3413 772 3473 830 ut
3519 773 3646 830 sine
3680 773 3767 829 ira

2141 871 2321 939 faciat,
2353 869 2494 941 quod
2528 871 2687 935 facit;
2723 865 2883 924 habet
2920 871 3066 925 enim
3110 868 3252 938 quod
3298 864 3589 938 sequatur.
3643 860 3768 920 Nos

2142 973 2310 1033 certe,
2346 979 2467 1019 cum
2511 964 2658 1019 domi
2690 974 2943 1034 peccatur
2968 979 2998 1019 a
3042 963 3265 1026 nostris,
3317 963 3431 1018 sive
3463 960 3522 1017 id
3566 960 3763 1016 cerni-

2141 1073 2282 1123 mus,
2314 1060 2430 1114 sive
2462 1058 2749 1124 sentimus,
2774 1058 3042 1128 indignari
3069 1069 3294 1114 necesse
3319 1067 3434 1123 est;
3466 1057 3590 1126 ipse
3605 1056 3766 1112 enim

2145 1154 2348 1224 peccati
2377 1161 2626 1223 aSpectus
2659 1153 2906 1224 indignus
2946 1161 3047 1207 est.
3079 1149 3212 1207 Nam
3242 1153 3330 1223 qui
3358 1165 3466 1207 non
3500 1158 3767 1206 movetur

2145 1249 2390 1314 omnino,
2421 1257 2512 1302 aut
2543 1247 2731 1318 probat
2761 1248 2981 1314 delicta,
3031 1249 3174 1318 quod
3215 1256 3300 1303 est
3344 1239 3560 1317 turpius
3584 1252 3644 1301 et
3676 1245 3766 1300 in-

2139 1340 2358 1410 instius,
2391 1347 2483 1394 aut
2505 1339 2800 1395 molestiam
2824 1340 3116 1411 eaStigandi
3148 1339 3297 1410 fugit,
3330 1345 3495 1410 qua‘m'
3526 1337 3770 1394 sedatus

2145 1433 2358 1486 animus
2372 1439 2425 1486 et
2437 1433 2616 1502 quieta
2633 1439 2785 1486 mens
2799 1437 3116 1500 aspernatur
3129 1447 3189 1484 ac
3207 1431 3404 1497 renuit,
3431 1421 3532 1484 nisi
3559 1427 3763 1483 stimu-

2145 1524 2342 1578 laverit
2370 1524 2445 1578 ira
2476 1533 2528 1579 et
2558 1525 2877 1578 incitaver‘it.
2911 1522 3013 1590 Qui
3051 1533 3228 1577 autem
3261 1536 3384 1577 cum
3427 1527 3758 1588 mereatur,

2151 1616 2329 1673 tamen
2390 1617 2761 1686 intempestiva
2806 1617 3059 1679 lenitate,
3116 1616 3198 1670 vel
3240 1616 3436 1685 smpius
3467 1623 3636 1685 qnam
3663 1628 3766 1669 nea

2149 1719 2303 1764 ce‘sse
2333 1715 2436 1772 est,
2461 1708 2545 1761 vel
2567 1707 2729 1762 etiam
2759 1719 2974 1775 semper
2997 1706 3244 1776 ignoscit,
3276 1706 3322 1761 is
3349 1706 3510 1775 plane
3533 1713 3597 1760 et
3627 1701 3756 1760 illo-

447 1780 568 1874 Iitee
597 1825 666 1872 ne
706 1818 760 1872 in
808 1812 1025 1869 homine
1053 1813 1267 1884 quidem
1299 1809 1459 1864 debet
1489 1821 1631 1871 esse,
1662 1806 1783 1874 quia
1817 1813 1926 1857 tota
1966 1801 2045 1855 vi-
2076 1780 2126 1848 Β
2152 1817 2268 1856 rum
2293 1803 2453 1854 vitam
2485 1799 2683 1869 perdit,
2714 1813 2940 1868 quorum
2989 1797 3265 1852 audaciam
3316 1793 3485 1851 nutrit
3514 1795 3587 1851 ad
3623 1794 3762 1850 faci-

444 1904 583 1966 tios‘a
612 1909 716 1966 est;
759 1899 842 1963 Ira
871 1923 1038 1974 vero,
1083 1915 1204 1977 qum
1245 1901 1312 1959 ad
1343 1901 1733 1959 correctionem
1787 1897 2039 1952 vitiorum

442 2001 700 2072 pertinet,
747 2015 849 2055 nec
877 1998 1085 2054 homini
1116 1995 1277 2050 adimi
1307 1993 1490 2057 debet,
1540 2006 1639 2047 nec
1664 1989 1775 2046 Deo
1820 1997 1996 2060 potest
2026 2030 2041 2057 ,

442 2091 567 2164 q‘uia
592 2099 647 2148 et
676 2090 821 2146 utilis
850 2099 938 2146 est
963 2089 1126 2144 rebus
1158 2085 1427 2149 humanis,
1458 2091 1512 2139 et
1533 2081 1856 2137 necessaria.

1014 2205 1246 2262 CAPUT
1276 2203 1466 2259 XVIII.

557 2320 633 2376 De
647 2322 866 2393 peccatis
893 2320 1238 2383 vindicandis,
1263 2318 1373 2373 sine
1399 2318 1478 2370 ira
1495 2317 1608 2384 ﬁeri
1642 2331 1744 2369 non
1766 2331 1936 2387 posse.

512 2454 654 2523 Quid
671 2461 804 2524 opus
829 2456 928 2521 es’t,
966 2451 1234 2523 inquiunt,
1268 2451 1367 2515 ira,
1401 2463 1523 2504 cum
1571 2450 1692 2504 sine
1718 2447 1820 2503 hoc
1847 2446 2045 2503 affectu

451 2547 886 2619 peceatacorrigi
907 2545 1152 2616 possint?
1175 2543 1336 2612 Atqui
1362 2542 1540 2619 nullus
1570 2549 1672 2605 est,
1703 2541 1795 2610 qui
1818 2554 2047 2611 peccan-

449 2614 558 2695 lem
593 2640 763 2712 possit
790 2614 969 2693 videre
1001 2635 1326 2706 tranquille:
1364 2614 1544 2704 possit‘
1560 2635 1811 2700 fortasse,
1855 2633 1946 2704 qui
1968 2634 2042 2689 Ie-

448 2733 606 2803 gibus
626 2731 903 2804 praesidet,
936 2731 1059 2800 quia
1095 2728 1302 2782 facinus
1333 2744 1438 2780 non
1477 2726 1576 2780 sub
1597 2726 1768 2780 oculis
1798 2726 1916 2794 ejus
1946 2725 2035 2780 ad-

443 2825 698 2892 mittitur,
724 2824 821 2880 sed
851 2822 1088 2877 defertur
1116 2819 1337 2874 aliunde
1367 2830 1616 2889 tanquam
1651 2818 1866 2872 dubium
1892 2859 1906 2881 ,
1936 2831 2034 2872 nec

2147 1903 2277 1946 nora
2309 1889 2534 1959 majora,
2564 1900 2617 1944 et
2638 1889 2739 1944 sibi
2774 1889 2873 1958 ipsi
2906 1898 3165 1942 aeternam
3217 1888 3593 1944 molestiarum
3637 1902 3762 1944 ma-

2150 1984 2338 2039 teriam
2372 1983 2766 2038 subministrat.
2805 1981 3010 2037 Vitiosa
3038 1991 3122 2038 est
3150 1997 3281 2053 ergo
3311 1983 3363 2038 in
3389 1977 3640 2055 peccatis
3662 1985 3764 2038 ira!

2143 2093 2255 2132 suae
2280 2075 2561 2131 cobibitio.

2216 2169 2484 2224 Laudatur
2505 2168 2768 2241 Archytas
2781 2167 3122 2239 Tarentinus,
3148 2171 3238 2240 qui
3260 2185 3380 2224 cum
3402 2170 3454 2224 in
3478 2185 3616 2241 agro
3633 2185 3766 2227 cor-

2147 2269 2303 2332 rupta
2334 2273 2454 2316 esse
2478 2261 2657 2314 omnia
2684 2263 3052 2330 comperisset,
3085 2262 3247 2316 villici
3277 2261 3358 2316 sui
3403 2262 3626 2333 culpam
3674 2275 3768 2318 re-

2149 2354 2414 2424 darguens
2434 2393 2448 2420 ,
2481 2351 2730 2407 Miseram
2761 2362 2810 2406 te
2835 2395 2849 2416 ,
2883 2354 3071 2423 inquit,
3104 2367 3261 2424 quem
3288 2354 3398 2423 jam
3428 2352 3764 2410 verberibus

2149 2453 2451 2511 necassem,
2483 2445 2582 2498 nisi
2616 2446 2780 2498 iratus
2807 2459 3002 2500 essem.
3041 2444 3266 2501 Unicum
3297 2445 3400 2501 hoc
3441 2445 3772 2516 exemplum

2153 2539 2524 2610 temperantiae
2551 2547 2738 2608 putant
2762 2555 2775 2590 :
2807 2539 2899 2593 sed
2929 2541 3242 2594 auctoritate
3263 2539 3405 2594 ducti
3435 2549 3538 2594 non
3567 2539 3780 2596 vident

2149 2649 2309 2704 quam
2357 2633 2535 2702 inepta
2564 2632 2849 2686 euocatus
2875 2631 3054 2694 fuerit,
3080 2643 3132 2686 et
3163 2632 3366 2687 fecerit.
3397 2632 3527 2687 Nam
3583 2633 3636 2688 si
3667 2634 3688 2706 (
3717 2646 3770 2691 ut

2153 2729 2224 2780 ait
2273 2727 2422 2781 Plato
2452 2726 2470 2795 )
2519 2743 2674 2780 nemo
2705 2725 2941 2796 prudens
2990 2727 3161 2795 punit,
3192 2727 3312 2796 quia
3339 2736 3626 2796 peccatum
3661 2737 3767 2788 est.

2139 2819 2234 2874 sed
2281 2833 2349 2872 ne
2394 2827 2677 2888 peccetur,
2737 2825 2957 2888 apparet
2993 2833 3151 2887 quam
3181 2818 3377 2872 malum
3409 2819 3492 2872 vir
3533 2819 3772 2890 sapiens

1711 2953 2077 3012 VARIORUM
2106 2955 2333 3023 ΝΟΤτΕ.

440 3129 495 3177 et
523 3117 794 3191 copulatio
831 3129 935 3191 est_
953 3117 1083 3172 mss.
1117 3115 1284 3191 QELL.
1313 3114 1513 3191 —l_luc
1552 3113 1783 3183 pertinet
1811 3113 1905 3168 lib.
1935 3129 2030 3191 v1,
2054 3118 2100 3182 C
2132 3116 2394 3191 rationem
2429 3114 2652 3191 invenit,
2683 3115 2740 3166 u't
2781 3129 2880 3168 nec
2926 3113 3090 3191 jndex
3126 3115 3770 3191 irascatur,‘nec__impu-

438 3209 561 3265 cap.
594 3185 697 3249 i9:
722 3190 826 3245 Irae
854 3187 1067 3255 affectus
1089 3187 1156 3240 ad
1180 3185 1455 3265 coercenda
1487 3195 1690 3265 peccata
1717 3200 1912 3265 eorum,
1936 3186 2032 3265 qui

439 3255 556 3319 sunt
587 3264 640 3318 in
669 3273 840 3316 nostra
868 3270 1146 3331 potestate,
1177 3258 1231 3331 id
1261 3267 1355 3331 est,
1399 3265 1454 3309 ut
1496 3256 1714 3331 arctiore
1763 3255 2034 3331 disciplina

399 3345 405 3352 ‘
438 3336 604 3388 minor
627 3345 750 3388 atlas
771 3333 838 3386 ad
860 3327 1158 3402 probitatem
1172 3329 1528 3399 justitiamque
1557 3327 1826 3396 formetur.
1855 3328 2033 3382 Nostis

438 3406 668 3462 reliqua.
698 3404 830 3458 BUN.

574 3470 729 3530 avari.
761 3475 849 3530 Sic
873 3474 993 3542 lego
1012 3489 1074 3526 ex
1102 3469 1430 3542 praecedenti
1456 3467 1660 3542 periodi
1690 3469 1950 3542 membro,
1974 3478 2030 3542 et

365 3593 382 3603 .
437 3555 503 3604 ex
536 3561 667 3601 mss.
699 3546 885 3609 Cane,
928 3539 1132 3601 Balnz.)
1166 3541 1392 3609 aliisque
1434 3555 1495 3593 ac
1547 3540 1730 3595 multis
1759 3540 1943 3595 editis.
1974 3539 2031 3597 In

437 3617 846 3689 quamplurihus
870 3629 999 3689 mss.
1029 3611 1144 3689 et}
1185 3611 1306 3665 edd.
1333 3619 1415 3689 est
1438 3622 1687 3689 movetur.

509 3681 639 3744 Cum
662 3687 720 3741 id
736 3688 852 3755 ﬁeri
881 3687 1034 3740 videt.
1067 3681 1231 3755 Cane.
1257 3691 1309 3736 et
1342 3683 1406 3735 18
1438 3683 1706 3755 impressi,
1736 3682 1922 3755 videat.

512 3755 607 3815 Sic
624 3753 798 3827 utique
825 3759 875 3810 in
903 3754 1210 3827 DemScil.
1261 3761 1343 3805 cst
1387 3753 1710 3827 necessaria.
1747 3753 1976 3807 Reimm.
2016 3772 2030 3809 τ

441 3830 528 3886 Sit
547 3824 816 3903 ratiquei‘n'
835 3829 979 3903 ρει).
1022 3826 1240 3881 Sicut...
1272 3834 1342 3877 sic
1384 3839 1526 3903 salpe
1573 3833 1628 3879 et
1665 3824 1937 3895 eleganter
1975 3840 2034 3880 se

435 3894 712 3964 e’xnipitrirl
743 3901 790 3953 in
825 3900 1083 3964 Cicerone
1110 3904 1163 3949 et
1187 3905 1394 3949 nostro.
1428 3894 1564 3949 BUN.

513 3961 654 4024 Nam
680 3968 907 4038 definitio
957 3961 1234 4038 Ciceronis.
1269 3967 1482 4038 Stoica,
1517 3979 1611 4038 seu
1657 3980 1724 4020 ex
1765 3968 2041 4038 sententia

435 4036 749 4096 stoicorum
783 4037 875 4096 lib.
920 4053 973 4094 IV
998 4036 1165 4094 Tusc.
1197 4049 1316 4105 cap.
1366 4037 1398 4090 9
1441 4037 1732 4104 producta:
1769 4036 1860 4091 Sic
1906 4038 2034 4104 defi-

436 4114 612 4175 nittrrt,‘
637 4113 825 4182 inquit,
859 4121 926 4164 ut
962 4112 1041 4164 ira
1089 4113 1154 4182 sit
1200 4109 1357 4162 libirlo
1400 4108 1645 4182 puniendi
1677 4110 1807 4182 ejus,
1841 4109 1925 4178 qui
1955 4110 2032 4162 vi-

437 4183 623 4254 deatur
657 4177 853 4236 tresis-Se
873 4184 1086 4254 injuria.
1117 4181 1281 4234 CELL.
1312 4177 1526 4254 e-lNo'n
1582 4181 1646 4231 ad
1692 4177 2029 4254 illumqnetn

434 4253 704 4308 Cellari‘us‘
733 4249 954 4318 iutlicai,
1000 4253 1173 4307 locum
1208 4249 1444 4318 respexit
1470 4249 1805 4313 Lactantius,
1835 4253 1927 4303 sed
1964 4252 2028 4304 ad

436 4326 530 4381 lilii
574 4341 632 4378 ιν
666 4323 826 4380 Tusc.
861 4337 980 4392 cap.
1016 4323 1080 4377 19
1116 4341 1128 4374 :
1163 4321 1254 4374 Est
1285 4321 1417 4392 enim
1441 4321 1822 4392 iraAulciscentli
1851 4322 2030 4377 libido.

437 4397 546 4452 Ubi"
566 4396 754 4451 confer
785 4389 1075 4450 Davisiutn.
1111 4393 1255 4446 Ideni
1287 4391 1481 4463 Cicero
1500 4389 1600 4463 lib.
1631 4407 1686 4446 Ill
1718 4392 1875 4445 Tusc.
1911 4408 2029 4463 eap.

437 4468 484 4522 ὃ
506 4485 519 4522 :
555 4468 652 4522 Sic‘
670 4468 805 4521 enim
834 4466 1076 4535 deﬁnitur
1102 4461 1371 4517 iracundia
1393 4478 1411 4515 :
1439 4460 1728 4516 Ulciscendi
1752 4463 1928 4587 (gula.

1801 4549 1886 4587 UN.

1801 4549 1886 4588 ΟΝ.

509 4603 604 4664 Ira
627 4615 815 4663 autem.
851 4607 976 4662 Hcce
1006 4606 1167 4660 verba
1198 4604 1323 4675 quae
1344 4605 1560 4672 scriptis
1590 4605 1796 4659 Bonon.
1820 4647 1835 4670 ,
1870 4605 2030 4670 'I‘.ix.,

435 4681 672 4748 Liparet
699 4681 733 4736 5
761 4681 986 4748 vulgatis
1014 4678 1243 4742 desunt,
1263 4676 1528 4748 addimus
1562 4692 1624 4748 ex
1651 4691 1780 4748 mss.
1811 4678 1843 4731 5'
1872 4677 2032 4747 Begu,

439 4751 478 4805 6
499 4746 684 4816 Colit,
712 4746 960 4816 40mm,
981 4749 1143 4803 5i|IIIS
1168 4760 1219 4801 et
1247 4746 1280 4799 4
1309 4749 1542 4801 excusis.
1580 4747 1635 4801 In
1659 4747 1852 4813 Cauc.,
1894 4746 2031 4803 Ul’tr.

435 4830 491 4877 et
511 4824 543 4876 5
573 4831 676 4874 Vel.
706 4822 867 4876 editis
897 4830 978 4873 est
1013 4818 1154 4872 Iram
1182 4829 1373 4882 autem,
1406 4817 1686 4874 mendose.

513 4893 648 4959 Quia
677 4903 781 4945 tota
800 4893 975 4945 vitiosa
1004 4900 1097 4945 est.
1128 4887 1254 4944 Mss.
1282 4903 1391 4944 rec.
1428 4889 1453 4943 1
1491 4888 1624 4960 Reg.
1658 4896 1712 4944 et
1740 4890 1762 4943 ι
1791 4883 1947 4945 Colb.
1971 4901 2035 4944 ac

441 4964 510 5020 1'5
537 4964 690 5026 edit,
719 4978 852 5032 qum.

513 5035 616 5102 Qui
649 5030 956 5101 peccantem.
993 5031 1081 5088 Sic
1110 5031 1352 5102 reposiui
1374 5046 1438 5086 ex
1473 5031 1524 5096 3,
1561 5037 1669 5085 vet.
1703 5030 1828 5086 edd.
1872 5030 2031 5087 Rom'.

436 5110 493 5160 et
521 5101 770 5161 omnibus
799 5119 926 5158 mss.
959 5109 1152 5171 praeter
1183 5104 1311 5157 Pen.
1342 5101 1395 5155 in
1423 5116 1529 5170 quo
1565 5110 1650 5156 est
1676 5102 1765 5172 qui
1791 5107 2037 5171 peccata;

439 5177 500 5233 in
527 5177 740 5231 caeteris
769 5175 948 5240 editis,
996 5175 1081 5244 qui
1118 5184 1462 5243 peccatorum.

475 5295 477 5298 .
513 5247 620 5302 Sed
632 5248 856 5318 defertur
867 5243 1092 5318 aliunde.
1106 5287 1116 5298 .
1130 5285 1166 5298 ..
1187 5255 1233 5300 et
1246 5246 1359 5318 ideo
1373 5252 1533 5314 potest
1537 5243 1708 5318 judex
1718 5259 1818 5318 non
1831 5243 2052 5318 utrave-ri.

439 5318 570 5373 Ilaec
598 5314 877 5373 retinenda
909 5316 1154 5382 fuerunt,
1198 5326 1254 5370 ut
1284 5316 1336 5368 in
1379 5330 1510 5369 mss.
1541 5314 1596 5369 et
1624 5315 1676 5367 in
1705 5314 1829 5369 edd.
1859 5315 2037 5370 Aldin.

439 5401 487 5444 et
525 5390 696 5443 Plant.
729 5404 847 5460 qnte
876 5391 926 5442 in
965 5388 1184 5460 iOimss.
1217 5396 1272 5439 ct
1300 5385 1430 5440 edit.
1459 5386 1912 5460 ﬁdiesitlerantttr.

517 5460 689 5515 Potest
717 5457 944 5514 concedi.
978 5462 1004 5515 i
1041 5459 1174 5528 Reg.
1224 5472 1338 5511 rec.
1379 5467 1433 5511 et
1459 5457 1493 5510 5
1536 5457 1692 5512 Colo.
1734 5473 1796 5512 ac
1844 5458 1874 5510 7
1908 5457 2044 5512 editi”

442 5544 760 5601 pulmonum
783 5533 894 5586 sed.

517 5601 587 5658 Ut
615 5605 723 5658 sine
741 5604 821 5656 ira
844 5603 1021 5674 faciat,
1051 5599 1189 5670 quod
1218 5599 1361 5672 facit.
1401 5601 1565 5654 Deest
1610 5599 1745 5670 quod
1777 5600 1898 5670 facit
1926 5599 1980 5654 in
2003 5599 2035 5652 7

437 5689 571 5729 mss.
601 5683 654 5729 et
682 5677 714 5729 5
736 5675 914 5728 editis.
985 5713 988 5716 .

509 5746 609 5816 Aut
639 5744 817 5816 probat
845 5744 1069 5816 delicta,_
1097 5750 1201 5816 etc.
1221 5741 1494 5816 _Dilemma
1558 5741 1847 5816 infirmum.
1902 5740 2034 5816 Nam

435 5811 690 5890 Sopater,
715 5815 773 5874 ut
802 5825 885 5872 est
931 5811 1071 5885 apud
1120 5813 1433 5880 Stobaeum,
1471 5811 1702 5869 mediam
1751 5814 2036 5884 quamdam

2141 3188 2282 3242 nitas
2312 3185 2541 3240 subditis
2569 3184 2856 3239 fenestram
2885 3185 2949 3239 ad
2980 3186 3270 3253 nequitiam
3291 3187 3514 3256 aperiat.
3545 3184 3766 3245 Βετὶη..

2224 3258 2342 3311 Nisi
2372 3256 2702 3311 stimulaverit
2725 3257 2800 3308 ira
2822 3267 2867 3309 et
2899 3258 3198 3311 incitaverit.
3219 3257 3290 3310 Ita
3325 3273 3454 3315 mss.
3480 3257 3515 3312 2
3545 3259 3769 3315 Bonon.

2137 3338 2192 3394 et
2221 3330 2398 3398 plures
2425 3328 2554 3398 edit.
2582 3327 2636 3380 In
2671 3329 2701 3380 7
2725 3328 2934 3396 scriptis
2957 3329 3080 3382 etin
3111 3329 3194 3382 ed.
3231 3328 3458 3384 Roman.
3493 3329 3657 3384 deest
3685 3332 3767 3386 ira

2135 3411 2179 3454 et
2203 3395 2580 3453 incitaverit.'ln
2614 3399 2791 3452 multis
2807 3408 2886 3452 est
2909 3400 3006 3464 ira,
3036 3400 3130 3453 sed
3157 3399 3326 3467 deest,
3352 3410 3398 3455 et
3443 3401 3760 3458 incitaverit.

2215 3471 2317 3537 Qui
2344 3477 2513 3524 autem
2568 3471 2984 3541 c'timmoveatur
3018 3481 3182 3524 tanien
3204 3511 3218 3536 ,
3264 3481 3367 3541 etc.
3403 3470 3491 3526 Sic
3544 3473 3674 3541 lego
3704 3478 3770 3529 et

2141 3543 2442 3596 veterrimis
2471 3558 2600 3594 mss.
2623 3541 2658 3592 ‘2
2683 3540 2910 3607 Bonon.,
2933 3539 3279 3610 Regio-Put.,
3306 3540 3338 3594 4
3371 3543 3486 3595 aliis
3518 3539 3689 3610 Reg"
3712 3543 3774 3599 ef

2139 3613 2258 3667 aliis
2289 3615 2545 3682 quinque,
2575 3613 2835 3680 inquibus
2866 3614 3122 3681 scriptum
3154 3623 3230 3665 est
3253 3627 3633 3667 commoveatur
3660 3617 3774 3682 uno'

2138 3677 2575 3810 Hocalm.lo,'cuin
2601 3677 2708 3736 sint
2746 3682 2874 3748 duo,
2900 3677 3318 3736 commoveatur.
3350 3681 3418 3739 Et
3461 3684 3539 3740 sic
3574 3677 3772 3757 leguni

2177 3768 2282 3808 octi
2309 3772 2429 3808 \‘ll‘l.
2507 3805 2512 3810 .

2177 3768 2282 3808 OClI
2309 3772 2429 3808 \'l|‘|.
2507 3805 2512 3810 .

2210 3822 2460 3884 Lenitat‘e.
2490 3823 2566 3878 Ita
2597 3822 2724 3877 edit.
2751 3818 2907 3878 Roni.
2929 3823 3065 3880 1470
3087 3834 3139 3880 et
3167 3827 3199 3881 5
3229 3824 3302 3881 al.
3331 3841 3451 3880 cum
3477 3841 3613 3882 mss.
3646 3843 3769 3884 om-

2139 3897 2318 3969 nibus,
2353 3903 2545 3965 prazter
2574 3893 2754 3949 Baluz.
2789 3903 2844 3950 ct
2887 3896 3077 3960 Brun.,
3106 3899 3301 3969 quibus
3328 3909 3410 3951 est
3440 3899 3670 3966 levitate,
3707 3899 3770 3956 ut

2140 3967 2207 4023 Μι
2239 3969 2486 4036 vulgatis.

2211 4037 2487 4091 AZlernam
2503 4039 2854 4092 molestiarum
2873 4040 3136 4092 materiam
3165 4039 3542 4095 subministrat.
3570 4039 3764 4097 Eter—

2139 4122 2284 4176 nam,
2324 4111 2372 4162 id
2403 4121 2483 4163 est
2511 4119 2842 4178 perpetuam.
2877 4108 3002 4163 Mss.
3045 4110 3081 4161 2
3126 4111 3283 4177 Bora,
3318 4112 3478 4178 Tum,
3509 4122 3764 4168 mternam

2143 4181 2430 4234 molestiam
2463 4181 2838 4242 subministrat,

2217 4251 2483 4312 Laudatur
2514 4251 2763 4322 Archytas
2800 4248 3127 4322 Tarentinas.
3156 4251 3444 4321 Rep'erilur
3465 4254 3579 4309 haec
3599 4254 3766 4310 ebria

2136 4323 2218 4377 vel
2264 4321 2660 4392 apopnthcgnia
2690 4321 2848 4376 etiam
2883 4323 3021 4392 apud
3061 4323 3380 4378 Ciceronem
3402 4366 3416 4390 ,
3448 4323 3500 4379 in
3526 4340 3576 4380 tv
3607 4323 3761 4380 Tus-

2137 4394 2242 4458 θυι.
2302 4404 2519 4462 quaest.,
2553 4394 2691 4462 apud
2731 4393 3120 4464 \laler.rMax.,
3152 4394 3244 4448 lib.
3297 4410 3373 4449 ιν.
3422 4399 3544 4464 cap.
3598 4396 3654 4462 i,
3695 4396 3765 4453 de

2139 4464 2316 4518 Animi
2350 4465 2716 4518 moderatione
2743 4480 2757 4528 ;
2800 4463 2936 4533 apud
2965 4464 3235 4518 Plutarch.
3257 4507 3270 4533 ,
3301 4466 3368 4519 de
3399 4463 3588 4522 Pueris
3625 4467 3764 4521 edu-

2137 4535 2360 4599 candis;
2393 4544 2553 4605 atque
2585 4550 2769 4590 rursus
2800 4534 2938 4604 apud
2968 4535 3238 4604 eumdem,
3263 4536 3330 4592 de
3355 4536 3485 4592 Sera
3515 4539 3762 4594 numinis

2137 4606 2624 4660 animadversione.

2212 4676 2457 4730 Miserum
2485 4687 2548 4730 te.
2588 4676 2932 4741 Ambrosius,
2956 4676 3049 4730 lib.
3080 4693 3095 4730 ι
3125 4677 3250 4744 Oli,
3284 4694 3332 4732 c.
3361 4678 3455 4745 Ἣ,
3483 4681 3561 4734 ita
3589 4698 3601 4734 :
3640 4679 3692 4734 0
3716 4691 3765 4736 te

2136 4749 2582 4817 infelicem!quam
2612 4758 2658 4801 te
2680 4747 2993 4818 afﬂictat-ent,
3019 4748 3116 4802 nisi
3141 4749 3305 4804 iratus
3330 4751 3527 4804 essent!
3549 4752 3767 4808 Seneca

2138 4819 2354 4884 similia,
2391 4820 2480 4874 lib.
2517 4819 2625 4874 ide
2668 4817 2766 4882 Ira,
2799 4817 2969 4888 c.15,
3019 4819 3084 4875 de
3139 4821 3396 4888 Socrate;
3428 4831 3485 4877 et
3529 4823 3568 4877 l.
3600 4838 3661 4878 ut
3693 4824 3764 4880 de

2138 4890 2244 4949 Ira,
2279 4905 2327 4942 c.
2367 4889 2454 4954 1&2,
2482 4889 2549 4944 de
2572 4889 2814 4944 Platone.
2850 4885 2984 4944 BUN.
3274 4942 3282 4949 _

2221 4959 2439 5014 Unicum
2469 4963 2562 5014 hoc
2591 4960 2898 5028 exemplum.
2925 4960 3186 5016 Obsc'rvat
3236 4963 3606 5028 IIeumannus,
3640 4967 3766 5019 uni—

2139 5049 2253 5087 cum
2288 5032 2372 5086 hic
2402 5047 2521 5086 esse
2551 5032 2701 5096 plane
2727 5031 3009 5102 singulare.
3041 5032 3340 5102 Aliquoties
3369 5036 3437 5098 ita
3473 5035 3587 5102 ipse
3616 5035 3762 5090 Lac-

2145 5105 2365 5166 tantius,
2394 5119 2478 5156 ex.
2505 5113 2668 5170 grat.,
2724 5101 3005 5172 de’Opif”
3036 5118 3087 5158 c.
3135 5101 3225 5159 ΞΟ.
3265 5105 3340 5159 Μ.
3396 5101 3603 5162 Tullius
3643 5107 3764 5161 elo-

2143 5175 2364 5245 quentia:
2396 5173 2556 5245 ipsius
2574 5173 2790 5245 unicum
2812 5173 3093 5244 exemplar.
3116 5176 3243 5232 BUN.

2217 5243 2279 5299 Si
2309 5245 2395 5316 (ut
2419 5243 2712 5317 ait_Plato)
2740 5260 2886 5317 nemo
2937 5243 3159 5315 prudens
3188 5247 3362 5317 punit,
3395 5257 3502 5304 etc.
3544 5248 3721 5305 Recte
3747 5267 3763 5304 :

2142 5315 2553 5392 videsequAt
2599 5330 2728 5392 mss.
2761 5316 2944 5392 Cane,
2973 5317 3010 5392 2
3061 5315 3196 5392 Reg.
3223 5330 3276 5373 et
3322 5319 3756 5392 57alii_,inecnon

2144 5388 2213 5442 19
2235 5383 2598 5458 edit.,JSicut.
2626 5383 2758 5441 Vide
2799 5387 2931 5441 Plat.
2981 5388 3049 5443 de
3079 5383 3208 5458 Legg.
3259 5405 3318 5444 ιι.
3351 5389 3558 5446 Similis
3608 5389 3756 5446 locus

2141 5467 2226 5532 est
2273 5457 2412 5532 apud
2444 5456 2690 5532 eumdem
2724 5459 2999 5532 Platonem
3048 5461 3098 5532 in
3128 5456 3442 5530 Protagora,
3478 5461 3549 5517 ad
3597 5477 3756 5532 quem

2142 5528 2449 5600 Lactantius
2479 5529 2656 5583 verius
2685 5531 2987 5600 respexisse
3015 5531 3246 5586 videtur.
3282 5528 3377 5586 Est
3405 5549 3594 5588 rursus
3617 5528 3758 5586 'alius

2141 5599 2290 5674 locus
2320 5599 2628 5674 Platonicus
2660 5601 2710 5674 in
2739 5599 2925 5669 quinto
2951 5600 3018 5656 de
3048 5601 3303 5671 Legibus,
3339 5604 3489 5659 hisee
3529 5603 3760 5673 pulchre

2140 5671 2589 5744 subserviens,qet
2636 5671 3052 5744 adesequentem
3102 5675 3324 5742 figuram
3373 5671 3762 5744 explicandam

2142 5744 2278 5796 mire
2303 5741 2656 5824 conveniens.
2684 5741 3017 5824 Viden-apud
3051 5741 3300 5824 eumdem
3348 5741 3640 5824 Plai'onem'
3676 5747 3764 5824 lq-

2139 5826 2257 5870 cum
2288 5814 2509 5869 citatum
2535 5807 2601 5868 ab
2634 5815 2696 5869 Α.
2731 5807 2925 5882 ϐοηίϊῖ,
2953 5810 3048 5872 lib.
3082 5820 3148 5872 vr
3163 5815 3315 5873 Neci.
3357 5817 3549 5891 A‘ttic.,
3581 5815 3637 5876 ὁ.
3670 5815 3770 5891 ﬂ,
