3912 6256
150 235 265 295 Ml

1495 232 1695 291 LIBER
1737 232 1822 288 DE
1857 231 1975 289 IRA
2013 232 2147 289 DEI.

3367 234 3473 293 142

155 365 271 405 non
304 349 489 413 thure,
512 362 618 405 non
647 346 965 412 hostia,non
994 348 1248 418 pretiosis
1279 348 1611 415 muneribus,
1639 362 1761 418 qum
1793 349 1844 410 Α
1867 345 2033 413 aliud,
2055 360 2213 418 quam
2239 344 2308 401 de
2355 345 2527 417 gratia
2570 346 2671 411 Dei,
2695 361 2821 418 erga
2844 344 3044 418 j'ustos,
3067 357 3120 403 et
3148 349 3218 406 de
3248 351 3322 404 ira
3352 352 3471 420 ejus

155 440 348 495 omnia
408 447 537 494 sunt
583 438 970 505 corruptibilia,
999 438 1092 493 sed
1142 454 1349 494 morum
1382 438 1765 493 emendatione

158 532 454 602 placatur;
488 540 541 585 et
567 530 656 599 qui
689 544 910 598 peccare
938 529 1154 595 desinit,
1186 530 1317 585 iram
1364 532 1453 586 Dei
1486 531 1765 586 mortalem

162 610 314 679 facit.
346 621 557 677 Idcirco
580 622 724 675 enim
749 636 853 677 non
884 618 950 677 ad
984 638 1224 694 praesens
1255 623 1471 678 noxium
1503 636 1770 695 quemque

162 716 345 787 punit,
370 723 429 770 ut
471 713 667 769 habeat
697 713 860 771 homo
886 716 1244 788 resipisecudi
1282 726 1338 773 es
1355 717 1659 789 corrigendi
1687 718 1770 773 sui

166 806 509 869 facultatem.

754 918 987 976 CAPUT
1028 919 1195 977 XXII.

320 1036 399 1092 De
426 1038 667 1108 peccatis,
690 1037 850 1107 deque
872 1037 935 1093 iis
963 1037 1163 1097 recitati
1188 1053 1357 1097 versus
1387 1038 1621 1110 Sibyllae.

253 1170 380 1226 ﬂare
406 1170 589 1234 habui,
618 1187 738 1240 qum
784 1170 853 1226 de
882 1172 961 1225 ira
992 1171 1086 1225 Dei
1121 1171 1623 1236 dicerem,.Donate
1649 1172 1775 1229 chao

172 1265 397 1320 rissime
429 1281 444 1329 ;
479 1273 538 1319 ut
564 1266 732 1321 scires
752 1264 1204 1335 quemadmodum
1237 1266 1517 1322 refelleres
1559 1282 1654 1323 eos
1687 1269 1777 1338 qui

171 1361 344 1416 Deum
396 1359 598 1417 faciunt
648 1359 1002 1417 immobilem.
1036 1358 1243 1424 Restat,
1288 1369 1347 1415 ut
1377 1376 1526 1416 more
1551 1358 1775 1415 Cicero-

168 1452 257 1507 nis
276 1463 500 1507 ntsmur
516 1453 733 1524 epilogo
758 1452 824 1507 ad
856 1451 1238 1522 perorandum.
1262 1451 1414 1508 Sicut
1437 1452 1529 1511 illc
1558 1453 1609 1507 in
1641 1452 1776 1508 Tus-

170 1544 384 1600 culanis
407 1544 479 1600 de
498 1553 672 1600 morte
688 1542 961 1599 disserens
990 1543 1115 1599 fecit
1137 1560 1149 1595 :
1174 1544 1247 1598 ita
1270 1558 1370 1597 nos
1396 1545 1453 1597 in
1484 1542 1587 1598 hoc
1613 1558 1780 1613 opere

171 1636 484 1692 testimonia
509 1635 922 1705 divim,quibus
947 1635 1094 1689 credi
1120 1634 1307 1704 possit,
1330 1633 1587 1727 adhibere
1616 1634 1785 1691 debe—

1869 437 2125 494 adversns
2149 440 2339 511 impios
2364 439 2674 511 loquuntur.
2699 440 2942 507 Quorum
2972 441 3278 496 testimonia
3308 440 3463 497 nobis

1840 530 2084 600 quidem
2134 531 2266 585 satis
2293 539 2417 586 sunt
2450 549 2462 584 :
2493 545 2682 587 verum
2714 530 2781 587 iis
2810 532 3063 602 quoniam
3099 544 3206 589 non
3239 532 3468 589 credunt

1871 622 1980 687 isti,
2010 622 2100 692 qui
2121 624 2438 693 sapientiam
2465 623 2676 694 capillis
2706 632 2760 680 et
2790 624 2975 679 habitu
2998 624 3225 695 jactant,
3258 625 3473 680 ratione

1873 730 2083 787 quoque
2110 726 2164 769 et
2208 716 2542 786 argumentis
2563 716 2775 771 luerent
2809 728 2839 770 a
2870 718 3024 772 nobis
3052 717 3358 774 refellendi.
3381 720 3473 775 Sic

1875 806 2019 862 enim
2045 819 2380 879 praepostere
2405 808 2602 878 agitur,
2638 817 2696 863 ut
2722 798 2957 867 humana
3003 807 3200 864 divinis
3226 810 3468 865 tribuant
3498 830 3532 849 ιν

1876 897 2272 962 auctoritatem,
2296 913 2416 953 cum
2441 899 2618 967 potius
2656 898 2908 955 humanis
2948 899 3129 955 divina
3158 899 3469 958 debuerint.

1876 988 2007 1056 Qua:
2037 1005 2177 1044 nunc
2220 1005 2349 1044 sane
2391 991 2704 1045 omittamus
2735 1005 2805 1046 ne
2832 990 2968 1047 nihil
3002 992 3144 1062 apud
3190 995 3322 1048 istos
3351 1009 3477 1064 aga-

1878 1089 2091 1146 mus,et
2122 1081 2174 1134 in
2198 1080 2461 1135 infinitum
2487 1080 2711 1136 materia
2743 1080 3018 1151 procedat.
3056 1083 3128 1137 Ea
3160 1083 3321 1154 igitur
3337 1101 3477 1155 qua:-

1877 1188 2061 1229 ramus
2086 1173 2413 1239 testimonia,
2447 1174 2639 1243 quibus
2667 1173 2744 1230 illi
2775 1174 2982 1244 possint
3011 1183 3105 1230 aut
3129 1176 3353 1232 credere
3382 1186 3475 1232 aut

1879 1276 2026 1324 certe
2058 1283 2163 1322 non
2195 1282 2515 1338 repugnare.

1954 1360 2189 1432 Sibyllas
2219 1361 2433 1431 plurimi
2483 1370 2539 1415 et
2568 1362 2788 1415 maximi
2824 1371 3075 1419 auctores
3105 1363 3474 1429 tradiderunt;

1885 1454 2224 1520 Graecorum,
2256 1454 2439 1508 Aristo
2460 1451 2628 1509 Chius
2659 1462 2715 1508 et
2741 1454 3105 1523 Apollodorus
3128 1454 3477 1527 Erythrteus;

1884 1544 2397 1612 nostrorum,Varro
2422 1554 2475 1600 et
2502 1545 2896 1602 Fenestella.lli
2923 1560 3112 1601 omnes
3131 1548 3475 1616 praecipuam,

1885 1648 1941 1694 et
1968 1638 2199 1695 nobilem
2219 1647 2416 1708 praeter
2437 1648 2659 1693 caeteras
2680 1638 3014 1709 Erythrarum
3045 1638 3209 1694 fuisse
3239 1655 3477 1695 comme-

173 1745 321 1796 mus,
362 1740 422 1784 ut
454 1730 670 1784 illorum
721 1728 1123 1797 persuasionem
1153 1727 1517 1792 reviuesmus,
1541 1728 1632 1797 qui
1662 1728 1781 1784 sine
1809 1739 1858 1799 Β
1884 1739 2121 1786 morant.
2155 1730 2535 1801 Apollodorusi
2556 1728 2773 1799 quidem
2821 1740 2877 1785 ut
2918 1728 2985 1787 de
3018 1731 3118 1786 civi
3147 1745 3209 1787 ac
3238 1732 3483 1802 populari

173 1823 256 1876 ira
298 1822 470 1877 Deum
497 1832 624 1877 esse
652 1820 959 1882 credentes,
986 1819 1291 1874 dissolvunt
1314 1834 1531 1873 omnem
1562 1818 1778 1890 religio-

174 1929 301 1970 nem
334 1932 347 1966 :
380 1913 501 1969 sine
521 1926 650 1984 qua,
676 1922 738 1967 ut
775 1911 1133 1978 ostendimus,
1161 1918 1254 1965 aut
1290 1910 1624 1966 immanitate
1658 1910 1775 1966 bel-

172 2008 304 2072 luis,
351 2015 445 2061 aut
499 2005 726 2061 Stultitia
787 2003 1082 2075 pecudibus
1132 2002 1482 2073 adaequamur
1512 2018 1526 2068 ;
1556 2001 1608 2056 in
1662 2002 1775 2056 sola

181 2099 329 2156 enim
354 2098 640 2169 religione,
668 2096 721 2151 id
748 2105 851 2161 est,
885 2095 938 2149 in
968 2094 1061 2150 Dei
1094 2092 1287 2149 summi
1311 2093 1531 2151 notione
1558 2093 1776 2163 sapien-

174 2192 250 2248 tia
276 2200 383 2248 est.
413 2189 702 2262 Propheta:
724 2187 965 2244 universi
992 2184 1172 2242 divino
1190 2185 1392 2256 Spiritu
1420 2185 1610 2257 repleti
1639 2184 1775 2240 nihil

1886 1838 1985 1880 sua
2011 1823 2294 1895 gloriatur.
2320 1822 2625 1879 Fenestella
2653 1836 2783 1877 vero
2804 1823 2964 1900 etiam
2993 1823 3201 1893 legatos
3219 1824 3484 1887 Erythras

1887 1933 1917 1971 a
1943 1924 2133 1972 senatu
2155 1930 2277 1971 esse
2310 1915 2502 1969 missos
2528 1912 2716 1983 refert,
2734 1922 2792 1968 ut
2816 1913 2974 1984 hujus
3001 1915 3219 1986 Sibylla:
3247 1917 3484 1971 carmina

1887 2008 2115 2064 Romam
2139 2006 2580 2077 deportarentur,
2606 2014 2663 2061 et
2684 2020 2746 2061 ca
2772 2005 3025 2062 consules
3054 2006 3216 2062 Curio
3235 2016 3291 2063 et
3320 2007 3485 2063 Octa-

1882 2101 2000 2158 vius
2042 2101 2095 2156 in
2118 2100 2407 2172 Capitolio,
2438 2097 2582 2170 quod
2612 2108 2739 2157 tunc
2760 2109 2877 2190 erat
2900 2110 3126 2158 curante
3148 2100 3349 2179 Quinto
3372 2101 3479 2159 Ca-

1561 2321 1924 2381 VARIORUM
1963 2322 2188 2380 NOTAE.

178 2444 299 2499 haec
331 2450 440 2505 est,
482 2441 623 2511 Eph.
658 2456 726 2495 tv.
777 2439 1153 2511 Ergotantum
1210 2431 1546 2511 auctoritatis
1597 2439 1782 2494 tribuit

176 2514 397 2583 scriptis
425 2509 597 2579 Pauli,
621 2522 676 2566 ut
701 2512 905 2567 oraculi
930 2509 1053 2566 loco
1090 2511 1308 2576 habeat,
1332 2509 1477 2580 quod
1504 2524 1534 2564 a
1559 2511 1782 2568 numine

176 2586 369 2649 divino
398 2584 595 2639 dictata
626 2584 755 2638 sint.

262 2653 610 2723 Resipiscendi
657 2662 708 2725 et_
750 2652 1038 2725 corrigendi
1071 2651 1506 2725 suifacultatent.
1543 2652 1703 2725 Deest
1730 2660 1778 2725 et

188 2726 472 2796 corrigendi
500 2726 577 2779 sui
606 2726 657 2778 in
684 2723 899 2781 20mss.
931 2725 1025 2779 sed
1055 2725 1107 2777 in
1127 2723 1196 2778 12
1222 2734 1305 2779 est
1327 2723 1658 2796 resipiscendi
1678 2724 1778 2785 sui,

187 2795 440 2868 quamvis
459 2806 637 2868 tamen
657 2797 1022 2868 suicutnicasu
1042 2795 1383 2868 resipiscendi
1407 2797 1656 2868 componi
1686 2810 1782 2868 ne-

184 2865 371 2938 queat.
406 2867 550 2922 Edit.
602 2866 775 2938 Betui.
807 2867 990 2938 habet,
1030 2867 1180 2921 homo
1204 2865 1482 2938 recipiendi
1509 2866 1587 2938 sui
1617 2865 1782 2935 facul-

183 2935 363 2994 tatem.
408 2938 604 2994 Verum
657 2935 775 2992 hmc
824 2936 1171 2992 Laetantiana
1225 2935 1389 2991 verba
1418 2952 1487 2991 ex
1519 2936 1785 2991 Cicerone

181 3020 314 3095 sunt
358 3010 645 3080 desumpta
671 3050 687 3075 ,
718 3007 806 3065 ubi
855 3009 1005 3080 legas
1032 3007 1365 3078 resipiscendi
1407 3017 1454 3061 et
1497 3008 1785 3079 corrigendi

182 3098 287 3137 ms

261 3152 566 3220 Refelleres.
593 3150 621 3204 1
654 3150 789 3205 Βοη.
820 3148 1015 3219 antiq.,
1037 3150 1266 3218 refellas.

261 3223 487 3278 Illorum
533 3222 911 3290 persuasionem
957 3223 1291 3276 revincamus.
1327 3221 1402 3276 Ita
1454 3221 1668 3290 reposui
1715 3235 1783 3276 ex

182 3296 445 3349 omnibus
475 3308 642 3362 prope
683 3307 813 3346 mss.
845 3292 976 3346 edit.
1013 3292 1483 3358 Venet.,Tridin.,
1516 3291 1781 3362 Floreat.,

182 3368 289 3431 15.,
315 3361 515 3421 Cellar.
546 3364 611 3417 in
630 3378 735 3417 ms.
750 3363 920 3418 Bruu.
952 3362 1147 3433 legitur
1174 3364 1523 3430 persuasione;
1544 3364 1594 3416 in
1615 3361 1783 3417 1001-

184 3440 355 3501 bert.,
385 3436 599 3501 Marm.,
629 3432 1303 3509 Clarom.,persuasioltes;
1337 3436 1444 3509 in_l
1476 3434 1611 3509 Reg.
1644 3448 1784 3509 rec_._.

184 3509 575 3578 persuasioitem
617 3510 969 3578 pervincamus
1004 3505 1107 3578 ;in
1151 3503 1341 3571 Cauc.,
1373 3502 1412 3559 ’1
1428 3502 1606 3578 _Colb.
1632 3514 1687 3560 et
1720 3502 1783 3557 l4

184 3575 507 3650 impressis,
562 3577 947 3650 persuasionem
990 3577 1283 3650 uincamus.
1320 3605 1393 3650 -_-—
1419 3575 1779 3650 Revincantus.

184 3642 426 3719 Optime.
460 3648 523 3703 L.
565 3642 583 3702 ἰ
637 3647 905 3709 lnstitut.,
949 3642 996 3701 ϐξ
1041 3648 1151 3701 lli:
1200 3648 1350 3711 Quod
1378 3663 1538 3717 genus
1580 3645 1785 3715 proba-

185 3718 346 3776 tionis
386 3721 626 3773 adversus
654 3733 733 3771 eos
752 3720 917 3786 magis
958 3718 1199 3772 adhibere
1223 3719 1493 3781 debemus,
1533 3732 1688 3786 quam
1728 3727 1785 3770 ut

185 3809 274 3849 eos
300 3792 514 3844 deorum
548 3805 758 3843 suorum
797 3785 1093 3843 testimoniis
1137 3790 1469 3843 revincamus.
1502 3785 1577 3841 De
1612 3785 1782 3855 Opif.,

185 3880 238 3918 c.
273 3863 381 3918 lt):
419 3862 633 3929 Quos...
660 3860 883 3914 ornus...
928 3874 989 3913 ea:
1014 3859 1243 3929 ipsorum
1278 3862 1406 3914 inter
1444 3875 1496 3913 se
1523 3868 1784 3911 concerta-

186 3938 328 3989 tione
357 3933 574 4002 sumptis
608 3932 952 4002 reuincemus,
978 3941 1033 3986 et
1061 3931 1188 3985 alibi
1215 3932 1429 4002 saepius.
1460 3930 1778 3985 BUNEIIANN.

260 4002 409 4059 Iis...
431 4001 534 4056 non
556 4003 771 4055 credunt
795 4003 900 4055 isti.
926 4001 988 4055 L.
1017 4017 1055 4066 ι,
1085 4018 1135 4056 c.
1163 4002 1195 4057 5
1220 4016 1234 4054 :
1270 4001 1376 4057 Sed
1402 4003 1694 4055 omittamus
1719 4011 1786 4054 te-

183 4076 431 4130 stimonia
460 4072 844 4143 prophetarum,
867 4089 930 4127 ne
954 4073 1123 4126 minus
1150 4074 1331 4126 idonea
1348 4072 1576 4140 probatio
1603 4071 1781 4125 videa-

186 4158 277 4201 tur
304 4147 367 4198 de
398 4145 497 4210 his,
529 4144 710 4212 quibus
725 4144 929 4198 omnino
956 4160 1057 4198 non
1076 4144 1317 4198 creditur.
1343 4143 1473 4198 BDN.

266 4216 371 4284 Qui
412 4217 715 4287 sapientiam
739 4215 941 4287 capillis
967 4223 1011 4268 et
1040 4214 1219 4268 habitu
1238 4216 1456 4287 jactant.
1490 4212 1623 4267 Nam
1656 4226 1782 4287 pro-7

1882 2440 2036 2495 locis.
2068 2441 2272 2516 Verum
2302 2439 2653 2516 Sebastianus
2678 2437 2939 2516 Castalio,
2969 2439 3227 2516 quidquid
3255 2440 3487 2516 Sibylla-

1883 2526 2002 2565 rum
2038 2512 2257 2566 nomine
2304 2510 2495 2577 fertur,
2525 2511 2594 2567 ab
2623 2527 2727 2566 una
2776 2510 3074 2581 profectum
3120 2510 3392 2580 affirmat;
3422 2532 3487 2573 ac

1882 2581 1936 2636 in
1961 2597 2113 2636 suam
2134 2598 2219 2637 me
2241 2582 2625 2651 prepemodum
2656 2583 2816 2636 traxit
2837 2582 3181 2647 sententiam,
3198 2598 3490 2653 argumen-

1882 2653 1953 2727 tis
1979 2669 2086 2727 non
2116 2654 2167 2706 in
2196 2654 2432 2727 speciem
2452 2653 2613 2727 modo
2645 2653 3035 2727 probabilibus,
3063 2653 3156 2727 sed
3179 2654 3339 2724 justis
3364 2660 3489 2727 qui-

1883 2723 2111 2778 busdam
2158 2723 2455 2777 rationibus
2496 2720 2784 2779 roboratis.
2810 2722 2915 2778 Sed
2958 2720 3489 2785 interin't'vetustatis

1884 2794 2180 2868 auctoritas
2207 2794 2455 2868 faciebat,
2498 2805 2554 2848 ut
2593 2794 3192 2868 rationesrdiligentius
3216 2801 3488 2868 expende-

1889 2864 2277 2940 remaObstitit
2307 2867 2535 2940 primum
2589 2865 3206 2940 inctjedibilisHSibyllm,
3230 2864 3390 2940 quam
3423 2888 3488 2927 ex

1892 2936 2076 2991 multis
2110 2952 2265 2990 unam
2302 2936 2448 3000 facit,
2475 2937 2805 3006 longaevitas,
2823 2952 2852 2991 a
2880 2932 3086 2991 diluvio
3114 2932 3365 2996 nimirum
3397 2958 3487 2997 us—

1895 3022 1999 3077 que
2029 3007 2093 3061 ad
2117 3007 2530 3076 Tarquiniorum
2574 3017 2816 3072 tempora
2847 3024 2860 3058 :
2902 3008 3044 3077 quod
3077 3011 3310 3078 spatium
3341 3028 3490 3067 com-

1888 3079 2142 3152 plectitur
2166 3092 2338 3152 annos
2386 3077 2611 3152 circiter
2632 3078 2889 3152 l770.»Et
2915 3077 3238 3152 quamquam
3269 3081 3490 3152 Sibylla:

1889 3146 2144 3204 vivacitas
2173 3149 2301 3204 olim
2323 3149 2373 3201 in
2402 3148 2745 3215 proverbium
2770 3146 3107 3209 abiit,l‘tdern
3124 3161 3299 3206 tamen
3333 3146 3486 3209 eice-

1889 3219 1968 3275 ἀει
1997 3229 2128 3275 aetas
2156 3219 2229 3275 ita
2287 3220 2612 3288 prodigiosa,
2646 3229 2701 3272 ut
2747 3235 2777 3273 a
2828 3220 2976 3273 nullo
3025 3221 3289 3288 scriptore
3342 3236 3485 3281 tanta

1889 3299 2366 3344 commemoretur.
2400 3290 2527 3343 Inde
2570 3291 2747 3344 obstat
2775 3291 3051 3345 nominum
3076 3294 3346 3359 ‘Varietas,
3378 3312 3483 3350 non

1890 3376 1953 3416 ex
2022 3361 2282 3434 gentibus
2353 3362 2516 3415 variis
2571 3360 2935 3434 variandum,
2993 3361 3087 3416 sed
3141 3366 3487 3434 propriorum

1889 3432 2146 3502 maxime.
2209 3431 2493 3485 Postremo
2537 3430 2729 3486 adduci
2785 3434 2867 3487 vix
2924 3445 3111 3502 potero
3167 3430 3489 3493 ut'credam

1894 3501 2025 3557 Note
2056 3513 2297 3572 tempore
2317 3518 2493 3573 graece
2520 3518 2612 3558 eas
2640 3501 2941 3573 scripsisse,
2968 3514 3027 3559 et
3050 3505 3268 3572 qualem
3290 3525 3486 3569 nutrie-

1889 3575 1964 3646 ris
2006 3572 2398 3646 tam
2436 3573 2593 3646 facile
2620 3572 2688 3646 ad
2730 3574 2966 3646 lienteri,
3006 3577 3092 3629 vel
3124 3576 3341 3632 Hesiodi
3372 3582 3484 3646 (vel

1847 3677 1855 3685 ι
1889 3645 1933 3697 si
1967 3645 2136 3715 mavis
2180 3643 2515 3715 antiquioris
2540 3643 2765 3715 Orphei)
2820 3648 3137 3700 suavitatem
3169 3643 3480 3705 ﬂuentibus.

1889 3715 1956 3769 Et
1979 3725 2040 3789 ut
2071 3713 2228 3789 facile
2272 3713 2438 3789 credo
2473 3713 2811 3789 _d_ecern_non
2855 3716 3099 3789 extitisse
3131 3717 3383 3789 Sibyllas,
3412 3723 3484 3779 ita

1888 3785 2069 3839 malim
2100 3784 2438 3839 subscribere
2468 3784 2578 3859 i_llis
2604 3784 2697 3853 qui
2745 3783 2887 3859 duas
2918 3783 3261 3859 “dummodo
3290 3783 3484 3859 ροέιιρ-

1889 3863 2034 3923 runt,
2066 3865 2157 3909 aut
2182 3865 2434 3926 quatuor.
2468 3855 2668 3909 BETUL.
2695 3856 2892 3912 —Sed
2935 3856 3193 3926 quidquid
3228 3855 3313 3915 hic
3345 3862 3486 3917 dicat
3582 3880 3588 3889 '

1889 3927 2163 4053 0B‘J‘etuléaius
2200 3969 2213 3993 ,
2270 3926 2391 3982 vide
2439 3936 2559 3997 qua:
2609 3926 2679 3983 de
2726 3926 2947 3999 Sibyllis
2991 3927 3225 3985 diximus
3280 3932 3417 3988 libro
3444 3951 3481 4002 ι,

1955 4015 2004 4053 ι).
2078 4041 2090 4053 .
2782 4014 2786 4019 ’

1886 4012 2004 4068 cap.
2036 4012 2090 4053 o.
2176 4067 2187 4068 η
2782 4014 2786 4019 λ

1959 4070 2130 4142 Aristo
2155 4067 2335 4142 Citius.
2360 4068 2454 4142 Sic
2472 4069 2655 4139 plures
2677 4084 2808 4125 mss.
2833 4077 2889 4142 et
2908 4084 3097 4142 omnes
3122 4070 3293 4128 ferme
3314 4075 3442 4129 editi
3465 4093 3480 4142 ;

1889 4155 1988 4194 nec
2015 4141 2173 4195 aliter
2200 4141 2397 4196 dicitur
2427 4141 2705 4208 Ciceroni,
2742 4143 2775 4194 l.
2812 4157 2829 4195 ι
2857 4141 2925 4197 de
2950 4140 3159 4211 Legib.,
3193 4160 3247 4198 n.
3276 4147 3363 4211 78,
3388 4140 3479 4202 ubi

1887 4211 2052 4282 refert
2105 4214 2222 4280 ejus
2267 4211 2540 4282 dogmata,
2596 4222 2650 4267 et
2700 4212 2930 4268 Minucio
2959 4211 3122 4269 Felici
3154 4217 3204 4269 in
3236 4217 3479 4271 Octavio.

186 4274 420 4344 missum
442 4274 690 4356 capillum
713 4274 991 4356 gerebant,
1018 4294 1072 4340 et
1095 4274 1265 4356 palliis
1283 4274 1673 4347 induebamur;
1689 4286 1779 4352 qui
1808 4274 1862 4334 D
1887 4281 2069 4356 Itaque
2093 4274 2286 4356 vitiose
2312 4274 2560 4356 scribitur
2586 4284 2639 4337 in
2666 4282 2961 4356 27Colb.‘et
3000 4282 3089 4340 ed.
3122 4284 3279 4341 Boni.
3319 4289 3480 4353 1470,

185 4358 511 4429 sapientiam
538 4359 948 4429 profitebantur,
970 4367 1025 4410 ut
1047 4357 1163 4429 l.tn
1192 4356 1614 4429 Institutionum,
1655 4369 1778 4424 cap.

186 4426 287 4496 25,
321 4426 575 4484 diximus.
602 4427 885 4483 ls.—-Vide
909 4429 1069 4482 etiam
1100 4427 1235 4481 libro
1279 4442 1326 4489 v,
1353 4440 1403 4483 c.
1432 4426 1491 4484 2.

266 4499 570 4556 Fuerant...
584 4500 876 4573 refellendi.
891 4538 928 4551 ..
948 4498 1249 4573 Heumann.
1267 4498 1415 4573 legit,
1436 4500 1665 4568 (uerum.
1691 4496 1783 4573 Li-

186 4575 301 4639 bri,
319 4575 545 4640 fuerant.
574 4571 778 4626 Similis
801 4571 971 4635 locus,
997 4573 1030 4623 Ι.
1056 4569 1121 4633 νζ
1141 4585 1190 4623 c.
1223 4570 1278 4635 4,
1314 4570 1425 4640 ubi,
1447 4586 1550 4639 qua
1570 4569 1784 4623 materia

188 4639 545 4717 (Cyprianus)
573 4657 681 4717 non
717 4652 801 4697 est
822 4655 970 4717 usus,
1002 4651 1066 4717 ut
1088 4640 1293 4717 debuit.
1326 4639 1441 4717 Non
1494 4642 1630 4694 enim
1656 4640 1785 4692 scri-

191 4712 365 4784 pturae
384 4712 684 4769 testimoniis
707 4728 860 4783 quam
902 4712 991 4766 ille
1013 4712 1430 4783 (Demetrianus)
1462 4726 1786 4773 “monimen-

188 4787 436 4910 ῗᾶιέηἶ.
480 4784 711 4855 putabat,
736 4788 825 4843 sed
871 4784 1183 4855 argumentis
1210 4792 1257 4837 et
1286 4783 1484 4837 ratione
1510 4786 1677 4854 fuerat
1704 4796 1787 4835 re-

338 4875 352 4909 ι
391 4873 474 4910 us.

214 4860 474 4911 'ellendus.

191 4859 593 4981 {ﬂgitium
621 4926 805 4979 divinis
827 4925 1052 4980 tribuant
1075 4924 1452 4989 auctoritatem,
1478 4940 1596 4979 cum
1613 4923 1787 4993 potius

194 4999 440 5053 Immanis
458 4997 629 5051 diuina
650 4997 933 5052 debuerint.
948 4996 1022 5053 Ita
1036 5012 1230 5052 onmes
1241 4996 1350 5050 fere
1362 5009 1496 5050 mss.
1512 5011 1578 5051 es
1595 4995 1790 5065 quibus

193 5078 329 5124 sunt
352 5069 734 5138 antiquissimi,
758 5078 825 5138 et
844 5068 873 5122 7
902 5078 1006 5124 vet.
1032 5068 1120 5124 ed.
1147 5067 1203 5122 lu
1231 5066 1446 5135 scriptis
1475 5068 1506 5122 5
1529 5076 1582 5138 et
1610 5063 1790 5120 nuiltis

195 5136 769 5209 impressis—mendum
817 5136 1048 5209 legitur:
1097 5139 1167 5195 Ut
1202 5139 1484 5192 humanam
1511 5137 1787 5209 divinistr.

195 5206 309 5265 aui.
337 5227 454 5265 cum
490 5211 665 5279 potius
690 5206 929 5265 humanis
948 5210 1171 5265 divinant
1200 5209 1498 5274 debuerint;
1550 5208 1576 5262 1
1609 5206 1789 5273 Colb.,

194 5283 485 5339 tribuerint.

278 5376 523 5503 δύψας.
550 5375 728 5431 Mss-4
740 5389 851 5430 rec.
867 5372 1055 5429 etedd.
1077 5372 1142 5428 l6
1156 5373 1375 5435 addunt,
1396 5370 1582 5426 multas
1606 5372 1795 5442 fuisse:

280 5463 327 5503 se
391 5464 458 5503 uo
483 5447 647 5503 verba
673 5462 703 5503 a
730 5445 942 5501 caeteris
961 5445 1175 5500 absunt.
1208 5444 1282 5498 De
1301 5444 1520 5503 Sibvllis
1543 5445 1657 5503 lege
1678 5458 1795 5503 qua:

244 5463 327 5503 us:
352 5444 458 5504 duo
483 5447 647 5503 verba
673 5462 709 5516 a7
730 5445 942 5501 caeteris
961 5445 1179 5516 absunt.
1208 5444 1520 5516 DeSibyllis
1543 5445 1657 5516 lege
1678 5458 1798 5516 qua;

246 5518 458 5585 iximus,
513 5528 645 5574 tom.
696 5515 743 5582 1,
788 5516 880 5570 lib.
912 5533 954 5578 ι,
983 5531 1034 5572 c.
1066 5515 1120 5571 6.
1148 5512 1483 5571 Confirmant
1534 5512 1797 5585 Lactantii

192 5582 551 5655 sententiam,
581 5604 703 5659 qure
735 5588 961 5657 plurima
986 5596 1248 5642 memorat
1284 5585 1497 5652 Suidas,
1528 5583 1667 5659 haud
1695 5582 1794 5659 du-

196 5661 291 5717 bie
316 5677 383 5717 ex
408 5656 899 5716 vetustissimorum
926 5667 1199 5715 auctorum
1234 5658 1595 5713 monumentis
1625 5656 1791 5711 colle-

198 5740 311 5790 cta.
332 5732 583 5790 Afﬁrmat
605 5731 656 5801 is
678 5730 872 5789 decem
892 5728 1090 5800 fuisse,
1118 5730 1341 5790 diversis
1368 5727 1701 5802 temporibus
1730 5734 1787 5785 et

1885 4352 2207 4425 Aristocltius
2229 4369 2250 4419 ;
2283 4354 2432 4425 pejus
2455 4355 2506 4408 in
2530 4354 2843 4425 Reg.—Put.,
2871 4352 3031 4410 Cauc.
3057 4364 3111 4411 et
3134 4356 3164 4408 7
3185 4358 3328 4425 aliis,
3358 4352 3479 4413 Arié

1885 4425 2110 4497 stonicus
2134 4440 2151 4489 ;
2174 4424 2225 4497 iu
2259 4424 2469 4497 Martn.,
2502 4424 2672 4497 Aristo
2700 4443 2860 4491 meus,
2886 4441 2986 4497 pro
3028 4424 3345 4483 Aristonicus
3374 4447 3395 4496 ;
3428 4433 3480 4484 in

1888 4496 1914 4547 1
1943 4494 2075 4550 Bon.
2107 4495 2301 4566 antiq.,
2332 4494 2502 4548 Aristo
2521 4495 2729 4550 Stoicus
2757 4513 2776 4562 ;
2807 4497 2857 4549 in
2886 4494 2919 4551 1
2956 4496 3089 4566 Reg.
3122 4512 3259 4561 rec.,
3286 4500 3321 4552 ‘2
3350 4494 3478 4555 Cul-

1886 4566 2052 4637 bert.,
2078 4565 2171 4620 ed.
2199 4565 2360 4637 Rom.
2389 4565 2902 4633 1468,.4ristoricus;
2920 4566 2972 4621 in
3001 4565 3272 4623 nummulis
3294 4570 3476 4637 editis,

1887 4635 2233 4690 Aristarchus.
2256 4636 2358 4692 Hic
2388 4637 2556 4690 Aristo
2572 4638 2747 4706 patria
2766 4638 2869 4691 fuit
2896 4637 3083 4700 illius.
3106 4638 3321 4695 Stoicus
3347 4635 3477 4695 Phi?-

1889 4706 2151 4776 losnphus
2177 4707 2286 4771 ;de
2301 4722 2410 4776 quo
2437 4707 2557 4762 vide
2588 4708 2875 4777 Diogenem
2892 4707 3198 4775 Laeuium,
3233 4710 3269 4764 Ι.
3303 4726 3384 4777 vr,
3408 4712 3476 4766 ad

1893 4779 2075 4840 tinem,
2103 4786 2159 4832 et
2188 4780 2226 4832 Ι.
2249 4794 2320 4832 vn
2345 4778 2409 4832 ad
2434 4779 2593 4834 tinem
2618 4779 2871 4857 anenis.

1964 4870 2308 4942 Apollodorus
2341 4870 2658 4943 Erythraeam
2686 4873 2956 4930 Laudatus
2996 4873 3247 5001 etiamdel.
3277 4892 3316 4941 ι,
3349 4892 3401 4934 c.
3425 4877 3480 4935 6.

3220 4963 3303 5001 ιι..

3220 4963 3303 5003 ιι..
3498 4988 3501 4995 ,

1969 5014 2242 5084 Erythras.
2274 5015 2347 5069 lla
2394 5015 2605 5084 plurinti
2638 5031 2770 5071 mss.
2803 5026 2859 5071 et
2895 5031 3084 5072 omnes
3132 5020 3284 5073 editi.
3324 5020 3478 5075 Varie

1895 5085 2004 5162 alii.
2040 5085 2137 5141 Ms.
2172 5086 2354 5162 Baluz.
2386 5087 2509 5155 legit
2542 5085 3194 5162 Erg-tltreasiliegil’utn
3230 5090 3488 5162 Erytltrea

1896 5174 1928 5210 a
1953 5157 2186 5224 Senatu;
2212 5158 2247 5212 Ξ
2276 5174 2383 5213 rec.
2428 5167 2481 5211 et
2506 5156 2593 5212 ed.
2624 5158 2779 5212 Rom.
2806 5156 3341 5224 leErit/treosﬂ
3368 5163 3492 5219 Col—

1896 5229 2064 5303 ξονι,
2118 5227 2605 5303 gritltros;_Bon.,
2645 5229 2672 5303 1
2709 5228 3096 5303 Deg.,_Brun.,
3150 5229 3381 5303 Erythro
3411 5252 3429 5300 ,'
3456 5237 3483 5290 1

1898 5297 2077 5364 Colh.,
2114 5298 2383 5365 Eritltreo;
2420 5300 2445 5355 1
2481 5299 2615 5356 alter
2636 5297 2811 5363 Colb.,
2849 5300 3079 5356 Erit/reo.

1979 5369 2398 5441 Deportarentur.
2435 5370 2528 5427 Vel
2558 5371 2899 5441 deportarent.

1973 5439 2216 5514 Consules
2242 5441 2393 5497 Curio
2431 5452 2475 5497 et
2518 5439 2787 5514 Octavius.
2817 5443 2964 5511 Lips.
3021 5454 3171 5514 tert.,
3226 5445 3490 5514 Reimtn.,

1905 5513 2084 5580 Rost.,
2139 5510 2467 5567 Octavianus.
2514 5514 2702 5567 Pravo.
2757 5510 2923 5570 Curio
2949 5525 3005 5570 et
3032 5510 3286 5573 Octavius
3335 5510 3489 5574 luere

1904 5583 2151 5639 consules
2180 5580 2478 5652 anno,U.C.
2496 5583 2619 5640 678.
2649 5583 2783 5640 Buu.

1966 5654 2031 5722 ρ.
2059 5653 2506 5727 Catuloaltamss.
2535 5665 2591 5712 et
2612 5656 2791 5727 plures
2814 5656 2965 5727 editi;
2994 5671 3093 5713 nec
3116 5655 3279 5714 aliter
3297 5655 3500 5715 Cicero

1891 5724 1987 5787 lib.
2010 5741 2050 5784 u
2071 5734 2126 5786 et
2152 5741 2227 5791 tu
2252 5723 2320 5784 de
2341 5724 2592 5786 Oratore.
2613 5723 2749 5785 'Alii
2768 5768 2785 5798 ,
2814 5724 3038 5784 Catullo.
