3912 6256
191 386 288 448 145

1488 383 1696 440 LIBER
1737 383 1827 441 DE
1865 384 1986 442 IRA
2024 384 2159 440 DEI.

3385 388 3492 444 146

188 505 272 576 qui
320 500 482 560 Deum
527 507 712 573 putant
749 499 866 555 sine
902 500 1011 568 ira;
1061 506 1115 554 et
1143 498 1287 554 inter
1329 507 1556 554 etetcras
1587 497 1778 554 laudes
1803 505 1856 564 Α
1884 514 1986 570 qua
2031 506 2243 555 constat
2270 499 2578 570 imperium,
2609 500 2808 558 habeat
2835 513 3059 558 necesse
3086 507 3188 557 est.
3216 501 3495 574 Quapmp-

188 599 298 667 ejus
321 595 372 652 id
411 603 634 666 ponunt,
664 591 803 662 quod
849 601 934 648 est
971 591 1395 658 inutilissimum,
1428 590 1776 647 detrahentes

190 691 259 756 ei,
289 686 423 759 quod
452 697 534 741 est
581 684 739 739 rebus
789 683 1038 738 humanis
1090 683 1324 737 maxime
1365 680 1631 747 salutare,
1676 696 1776 750 per

193 781 327 853 quod
352 786 550 836 constat
579 776 688 847 ipsa
717 775 988 844 majestas.
1028 773 1271 844 Regnum
1300 771 1402 827 hoc
1439 771 1756 842 imperium-

191 889 292 946 que
322 881 574 928 terrenum
605 868 706 923 nisi
749 877 927 924 metus
965 865 1256 933 custodiat,
1305 864 1552 920 solvitur.
1600 863 1767 918 Aufer

193 968 318 1023 iram
347 965 466 1034 regi,
490 977 594 1017 non
619 959 777 1015 modo
799 974 958 1015 nemo
979 957 1206 1029 parebit,
1235 955 1331 1013 sed
1355 957 1515 1012 etiam
1547 955 1615 1011 de
1644 953 1754 1011 fas-

194 1059 313 1130 tigio
335 1053 762 1126 prmcipitabitur.
794 1051 908 1106 Imo
949 1065 1080 1106 vero
1127 1049 1348 1106 cuilibet
1393 1047 1580 1103 humili
1612 1047 1764 1119 eripe

189 1151 318 1206 hunc
354 1147 617 1210 affectum,
643 1144 763 1215 quis
787 1159 910 1198 eum
941 1158 1048 1198 non
1075 1141 1360 1212 spoliabit?
1390 1141 1510 1211 quis
1539 1156 1645 1195 non
1674 1140 1773 1196 de-

184 1239 393 1298 ridebit?
426 1238 546 1309 quis
571 1252 675 1293 non
705 1235 904 1292 afficiet
932 1234 1161 1307 injuria?
1190 1233 1266 1290 Ita
1295 1248 1395 1290 nec
1423 1234 1760 1299 indumenta,

182 1349 272 1391 nec
291 1331 487 1396 sedem,
517 1345 616 1386 nec
641 1331 837 1385 victum
870 1330 1066 1399 poterit
1109 1328 1328 1395 habere,
1356 1328 1474 1383 aliis
1497 1328 1762 1399 quidquid

182 1424 409 1481 habuerit
433 1421 848 1493 diripientibus;
881 1421 1076 1475 nedum
1107 1429 1352 1488 putemus
1391 1421 1628 1475 caelestis
1659 1419 1764 1474 im—

184 1519 302 1590 perii
344 1517 674 1586 majestatem
712 1515 829 1570 sine
874 1515 954 1569 ira
998 1523 1052 1570 et
1094 1523 1237 1568 metu
1269 1527 1429 1582 posse
1453 1513 1770 1568 consistere.

183 1609 357 1689 Apollo
395 1607 656 1672 Milesius,
697 1607 764 1662 de
803 1605 1110 1662 Judzeorum
1157 1604 1414 1676 religione
1450 1604 1750 1672 consultus,

183 1715 416 1771 reSponso
443 1699 545 1755 hoc
574 1699 792 1755 indidit:

346 1818 422 1867 ύδὶ
436 1827 528 1866 Θιὸν
549 1827 715 1876 βασιλῆα
737 1827 801 1864 ιιὶ
818 1829 1018 1877 gustarit».
1039 1826 1109 1876 πρὸ
1131 1825 1290 1870 πάντων,

353 1880 402 1929 ὃν
426 1893 602 1942 τριμτιι
619 1891 680 1928 καὶ
701 1894 804 1939 γαῖα,
821 1890 884 1926 καὶ
901 1889 1066 1938 οὐρανὸς,
1080 1884 1148 1935 ῆδι
1167 1888 1355 1933 θάλασσα,

347 1947 561 2002 Ταρτάριοί
587 1967 628 1991 ss
649 1954 780 2004 μυχοὶ,
801 1951 864 1990 καὶ
884 1947 1052 2001 ciuitatith
1077 1952 1338 2002 ιιφρίττουσιν.

247 2068 298 2126 Si
327 2076 431 2123 tam
454 2067 596 2123 lenis
621 2076 724 2134 est,
753 2081 911 2138 quam
938 2066 1238 2136 philoSOphi
1269 2065 1474 2132 volunt,
1494 2065 1768 2137 quomodo

185 2161 242 2216 ad
269 2170 442 2216 nutum
471 2159 594 2230 ejus
615 2176 719 2213 non
753 2159 912 2214 modo
941 2158 1236 2223 daemones,
1275 2168 1330 2214 et
1355 2159 1581 2213 ministri
1612 2167 1777 2215 tantm

185 2251 460 2323 potestatis,
486 2251 587 2307 sed
608 2252 766 2306 etiam
786 2253 1004 2317 coelum,
1032 2260 1086 2305 et
1115 2259 1276 2318 terra,
1306 2259 1360 2306 et
1379 2266 1560 2305 rerum
1587 2259 1776 2306 natura

185 2347 340 2400 omnis
364 2344 766 2400 contremiscit?
816 2344 872 2400 Si
913 2345 1056 2400 enim
1085 2344 1264 2399 nullus
1290 2344 1445 2400 alteri
1474 2345 1639 2402 servit
1668 2343 1775 2400 nisi

185 2448 404 2504 coactus,
446 2452 615 2492 omne
645 2438 804 2507 igitur
833 2437 1116 2507 imperium
1149 2446 1298 2493 metu
1328 2445 1571 2493 constat:
1603 2448 1778 2492 metus

184 2541 345 2588 autem
370 2547 461 2602 per
480 2531 658 2586 iram:
691 2545 815 2584 nam
844 2530 890 2584 si
921 2545 1026 2584 non
1055 2538 1333 2584 moveatur
1363 2531 1481 2600 quis
1517 2529 1776 2583 adversus

184 2637 360 2693 parere
399 2621 698 2687 nolentem,
751 2635 854 2675 nec
900 2620 1018 2691 cogi
1064 2619 1263 2689 poterit
1305 2618 1771 2689 ad'obsequium.

185 2713 418 2770 Consulat
463 2715 836 2785 unusquisque
879 2712 1101 2768 affectus
1137 2728 1300 2768 suos:
1345 2714 1454 2783 jam
1507 2713 1770 2783 intelliget

184 2808 432 2864 neminem
463 2823 631 2878 posse
663 2806 781 2862 sine
812 2807 888 2862 ira
918 2816 973 2862 et
1017 2807 1364 2878 castigatione
1394 2807 1618 2876 imperio
1644 2806 1770 2862 sub—

178 2899 354 2971 jugari.
403 2901 510 2972 Ubi,
538 2915 676 2972 ergo
719 2901 797 2955 ira
838 2915 946 2955 non
988 2900 1179 2966 fuerit,
1229 2900 1514 2972 imperium
1551 2915 1769 2972 quoque

181 3009 278 3051 non
301 2995 417 3051 erit.
447 2996 602 3052 Deus
625 3003 801 3051 autem
833 2994 993 3050 habet
1016 2995 1332 3065 imperium;
1363 3010 1490 3066 ergo
1516 3005 1570 3050 et
1608 2995 1763 3063 iram,

1880 607 1963 653 ter
1990 606 2153 648 nemo
2193 593 2591 663 vaniloquentia
2638 594 3083 666 philosophorum
3124 595 3376 651 inductus
3421 599 3490 654 ad

1874 694 2244 755 contemptum
2283 700 2343 741 se
2371 686 2465 742 Dei
2496 687 2738 753 erudiat;
2767 688 2908 759 quod
2941 697 3024 744 est
3067 688 3364 744 maximum
3395 706 3496 745 ne-

1874 774 1978 832 fas.
2016 776 2286 832 Debemus
2311 778 2454 832 hunc
2481 793 2672 834 omnes
2695 789 2748 834 et
2777 794 2982 846 amare,
3012 779 3155 851 quod
3196 789 3348 849 pater
3371 789 3486 846 est;

1876 877 1930 922 et
1968 869 2167 936 vereri,
2209 867 2351 938 quod
2389 869 2675 935 dominus;
2726 879 2782 925 et
2811 870 3188 938 honorificare,
3216 873 3360 944 quod
3393 874 3494 930 be-

1876 957 2113 1024 neﬁcus;
2157 969 2214 1015 et
2242 968 2506 1026 metuere,
2544 960 2687 1030 quod
2718 975 2977 1016 severus:
3006 970 3233 1033 utraque
3259 979 3495 1034 persona

1879 1049 1934 1104 in
1961 1064 2028 1106 eo
2049 1051 2394 1106 venerabilis.
2423 1050 2558 1118 Quis
2570 1051 2716 1107 salva
2743 1053 2944 1122 pietate
2962 1067 3068 1108 non
3087 1053 3276 1125 diligat
3299 1056 3495 1112 anima:

1877 1157 1992 1198 suae
2022 1144 2341 1213 parentem?
2368 1153 2460 1198 aut
2487 1144 2609 1213 quis
2637 1145 2858 1216 impune
2883 1154 3198 1201 contemnat
3223 1161 3370 1214 eum,
3403 1143 3496 1218 qui

1876 1249 2057 1290 rerum
2089 1233 2413 1300 dominator,
2449 1233 2643 1290 habeat
2691 1235 2745 1289 in
2788 1249 2979 1291 omnes
3029 1251 3209 1292 veram
3241 1247 3296 1294 et
3335 1247 3496 1294 mter-

1876 1341 2002 1382 nam
2034 1327 2390 1396 potestatem?
2414 1325 2469 1382 Si
2501 1336 2705 1396 patrem
2733 1327 3070 1396 consideres,
3112 1338 3290 1385 ortutn
3337 1331 3496 1388 nobis

1877 1419 1947 1474 ad
1976 1419 2176 1484 lucem,
2221 1433 2328 1490 qua
2369 1418 2618 1487 fruimur,
2657 1419 3056 1476 subministrat:
3090 1437 3188 1493 per
3231 1423 3385 1480 illum
3415 1425 3498 1480 vi-

1883 1511 2081 1576 vimus,
2111 1525 2208 1581 per
2255 1511 2405 1566 illum
2438 1512 2491 1566 in
2522 1511 2810 1582 hospitium
2851 1512 3011 1583 hujus
3041 1515 3227 1570 mundi
3273 1517 3498 1574 intravi-

1881 1617 2023 1658 mus.
2056 1603 2113 1659 Si
2145 1603 2313 1658 Deum
2338 1603 2564 1674 cogites,
2589 1603 2679 1660 ille
2699 1619 2799 1660 nos
2819 1605 3301 1664 innumerabilibus
3328 1611 3500 1680 copiis

1881 1695 1998 1764 alit,
2032 1694 2120 1750 ille
2151 1704 2436 1763 sustentat,
2481 1695 2536 1752 in
2583 1696 2742 1768 hujus
2781 1697 2941 1753 domo
2968 1699 3296 1768 habitamus,
3331 1703 3493 1773 hujus

1877 1787 2082 1842 familia
2105 1802 2328 1854 sumus;
2355 1797 2410 1843 et
2429 1792 2473 1842 si
2491 1788 2668 1844 minus
2693 1789 3024 1860 obsequens,
3056 1783 3230 1862 quam'
3243 1791 3496 1859 decebat,

1803 1896 1854 1957 Β
1880 1882 2166 1953 minusque
2193 1881 2456 1949 officiosa,
2485 1897 2645 1954 quam
2675 1882 2878 1939 domini
2908 1894 2963 1939 et
2987 1878 3236 1954 parentis
3267 1888 3497 1942 immor-

1880 1973 2007 2029 talia
2041 1973 2230 2029 merita
2261 1975 2589 2043 poscebant:
2634 1982 2811 2030 tamen
2857 1976 3146 2046 plurimum
3178 1978 3388 2048 prolicit
3423 1980 3494 2035 ad

1881 2069 2096 2122 veniam
2129 2067 2590 2138 consequendam,
2633 2069 2678 2122 si
2709 2068 2912 2124 cultum
2951 2070 3068 2138 ejus
3113 2071 3500 2142 notionemque

1879 2168 2196 2225 teneamus;
2253 2160 2297 2214 si
2324 2160 2549 2230 abjectis
2579 2161 2870 2216 humilibus
2912 2162 3248 2234 terrenisque
3277 2172 3383 2218 tam
3413 2179 3500 2220 rc-

1879 2251 2001 2317 bus,
2031 2266 2197 2323 quam
2228 2251 2406 2317 bonis,
2453 2251 2694 2307 cmlestia
2721 2260 2777 2307 et
2799 2252 2980 2307 divina
3021 2255 3347 2326 sempiterna
3379 2271 3498 2312 me-

1878 2345 2131 2401 ditemur.
2180 2344 2331 2412 Quod
2375 2353 2432 2399 ut
2466 2343 2645 2400 facere
2687 2344 2976 2414 possimus,
3021 2345 3165 2401 Deus
3206 2347 3364 2402 nobis
3409 2362 3496 2403 se-

1879 2439 2130 2511 quendus
2158 2447 2277 2505 est,
2306 2439 2449 2496 Deus
2474 2437 2785 2493 adorandus
2813 2447 2867 2493 et
2896 2437 3198 2509 diligendus
3223 2448 3338 2505 est;
3362 2456 3499 2512 quo-

1878 2532 2026 2586 niam
2066 2531 2121 2584 in
2164 2545 2230 2584 eo
2256 2538 2340 2585 est
2365 2529 2588 2586 materia
2619 2544 2824 2596 rerum,
2856 2538 2911 2585 et
2946 2530 3084 2585 ratio
3113 2530 3393 2597 virtutum,
3437 2541 3496 2588 ct

1879 2621 2000 2678 fons
2026 2623 2312 2678 bonorum.
2409 2684 2413 2690 ,

1948 2713 2086 2780 Quid
2115 2713 2256 2767 enim
2288 2713 2398 2767 Deo
2424 2720 2516 2766 aut
2540 2712 2778 2782 potentia
2813 2711 2986 2782 majus
3013 2721 3121 2780 est,
3151 2721 3245 2769 aut
3282 2715 3493 2776 ratione

1878 2803 2193 2876 perfectius,
2223 2812 2315 2858 aut
2335 2803 2579 2858 claritate
2601 2803 2966 2860 luculentius?
2997 2805 3099 2873 Qui
3117 2805 3371 2876 quoniam
3393 2821 3491 2862 nos

1875 2900 1943 2954 ad
1992 2899 2309 2970 sapientiam
2340 2899 2558 2968 genuit,
2614 2897 2681 2951 ad
2719 2897 2982 2967 justitiam
3015 2900 3351 2968 procreavit;
3385 2916 3491 2955 non

1875 3000 1958 3048 est
1984 2992 2064 3047 fas
2096 2991 2390 3057 hominem,
2419 2989 2608 3046 relicto
2634 2990 2745 3046 Deo
2775 2972 3004 3056 sensus;
3020 3005 3087 3046 ac
3121 2991 3246 3047 vitae
3274 2993 3489 3058 datore,

1485 3107 1860 3166 VARIORUM
1888 3105 2128 3164 NOTAE.

181 3226 323 3290 Omne
341 3238 500 3289 genus
515 3227 793 3287 hominum,
826 3228 974 3277 vitam
992 3232 1046 3276 et
1061 3234 1267 3290 gentem
1291 3226 1648 3288 impudentem,

182 3289 369 3353 Oportet
382 3302 551 3340 amare
571 3291 852 3352 genitorem
872 3290 1031 3340 Deum
1051 3289 1332 3353 sapientem
1350 3290 1432 3352 qui
1451 3302 1651 3352 semper
1665 3296 1760 3339 est.

244 3393 361 3464 Sine
379 3397 476 3449 ira.
500 3395 772 3450 lleuman.
803 3395 932 3464 legit
956 3396 1064 3450 sine
1082 3396 1160 3449 ira
1183 3413 1310 3451 esse.

243 3463 304 3518 Id
331 3476 596 3534 ponunt...
622 3483 712 3533 per
741 3463 878 3534 quod
901 3476 1095 3520 constat
1117 3467 1231 3536 ipsa
1258 3468 1520 3536 maiestas.
1550 3466 1637 3523 Sic
1669 3467 1766 3521 ha-

182 3532 297 3608 bent
322 3532 544 3608 uterque
573 3532 811 3602 nouom,
857 3536 1015 3601 Tax.,
1065 3532 1194 3592 Pen.
1224 3538 1281 3592 In
1313 3532 1487 3606 Lips.,
1513 3537 1548 3590 9.
1578 3539 1769 3605 Brun.,

182 3603 304 3661 Ultr.
323 3603 575 3678 aliisque,
600 3609 820 3662 mutilus
846 3619 925 3662 est
954 3609 1122 3673 locus,
1151 3618 1205 3663 et
1226 3610 1303 3663 sic
1329 3603 1552 3677 legitur:
1580 3609 1634 3661 id
1663 3603 1774 3676 po—l

182 3688 290 3750 nunt
313 3682 444 3749 quod
478 3689 556 3733 est
599 3687 773 3732 contra
803 3679 967 3750 ipsam
1015 3682 1351 3748 majestatenu
1395 3679 1626 3750 Regnum
1652 3679 1766 3734 hoc.

183 3745 352 3804 Imus.
377 3779 448 3791 —
474 3750 534 3805 ln
565 3745 854 3804 veterrima
881 3745 1205 3819 Regio-Plit.
1240 3750 1412 3815 est,id
1429 3745 1776 3819 ponuntquod

183 3830 246 3871 est
271 3831 458 3875 constat
494 3823 614 3887 ipsa
641 3821 900 3889 maiestas.
955 3821 1154 3875 Desunt
1183 3822 1343 3876 verba
1389 3821 1702 3875 intermedia
1739 3837 1770 3876 a

185 3892 344 3956 primo
365 3892 499 3960 quod
519 3907 694 3961 usque
709 3891 776 3946 ad
811 3893 1022 3946 tertium
1041 3893 1199 3962 quod.
1229 3893 1283 3945 In
1308 3907 1413 3962 quo
1440 3901 1584 3961 patet
1608 3890 1772 3946 fuisse

185 3965 506 4032 amanuensis
534 3971 800 4028 erratum,
845 3978 914 4018 ex
946 3964 1306 4032 praetermissa
1351 3962 1511 4017 linea.
1549 3962 1771 4017 Videtur

185 4030 474 4090 Lactantius
494 4033 805 4102 respexisse
826 4033 893 4087 ad
915 4030 976 4087 ea
1006 4049 1124 4103 qua:
1148 4033 1314 4088 habet
1332 4035 1431 4087 sub
1453 4033 1613 4086 finem
1645 4047 1766 4101 cap.

185 4103 243 4155 l7
267 4118 442 4175 supra,
465 4105 559 4159 ubi
590 4106 665 4157 ait
688 4104 758 4159 de
788 4104 888 4168 ira,
918 4105 1038 4173 quia
1065 4104 1207 4158 utilis
1247 4117 1317 4159 est
1348 4105 1500 4158 rebus
1532 4105 1768 4159 humanis

183 4182 226 4226 et
259 4175 734 4246 necessaria.—ldr
768 4187 961 4242 ponunt
989 4217 1002 4242 ,
1049 4177 1186 4246 quod
1216 4186 1304 4246 est
1350 4175 1764 4242 inutilissimum,

184 4246 481 4301 detrahentes
507 4248 578 4310 ei,
600 4245 738 4317 quod
755 4257 825 4299 est
845 4247 993 4301 rebus
1015 4245 1250 4317 humanis
1277 4248 1496 4300 maxime
1512 4246 1765 4317 salutare,

186 4331 266 4384 per
287 4317 415 4385 quod
457 4315 658 4370 constat
687 4319 799 4386 ipsa
839 4319 1097 4385 majeslas.
1143 4316 1258 4371 Non
1297 4334 1458 4370 ausus
1501 4315 1573 4370 fui
1606 4332 1766 4385 repu-

185 4386 320 4441 diare
357 4388 490 4442 hanc
541 4387 786 4442 codicum
833 4403 896 4441 ex
951 4389 1201 4442 omnibus
1251 4387 1765 4456 antiquissimorum,

183 4456 394 4528 duorum
419 4459 626 4513 scilicet
652 4458 1066 4513 Bononiensiunt
1090 4499 1106 4523 ,
1137 4467 1192 4512 et
1231 4458 1544 4528 Taxaqnctii
1577 4468 1631 4512 et
1668 4457 1770 4512 Pe-

187 4527 296 4601 niae,
318 4543 382 4583 ex
410 4530 608 4598 quibus
644 4529 983 4601 Thomasius,
1021 4529 1205 4594 Ismus,
1238 4527 1407 4601 Thys.’
1432 4528 1570 4584 Gall.
1605 4528 1770 4600 Spar-

184 4596 291 4669 ltius
314 4609 365 4652 et
388 4596 474 4654 ed.
504 4601 756 4655 Cantabr.
783 4599 836 4654 in
868 4609 1068 4654 textum
1091 4596 1430 4669 receperunt.

247 4668 346 4726 Ἠδὶ
365 4673 506 4726 Θεὸν.
531 4670 742 4726 Latine:

324 4783 386 4850 Ijlt
407 4784 570 4835 Deum
594 4785 785 4848 Regem
807 4791 865 4850 et
887 4788 1171 4846 genitorem
1194 4784 1270 4850 (l)
1295 4789 1529 4850 omnium,

327 4847 484 4911 Quem
508 4847 840 4911 contremiscit
863 4857 1014 4911 terra,
1038 4855 1090 4897 et
1114 4847 1290 4897 uelum
1315 4861 1370 4897 ac
1393 4847 1549 4908 mare,

325 4909 675 4973 Tartarezeque
699 4909 901 4960 latebrae
923 4918 975 4959 et
996 4909 1246 4960 daemones
1269 4911 1559 4960 horrescunt

255 5031 425 5087 Tanta:
467 5035 748 5103 potestatis.
780 5034 893 5088 Non
925 5035 1241 5090 inconcinne
1266 5033 1394 5102 legit
1424 5033 1770 5090 Heumannus

190 5099 433 5158 Tartareis
469 5099 771 5174 potestatis;
817 5105 957 5174 qund
999 5099 1550 5174 exprimitur'vocula
1593 5122 1766 5174 grzcca

189 5175 766 5251 ιτοιρτᾴφεοι.-Μξηίεινὶ⁸
783 5186 934 5251 tanta:
961 5177 1234 5251 potestatis.
1261 5177 1370 5251 Ego
1390 5189 1568 5251 servo,
1597 5187 1769 5241 tantae,

193 5246 264 5296 sc.
293 5246 470 5300 divinae
512 5247 812 5314 majestatis.
863 5247 993 5300 Nam
1025 5247 1152 5300 dicit
1197 5247 1367 5312 infra;
1396 5247 1463 5302 de
1497 5249 1594 5301 hac
1625 5258 1772 5303 tanta

195 5323 475 5380 potestate:
501 5319 598 5385 Qui
641 5332 819 5372 rerum
849 5317 1134 5370 dominator
1164 5317 1355 5372 habeat
1385 5319 1436 5372 in
1465 5333 1652 5373 omnes
1681 5334 1775 5373 ve-

197 5396 303 5458 !‘alp
337 5395 386 5442 et
425 5398 676 5444 aeternam
716 5397 1030 5458 potestatem.
1063 5386 1218 5442 Coaf.
1260 5403 1442 5458 supra.
1492 5391 1774 5445 Daemones

199 5450 345 5529 hujus
369 5466 522 5513 tanta:
550 5450 829 5529 potestatis
855 5460 1105 5512 dicuntur
1135 5461 1283 5529 regni
1313 5450 1566 5515 ministri.
1601 5461 1732 5514 Dus.

230 5524 399 5606 “Metu
425 5524 636 5584 constat.
661 5528 716 5583 Id
745 5529 891 5584 dicas
909 5529 980 5606 de
1010 5524 1236 5606 terrenti
1245 5532 1494 5606 imperio,
1525 5531 1666 5606 quod
1701 5532 1774 5587 le-

197 5593 340 5716 gibus
363 5608 417 5653 et
451 5612 589 5655 metu
636 5610 877 5655 constat:
909 5591 1159 5654 'attamen
1207 5591 1340 5655 dicit'
1361 5591 1662 5655 Livius'lib.
1695 5618 1772 5656 it:

233 5670 415 5716 moerin
456 5671 619 5716 lentim
660 5673 943 5716 ualentiora
982 5682 1099 5716 sunt
1145 5687 1294 5716 Immin
1338 5673 1616 5716 hominum-
1657 5673 1772 5716 Non

233 5670 415 5735 mperia
456 5671 619 5742 legum
660 5673 943 5738 potentiora
982 5682 1099 5726 sunt
1145 5687 1294 5742 quant
1337 5673 1616 5726 hominum.
1657 5673 1773 5728 Non

219 5795 1761 5818 ww

257 5854 327 5914 (I)
358 5855 472 5906 Mss.
493 5858 684 5922 Balu_z.,
707 5858 862 5922 Bruti.
892 5866 942 5907 et
981 5858 1064 5906 ed.
1100 5858 1241 5908 Rom.
1269 5859 1411 5922 N70,
1438 5872 1526 5920 pro
1550 5860 1774 5922 omnium,

201 5911 365 5976 legunt
383 5924 486 5969 ante
503 5911 681 5984 omnia,
704 5921 843 5981 juxta
865 5933 1074 5983 graecum
1099 5934 1165 5984 τρὸ
1187 5935 1341 5973 πάντων.

1791 4592 1845 4652 D

1793 3228 1839 3293 C
1870 3223 2019 3280 idem
2044 3232 2129 3279 est
2151 3223 2220 3279 de
2241 3224 2446 3280 caelesti
2475 3224 2723 3294 imperio,
2757 3224 2898 3294 quod
2925 3239 3076 3281 amor
3100 3233 3154 3281 et
3184 3239 3280 3295 spe
3303 3227 3482 3294 potius

1869 3310 2030 3364 quam
2056 3305 2201 3351 metu
2229 3297 2555 3351 continetur.
2587 3296 2694 3350 Lex
2743 3296 2971 3363 pmnalis
3000 3307 3055 3351 et
3085 3307 3259 3352 metus
3289 3298 3342 3351 in
3385 3315 3480 3354 rc-

1871 3365 2070 3436 ligione
2124 3381 2243 3438 non
2277 3375 2402 3420 sunt
2445 3366 2553 3438 nisi
2589 3382 2688 3438 pro
2732 3367 2982 3434 injustis,
3027 3369 3151 3438 quia
3207 3369 3376 3438 gratia
3426 3379 3484 3425 ct

1874 3451 2061 3492 amore
2084 3453 2182 3492 seu
2213 3437 2405 3493 timore
2435 3436 2576 3490 liliali
2600 3437 2777 3506 justus
2796 3438 3026 3493 ducitur.

1956 3507 2324 3576 Quapropter,
2347 3516 2452 3562 etc.
2495 3507 2591 3561 Hic
2633 3511 2684 3561 in
2730 3525 2859 3561 mss.
2893 3513 2926 3563 4
2954 3507 3216 3574 Colbert.,
3246 3509 3479 3565 Clarom.

1875 3585 1932 3651 et
1980 3577 2104 3632 edd.
2148 3578 2302 3632 Rom.
2353 3577 2512 3651 1470,
2571 3577 2730 3651 1474,
2780 3579 3028 3651 Parrhas.
3076 3590 3130 3634 et
3181 3581 3247 3635 Is.
3299 3582 3487 3651 incipit

1876 3647 2044 3718 Caput
2069 3661 2217 3702 xstv.
2247 3648 2387 3717 quod
2418 3649 2600 3702 caeteri
2627 3649 2888 3718 superiori
2908 3661 3257 3704 connectunt.

1959 3717 2366 3789 Vaniloquentia.
2397 3718 2452 3772 In
2494 3717 2722 3772 Beimm.
2753 3733 2884 3772 vana
2927 3721 3212 3786 eloquentia
3240 3731 3323 3775 est
3361 3737 3485 3775 cor-

1876 3799 2081 3844 rectum
2109 3806 2240 3843 t'ana
2271 3789 2543 3859 loquentia.
2590 3789 2829 3859 Recepta
2856 3800 2938 3845 est
2965 3790 3156 3858 Plauti,
3187 3791 3343 3853 Livii,
3377 3792 3480 3846 Ta-

1875 3861 1968 3916 citi
1993 3876 2116 3914 vox.
3241 3862 3371 3917 Bon.

1953 3931 2180 3996 Utraque
2200 3947 2416 4000 persona
2443 3932 2496 3985 in
2524 3947 2584 3986 eo
2608 3930 2928 3986 venerabilis.
2954 3930 3067 3986 Hoc
3093 3941 3196 3998 est,
3231 3933 3482 3987 venerari

1876 4017 1998 4057 eum
2040 4001 2320 4064 debemus,
2362 4017 2468 4056 non
2511 4003 2684 4055 solum
2721 4002 2866 4055 velut
2909 4013 3114 4072 patrem
3146 4003 3469 4067 beneficum,

1874 4073 1969 4127 sed
1992 4075 2152 4127 etiam
2179 4082 2425 4142 tanquam
2455 4087 2702 4127 severum
2725 4073 3023 4127 dominum.
3055 4073 3109 4127 Id
3132 4074 3242 4142 jam
3265 4074 3481 4129 dixerat

1875 4142 2184 4197 Lactantius
2214 4143 2386 4197 Divin.
2416 4143 2644 4197 lnstitut.
2675 4144 2836 4198 lih.tv
2857 4159 2974 4213 cap.
3004 4143 3038 4196 4
3058 4144 3232 4210 initio,
3256 4145 3438 4198 ubiait
3465 4161 3482 4198 :

1878 4213 2134 4286 Quoniam
2152 4224 2417 4285 utramque
2438 4231 2706 4283 personam
2737 4216 2948 4270 sustinet
2971 4214 3158 4286 (Deus)
3184 4226 3230 4269 et
3253 4217 3413 4283 patris
3434 4224 3483 4268 et

1872 4283 2104 4351 Domini,
2131 4295 2177 4338 ct
2213 4283 2386 4340 amare
2404 4303 2536 4356 eum
2565 4286 2822 4352 debemus,
2858 4283 2989 4356 quia
3012 4287 3110 4354 ﬁlii
3128 4283 3324 4351 sumus,
3350 4297 3396 4340 et
3417 4286 3484 4338 ti-

1871 4371 2026 4420 mere,
2055 4356 2176 4423 quia
2201 4357 2350 4410 servi.
2376 4355 2727 4411 Heuuannus.

1951 4426 2168 4497 Habeat.
2201 4426 2460 4480 lleuman.
2487 4429 2612 4497 legit
2642 4427 2810 4480 liabet.

1945 4497 2006 4551 Si
2046 4495 2212 4550 Deum
2248 4499 2454 4566 cogites.
2490 4495 2563 4551 Ita
2605 4498 2819 4565 quidem
2851 4497 2969 4550 libri
3004 4511 3223 4552 omnes:
3256 4495 3475 4552 mallem

1873 4581 1992 4622 cum
2018 4567 2230 4621 Davisio
2255 4570 2319 4620 ad
2351 4569 2490 4638 Epit.
2523 4581 2572 4621 c.
2604 4569 2692 4638 70.
2725 4570 2768 4622 si
2803 4569 3066 4621 dominum
3095 4569 3313 4638 cogites;
3341 4583 3469 4622 mox

1870 4638 2012 4692 enim
2042 4638 2233 4690 domini
2253 4647 2296 4691 et
2319 4637 2739 4705 parentis.Conl’.
2767 4638 2802 4691 1.
2828 4656 2865 4700 t,
2893 4653 2940 4692 c.
2966 4639 3020 4691 7.
3046 4637 3176 4692 BUN.

1946 4707 2201 4776 Ofﬁciosa.
2232 4707 2466 4762 Subaudi
2496 4709 2713 4776 familia.
2751 4709 3101 4764 “summus.

2002 4777 2238 4833 otionem.
2284 4787 2492 4834 Γνῶσιν.
2538 4777 2656 4833 Vid.
2704 4788 2814 4834 not.
2860 4779 2897 4833 l.
2946 4795 2982 4833 tt
3025 4778 3182 4845 Inst.,
3212 4780 3383 4845 c.15,
3415 4791 3476 4837 et

1870 4850 1908 4905 Ι.
1933 4866 1985 4916 v,
2017 4865 2068 4904 c.
2105 4848 2188 4903 l4.
2223 4850 2356 4905 Bon.

1944 4921 2175 4992 Caelestia
2205 4931 2249 4974 et
2277 4921 2445 4992 diuina
2471 4920 2774 4992 sempiterna
2804 4921 3122 4992 meditemur.
3150 4919 3224 4975 Ita
3255 4937 3386 4977 mss.
3415 4932 3474 4978 et

1872 4993 2019 5048 editi.
2050 4989 2308 5046 Francius
2330 4989 2588 5062 legebat,
2616 5001 2662 5046 et
2704 4993 3024 5062 sempiterna,
3075 4991 3214 5062 sicut
3248 5004 3302 5047 et
3331 4994 3477 5049 ch-

1872 5079 2120 5128 mannus,
2159 5063 2247 5132 qui
2291 5060 2642 5116 omittendum
2691 5060 2839 5132 putat
2876 5060 3380 5119 divina.—Caelestia
3427 5075 3479 5120 et

1874 5135 2044 5187 divina
2065 5135 2388 5198 sempiterna.
2422 5135 2509 5188 Sic
2538 5148 2726 5188 omnes
2755 5133 2894 5197 libri.
2946 5133 3159 5190 mallem
3189 5145 3231 5186 et
3263 5137 3470 5202 t-jecto:

1874 5205 2118 5270 cmlestia,
2151 5206 2344 5269 divina,
2372 5205 2710 5274 sempiterna;
2740 5204 2844 5259 nisi
2881 5204 3019 5260 forte
3045 5205 3348 5273 sempiterna
3376 5224 3474 5262 ex-

1873 5278 2061 5346 plicas,
2091 5291 2211 5344 qua:
2232 5276 2553 5345 sempiterna
2581 5284 2723 5332 sunt.
2755 5275 2888 5346 Bua.

1947 5345 2015 5400 Et
2058 5347 2346 5416 diligendus
2385 5358 2476 5400 est.
2511 5347 2676 5401 Abest
2714 5361 2744 5400 a
2783 5345 2849 5399 I4
2889 5359 3020 5401 mss.
3064 5346 3205 5402 inter
3230 5363 3363 5416 quos
3390 5357 3474 5403 est

1875 5417 2188 5486 Begio—Put.
2214 5427 2268 5472 et
2294 5433 2322 5471 a
2361 5418 2427 5473 ll)
2462 5418 2705 5488 vulgatis.
2739 5417 2846 5472 Sed
2868 5433 2934 5472 ex
2961 5418 3171 5473 caeteris
3203 5434 3471 5488 reponen-

1875 5489 2002 5542 dum
2041 5499 2093 5542 et
2119 5488 2481 5549 retinendum,
2513 5499 2570 5541 ut
2592 5489 2684 5542 ﬁat
2710 5489 2779 5543 ad
2810 5489 2909 5543 tria
2939 5489 3216 5558 sequentia
3248 5489 3469 5551 relatio;

1876 5568 1928 5614 et
1950 5559 2056 5612 duo
2073 5559 2343 5613 veterrimi
2361 5574 2488 5613 mss.
2513 5559 2719 5616 Bonan.
2749 5559 2945 5614 habent
2973 5560 3024 5613 in
3049 5571 3193 5612 textu
3222 5569 3276 5610 ut
3302 5559 3472 5624 scrip-

1878 5631 2064 5684 simus.
2092 5629 2259 5701 Quam
2283 5630 2567 5701 lectionem
2591 5641 2736 5701 recte
2751 5643 3049 5701 propugnat
3069 5629 3384 5701 Thomasins
3405 5644 3476 5683 ex

1879 5701 1980 5754 hoc
2003 5701 2118 5768 ipso
2143 5699 2401 5754 Lactantii
2436 5701 2575 5754 loco.
2605 5700 2742 5754 Deus
2755 5698 3042 5770 sequendus
3065 5709 3155 5763 est,
3180 5701 3299 5768 quia
3325 5698 3380 5752 in
3407 5713 3476 5752 eo

1878 5781 1962 5825 est
1989 5772 2209 5825 materia
2238 5787 2447 5836 rerum;
2474 5771 2794 5837 adorandus,
2819 5773 2888 5826 ob
2912 5771 3171 5825 rationein
3191 5770 3480 5833 virtutum;

1881 5842 2193 5912 diligendus,
2215 5843 2334 5912 quia
2365 5853 2446 5897 est
2466 5841 2585 5897 fons
2615 5845 2899 5896 honorum.

1960 5901 2189 5968 Materia,
2209 5901 2399 5968 rerum.
2431 5913 2487 5970 ld
2519 5923 2622 5980 est,
2656 5929 2811 5966 causa
2837 5928 3026 5966 rerum.
3052 5908 3251 5967 Srnu.
