3828 6262
424 407 526 464 M7

1334 401 1645 461 DISSERT.
1682 401 1741 457 D.
1771 400 1859 457 LE
1901 397 2182 458 NOURRY
2212 398 2278 454 ΙΝ
2307 397 2436 454 LlB.
2472 396 2560 452 DE
2591 395 2705 451 IRA
2738 394 2871 451 DEI.

3615 388 3704 448 HS

422 521 659 579 terrenis
689 520 1074 592 fragitibusque
1121 515 1391 586 famulari,
1437 523 1531 571 aut
1557 494 1866 587 quaerendis
1896 516 2107 574 tem-A
2207 511 2496 568 Auleratur
2543 509 2825 582 impletas,
2878 506 3200 576 discordiae;
3256 505 3704 578 dissensionesque

425 616 700 685 por-alibus
733 614 885 671 bonis
909 613 1282 678 inhaerentem,
1311 613 1378 668 ab
1409 610 1710 666 innocentia
1743 619 1795 664 et
1828 608 2027 681 pietate

424 711 748 766 desciscere.
770 708 889 767 Non
921 707 1117 763 faciunt
1158 707 1370 762 beatum
1404 706 1609 760 vitiosm
1640 717 1705 758 ac
1735 699 2030 757 mortifera:

425 803 747 871 voluptates,
798 816 902 856 non
944 801 1212 869 opulentia
1260 799 1540 853 libidinum
1584 796 1875 862 incitatrix,
1917 809 2024 850 non

424 894 599 948 inanis
619 892 861 963 ambitio,
884 908 988 955 non
1013 891 1198 948 caduci
1222 891 1475 958 honores,
1493 890 1684 962 quibus
1710 888 2030 960 iilaqueatus

424 978 634 1043 animus
679 985 965 1053 humanus,
1021 998 1076 1041 et
1123 986 1336 1057 corpori
1400 987 1769 1057 mancipatus,
1827 995 2028 1043 acterna

428 1087 601 1139 morte
642 1078 955 1143 damnatur:
1011 1079 1104 1137 sed
1146 1079 1448 1137 innocentia
1478 1079 1615 1146 sola,
1643 1079 1757 1133 sola
1797 1078 2024 1148 justitia,

422 1170 579 1239 cujus
604 1169 835 1240 legitima
862 1178 917 1225 et
934 1169 1090 1241 digna
1118 1185 1326 1225 merces
1351 1179 1435 1226 est
1455 1170 1847 1236 immortalitas,
1870 1186 2028 1242 quam

428 1261 619 1316 statuit
653 1278 681 1317 a
715 1262 976 1333 principio
1006 1263 1145 1327 Deus
1172 1262 1369 1321 sanctis
1401 1270 1455 1317 et
1485 1262 1804 1332 incorruptis
1832 1263 2026 1323 menti—

425 1353 558 1417 bus,
590 1369 710 1425 quae
737 1369 796 1411 se
826 1370 854 1407 a
887 1354 1029 1410 vitiis
1058 1364 1112 1409 et
1139 1350 1206 1411 ali
1235 1355 1378 1409 Oilllti
1410 1355 1529 1413 labe
1558 1365 1769 1413 terrena
1796 1356 2029 1426 integras

422 1444 812 1519 inviolatasqne
850 1455 1193 1502 conservant.
1238 1445 1406 1516 Hujus
1455 1447 1659 1515 prunnii
1690 1448 1927 1505 caelestis
1968 1463 2030 1513 ac

426 1540 743 1609 sempiterni
774 1539 1058 1611 participes
1085 1556 1205 1595 esse
1236 1556 1337 1593 non
1373 1550 1616 1608 possunt,
1648 1542 1737 1610 qui
1782 1540 2030 1597 facinori-

422 1631 544 1696 bus,
579 1630 874 1699 fraudibus,
898 1632 1115 1703 rapinis,
1147 1633 1728 1701 circumscriptionibus
1752 1634 2032 1699 conscien-

424 1725 555 1783 tiam
602 1724 925 1795 polluerunt,
956 1725 1153 1795 quique
1199 1724 1412 1794 injuriis
1466 1724 1765 1795 hominum,
1816 1725 2031 1781 nefariis

424 1817 774 1883 commissis,
839 1817 1141 1873 ineluihiles
1216 1817 1314 1872 sibi
1393 1818 1629 1873 maculas
1699 1819 2027 1873 inusserunt.

427 1910 663 1965 Proinde
686 1911 963 1965 universos
986 1920 1217 1979 oportet,
1244 1912 1332 1979 qui
1357 1911 1647 1981 sapientes,
1668 1912 1757 1983 qui
1787 1910 2031 1967 homines

2136 603 2459 658 turbulentae
2495 617 2559 658 ac
2596 601 2863 673 pestiferae
2904 600 3219 672 sopiantur,
3252 597 3449 671 quibus
3482 598 3706 654 humana:

2130 695 2435 757 societates,
2459 702 2515 749 et
2548 692 2747 764 publici
2770 690 2995 750 fmderis
3022 692 3204 748 divina
3237 690 3555 761 coniunctio
3578 705 3707 745 rum-

2135 789 2298 859 pitur,
2345 787 2647 853 dirimitnr,
2699 787 3040 858 dissipatur:
3092 794 3351 871 quantum
3410 799 3745 871 possumus”

2135 845 2342 936 boniac
2367 879 2594 936 beneﬁci
2624 893 2746 937 esse
2782 845 3195 946 meditemur:/si
3214 877 3522 949 quidﬁnobis
3545 891 3702 948 cpum,
3804 860 3805 875 “

2134 973 2329 1047 siquid
2367 973 2603 1049 suppetit
2631 972 2941 1044 copiarum,
2984 971 3037 1027 id
3085 986 3190 1027 non
3233 969 3501 1039 voluptati
3545 970 3702 1037 unius,

2108 1068 2229 1123 'sed
2254 1066 2544 1123 multorum
2571 1065 2728 1122 saluti
2769 1064 3130 1136 impartiatur.
3161 1063 3429 1134 Voluptas
3452 1061 3590 1118 enim
3616 1072 3703 1116 tam

2135 1160 2380 1215 mortalis
2410 1167 2513 1227 est,
2549 1175 2707 1230 quam
2739 1171 2959 1229 corpus,
2989 1157 3079 1213 cui
3106 1155 3326 1213 exhibet
3348 1156 3704 1212 ministerium.

2132 1253 2350 1311 Justitia
2394 1268 2524 1310 vero
2551 1262 2606 1309 et
2634 1250 2986 1309 beneﬁcentia
3016 1260 3123 1306 tam
3165 1248 3534 1314 immortales,
3569 1264 3704 1320 quam

2135 1364 2289 1404 mens
2329 1356 2382 1403 et
2427 1347 2627 1413 anima,
2668 1361 2787 1418 quae
2825 1345 2982 1401 bonis
3027 1343 3282 1415 operibus
3327 1342 3705 1398 similitudinem

2135 1442 2227 1497 Dei
2251 1441 2574 1512 assequitur.
2601 1440 2681 1496 Sit
2703 1438 2860 1493 nobis
2890 1438 3031 1494 Dens
3061 1452 3166 1492 non
3202 1435 3256 1491 in
3284 1436 3522 1506 templis,
3551 1433 3637 1490 sed
3660 1435 3702 1489 in

2135 1534 2299 1589 corde
2342 1542 2529 1589 nostro
2571 1539 2944 1587 consecratus.
2978 1528 3322 1585 Destructilia
3367 1537 3493 1582 sunt
3529 1526 3703 1592 omnia,

2134 1644 2254 1700 qum
2282 1643 2446 1682 manu
2479 1626 2631 1680 ﬁunt.
2662 1623 2981 1679 Mundemns
3011 1621 3113 1677 hoc
3145 1604 3427 1691 templu'm,
3460 1618 3594 1690 quod
3618 1635 3705 1674 non
3726 1642 3805 1701 ἔῃ

2134 1722 2315 1789 fumo,
2361 1735 2469 1775 non
2513 1718 2749 1789 pulvere,
2788 1716 2883 1772 sed
2914 1717 3070 1770 "malis
3109 1711 3522 1784 cogitationibus
3562 1709 3706 1765 sordi-

2134 1815 2324 1880 datur;
2353 1811 2496 1885 quod
2539 1826 2646 1867 non
2689 1810 2862 1867 cereis
2901 1808 3236 1874 ardentibus,
3268 1807 3365 1862 sed
3401 1804 3633 1867 claritate
3656 1817 3706 1859 ac

2134 1908 2254 1962 luce
2284 1904 2565 1975 sapientiae
2604 1903 2961 1961 illuminatur.
3001 1900 3059 1957 Iu
3091 1916 3198 1972 quo
3222 1900 3277 1967 si
3322 1899 3488 1955 Deum
3518 1912 3706 1965 semper

429 2002 621 2058 merito
647 2002 752 2058 diei
784 2004 988 2069 volunt,
1041 2003 1241 2073 fragilia
1277 2014 1636 2070 contemnere,
1683 2013 1890 2061 terrena
1921 2004 2030 2059 cal-
2060 1974 2108 2033 Β
2135 1999 2523 2055 crediderimus
2571 2010 2693 2053 esse
2733 1993 3287 2067 prmsentem,.cujus
3332 1992 3594 2047 divinitati
3634 2004 3708 2045 sc-

425 2108 573 2159 care,
604 2094 826 2151 ltumilia
859 2094 1158 2163 desriicere,
1189 2105 1241 2151 ut
1275 2095 1479 2166 possint
1508 2111 1631 2153 cum
1676 2097 1785 2153 Deo
1836 2096 2032 2151 beatis-

425 2184 558 2239 sima
588 2186 985 2243 necessitudine
1013 2188 1271 2257 copulari.

2133 2100 2281 2147 creta
2327 2090 2520 2145 mentis
2564 2094 2772 2160 patent,
2822 2087 2892 2141 ita
2938 2086 3198 2149 vivemus,
3246 2088 3395 2140 utet
3441 2080 3708 2154 propitium

2134 2200 2349 2256 semper
2381 2183 2695 2251 habeamus,
2722 2191 2775 2237 et
2800 2194 3070 2253 nunquam
3095 2175 3665 2234 rereamuriratumy

1777 2322 2136 2379 VARIORUM
2176 2319 2407 2376 NOTAE.

503 2455 806 2513 Desciscere.
840 2458 967 2515 Mss.
1004 2460 1071 2515 15
1100 2468 1151 2515 et
1177 2460 1325 2524 Oliti.,
1356 2460 2021 2517 discedere.—Desciscere.

427 2527 487 2583 L.
520 2545 535 2582 ι
569 2530 716 2595 lnst.,
747 2545 862 2599 cap.
894 2531 958 2585 ‘21
985 2549 997 2583 :
1027 2531 1090 2584 ab
1125 2532 1439 2585 humanitate
1476 2532 1779 2586 desciscunt.
1820 2534 2024 2587 Seneca

424 2600 645 2673 tle_0ti9
673 2600 799 2668 Sap.
824 2617 872 2655 c.
908 2602 1008 2657 29:
1041 2603 1316 2657 desciscere
1346 2620 1379 2655 α
1410 2605 1675 2673 prteceptis
1693 2621 1712 2671 ;
1748 2605 1782 2658 I.
1812 2619 1888 2669 Iv,
1927 2605 2025 2659 Be-

425 2670 534 2741 nef.
572 2672 657 2733 i7,
690 2689 722 2724 a
748 2674 856 2741 lege
881 2674 1104 2729 descivit.
1132 2673 1258 2728 litin.

498 2740 792 2797 [imitati-iac.
826 2744 950 2799 Mss.
992 2745 1217 2808 Bonum,
1244 2746 1515 2800 irritalrix.

500 2812 601 2878 Qui
631 2815 972 2886 facinoribus,
1010 2816 1297 2886 fraudibus.
1335 2816 1423 2872 Sic
1459 2818 1770 2886 facinoribus
1808 2815 2017 2870 reatitui

425 2898 489 2957 ex
517 2899 645 2938 mss.
680 2884 1023 2954 Regio-,Put.,
1056 2887 1077 2939 l
1134 2888 1203 2940 nl.
1264 2887 1416 2957 lieg.,
1449 2884 1483 2940 ‘2
1512 2887 1773 2954 Cttii)el‘l.,
1811 2888 2011 2954 Balnz.,

424 2954 660 3009 Clarom.
705 2958 756 3010 in
802 2960 1060 3027 margine.
1106 2958 1263 3012 Deest
1294 2954 1597 3014 iit'cmteris
1630 2969 1739 3014 tum
1782 2960 2015 3028 scriptis,

428 3035 538 3078 tum
572 3028 869 3094 impressis.

498 3095 815 3168 Irreluibiles.
859 3098 931 3151 Ita
962 3114 1088 3152 mss.
1123 3100 1262 3164 quml
1306 3103 1391 3154 vix
1443 3102 1492 3154 in
1539 3100 1891 3168 scriptoribus
1938 3100 2017 3155 la-

426 3166 554 3221 tinis
584 3169 851 3235 reperias,
887 3169 987 3221 nisi
1016 3171 1153 3235 apud
1186 3169 1523 3229 Lactantium
1554 3166 1690 3225 libro
1729 3187 1801 3226 vn
1843 3172 2013 3235 Divin.

424 3238 656 3308 lnstitut.
699 3254 818 3306 cap.
864 3240 970 3302 20,
1001 3239 1142 3294 circa
1176 3242 1434 3296 medium.
1461 3241 1715 3308 Quasdam
1755 3241 2019 3299 editiones

2133 2475 2260 2516 mss.
2303 2456 2535 2523 Bonon.,
2571 2458 2606 2512 Ξ
2643 2458 2800 2525 Reg.,
2844 2457 2879 2510 2
2913 2453 3093 2518 Colb.,
3131 2455 3263 2511 Tax.
3307 2456 3502 2527 Scripti
3540 2471 3711 2512 recen-

2134 2533 2297 2587 tiores
2340 2541 2393 2585 ct
2422 2529 2548 2585 editi
2597 2527 2776 2585 ferunt
2829 2528 3214 2582 destructibilia.
3263 2558 3334 2569 —-
3375 2529 3703 2585 Destructilio.

2129 2604 2373 2673 Quinque
2420 2600 2701 2673 syllabis,_
2739 2599 2882 2673 (πειρά
2927 2600 3256 2673 adjectivum
3305 2608 3487 2656 tuetur
3539 2616 3707 2656 versus

2132 2670 2414 2731 Prudentii
2443 2671 2743 2741 Peristeph.
2782 2670 2868 2736 li.,
2898 2687 2954 2737 x,
2985 2672 3109 2735 546.
3140 2686 3259 2743 sqq.
3298 2689 3311 2724 :

2379 2782 2552 2845 (Edam
2570 2784 2664 2833 sibi
2691 2784 2798 2845 ipse
2819 2790 2988 2832 mente
3013 2784 3061 2845 in
3080 2783 3292 2833 hominis
3310 2782 3526 2833 condidit

2375 2843 2566 2908 Yiram,
2593 2843 2840 2907 serenam,
2867 2844 3170 2902 sensualem,
3195 2845 3448 2908 stabilem,

2373 2905 2504 2956 Solvi
2538 2905 3009 2971 incapacem‘posse,
3033 2921 3129 2957 nec
3149 2905 3511 2958 destructilem.

2122 3013 2267 3085 idem
2298 3014 2580 3083 aliquoties
2616 3029 2740 3069 cum
2790 3015 3029 3071 Vitruvio
3056 3026 3109 3071 et
3135 3015 3295 3072 Celso
3334 3014 3492 3085 dixit,
3516 3017 3709 3073 structi-

2120 3083 2221 3147 lis;
2254 3092 2311 3139 ut
2339 3085 2722 3147 Tertullianns,
2744 3087 3065 3141 instructilis.
3099 3087 3235 3142 BUN.

2200 3156 2352 3209 .llalis
2398 3157 2788 3228 cogitationibus
2824 3159 3137 3213 sordidatur.
3183 3159 3246 3213 L.
3281 3175 3311 3211 v
3342 3159 3498 3222 lnst.,
3538 3175 3584 3215 c.
3632 3161 3709 3219 90.

2125 3226 2515 3301 Quantosatins
2545 3237 2625 3301 est
2648 3237 2862 3301 mentem
2887 3229 3056 3299 potius
3080 3228 3270 3297 eluere,
3315 3245 3433 3301 qum
3458 3231 3602 3285 ntali:
3632 3249 3709 3285 ru-

427 3307 629 3362 habent
674 3286 986 3373 indelebiles,
1031 3310 1248 3367 Cellarii
1298 3286 1505 3367 scilicdi
1543 3320 1598 3364 et
1637 3286 2014 3377 aliorumised
2045 3286 2089 3349 Ο

2141 3286 2422 3377 utilitatibus
2449 3297 2762 3377 sordidatur.
2808 3286 2939 3377 liciti.

425 3379 710 3431 maluimus
741 3381 890 3450 sequi
926 3394 1051 3435 mss.
1087 3393 1139 3435 et
1162 3383 1355 3439 editos.
1395 3413 1463 3423 —-—
1494 3381 1798 3439 Inetuibiles
1840 3402 2019 3443 macu-

425 3450 503 3502 las
557 3450 833 3525 (iigerottis
860 3460 964 3525 est,
992 3451 1029 3525 l.
1060 3469 1116 3516 v,
1146 3455 1197 3508 in
1228 3452 1381 3519 Veia,
1411 3469 1460 3509 c.
1493 3455 1562 3509 46
1582 3494 1597 3519 ,
1628 3464 1681 3511 ct
1703 3470 1800 3525 pro
1826 3456 2017 3522 sectio,

423 3535 544 3588 cap.
579 3521 671 3587 27,
697 3523 926 3577 maculas
952 3524 1137 3578 eluere.
1166 3525 1297 3581 Bon.
1356 3576 1363 3585 κ

500 3590 859 3668 ζιηῃανιὲριωκ
909 3595 932 3647 1
989 3595 1184 3668 Colb.,
1242 3598 1618 3668 impertiuntur.
1674 3597 2017 3668 chio-Pnt.,

426 3662 461 3716 4
501 3663 677 3738 Quid,
710 3663 967 3732 Clarom.,
1001 3667 1130 3721 edit.
1160 3662 1490 3738 Cantabrig.,
1526 3662 1837 3737 impetratur.

501 3733 623 3787 Tant
664 3737 998 3792 immortales.
1040 3733 1565 3802 lieitnmann.,'tam
1597 3733 1931 3803 immortalis,
1972 3740 2022 3793 in

425 3804 707 3875 singulari.
760 3822 864 3860 non
906 3809 1160 3871 indocte;
1206 3818 1261 3863 ut
1292 3811 1495 3872 statim,
1529 3826 1667 3862 mens
1710 3819 1754 3863 et
1782 3811 2020 3863 anima...

425 3878 732 3943 assequitur.
769 3878 898 3933 BDN.
1854 3884 1857 3889 ’

497 3945 705 3999 Deus...
730 3949 1027 4018 incordc...
1058 3961 1402 4013 consecratus,
1442 3950 1477 4003 l.
1512 3967 1559 4004 vt
1592 3950 1745 4018 lnst.,
1775 3955 1891 4018 eap.
1926 3951 2018 4011 25.

427 4016 683 4070 Secum...
718 4017 895 4075 habeat
929 4018 1088 4071 Deum
1121 4037 1318 4088 semper
1358 4022 1408 4073 iu
1438 4023 1591 4074 corde
1630 4016 2020 4074 suumn—secra-

424 4097 565 4161 ιωρῖ
623 4091 858 4161 quoniam
889 4090 999 4155 ipse
1030 4100 1100 4143 est
1150 4090 1244 4144 Dei
1289 4091 1551 4161 templum.
1608 4092 1802 4147 Minue.
1854 4092 1962 4146 Fel.
2004 4135 2017 4155 ,

422 4173 472 4211 c.
506 4158 602 4210 52:
634 4157 824 4233 Nonne
861 4162 1040 4214 auctius
1060 4163 1111 4233 in
1137 4175 1309 4216 nostra
1332 4157 1645 4216 dedicandus
1669 4165 1939 4233 estlmente,
1966 4165 2020 4225 in

423 4238 598 4303 nostra
625 4232 726 4283 uno
754 4231 1130 4303 consecrandus
1155 4245 1230 4289 est
1265 4235 1505 4303 pectore?
1532 4233 1660 4289 BUN.

496 4298 845 4355 Destructilia.
881 4301 971 4357 Sic
1008 4303 1124 4372 lego
1149 4298 1275 4359 eum
1308 4304 1687 4360 vetustissimis
1716 4313 1769 4365 et
1803 4306 2022 4375 cptimis

2088 4147 2308 4220 'Deo...
2361 4147 2683 4220 nihilpotest
2727 4169 2834 4206 esse
2878 4161 3193 4207 secretum...

1131 4486 3023 4795 “sm;

2196 3369 2347 3443 Quod
2398 3386 2502 3422 non
2549 3370 2705 3443 cereis
2742 3371 3060 3426 metentibus.
3094 3371 3229 3427 Vide
3271 3371 3396 3428 Not.
3441 3387 3600 3443 supra
3652 3374 3706 3429 ad

2124 3440 2218 3493 lib.
2246 3456 2297 3494 vr
2322 3439 2479 3503 lnst.,
2513 3455 2633 3509 cap.
2667 3441 2722 3496 6.
3312 3481 3319 3487 α

2198 3511 2306 3565 Sed
2344 3511 2577 3566 claritate
2616 3528 2675 3565 ac
2714 3511 2825 3566 luce
2865 3513 3149 3581 sapientiae.
3199 3512 3297 3568 Ms.
3345 3514 3503 3570 Bodl.
3538 3515 3707 3581 habet,

2124 3582 2215 3635 sed
2241 3581 2330 3636 Dei
2361 3583 2632 3649 claritate;
2662 3584 2797 3639 editi
2815 3584 3057 3638 nonnulli
3087 3602 3149 3639 ac
3167 3584 3296 3640 duce
3325 3587 3597 3649 sapientia.

2199 3652 2359 3726 cujus
2396 3654 2650 3707 divinitati
2686 3663 2877 3726 secreta
2915 3656 3097 3709 mentis
3128 3665 3319 3726 patent.
3364 3652 3491 3712 llaec
3528 3660 3710 3715 desunt

2131 3725 2182 3798 in
2214 3724 2424 3798 i97rec.
2466 3740 2598 3798 mss.
2642 3735 2695 3779 et
2736 3725 2858 3780 edd.
2902 3726 3056 3781 Rom.
3101 3724 3331 3793 quorum
3378 3728 3494 3783 tice
3531 3730 3711 3798 legitur

2130 3797 2240 3863 ejus
2269 3796 2547 3849 divinitatis
2580 3798 2806 3862 potentia
2831 3798 2903 3850 ita
2944 3798 3202 3863 vivemus;
3232 3798 3303 3853 ita
3336 3800 3500 3854 etiam
3534 3796 3716 3857 habent

2128 3875 2359 3919 vetustm
2399 3867 2580 3919 surculi
2614 3866 2710 3923 XV
2736 3868 3021 3923 editiones.
3060 3869 3130 3923 At
3168 3869 3222 3923 in
3265 3869 3474 3925 Bonan.
3515 3872 3713 3927 multis-

2126 3952 2232 4060 que
2259 3936 2378 3990 aliis
2405 3947 2483 3991 est
2525 3939 2660 3991 utin
2707 3948 2890 4005 textu;
2925 3939 2976 3994 in
3020 3939 3338 4005 Regio-Pot.
3381 3954 3530 4007 vero,
3578 3945 3715 4010 cujus

2165 4008 2407 4060 ivinilutis
2427 4012 2500 4060 ita
2530 4010 2752 4060 valentia
2773 4012 3011 4060 vivemus.
3056 4041 3127 4051 -—
3165 4010 3326 4060 Cain
3357 4012 3613 4060 divinitati
3647 4030 3714 4060 se-

2165 4008 2407 4061 iviuitutis
2427 4012 2500 4082 ita
2530 4010 2752 4078 patentia
2773 4012 3011 4064 vivemus.
3056 4041 3127 4051 -—
3165 4010 3326 4082 Cujus
3357 4012 3613 4069 divinitati
3636 4008 3714 4066 se-

2125 4088 2266 4131 creta
2289 4080 2468 4133 mentis
2500 4090 2670 4148 patent
2689 4121 2703 4144 ,
2730 4082 2802 4134 ita
2830 4082 3072 4135 vivemus.
3105 4082 3177 4136 Ita
3219 4080 3256 4137 l'.
3287 4098 3336 4137 Vt
3364 4082 3497 4141 Inst.
3544 4101 3594 4141 e.
3616 4082 3711 4140 εις

2127 4147 2308 4203 Deo...
2361 4152 2491 4203 nihil
2527 4160 2683 4209 potest
2727 4169 2834 4206 esse
2878 4161 3193 4207 secretum...
3231 4165 3463 4209 paremus
3497 4124 3711 4209 beo”...

3231 4165 3463 4223 parm
3497 4165 3711 4211 ﬂeo”...

2128 4219 2223 4274 Dei
2234 4222 2473 4277 divinitas
2499 4238 2589 4277 nec
2614 4224 2887 4277 visceribus
2908 4224 3195 4279 submoveri
3223 4219 3410 4295 potest.
3444 4227 3578 4283 Butt.

1015 4972 1158 5133 Dii
1233 4930 1865 5129 alterum
1938 4961 2273 5121 LiBitll
2337 4967 2481 5119 Illi
2556 4966 2769 5119 nu
2828 4869 3111 5120 ari.

1437 5238 1763 5298 AUCTORE
1822 5237 1980 5297 nou.
2022 5237 2111 5294 LE
2144 5235 2431 5321 ‘NOURRY
2473 5236 2538 5291 0.
2578 5234 2636 5292 s.
2679 5237 2738 5292 Β.

1461 5409 2635 5479 M0?—

921 5550 1151 5607 CAPUT
1203 5546 1490 5605 PRIMUM.

864 5722 867 5725 -
907 5686 1149 5756 Analysis
1173 5685 1327 5755 huius
1358 5684 1496 5740 libri.

411 5800 432 5816 '
470 5818 616 5875 Libri
642 5820 800 5890 hujus
831 5820 982 5875 initio
1015 5820 1414 5893 (Cap.l)eum
1460 5837 1488 5877 a
1534 5836 1595 5878 se
1642 5822 1843 5879 idcirco
1866 5837 2000 5877 con-

385 5911 641 5982 scriptum
675 5925 795 5967 esse
831 5912 1129 5982 signiﬁcat,
1159 5923 1219 5970 ut
1258 5915 1615 5985 plurimorum
1656 5927 1719 5969 ac
1746 5930 2003 5985 quorum-

2107 5543 2231 5600 dam
2261 5544 2421 5599 etiam
2466 5539 3254 5613 philosophorumcoargueret
3298 5550 3577 5609 errorem,
3608 5553 3707 5611 quo

2112 5637 2278 5692 Deum
2318 5636 2476 5692 irasci
2507 5635 2885 5705 pernegabant.
2916 5633 3139 5690 Fatetur
3190 5640 3369 5693 autem
3397 5648 3459 5692 se
3486 5649 3596 5694 non
3645 5648 3707 5689 eo

2108 5728 2425 5798 arrogantia:
2453 5724 2758 5791 devenisse,
2787 5733 2845 5791 ut
2881 5738 3199 5793 persuasum
3249 5724 3475 5780 haberet
3514 5725 3709 5781 verita-

2108 5832 2240 5888 tem,
2264 5838 2423 5892 quam
2453 5834 2610 5875 nemo
2633 5819 2817 5887 homo,
2852 5827 2987 5875 teste
3018 5818 3262 5885 Socrate,
3308 5832 3405 5888 per
3433 5833 3493 5877 se
3536 5818 3709 5889 ipsum

2106 5914 2281 5972 solum
2307 5928 2623 5984 comparare
2649 5920 2846 5984 potest,
2875 5927 2973 5969 suo
3014 5927 3074 5969 se
3096 5910 3579 5983 comprehendisse
3616 5910 3699 5965 in-
