3912 6256
309 303 407 359 ΗΟ

1399 305 1553 364 CAP.
1585 307 1624 364 Ι.
1654 306 1996 365 ANALYSIS
2027 307 2242 366 ilUJUS
2272 308 2473 365 LIBRI.

3496 313 3600 372 150

298 423 497 496 genio:
529 422 625 480 sed
669 422 784 490 Dei,
817 423 908 496 qui
937 423 1083 481 solus
1137 426 1364 482 occultae
1414 427 1658 482 veritatis
1701 425 1904 497 pateia-
1930 429 1985 490 Α
2011 426 2254 484 homines
2299 426 2447 484 nullo
2477 426 2820 483 conscientia:
2872 425 3042 484 frictio
3073 428 3321 496 coerciti,
3357 430 3408 483 iu
3455 432 3601 488 omni

299 517 508 574 ciendac
551 526 871 591 potestatem
911 518 1094 588 habet,
1137 518 1432 575 doctrinam
1482 535 1542 576 se
1581 521 1728 591 sequi
1776 534 1902 592 pro-

300 610 507 666 ﬁtetur.
591 615 594 618 ’

371 703 567 758 Tribus
614 718 745 759 vero
792 702 1046 774 gradibus
1074 703 1140 758 ad
1173 704 1344 770 hanc,
1376 703 1549 772 inquit
1580 703 1748 775 (Cap.
1794 703 1864 774 Ξ)
1888 743 1904 770 ,

303 797 580 850 veritatem
609 794 1009 850 conscenditur.
1040 795 1252 849 Primus
1277 806 1360 851 est
1413 795 1573 849 falsas
1603 797 1907 866 intelligere

304 888 608 957 religiones,
638 896 690 940 et
717 886 951 957 abjicere
983 887 1175 955 impios
1204 885 1428 941 deorum
1457 887 1653 940 cultus.
1701 886 1908 942 Secun-

304 980 424 1045 dus,
449 994 772 1049 cognoscere
792 994 1000 1046 verum,
1029 981 1242 1034 unicum
1264 1019 1278 1046 ,
1312 994 1689 1050 summumque
1714 981 1902 1047 Deum,

301 1074 392 1144 qui
422 1074 600 1127 omnia
643 1081 907 1144 potestate
952 1088 1046 1127 sua
1091 1074 1313 1138 creavit,
1347 1083 1403 1128 et
1447 1073 1779 1153 providentia
1807 1089 1906 1145 gu-

297 1167 512 1219 bernat.
541 1165 786 1231 Tertius,
816 1180 1108 1235 agnoscere
1139 1167 1230 1221 Dei
1260 1167 1489 1238 legatum
1519 1182 1582 1221 ac
1635 1169 1904 1234 nuntium,

289 1259 388 1326 qui
425 1257 672 1311 homines
695 1258 970 1312 erroribus
1021 1259 1272 1314 liberatos
1297 1301 1309 1325 ,
1361 1258 1426 1312 ad
1453 1260 1609 1328 hujus
1643 1261 1755 1314 veri
1805 1260 1902 1315 Dei

287 1351 500 1404 cultum
529 1351 868 1419 aejustitiam
899 1350 1165 1406 formavit.
1211 1351 1451 1406 Breviter
1478 1361 1657 1408 autem
1691 1353 1893 1408 indicat

285 1443 518 1498 ubinam
548 1445 689 1508 illos,
719 1445 806 1515 qui
838 1446 981 1500 hunc
1009 1446 1270 1516 triplicem
1300 1447 1541 1500 veritatis
1565 1448 1787 1518 gradum
1809 1464 1906 1501 ex-

285 1537 552 1606 plicando
575 1538 967 1604 aberraverint,
1000 1549 1091 1593 aut
1119 1540 1494 1608 coniutaverit,
1528 1551 1617 1596 aut
1649 1542 1906 1614 deinceps

286 1629 679 1685 confutaturus
705 1632 795 1685 sit.
997 1688 1000 1690 ,

371 1721 465 1775 llis
485 1722 557 1775 ita
591 1722 882 1791 prrelibatis
905 1763 920 1787 ,
963 1721 1121 1779 docet
1151 1723 1556 1795 quadruplicem
1587 1726 1654 1781 de
1699 1726 1776 1780 ira
1810 1727 1904 1782 Dei

289 1813 488 1867 haberi
536 1829 694 1882 posse
737 1817 1111 1884 qutestionem.
1163 1817 1380 1884 Primo,
1410 1833 1476 1872 an
1535 1817 1642 1872 Deo
1695 1820 1768 1872 ira
1802 1819 1901 1873 il'i-
1933 1827 1981 1888 Β

289 1905 517 1959 bueuda
551 1907 640 1972 sit,
669 1916 718 1961 et
759 1907 1020 1962 demenda
1059 1910 1248 1978 gratia.
1278 1909 1525 1965 Secundo
1545 1953 1559 1978 ,
1589 1926 1656 1964 an
1685 1920 1908 1982 utraque

295 1998 406 2067 ipsi
440 1999 791 2054 detrahenda.
821 2000 1033 2066 Tertio,
1073 2017 1137 2054 an
1179 2003 1348 2070 gratia
1405 2003 1502 2071 ipsi
1547 2004 1861 2059 ascribenda
1887 2047 1902 2071 ,

294 2097 358 2144 et
387 2090 622 2144 tollenda
658 2092 754 2144 ira.
785 2092 1019 2159 Quarto,
1051 2108 1116 2146 an
1151 2104 1371 2163 utraque
1401 2095 1498 2164 ipsi
1545 2096 1905 2151 attribuenda.

295 2182 380 2237 De
409 2184 578 2251 prima
599 2185 892 2251 qnmstione
922 2200 1024 2238 non
1059 2197 1254 2254 potest,
1289 2188 1459 2256 inquit
1488 2187 1648 2260 (Cap.
1684 2191 1773 2258 5),
1802 2192 1907 2245 ulla

294 2291 426 2330 cs:~e
467 2276 806 2345 disceptatio.
851 2278 984 2342 Quid
1015 2280 1153 2332 enim
1183 2281 1326 2332 dictu
1361 2283 1526 2349 magis
1577 2284 1894 2351 absurdum,

303 2366 472 2436 quam
501 2368 692 2435 Deum,
728 2369 849 2422 boui
875 2380 1170 2431 auctorem,
1205 2372 1402 2424 nemini
1450 2373 1701 2442 prodesse
1729 2391 1791 2429 ac
1819 2377 1911 2430 be-

300 2461 579 2523 nefacere,
611 2463 703 2516 sed
737 2477 930 2516 nocere
961 2472 1164 2516 tantum
1189 2465 1464 2528 omnibus,
1495 2477 1545 2518 et
1577 2467 1766 2520 irasci?

385 2555 630 2624 Epicurei
661 2572 787 2610 vero
813 2557 968 2624 plane
1006 2558 1402 2612 somniaveram
1450 2558 1500 2612 in
1547 2561 1655 2613 Deo
1707 2561 1910 2616 nullum

311 2662 433 2702 esse
459 2657 547 2701 aut
572 2649 755 2716 gratia:
787 2658 877 2701 aut
909 2649 1000 2702 ira:
1027 2661 1226 2703 motum
1254 2649 1273 2722 (
1298 2649 1423 2719 Cap.
1455 2649 1544 2716 lt).
1569 2650 1672 2705 Sed
1719 2653 1908 2722 pauci,

311 2740 453 2808 iique
477 2740 727 2794 scelerati
747 2741 992 2794 homines
1014 2741 1113 2795 hac
1141 2742 1422 2795 falsissima
1448 2743 1782 2798 ducebantur
1800 2745 1912 2814 epi-

305 2832 491 2887 ni0ne.
525 2833 582 2888 Si
609 2833 751 2887 Deus
779 2835 943 2896 enim,
970 2836 1106 2888 sicut
1137 2837 1208 2889 illi
1237 2837 1562 2902 garriebant,
1595 2853 1699 2891 non
1729 2854 1915 2893 move-

304 2933 415 2985 tur;
456 2926 498 2978 si
535 2926 637 2980 ulla
665 2925 866 2996 absque
893 2927 1164 2982 voluntate
1209 2939 1301 2982 aut
1355 2931 1693 2998 providentia
1737 2941 1917 3002 torpet

301 3014 637 3083 immobilis,
673 3020 718 3074 is
745 3021 1094 3090 proculdubio
1116 3023 1256 3076 Deus
1287 3038 1390 3076 non
1421 3035 1519 3078 est.
1552 3025 1913 3091 Quamobrem

304 3111 353 3166 si
384 3111 502 3166 hazc
532 3113 601 3166 sit
645 3111 861 3182 Epicuri
902 3113 1084 3184 opinio
1105 3157 1118 3180 ,
1166 3116 1254 3169 ille
1295 3118 1534 3186 proiecto
1563 3134 1666 3172 non
1700 3121 1876 3190 reipsa
1898 3163 1914 3189 ,

305 3202 405 3258 sed
433 3203 600 3258 verbo
623 3214 778 3260 tenus
803 3207 967 3260 Deum
1001 3207 1232 3261 existere
1260 3210 1509 3263 asseruit.

376 3294 544 3350 Stoici
573 3307 748 3350 autem
772 3297 970 3368 aliique
989 3300 1227 3353 nonnulli
1257 3301 1652 3357 arbitrabantur
1677 3304 1826 3374 (Cap.
1854 3305 1908 3376 5)

306 3388 535 3456 gratiam
566 3388 617 3441 in
648 3389 758 3443 Deo
791 3390 1006 3458 quidem
1033 3405 1176 3456 esse,
1204 3393 1300 3446 sed
1325 3393 1522 3447 nullant
1553 3413 1785 3464 unquam
1818 3400 1911 3454 irzc

305 3480 749 3534 commotionem.
787 3481 995 3535 Etenim
1024 3483 1181 3536 sicuti
1231 3483 1545 3554 benignitas,
1581 3490 1824 3552 aiebant,
1855 3501 1912 3546 et

307 3570 665 3626 beneﬁcentia
699 3572 750 3624 in
782 3573 888 3626 Deo
909 3587 1029 3629 esse
1059 3557 1240 3641 debet,
1266 3575 1334 3628 ita
1364 3585 1415 3630 et
1436 3577 1686 3646 qureiibet
1717 3584 1910 3638 mentis

305 3661 649 3731 perturbatio
690 3663 758 3718 ab
785 3679 850 3718 eo
876 3666 1097 3718 omnino
1127 3666 1297 3734 absit,
1331 3682 1552 3724 necesse
1582 3678 1682 3724 est.
1713 3665 1910 3728 Contra

309 3769 437 3808 vero
479 3753 836 3810 Lactantius:
871 3755 926 3811 Si
983 3756 1143 3821 Deus,
1181 3759 1381 3827 inquit,
1415 3769 1662 3814 movetur
1701 3764 1908 3832 gratia;

311 3860 440 3917 ergo
470 3855 526 3900 et
552 3847 652 3901 ira.
681 3846 1164 3902 Verumenimvero
1185 3850 1272 3918 qui
1297 3849 1467 3905 bonos
1494 3860 1542 3904 et
1571 3853 1688 3921 pios
1717 3852 1907 3922 diligit,

311 3941 400 3996 ille
429 3941 608 4010 impiis
635 3948 689 3994 et
713 3941 908 4010 iniquis
929 3942 1196 4024 irascitur.
1230 3942 1361 3996 Boni
1384 3944 1582 4014 quippe
1604 3945 1818 4000 dilectio
1845 3963 1912 4002 ex

320 4041 446 4096 mali
485 4039 634 4104 odio,
664 4049 720 4095 et
759 4041 883 4095 mali
917 4040 1096 4095 odium
1131 4057 1195 4096 ex
1234 4041 1359 4097 boni
1393 4042 1680 4098 dilectione
1733 4055 1915 4100 manat

311 4149 372 4188 ac
415 4131 651 4202 proﬂuit.
685 4131 784 4198 Qui
829 4147 960 4202 ergo
987 4133 1170 4203 gratia:
1210 4141 1357 4187 metu
1407 4132 1564 4188 bonis
1599 4133 1868 4190 benefacit
1893 4179 1907 4203 ,

314 4225 407 4280 ille
437 4225 599 4279 etiam
627 4225 783 4280 malis
824 4225 1026 4291 iratus,
1073 4239 1166 4280 eos
1212 4240 1309 4294 pro
1357 4227 1550 4282 merito
1589 4229 1811 4299 corripit
1858 4239 1912 4286 et

317 4316 564 4385 castigat.

389 4410 572 4480 Itaque
619 4417 806 4464 auctor
836 4417 1021 4465 noster
1063 4420 1248 4464 censet
1287 4409 1445 4482 (Cap.
1482 4411 1548 4482 6)
1577 4428 1694 4467 eam
1740 4415 1906 4469 solam

317 4503 638 4557 sententiam
667 4502 877 4556 veritati
901 4516 1191 4557 consonam
1210 4518 1349 4568 esse,
1371 4520 1488 4572 quze
1520 4505 1909 4563 asseritDenm

2007 519 2271 574 scelerum
2297 533 2499 590 genere
2523 517 2926 575 volutabantur.

2081 610 2500 682 Respondebant
2523 619 2700 664 autem
2729 609 3044 680 religionem
3084 620 3141 666 et
3165 609 3462 666 divinitatis
3490 625 3606 668 me-

2011 710 2120 756 tum
2157 717 2186 756 a
2216 702 2572 774 prudentibus
2598 701 2727 755 viris
2747 701 2974 756 conﬁcta
3007 701 3175 757 fuisse
3203 718 3308 757 non
3337 703 3600 770 veritatis,

2009 795 2102 851 sed
2127 795 2370 850 utilitatis
2394 795 2587 866 gratia,
2618 803 2676 849 ut
2695 793 2786 849 alii
2810 793 3059 848 nlmirutn
3089 795 3252 849 vitam
3285 794 3473 865 majori
3523 795 3606 849 in-

2009 887 2258 942 nocentia
2314 901 2377 941 ae
2435 875 2644 940 morum
2699 886 3002 955 integritate
3051 885 3331 942 ducerent.
3387 887 3606 942 Fatetur

2009 978 2225 1048 quidem
2255 979 2562 1034 Lactantius
2591 994 2835 1049 magnam
2887 977 2990 1034 hoc
3033 992 3296 1049 responso
3325 978 3425 1033 sibi
3475 993 3606 1048 pro-

2010 1073 2135 1143 poni
2175 1072 2478 1142 disputandi
2517 1072 2818 1136 materiam,
2853 1079 2908 1126 et
2936 1087 2963 1125 a
3014 1085 3114 1128 suo
3145 1071 3421 1143 proposito
3470 1072 3606 1128 alie-

2011 1183 2168 1230 nam,
2204 1182 2363 1238 quam
2417 1176 2593 1222 tamen
2648 1166 2881 1221 breviter
2918 1165 3148 1237 attingit.
3187 1163 3378 1221 Narrat
3429 1166 3610 1236 itaque

2011 1259 2178 1329 (Cap.
2204 1259 2272 1331 9)
2303 1259 2648 1330 Protagoram
2681 1259 2909 1329 primum
2932 1260 3171 1313 omnium
3195 1259 3247 1314 in
3270 1257 3490 1315 dubium
3516 1274 3612 1316 vo-

2011 1366 2164 1405 casse
2185 1395 2198 1418 ,
2226 1367 2292 1405 an
2321 1349 2389 1405 sit
2417 1350 2613 1421 aliquis
2644 1350 2820 1405 Deus:
2852 1349 3049 1405 deinde
3079 1350 3370 1421 Epicurum
3423 1359 3609 1420 aperta

2011 1445 2332 1515 penitusque
2375 1443 2608 1498 absurda
2635 1442 3060 1498 contradictione
3100 1442 3347 1498 docuisse
3373 1443 3608 1498 divinam

2011 1551 2132 1590 esse
2160 1537 2444 1605 quamdam
2472 1546 2714 1591 naturam
2733 1578 2749 1603 ,
2776 1534 2868 1590 sed
2897 1535 3050 1604 cujus
3075 1533 3406 1605 providentia
3461 1536 3610 1591 nulla

2011 1628 2110 1692 sit;
2136 1627 2366 1698 denique
2393 1629 2673 1698 Diagoram
2699 1637 2753 1682 et
2773 1625 3120 1682 Theodorum
3145 1626 3365 1681 omnino
3383 1641 3615 1696 negasse

2013 1722 2175 1775 ullum
2203 1737 2323 1777 esse
2354 1723 2543 1777 Deum.
2743 1719 2747 1724 ’

2079 1826 2208 1881 Tam
2237 1825 2398 1879 falsas
2422 1833 2600 1879 autem
2630 1823 2725 1878 has
2753 1822 3036 1892 Opiniones
3084 1826 3142 1876 ut
3170 1816 3410 1878 funditus
3457 1835 3612 1876 ever-

2013 1929 2104 1981 tat,
2137 1919 2301 1972 variis
2331 1933 2391 1971 ac
2411 1917 2598 1970 validis
2639 1914 2880 1986 profecto
2902 1915 3165 1969 rationum
3197 1915 3483 1970 momentis
3522 1929 3613 1970 os-

2013 2012 2182 2066 tendit
2210 2010 2360 2084 (Cap.
2390 2010 2491 2082 iO)
2519 2010 2641 2066 illos
2663 2011 2820 2079 plane
2848 2024 3052 2074 errare,
3077 2008 3166 2080 qui
3181 2007 3439 2062 mundum
3457 2008 3605 2063 nulla

2020 2107 2110 2160 Dei
2143 2106 2495 2176 providentia,
2530 2105 2620 2159 sed
2669 2104 2885 2158 minutis
2917 2113 2969 2158 et
3000 2102 3414 2164 insecabilibus,
3446 2101 3607 2157 siculi

2013 2199 2335 2270 Leucippus,
2368 2199 2722 2263 Democritus,
2771 2187 3034 2266 Epicurus
3056 2206 3111 2251 et
3155 2196 3456 2262 Lucretius,
3488 2211 3617 2250 cor-

2016 2291 2252 2360 pusculis
2279 2299 2613 2357 concretum,
2639 2304 2732 2344 sua
2761 2291 2870 2344 sola
2898 2299 3088 2344 natura
3108 2289 3348 2346 extitisse
3372 2289 3608 2342 somnia-

2013 2392 2219 2436 verant.
2248 2382 2362 2436 Non
2388 2383 2572 2436 leviori
2604 2382 2799 2436 dehinc
2824 2382 3065 2445 brachio,
3092 2396 3191 2436 nec
3216 2382 3441 2436 minoris
3475 2397 3611 2452 pon-

2013 2476 2158 2530 deris
2181 2474 2734 2544 argumentationibus
2755 2488 2992 2528 errorem
3024 2476 3260 2528 concutit
3281 2473 3617 2546 destruilque

2015 2569 2305 2632 Stratonis,
2334 2569 2423 2637 qui
2451 2569 2613 2622 stulte
2639 2567 2963 2638 praedicabat
2987 2576 3256 2633 naturam,
3282 2583 3444 2621 sensu
3471 2577 3526 2623 et
3551 2568 3620 2624 ﬁ-

2014 2675 2144 2731 gura
2177 2671 2449 2714 carentem
2472 2702 2487 2727 ,
2520 2661 2629 2713 ullo
2673 2660 2790 2714 sine
2817 2658 3056 2725 artiﬁce,
3099 2659 3184 2714 vel
3225 2670 3467 2724 auctore,
3516 2660 3616 2718 sed

2017 2769 2111 2808 sua
2140 2764 2331 2824 sponte
2358 2763 2689 2824 generatam.
2722 2752 2856 2806 Aliis
2883 2767 3010 2808 vero
3039 2753 3371 2824 argumentis
3395 2753 3618 2809 eviden-

2020 2846 2224 2899 tissime
2253 2844 2491 2899 ostendit
2521 2844 2818 2908 hominem,
2850 2844 2941 2914 qui
2971 2843 3039 2898 ab
3068 2844 3231 2905 humo
3260 2860 3452 2899 nomen
3497 2860 3618 2900 sor-

2020 2938 2144 2992 titus
2178 2947 2280 3000 est,
2305 2945 2359 2990 et
2385 2936 2500 3006 ejus
2529 2936 2761 2990 animam
2783 2977 2797 3001 ,
2845 2951 2908 2991 ac
2933 2943 3100 2996 totum
3145 2935 3402 2991 mnndtnn
3444 2951 3471 2989 a
3503 2936 3617 2992 Deo

2020 3030 2182 3084 fuisse
2207 3029 2695 3098 creata;_illiusque
2719 3027 3053 3098 providentia
3090 3028 3402 3100 gubernari.
3447 3028 3615 3084 Plane

2019 3141 2166 3194 ergo,
2196 3125 2228 3177 ii
2252 3139 2461 3188 omnes,
2490 3123 2659 3193 inquit
2689 3122 2798 3187 ille,
2833 3121 3154 3188 delirabant,
3179 3122 3268 3191 qui
3299 3123 3613 3192 religionem

1937 3206 1980 3267 C
2016 3225 2192 3271 metus
2224 3231 2284 3269 ac
2318 3214 2538 3270 terroris
2568 3229 2726 3268 causa
2753 3215 3044 3268 institutam
3077 3213 3439 3272 venditabant.

2090 3309 2337 3363 Pluribus
2385 3310 2622 3380 posthmc
2663 3307 2922 3378 exemplis
2947 3317 3000 3362 et
3039 3307 3335 3364 rationibus
3362 3296 3617 3362 manifes-

2019 3403 2220 3456 tissime
2239 3385 2571 3454 deinonstrat
2590 3398 2756 3470 (Cap.
2782 3400 2839 3453 li
2865 3398 2883 3469 )
2910 3414 3072 3458 unum
3101 3397 3471 3454 tantummodo
3491 3411 3615 3456 esse

2017 3509 2175 3564 posse
2208 3493 2348 3546 hunc
2375 3491 2566 3547 Deum.
2584 3490 2733 3557 Quod
2759 3489 2998 3562 quidem,
3025 3498 3146 3560 post
3164 3488 3482 3560 patefactam
3513 3489 3615 3542 im-

2016 3587 2085 3656 pii
2107 3585 2335 3656 plnrium
2366 3584 2588 3640 deorum
2617 3585 2792 3638 cultus
2811 3584 3094 3654 originem,
3123 3583 3356 3654 publico,
3387 3597 3486 3638 nec
3511 3581 3616 3636 du-

2015 3678 2102 3732 bio
2130 3688 2275 3732 certe
2308 3677 2568 3742 Platonis,
2593 3675 2947 3745 Trismegisti,
2980 3675 3240 3740 Socratis,
3269 3675 3611 3746 Pytliagortc,

2015 3770 2352 3824 Antisthenis
2383 3779 2436 3823 et
2475 3767 2778 3821 Aristotelis
2819 3767 3127 3821 testimonio
3163 3767 3466 3822 conﬁrmat.
3501 3766 3611 3822 Sed

2015 3863 2102 3928 hi,
2143 3862 2343 3932 inquit,
2400 3845 2849 3930 quemadmodum
2905 3866 3073 3930 poet:e
3100 3899 3114 3923 ,
3161 3867 3216 3912 et
3261 3857 3351 3912 alii
3383 3858 3616 3930 gentiles

2015 3953 2224 4007 etiamsi
2255 3951 2625 4008 concesserint
2663 3965 2825 4004 unum
2870 3963 2992 4003 esse
3049 3947 3248 4016 Deum;
3279 3949 3400 4022 quia
3423 3958 3612 4010 tamen

2016 4045 2145 4099 nihil
2179 4046 2246 4100 de
2272 4046 2418 4116 ejus,
2453 4060 2610 4114 quem
2649 4045 2946 4098 beneﬁcum
2986 4044 3301 4109 credebant,
3325 4045 3470 4100 cultu
3499 4055 3610 4100 sta.

2017 4147 2266 4199 tuerunt,
2323 4138 2522 4191 idcirco
2561 4136 2804 4191 arbitrati
2834 4145 2960 4191 sunt
3003 4136 3153 4194 illum
3209 4138 3288 4192 ira
3338 4153 3610 4210 nunquam

2013 4231 2289 4286 concitari.
2334 4229 2414 4284 Ex
2459 4230 2541 4283 his
2578 4243 2761 4307 porro,
2796 4243 2918 4299 qua:
2967 4227 3230 4284 hactenus
3256 4228 3398 4286 dicta
3452 4239 3612 4298 sunt,

2015 4323 2102 4375 ille
2148 4320 2418 4375 concludit
2447 4319 2610 4390 (Cap.
2648 4319 2745 4388 1'2)
2768 4318 3007 4374 funditus
3038 4334 3286 4375 eversam
3319 4335 3441 4376 esse
3493 4322 3613 4376 illo-

2012 4432 2131 4469 rum
2164 4413 2594 4482 reSponsionem,
2617 4413 2706 4480 qui
2731 4410 3129 4466 contendebant
3163 4410 3476 4485 religionem
3508 4413 3613 4474 uti-

2014 4507 2179 4562 litatis
2212 4514 2414 4560 tantum
2451 4502 2619 4572 gratia
2655 4502 3032 4560 introductam.

318 4595 754 4666 sicutgratia,ita
773 4595 921 4650 etira
948 4595 1124 4664 reipsa
1148 4597 1492 4650 commoveri.
1518 4595 1574 4650 In
1603 4597 1701 4652 hoc
1731 4609 1907 4654 autem
1928 4591 1991 4650 ’Β
2090 4600 2222 4653 Aliis
2255 4609 2430 4651 tamen
2476 4595 2652 4650 adhuc
2700 4597 2962 4650 rationum
3014 4596 3299 4652 momentis
3342 4596 3616 4656 convincit

320 4687 479 4741 totius
492 4686 766 4756 religionis
783 4701 1051 4764 summam.
1069 4695 1122 4740 et
1135 4687 1407 4741 cardinem
1422 4689 1626 4743 versari
1641 4691 1911 4746 existimat

318 4779 478 4847 (Cap.
516 4778 606 4848 7).
635 4778 784 4846 Quod
815 4779 1029 4848 quidem
1063 4792 1128 4832 eo
1155 4779 1519 4845 demonstrat,
1553 4782 1693 4851 quod
1725 4781 1908 4848 homo,

316 4875 415 4926 etsi
462 4873 627 4926 multa
651 4887 771 4926 cum
794 4873 967 4927 brutis
987 4873 1315 4939 communia,
1357 4884 1448 4928 aut
1496 4875 1559 4929 iis
1591 4877 1786 4932 similia
1819 4878 1914 4932 ha-

319 4964 470 5027 beat,
515 4964 773 5031 sapientia
808 4973 984 5018 tamen
1019 4981 1082 5022 ac
1113 4967 1447 5035 potissimum
1479 4969 1769 5040 religione,
1802 4971 1914 5028 sive

318 5056 506 5110 notitia
531 5064 587 5110 et
615 5057 759 5110 cultu
795 5058 885 5112 Dei
916 5058 984 5112 ab
1012 5058 1132 5112 aliis
1181 5059 1544 5129 distinguitur.
1580 5065 1739 5134 Atqui
1785 5066 1912 5120 reli-

318 5150 403 5219 gio
429 5150 549 5205 sine
576 5149 788 5204 sincero
817 5151 934 5217 Dei,
967 5153 1335 5220 peccatoribus
1352 5153 1564 5220 oil‘ensi,
1585 5165 1742 5224 atque
1772 5158 1914 5226 irati,

320 5253 467 5299 metu
493 5252 638 5298 stare
678 5259 784 5299 non
814 5253 1011 5314 potest.
1043 5245 1181 5300 Iram
1206 5261 1334 5316 ergo
1358 5247 1452 5303 Dei
1482 5263 1760 5317 perperam
1813 5252 1918 5306 tol-

322 5337 430 5393 lere
453 5337 790 5394 conabantur
811 5338 1063 5408 Epicurei
1114 5338 1276 5410 (Cap.
1310 5342 1414 5409 8),
1449 5341 1539 5411 qui
1584 5342 1731 5396 illum
1779 5344 1914 5399 nihil

325 5446 516 5488 curare
547 5431 879 5488 cﬁutiebant.
911 5431 1128 5487 Frustra
1157 5434 1298 5487 enim
1330 5435 1460 5488 nihil
1491 5435 1720 5504 curanti,
1752 5437 1916 5491 nihil-

325 5541 428 5596 que
452 5540 579 5582 cum
607 5525 761 5581 nobis
787 5541 1076 5582 commune
1107 5525 1344 5591 habenti,
1395 5528 1592 5598 templa
1646 5529 1919 5585 aediﬁcan-

324 5625 432 5681 tur,
465 5631 529 5673 ac
551 5616 687 5673 ﬁunt
707 5617 986 5673 sacriﬁcia.
1008 5617 1196 5672 Nullus
1219 5619 1360 5674 enim
1390 5620 1560 5674 honos
1586 5619 1638 5674 ei
1667 5620 1916 5677 debetur.

329 5711 409 5766 Ad
440 5710 557 5769 hac
583 5725 712 5768 vero
747 5729 758 5765 :
791 5711 834 5767 si
866 5712 1006 5767 Deus
1034 5727 1141 5767 non
1173 5712 1438 5781 irascitur,
1484 5713 1667 5784 utique
1713 5730 1819 5769 non
1853 5715 1921 5769 ti-

329 5812 544 5869 metur;
580 5805 752 5861 sinon
773 5805 1013 5870 timetur,
1036 5821 1133 5862 nec
1161 5805 1320 5860 etiam
1346 5806 1571 5873 colitur;
1604 5807 1730 5876 quin
1761 5807 1924 5864 immo

2021 4695 2185 4748 Deum
2228 4691 2400 4760 reipsa
2433 4689 2609 4743 irasci.
2642 4689 2746 4744 Sed
2793 4698 2849 4742 ut
2878 4689 2990 4744 haec
3019 4688 3193 4752 adhuc
3219 4689 3460 4758 planiora
3494 4705 3614 4756 om-

2020 4786 2177 4839 nibus
2204 4785 2418 4845 iierent,
2451 4782 2748 4835 luculenter
2771 4780 2860 4834 ille
2881 4779 3116 4834 ostendit
3143 4780 3310 4852 (Cap.
3336 4781 3441 4853 1'5)‘
3465 4799 3615 4838 mttu-

2020 4876 2146 4930 dum
2177 4892 2282 4930 non
2313 4885 2580 4928 mutorum
2626 4871 2958 4938 animalium,
2986 4872 3082 4938 sed
3129 4871 3407 4944 hominum
3449 4890 3613 4938 causa

2019 4968 2184 5023 fuisse
2207 4983 2234 5021 a
2268 4968 2378 5022 Deo
2400 4965 2694 5021 conditum.

2089 5065 2157 5114 At
2177 5061 2220 5114 si
2251 5060 2320 5113 ita
2349 5069 2460 5122 est,
2495 5057 2806 5127 inquiebant
2831 5057 3162 5124 Academici,
3185 5072 3281 5114 cur
3306 5067 3413 5122 tam
3440 5063 3608 5120 multa

2019 5153 2234 5223 ipsimet
2281 5148 2480 5204 homini
2519 5149 2786 5204 contraria
2824 5163 2887 5203 ac
2932 5148 3184 5220 pestifera
3235 5150 3612 5214 inveniuntur?

2020 5243 2438 5315 Respondebant
2463 5241 2680 5311 quidem
2708 5241 2876 5300 Stoici
2915 5243 3168 5304 latentem
3194 5259 3382 5306 eorum
3413 5248 3614 5306 utilita-

2021 5347 2130 5393 tem
2159 5350 2318 5408 posse
2358 5335 2613 5406 deinceps
2661 5334 2898 5406 agnosci,
2928 5349 2990 5392 ac
3020 5352 3087 5392 ex
3141 5337 3270 5408 ipsis
3297 5339 3617 5409 animalibus

2022 5438 2208 5486 contra
2230 5442 2416 5483 eorum
2462 5441 2667 5482 venena
2698 5426 2880 5483 haberi
2925 5427 3244 5494 remedium.
3271 5428 3376 5494 Sed
3407 5429 3504 5486 hos
3529 5445 3619 5488 re-

2024 5523 2161 5580 fellit
2186 5521 2515 5586 Lactantius,
2545 5519 2669 5590 quia
2699 5520 2862 5574 multa
2896 5519 3026 5575 nulli
3050 5519 3301 5578 videntur
3321 5534 3442 5576 esse
3472 5522 3617 5584 utili-

2025 5620 2142 5684 tati,
2175 5631 2237 5671 ac
2270 5616 2436 5672 satius
2457 5624 2603 5670 esset
2647 5613 2789 5669 nulla
2823 5613 2934 5668 ﬁeri
2993 5613 3149 5670 noxia
3193 5621 3247 5668 et
3290 5613 3568 5676 mortifera
3597 5652 3617 5684 ,

2026 5723 2185 5783 quam
2213 5724 2279 5766 ex
2312 5708 2419 5764 illis
2441 5707 2699 5762 adversus
2726 5707 2839 5777 ipsa
2869 5703 3166 5760 remedium
3193 5717 3454 5772 quaerere.
3479 5704 3624 5772 Qua-

2033 5814 2253 5877 propter
2285 5803 2375 5859 ille
2395 5799 2684 5870 respondet
2708 5799 2815 5854 soli
2843 5812 2907 5852 ex
2935 5795 3297 5850 animantibus
3319 5793 3521 5852 homini
3547 5796 3629 5852 in-
