3828 6262
247 267 349 326 {Si

1143 253 1452 314 DISSERT.
1478 254 1541 308 D.
1575 250 1662 307 LE
1699 245 1981 306 NOURRY
2013 244 2078 300 IN
2107 244 2233 299 LIB.
2261 242 2346 297 DE
2370 241 2484 297 IRA
2510 237 2638 294 DEI.

3438 231 3546 289 {52

241 385 408 442 diram
435 398 464 438 ιι
491 384 604 441 Deo
621 379 960 454 sapientiam,
989 390 1093 448 qua
1136 373 1278 430 bona
1307 371 1578 427 discernat
1602 383 1632 422 a
1660 365 1835 431 malis,
1864 363 1918 422 Α
1943 361 2108 423 enirn,
2140 357 2392 427 probaret
2417 353 2700 420 delictum,
2727 358 2784 407 et
2821 347 2890 405 ad
2930 345 3134 419 majora
3162 344 3266 402 iter
3299 356 3550 401 securum

245 487 406 543 atque
434 477 521 532 illa
552 477 736 546 eligat,
762 483 816 528 et
871 470 987 524 haec
1031 481 1096 522 ac
1141 477 1493 536 qumcumque
1540 458 1642 514 sibi
1680 455 1841 512 noxia

243 578 393 635 sunt,
423 568 645 623 devitet.
981 622 983 624 .

319 658 522 715 Eadem
583 655 789 711 ratione
837 652 996 706 aliam
1053 647 1251 704 evertit
1291 642 1841 715 argumentationem,

243 767 405 822 quam
429 750 670 818 sibiipse
701 747 843 801 hunc
875 743 1157 814 proposuit
1183 741 1236 795 itt
1275 738 1489 794 modum
1524 753 1538 790 :
1566 737 1673 791 Attt
1701 734 1844 788 Deus

249 852 450 914 poteSI,
481 851 534 897 et
558 855 665 895 non
697 838 808 893 vult
840 838 976 891 mala
1023 835 1232 899 tollere,
1279 830 1589 901 eoqueipso
1633 827 1846 882 invidus

248 946 368 992 est:
398 943 491 989 aut
517 933 649 998 vult,
680 942 737 988 et
763 947 868 986 non
903 938 1098 1000 potest,
1121 937 1176 983 et
1201 928 1271 982 ita
1302 935 1385 981 εει
1411 925 1675 978 infirmus.
1704 922 1847 991 Ergo

246 1042 350 1082 nec
387 1027 524 1080 Deus
572 1023 832 1079 dicendus
859 1023 978 1076 crit.
1021 1019 1283 1075 Concedit
1317 1025 1494 1070 autem
1545 1013 1848 1068 Lactantius

248 1119 419 1174 Deum
451 1130 607 1185 posse
635 1115 832 1169 malum
865 1112 1075 1176 tollere,
1107 1111 1202 1166 sed
1233 1109 1352 1164 ideo
1380 1107 1507 1163 illud
1533 1121 1636 1161 non
1664 1115 1848 1160 sustu-

248 1207 556 1276 lisse;quia
590 1205 790 1260 nomini
813 1247 828 1272 ,
863 1205 938 1258 uti
963 1203 1165 1258 dictum
1197 1210 1309 1268 est,
1332 1199 1482 1254 dedit
1509 1199 1845 1267 sapientiam,

247 1313 353 1367 qua
405 1305 582 1366 potest
621 1297 821 1350 malum
861 1309 1174 1365 agnoscere,
1207 1301 1261 1346 et
1289 1305 1558 1346 summum
1609 1291 1807 1344 bonum
1833 1329 1848 1354 ,

249 1403 347 1446 seu
377 1389 589 1444 beatam
615 1386 1070 1442 immortalitatem
1101 1384 1347 1453 adipisci.

324 1478 789 1550 Quemadmodum
816 1492 946 1532 vero
973 1478 1113 1530 Deus
1141 1472 1400 1528 mundum
1433 1479 1654 1541 propter
1681 1469 1856 1525 homi-

250 1589 401 1640 nem,
433 1573 511 1628 sic
540 1581 595 1626 et
621 1571 763 1626 hunc
787 1579 1008 1639 propter
1039 1583 1098 1622 se
1119 1567 1342 1630 creavit,
1371 1564 1420 1619 id
1444 1575 1545 1629 est,
1579 1573 1636 1618 ttt
1665 1565 1733 1620 ab
1765 1563 1856 1618 illo

254 1673 634 1737 cognoscatur,
663 1677 725 1717 ac
753 1661 933 1717 debita
962 1658 1313 1716 veneratione
1339 1655 1566 1711 colatur.
1602 1655 1731 1711 Inde
1757 1672 1854 1712 au-

1950 452 2236 524 panderet.
2532 472 2540 478 ·
3417 510 3427 517 .

2015 544 2199 614 Neque
2243 541 2371 596 sinit
2419 539 2519 595 sibi
2564 536 2723 608 objici
2779 534 3032 606 Archytze
3081 531 3416 602 exemplum,
3457 531 3552 601 qui

1961 645 2247 706 propterea
2273 632 2418 704 quod
2450 632 2625 686 villico
2656 629 2898 700 peccanti
2925 628 3092 682 iratus
3113 634 3270 689 erat,
3301 638 3425 678 eum
3457 639 3557 693 pu-

1949 729 2068 784 nire
2096 727 2281 780 noluit.
2317 725 2545 782 Unicum
2571 724 2770 795 quippe
2793 721 3098 791 exemplum
3125 729 3231 784 est,
3259 717 3404 788 quod
3434 716 3556 771 nul-

1951 820 2067 888 lus,
2099 819 2179 874 uti
2222 819 2314 873 ille
2347 816 2586 872 Platonis
2615 814 2925 876 testimonio
2957 812 3230 881 variisque
3255 808 3557 864 rationibus

1951 913 2182 985 probare
2205 911 2506 976 contendit,
2535 908 2696 963 debet
2731 906 2946 961 imitari.
2977 904 3046 960 At
3071 904 3137 959 de
3173 904 3314 969 Deo,
3348 901 3554 971 inquit,

1934 1005 2020 1071 de
2049 1005 2202 1073 cujus
2225 1013 2406 1057 tamen
2431 1001 2596 1073 figura
2623 1009 2784 1065 tacet,
2804 999 2944 1054 idem
2967 997 3253 1052 dicendum
3283 1011 3346 1050 ac
3365 995 3434 1050 de
3460 994 3562 1050 ho-

1953 1098 2117 1163 mine,
2148 1111 2302 1166 quem
2331 1084 2557 1150 s‘tmilem
2587 1094 2685 1148 sibi
2719 1093 2865 1148 fecit.

2030 1189 2226 1244 Verum
2258 1189 2380 1258 quia
2414 1188 2576 1242 homo
2600 1187 2777 1241 anima
2801 1193 3014 1240 constat
3039 1192 3094 1240 et
3113 1199 3341 1254 corpore
3367 1182 3562 1251 quibus

1957 1282 2024 1337 ad
2055 1285 2279 1336 virtutes
2300 1322 2314 1347 ,
2351 1289 2444 1334 aut
2469 1290 2655 1335 contra
2687 1279 2947 1357 sancitam
2990 1293 3018 1331 a
3055 1279 3164 1332 Deo
3189 1277 3361 1347 legem
3389 1275 3456 1328 ad
3481 1276 3560 1328 vi-

1958 1377 2030 1432 tia
2059 1378 2261 1439 fertur;
2287 1374 2487 1431 idcirco
2518 1375 2679 1440 Deus,
2711 1375 2950 1429 omnium
2976 1381 3128 1442 pater
3149 1379 3203 1425 et
3230 1379 3441 1434 rector,
3468 1369 3566 1424 de-

1959 1470 2192 1524 lectatur
2222 1467 2363 1522 illius
2385 1467 2692 1530 virtutibus,
2717 1475 2772 1520 et.
2795 1466 2937 1519 vitiis
2961 1472 3364 1526 commovetur;
3394 1461 3568 1516 bonos

1959 1561 2160 1630 diligit,
2195 1570 2251 1615 et
2281 1560 2508 1630 injustos
2539 1559 2663 1614 odio
2692 1558 2853 1614 habet
2880 1557 3042 1630 (Cap.
3078 1555 3206 1625 19).

2036 1655 2105 1708 At
2127 1651 2256 1722 quid
2284 1654 2354 1716 ei,
2386 1651 2718 1721 inquiebant,
2751 1663 2887 1720 opus
2911 1648 3058 1711 odio,
3085 1647 3174 1718 qui
3195 1655 3252 1702 et
3277 1645 3434 1700 bonis
3451 1654 3562 1700 sta-

255 1766 364 1814 tem
393 1756 528 1813 scite
566 1753 955 1827 colligit(Cap.
988 1753 1054 1808 M
1078 1752 1096 1824 )
1118 1751 1365 1808 eumdem
1420 1751 1690 1805 hominem
1731 1750 1857 1804 reli-
1885 1752 1936 1815 Β
1965 1747 2061 1801 tuit
2111 1747 2422 1814 praemium,
2463 1753 2519 1800 et
2565 1745 2720 1799 malis
2758 1743 3010 1812 paruam?
3033 1741 3198 1808 Quia,
3232 1741 3406 1810 inquit
3435 1739 3571 1794 Lac-

255 1853 450 1924 gionis,
476 1861 531 1907 et
557 1861 615 1905 ut
633 1851 708 1904 ait
729 1849 939 1916 Cicero,
967 1848 1189 1917 iustitia:
1219 1861 1380 1901 causa
1407 1844 1571 1900 fuisse
1591 1854 1852 1900 creatum.

255 1943 314 1999 Si
345 1943 465 2014 quis
503 1956 633 1998 vero
661 1942 982 2002 sciscitetur,
1012 1939 1153 1994 unde
1195 1953 1323 2008 ergo
1343 1945 1554 2006 peccata
1587 1936 1652 1990 ad
1684 1936 1860 1991 homi-

255 2050 380 2091 nem
415 2034 757 2105 pervenerint
779 2074 794 2096 ,
827 2047 1143 2102 responsum
1175 2046 1204 2083 a
1255 2029 1531 2084 Lactantio
1560 2029 1604 2082 is
1634 2028 1861 2096 accipiet

260 2125 423 2195 (Cap.
458 2125 581 2195 15),
633 2139 691 2179 se
717 2124 826 2194 jam
881 2123 1002 2176 huic
1044 2122 1325 2192 quaestioni
1359 2120 1703 2185 satisfecisse,
1736 2134 1857 2172 cum

261 2217 396 2273 dixit
421 2217 587 2271 Deum
617 2217 818 2270 homini
844 2215 1041 2269 bonum
1063 2214 1408 2282 proposuisse
1431 2211 1722 2276 ettnalum,
1757 2210 1859 2265 hoc

264 2321 445 2363 autem
469 2350 484 2376 ,
515 2308 658 2378 quod
701 2308 846 2370 odit,
874 2305 1218 2376 permisisse,
1250 2316 1306 2359 ut
1338 2305 1490 2369 illud,
1522 2304 1664 2375 quod
1695 2312 1858 2369 amat,

261 2402 390 2459 inde
412 2403 687 2458 emicaret.
718 2401 790 2472 At
815 2401 938 2470 quia
968 2401 1151 2463 homo,
1183 2415 1289 2453 non
1322 2414 1476 2464 secus
1500 2414 1562 2452 ac
1599 2397 1860 2463 mundus,

261 2495 607 2564 componitur
635 2493 797 2548 rebus
818 2492 1104 2547 contrariis
1129 2500 1183 2545 et
1221 2490 1654 2561 repugnantibus,
1684 2489 1862 2542 anima

223 2586 510 2641 -videlicct
538 2585 708 2639 solida
735 2594 789 2640 et
815 2594 1040 2648 aeterna,
1066 2590 1120 2638 et
1147 2568 1373 2652 corpore
1419 2581 1588 2650 fragili
1626 2591 1680 2634 et
1717 2597 1862 2634 mor-

259 2677 376 2740 tali,
411 2677 537 2732 hinc
563 2675 804 2745 profecto
825 2684 940 2730 orta
967 2683 1094 2729 sunt
1118 2683 1173 2728 et.
1226 2683 1431 2727 natura:
1461 2673 1580 2740 ejus
1607 2671 1864 2741 deprava-

258 2772 359 2835 tio,
389 2781 442 2825 et
471 2769 620 2835 vitia,
643 2785 762 2839 qua:
788 2769 884 2824 Dei
917 2767 1126 2838 legibus
1145 2766 1414 2836 prohiberi
1446 2766 1699 2833 oportuit.
1724 2765 1865 2818 Deus

255 2877 387 2931 ergo
418 2862 469 2916 in
501 2861 672 2916 bonos
719 2860 967 2915 homines
994 2860 1074 2914 eis
1123 2873 1328 2913 morem
1362 2865 1612 2927 gerentes
1656 2858 1826 2927 gratia
1847 2896 1861 2920 ,

262 2961 426 3023 atque
455 2953 507 3007 in
540 2953 981 3023 przevaricatores
1004 2951 1082 3005 ira
1109 2960 1501 3005 commovetur.

333 3048 520 3116 Neque
579 3047 837 3117 Epicurus
866 3045 1105 3112 objicere
1143 3051 1355 3113 poterat
1403 3042 1454 3094 in
1504 3041 1617 3094 Deo
1667 3040 1868 3108 pariter

1963 1839 2182 1908 tantius,
2213 1841 2256 1894 si
2280 1841 2397 1904 quis
2421 1838 2566 1908 juste
2614 1852 2677 1891 ac
2707 1846 2853 1892 recte
2877 1837 3054 1901 vivat,
3100 1836 3265 1888 Deum
3295 1850 3428 1889 vero
3461 1849 3561 1890 nec

1963 1930 2142 1996 colat,
2172 1945 2269 1983 nec
2297 1937 2472 1991 curet,
2506 1940 2633 1982 tunc
2659 1929 2772 1996 ipse
2803 1928 2942 1982 Deus
2971 1926 3110 1980 lnmc
3145 1941 3249 1979 non
3294 1926 3424 1980 sinit
3444 1940 3568 1981 esse

1965 2023 2284 2092 impunitmn
2309 2063 2323 2086 ,
2367 2036 2431 2075 ac
2458 2029 2680 2090 pr0pter
2719 2020 2836 2088 ejus
2880 2018 3185 2087 superbiam
3224 2018 3300 2070 ira
3351 2018 3404 2070 in
3446 2033 3570 2072 eum

1968 2123 2357 2169 commovetur.
2407 2110 2833 2178 Qetnadmodum
2875 2125 3004 2180 ergo
3035 2111 3312 2179 ignoscere
3362 2118 3567 2179 potest,

1968 2209 2039 2262 ita
2071 2216 2126 2261 et
2153 2207 2330 2260 irasci.

2037 2297 2390 2367 Interroganti
2419 2304 2596 2351 autem
2625 2311 2723 2351 cur
2755 2297 2811 2363 ii,
2838 2297 2928 2366 qtti
2977 2304 3222 2364 peccant,
3255 2311 3400 2366 sazpe
3451 2295 3574 2352 feli-

1964 2404 2078 2453 ces,
2126 2398 2181 2444 et
2209 2389 2298 2458 qui
2333 2389 2418 2458 pie
2445 2389 2649 2452 vivunt,
2699 2403 2842 2458 saepe
2889 2389 3069 2442 miseri
3101 2389 3209 2442 sint
3223 2403 3243 2452 ;
3284 2389 3577 2458 respondet

1965 2491 2152 2537 auctor
2175 2480 2337 2555 (Cap.
2367 2481 2472 2553 20)
2505 2491 2688 2536 noster
2710 2482 2846 2538 filios
2865 2482 2963 2535 sub
2983 2481 3266 2551 disciplina
3297 2483 3464 2550 patris
3491 2468 3576 2538 sui

1967 2575 2306 2638 constitutos,
2330 2575 2573 2629 strictius
2603 2584 2656 2628 et
2689 2574 2946 2644 frugalius
2973 2575 3093 2628 aliis
3122 2574 3362 2644 fugitivis
3388 2585 3443 2629 et
3468 2576 3566 2629 ab-

1968 2671 2162 2727 dicatis
2188 2672 2389 2725 vivere.
2423 2671 2624 2726 Deinde
2644 2687 2794 2738 vero,
2815 2673 2907 2741 qui
2941 2680 3183 2741 peccant,
3229 2671 3432 2743 inquit,
3467 2688 3574 2728 non

1966 2763 2220 2834 effugient
2252 2762 2646 2830 Dcljudicinm,
2695 2772 2750 2818 et
2786 2763 2993 2819 debitas
3020 2773 3355 2833 mternasque
3405 2764 3576 2820 scele-

1966 2872 2087 2911 rum
2121 2869 2308 2925 poenas
2335 2853 2623 2922 aliquando
2650 2855 2878 2910 dabunt.

2041 2949 2330 3004 lnstabant'
2359 2965 2371 3000 :
2405 2962 2501 3002 cur
2528 2949 2668 3004 Deus
2689 2991 2704 3013 ,
2732 2951 2776 3004 si
2808 2950 3156 3021 peccantibus
3209 2949 3478 3017 irascitur,
3520 2952 3572 3005 in

1968 3055 2063 3096 eos
2090 3042 2270 3096 statim
2322 3060 2425 3098 non
2464 3041 2884 3096 animadvertit?
2911 3042 3174 3110 Quoniam
3220 3057 3343 3096 cum
3369 3057 3458 3107 ea,
3500 3041 3574 3096 ait

264 3157 386 3196 esse
412 3139 613 3195 debere
642 3139 871 3202 timoris,
905 3136 1165 3202 libidinis,
1192 3143 1247 3189 et
1275 3133 1584 3202 cupiditatis
1610 3133 1855 3188 affectus.
1886 3129 1934 3193 C
1966 3131 2314 3201 Lactantius,
2348 3136 2419 3190 sit
2443 3134 2677 3188 humana
2710 3134 2990 3204 fragilitas,
3024 3137 3081 3188 tit
3116 3150 3277 3190 nemo
3309 3149 3417 3188 non
3447 3150 3571 3203 pec-

262 3231 400 3287 Nam
430 3230 486 3285 hi
511 3230 710 3300 aliique
733 3228 940 3282 similes
967 3235 1166 3291 motus,
1193 3241 1263 3280 ex
1291 3227 1526 3280 hominis
1557 3224 1841 3294 fragilitate

263 3323 393 3388 orti,
423 3322 474 3375 in
507 3321 696 3386 Deum,
727 3321 816 3390 qui
849 3319 1172 3374 immortalis
1187 3328 1287 3383 est,
1315 3326 1368 3372 et
1392 3317 1590 3373 nullius
1613 3318 1691 3373 rei
1719 3327 1859 3388 eget,

263 3415 460 3470 cadere
502 3429 608 3466 non
641 3420 864 3482 possunt
902 3410 1060 3481 (Cap.
1098 3408 1220 3482 16).
1250 3407 1450 3464 Contra
1479 3424 1608 3464 vero
1663 3409 1738 3464 ira
1767 3409 1865 3463 ad-

264 3521 455 3562 versus
486 3504 656 3564 malos
687 3503 955 3566 homines,
989 3510 1044 3557 et
1067 3517 1190 3572 erga
1218 3501 1389 3556 bonos
1418 3500 1672 3567 charitas,
1706 3511 1866 3572 atque

269 3598 324 3653 in
365 3597 596 3652 afﬂictos
627 3596 920 3657 miseratio.
950 3604 1077 3649 sunt
1119 3594 1338 3649 affectus
1367 3594 1476 3649 Deo
1508 3596 1664 3664 plane
1683 3594 1826 3664 digni
1848 3637 1863 3661 ,

269 3707 533 3761 suamque
584 3690 785 3746 habent
812 3691 864 3744 in
895 3690 1012 3759 ipso
1035 3689 1337 3744 materiam.
1385 3687 1552 3744 Secus
1582 3689 1723 3742 enim
1751 3688 1867 3740 om-

266 3782 355 3839 nia
386 3783 650 3838 scelerum
676 3797 870 3851 genera
902 3781 1157 3835 mundum
1187 3781 1410 3848 impune
1431 3778 1778 3832 iuundarcnt.

343 3876 582 3930 Instabat
627 3874 893 3943 Epicurus
919 3857 1092 3927 Deum
1121 3885 1242 3924 esse
1272 3871 1484 3925 beatum
1505 3911 1519 3936 ,
1549 3883 1678 3936 ergo
1712 3868 1864 3937 quie-

270 3977 386 4025 tum
423 3977 479 4022 et
528 3964 658 4020 nihil
703 3972 1002 4019 curantem.
1056 3963 1124 4016 At
1171 3960 1332 4015 sentit
1360 3969 1528 4024 certe,
1578 3959 1652 4012 uti
1695 3959 1871 4027 arguit

272 4058 587 4116 Lactantius
613 4055 776 4127 (Cap.
811 4053 940 4124 17),
973 4068 1292 4122 semperque
1331 4052 1478 4104 vivit.
1512 4052 1636 4119 Agit
1687 4051 1866 4121 igitur.

271 4153 408 4220 Quae
437 4158 614 4204 autem
641 4155 725 4202 cst
763 4147 904 4200 actio
934 4145 1059 4210 Dei,
1089 4145 1189 4198 nisi
1219 4144 1400 4197 mundi
1446 4143 1870 4198 administratio?

273 4244 347 4300 At
376 4243 418 4297 si
450 4255 631 4296 curam
663 4237 847 4292 mttndi
872 4246 926 4291 et
952 4235 1184 4289 hominis
1225 4235 1420 4299 habet,
1467 4235 1578 4289 vult
1631 4234 1871 4303 profecto

273 4337 343 4392 ab
371 4334 587 4389 homine
618 4331 794 4401 legem
815 4344 965 4384 suam
983 4326 1283 4393 observari,
1307 4335 1360 4382 et
1388 4326 1530 4382 illius
1553 4327 1874 4397 praevarica-

274 4428 488 4483 toribus
514 4424 784 4479 irascitur.

1967 3233 2088 3290 cet,
2122 3227 2426 3294 paucissimi
2455 3226 2698 3297 profecto
2722 3227 2983 3282 viverent.
3015 3227 3213 3282 Deinde
3257 3242 3388 3282 vero
3419 3227 3568 3282 multi

1969 3332 2038 3373 ex
2061 3319 2218 3373 malis
2243 3319 2315 3375 ’et
2345 3320 2603 3389 improbis
2648 3319 2782 3373 fiunt
2801 3319 2931 3389 justi
2959 3328 3012 3374 et
3041 3320 3401 3385 continentes,
3454 3320 3570 3388 plu-

1968 3425 2162 3482 resque
2191 3427 2256 3466 (ιι
2285 3411 2548 3467 idolorum
2580 3412 2876 3466 cultoribus
2906 3427 3089 3466 verum
3123 3413 3286 3466 Deum
3331 3427 3566 3481 agnove-

1968 3513 2113 3558 runt.
2143 3504 2440 3561 Utilissima
2472 3507 2632 3577 igitur
2658 3514 2740 3560 est
2769 3505 3017 3573 patientia
3072 3506 3184 3565 Dei.
3215 3507 3305 3576 qui
3357 3508 3566 3562 tametsi

1971 3596 2169 3650 noxios
2198 3613 2321 3653 sero
2345 3599 2548 3666 puniat,
2582 3613 2678 3652 eos
2721 3597 3070 3652 nihilominus
3095 3599 3182 3668 qui
3224 3598 3570 3668 pertinaciter

1971 3687 2244 3742 emendari
2273 3689 2481 3753 nolunt,
2511 3688 2720 3758 longius
2749 3689 3042 3757 procedere
3073 3704 3181 3743 non
3207 3690 3422 3758 patitur.

2044 3777 2242 3832 Verum
2267 3780 2443 3834 acrius
2469 3779 2642 3834 adhuc
2664 3779 2754 3833 alii
2788 3780 3046 3849 urgebant
3091 3789 3295 3834 tantum
3341 3782 3530 3837 abesse
3551 3823 3565 3847 ,

1973 3878 2031 3924 ut
2059 3870 2198 3924 Dens
2253 3872 2535 3937 irascatur,
2565 3873 2690 3940 quin
2737 3874 2909 3939 potius
2937 3873 3206 3928 hominem
3254 3874 3414 3929 irasci
3455 3892 3567 3928 om-

1973 3961 2100 4015 nino
2124 3963 2422 4029 prohibeat.
2455 3961 2560 4018 Sed
2594 3963 2694 4017 hoc
2720 3963 2873 4019 facile
2899 3965 3051 4018 diluit
3073 3965 3378 4020 Lactantius
3405 3965 3565 4036 (Cap.

1973 4053 2036 4108 21
2064 4053 2107 4123 ).
2135 4053 2266 4108 Nam
2310 4055 2447 4108 Dens
2477 4056 2690 4124 quidem
2723 4067 2864 4111 vetat
2892 4059 3184 4112 hominem'
3209 4059 3395 4124 irasci;
3446 4061 3568 4128 quia

1974 4160 2119 4213 smpc
2145 4147 2341 4215 smpius
2370 4148 2563 4215 injusta
2593 4158 2675 4203 est
2701 4149 2911 4216 ejusira
2937 4144 2948 4203 ξ
2972 4149 3089 4219 ipse
3112 4164 3240 4204 vero
3269 4150 3409 4204 Deus
3435 4168 3568 4204 nun-

1975 4252 2132 4306 quam
2168 4238 2243 4291 ira
2277 4240 2374 4291 nisi
2401 4239 2540 4308 justa
2567 4251 2830 4294 movetur.
2858 4240 2934 4294 Ad
2983 4241 3096 4294 hmc
3121 4256 3249 4295 vero
3282 4242 3421 4296 Deus
3463 4258 3566 4296 non

1976 4329 2264 4399 prohibuit,
2302 4346 2368 4385 ne
2397 4331 2555 4384 homo
2575 4332 2765 4401 quovis
2785 4333 2878 4386 irae
2903 4341 3050 4386 motu
3071 4341 3337 4402 tangatur,
3362 4333 3457 4388 sed
3503 4350 3565 4388 ne

1978 4420 2032 4473 in
2059 4435 2124 4472 eo
2155 4433 2483 4487 permaneat.
2517 4423 2855 4491 Quapropter
2891 4423 3034 4476 illam
3070 4424 3354 4492 temperari
3382 4423 3565 4493 jussit,

347 4519 458 4574 Nec
500 4525 617 4571 erat
647 4512 903 4584 profecto
947 4513 1088 4583 quod
1123 4512 1297 4568 adhuc
1341 4519 1554 4582 urgeret
1608 4511 1870 4581 Epicurus
1899 4517 1952 4576 D
1977 4523 2027 4568 et
2056 4514 2326 4568 hominem
2350 4525 2474 4570 ante
2499 4517 2629 4571 solis
2647 4532 2894 4571 occasum
2923 4516 3074 4571 fratri
3091 4531 3188 4571 suo
3210 4518 3563 4573 reconciliari.

277 4626 432 4674 eum,
465 4609 554 4680 qui
590 4606 745 4660 alteri
789 4615 966 4670 nocet,
997 4620 1101 4659 non
1131 4620 1251 4660 esse
1301 4604 1520 4658 bonum.
1565 4602 1682 4658 Non
1729 4605 1869 4658 enim

277 4711 511 4769 nocent,
553 4700 644 4770 qui
701 4697 911 4753 debitas
958 4715 986 4752 a
1039 4697 1146 4752 reis
1201 4707 1255 4751 et
1305 4698 1500 4767 iniquis
1549 4711 1736 4767 poenas
1790 4711 1875 4750 rc-

278 4803 487 4868 petunt.

349 4886 432 4942 Ex
453 4883 616 4939 variis
643 4882 857 4950 deinde,
892 4899 1025 4953 quas
1057 4883 1298 4938 Stoicn‘et
1338 4883 1429 4937 alii
1461 4883 1753 4938 attulerunt
1782 4884 1874 4940 irae

279 4977 725 5040 deﬁnitionibus,
764 4976 985 5046 planum
1033 4977 1214 5046 utique
1259 4976 1565 5030 Lactantius
1617 4976 1742 5030 facit
1779 4991 1875 5031 eos

279 5073 527 5146 profecto
553 5084 660 5122 non
695 5067 1026 5122 intellexisse
1053 5067 1306 5138 quidnam
1350 5069 1488 5123 inter
1513 5069 1645 5122 iram
1673 5069 1870 5138 justam

280 5176 338 5222 ct
367 5165 615 5235 injustam
638 5164 708 5218 sit
727 5163 1072 5217 discriminis.
1105 5162 1234 5216 Data
1257 5174 1432 5217 autem
1457 5163 1616 5231 justae
1635 5163 1728 5217 irae
1751 5179 1874 5218 vera

287 5257 555 5320 ﬁnitione,
579 5253 781 5323 colligit
831 5253 990 5324 (Cap.
1015 5254 1112 5324 18)
1134 5270 1250 5309 eam
1298 5271 1396 5310 nec
1418 5253 1484 5308 ah
1507 5255 1744 5314 homine,
1776 5271 1875 5310 nec

280 5350 350 5405 ab
389 5349 507 5418 ipso
538 5347 649 5401 Deo
689 5359 845 5414 posse
888 5345 1070 5399 adimi.
1103 5345 1238 5412 Quid
1294 5345 1472 5416 igitur,
1525 5346 1876 5416 inquiehant?

280 5441 473 5496 Nonne
500 5437 619 5493 sine
637 5438 730 5492 ira:
746 5436 939 5493 affectu
963 5447 1174 5507 peccata
1193 5439 1383 5504 corrigi
1404 5440 1656 5507 possunt?
1685 5440 1870 5505 Recte,

278 5534 354 5590 ait
378 5531 708 5596 Lactantius,
737 5535 782 5584 si
809 5530 984 5585 scelus
1011 5519 1278 5585 occultum
1303 5531 1405 5594 sit,
1441 5542 1532 5586 aut
1557 5534 1604 5586 ei
1643 5534 1872 5590 humana

283 5627 404 5698 lege
441 5633 713 5682 caveatur.
748 5623 817 5679 At
867 5622 1082 5693 quando
1111 5622 1378 5692 cognitum
1411 5633 1464 5678 et
1493 5635 1732 5696 apertum
1760 5637 1872 5696 est,

282 5735 494 5791 aequum
524 5719 668 5775 illius
694 5715 931 5788 judicem
958 5713 1220 5784 indignari
1251 5729 1473 5772 necesse
1494 5725 1596 5772 est.
1657 5717 1870 5787 Alioqui

1975 4605 2229 4672 Quamvis
2254 4615 2430 4660 autem
2465 4607 2576 4676 ipse
2597 4608 2665 4662 sit
2685 4618 2938 4673 :eternus,
2979 4609 3071 4663 irre
3097 4617 3272 4664 tamen
3304 4624 3416 4664 suae
3447 4625 3561 4664 mo-

1975 4707 2088 4752 tum
2123 4701 2173 4751 itt
2219 4709 2480 4767 potestate
2527 4715 2622 4754 sua
2669 4701 2736 4756 ita
2781 4702 2968 4768 habet,
3002 4710 3060 4755 ut
3109 4702 3174 4756 iis
3222 4711 3448 4766 tantum,
3478 4705 3566 4774 qui

1975 4805 2191 4860 semper
2221 4802 2472 4860 peccant,
2510 4792 2562 4845 in
2594 4802 2854 4846 mternum
2886 4793 3164 4847 irascatur.

2048 4883 2123 4939 Ea
2161 4901 2321 4954 porro
2348 4885 2422 4938 ira
2458 4886 2621 4940 Deum
2653 4901 2836 4940 revera
2869 4886 3193 4940 commoveri
3232 4896 3419 4941 auctor
3443 4903 3566 4942 nos-

1974 4986 2055 5033 ter
2084 4993 2272 5032 rursus
2298 4979 2485 5048 probat
2539 4977 2701 5050 (Cap.
2732 4978 2803 5031 22
2851 4987 2906 5032 et
2944 4976 3046 5050 25)
3093 4995 3200 5033 non
3243 4980 3307 5035 iis
3332 4980 3566 5050 quidem,

1974 5088 2094 5144 quae
2124 5072 2324 5128 ethnici
2355 5072 2689 5142 rejiciebant,
2717 5086 2994 5126 sacrorum
3045 5083 3349 5128 nostrorum
3391 5085 3567 5128 valutn

1978 5165 2319 5228 testimoniis,
2365 5165 2456 5217 sed
2490 5165 2738 5226 aliorum,
2764 5173 2921 5233 atque
2943 5165 2996 5219 in
3025 5165 3214 5236 primis
3250 5165 3568 5238 Sybillarum

1976 5263 2030 5312 et
2046 5254 2307 5325 Apollinis
2320 5254 2526 5322 Milesii,
2543 5257 2733 5326 quibus
2754 5255 3006 5326 refragari
3022 5258 3219 5313 ethnici
3234 5260 3452 5313 omnino
3466 5274 3568 5314 non

1980 5357 2246 5419 poterant.
2272 5347 2438 5403 Addit
2471 5363 2596 5403 vero
2622 5347 2904 5417 imperium
2937 5350 3054 5404 sine
3083 5359 3252 5414 metu,
3275 5365 3338 5404 ac
3370 5360 3567 5407 metum

1977 5444 2094 5496 sine
2125 5442 2200 5497 ira
2237 5441 2532 5496 consistere
2561 5456 2667 5495 non
2703 5456 2878 5511 posse.
2915 5441 3074 5512 Atqui
3122 5443 3260 5496 Deus
3291 5441 3566 5511 imperium

1981 5534 2162 5601 habet,
2189 5548 2318 5605 ergo
2345 5543 2400 5589 et
2429 5534 2584 5597 iram,
2616 5545 2774 5604 atque
2827 5532 3028 5589 idcirco
3059 5533 3352 5600 daemones,
3385 5543 3440 5589 et
3466 5549 3566 5588 cai-

1981 5632 2092 5684 tera
2123 5625 2301 5680 omnia
2326 5624 2393 5681 ad
2417 5634 2599 5680 nutum
2621 5625 2737 5694 ejus
2765 5630 3205 5680 contremiscunt.

2055 5719 2294 5790 Denique
2322 5719 2515 5776 librum
2550 5719 2692 5776 hunc
2719 5719 3024 5778 Lactantius
3056 5717 3285 5776 absolvit
3312 5717 3561 5792 epilogo,
