  <div class='ocr_page' id='page_1' title='image "/cluster/home/n/w/nwhite01/storage/ocr_20150623/7/uva.x000669785/084.png"; bbox 0 0 3912 6256; ppageno 0'>
   <div class='ocr_carea' id='block_1_1' title="bbox 95 411 1730 481">
    <p class='ocr_par' dir='ltr' id='par_1_1' title="bbox 95 411 1730 481">
     <span class='ocr_line' id='line_1_1' title="bbox 95 411 1730 481; baseline -0.008 0"><span class='ocrx_word' id='word_1_1' title='bbox 95 425 190 481; x_wconf 71' lang='lat'><strong>155</strong></span> <span class='ocrx_word' id='word_1_2' title='bbox 888 413 1074 472; x_wconf 80' lang='lat' dir='ltr'><strong>CAP.</strong></span> <span class='ocrx_word' id='word_1_3' title='bbox 1107 411 1153 471; x_wconf 83' lang='lat' dir='ltr'><strong>ll</strong></span> <span class='ocrx_word' id='word_1_4' title='bbox 1206 415 1296 473; x_wconf 86' lang='lat' dir='ltr'><strong>DE</strong></span> <span class='ocrx_word' id='word_1_5' title='bbox 1345 414 1560 475; x_wconf 82' lang='lat' dir='ltr'><strong>HUJUS</strong></span> <span class='ocrx_word' id='word_1_6' title='bbox 1599 411 1730 472; x_wconf 85' lang='lat' dir='ltr'><strong>LIB.</strong></span> 
     </span>
    </p>
   </div>
   <div class='ocr_carea' id='block_1_2' title="bbox 1780 409 3375 480">
    <p class='ocr_par' dir='ltr' id='par_1_2' title="bbox 1780 409 3375 480">
     <span class='ocr_line' id='line_1_2' title="bbox 1780 409 3375 480; baseline 0.001 -10"><span class='ocrx_word' id='word_1_7' title='bbox 1780 412 2008 470; x_wconf 80' lang='lat' dir='ltr'><strong>AUCT.‘</strong></span> <span class='ocrx_word' id='word_1_8' title='bbox 2043 409 2294 480; x_wconf 67' lang='lat' dir='ltr'><strong>“TUI...</strong></span> <span class='ocrx_word' id='word_1_9' title='bbox 2330 410 2484 470; x_wconf 83' lang='lat' dir='ltr'><strong>ETC.</strong></span> <span class='ocrx_word' id='word_1_10' title='bbox 3267 411 3375 471; x_wconf 65' lang='grc' dir='ltr'><strong>ιει</strong></span> 
     </span>
    </p>
   </div>
   <div class='ocr_carea' id='block_1_3' title="bbox 110 526 3364 604">
    <p class='ocr_par' dir='ltr' id='par_1_3' title="bbox 110 526 3364 604">
     <span class='ocr_line' id='line_1_3' title="bbox 110 526 3364 604; baseline -0.001 -14"><span class='ocrx_word' id='word_1_11' title='bbox 110 551 204 604; x_wconf 88' lang='lat' dir='ltr'><strong>quo</strong></span> <span class='ocrx_word' id='word_1_12' title='bbox 229 530 486 590; x_wconf 89' lang='lat' dir='ltr'><strong>concludit</strong></span> <span class='ocrx_word' id='word_1_13' title='bbox 515 532 690 586; x_wconf 79' lang='lat' dir='ltr'><strong>Deum</strong></span> <span class='ocrx_word' id='word_1_14' title='bbox 716 529 1024 596; x_wconf 92' lang='lat' dir='ltr'><strong>amandum,</strong></span> <span class='ocrx_word' id='word_1_15' title='bbox 1049 531 1172 601; x_wconf 92' lang='lat' dir='ltr'><strong>quia</strong></span> <span class='ocrx_word' id='word_1_16' title='bbox 1201 531 1436 600; x_wconf 89' lang='lat' dir='ltr'><strong>optimus</strong></span> <span class='ocrx_word' id='word_1_17' title='bbox 1472 539 1661 601; x_wconf 82' lang='lat' dir='ltr'><strong>pater;</strong></span> <span class='ocrx_word' id='word_1_18' title='bbox 1697 531 1749 586; x_wconf 83' lang='grc' dir='ltr'>Α</span> <span class='ocrx_word' id='word_1_19' title='bbox 1774 527 2027 596; x_wconf 91' lang='lat' dir='ltr'><strong>lectione,</strong></span> <span class='ocrx_word' id='word_1_20' title='bbox 2059 529 2396 600; x_wconf 88' lang='lat' dir='ltr'><strong>perspicuum</strong></span> <span class='ocrx_word' id='word_1_21' title='bbox 2424 527 2630 584; x_wconf 90' lang='lat' dir='ltr'><strong>cunctis</strong></span> <span class='ocrx_word' id='word_1_22' title='bbox 2653 526 2744 585; x_wconf 91' lang='lat' dir='ltr'><strong>ﬁet</strong></span> <span class='ocrx_word' id='word_1_23' title='bbox 2765 535 2821 586; x_wconf 92' lang='lat' dir='ltr'><strong>et</strong></span> <span class='ocrx_word' id='word_1_24' title='bbox 2845 527 3364 586; x_wconf 79' lang='lat' dir='ltr'><strong>manifestissimum.</strong></span> 
     </span>
    </p>
   </div>
   <div class='ocr_carea' id='block_1_4' title="bbox 112 621 1674 695">
    <p class='ocr_par' dir='ltr' id='par_1_4' title="bbox 112 621 1674 695">
     <span class='ocr_line' id='line_1_4' title="bbox 112 621 1674 695; baseline -0.003 -11"><span class='ocrx_word' id='word_1_25' title='bbox 112 627 405 691; x_wconf 80' lang='lat' dir='ltr'><strong>titneudum,</strong></span> <span class='ocrx_word' id='word_1_26' title='bbox 427 623 550 694; x_wconf 85' lang='lat' dir='ltr'><strong>quia</strong></span> <span class='ocrx_word' id='word_1_27' title='bbox 576 637 795 678; x_wconf 88' lang='lat' dir='ltr'><strong>severus</strong></span> <span class='ocrx_word' id='word_1_28' title='bbox 815 621 1084 695; x_wconf 89' lang='lat' dir='ltr'><strong>dominus;</strong></span> <span class='ocrx_word' id='word_1_29' title='bbox 1117 623 1516 689; x_wconf 90' lang='lat' dir='ltr'><strong>honorandum,</strong></span> <span class='ocrx_word' id='word_1_30' title='bbox 1550 624 1674 694; x_wconf 84' lang='lat' dir='ltr'><strong>quia</strong></span> 
     </span>
    </p>
   </div>
   <div class='ocr_carea' id='block_1_5' title="bbox 113 713 1674 789">
    <p class='ocr_par' dir='ltr' id='par_1_5' title="bbox 113 713 1674 789">
     <span class='ocr_line' id='line_1_5' title="bbox 113 713 1674 789; baseline 0 -15"><span class='ocrx_word' id='word_1_31' title='bbox 113 721 242 775; x_wconf 86' lang='lat' dir='ltr'><strong>Deus</strong></span> <span class='ocrx_word' id='word_1_32' title='bbox 273 715 782 773; x_wconf 84' lang='lat' dir='ltr'><strong>beneﬁcentissimus</strong></span> <span class='ocrx_word' id='word_1_33' title='bbox 806 721 908 770; x_wconf 90' lang='lat' dir='ltr'><strong>est.</strong></span> <span class='ocrx_word' id='word_1_34' title='bbox 941 713 1223 771; x_wconf 93' lang='lat' dir='ltr'><strong>Concludit</strong></span> <span class='ocrx_word' id='word_1_35' title='bbox 1251 718 1430 789; x_wconf 86' lang='lat' dir='ltr'><strong>itaque</strong></span> <span class='ocrx_word' id='word_1_36' title='bbox 1469 733 1674 774; x_wconf 88' lang='lat' dir='ltr'><strong>morem</strong></span> 
     </span>
    </p>
   </div>
   <div class='ocr_carea' id='block_1_6' title="bbox 115 808 1676 884">
    <p class='ocr_par' dir='ltr' id='par_1_6' title="bbox 115 808 1676 884">
     <span class='ocr_line' id='line_1_6' title="bbox 115 808 1676 884; baseline -0.003 -15"><span class='ocrx_word' id='word_1_37' title='bbox 115 814 182 869; x_wconf 89' lang='lat' dir='ltr'><strong>illi</strong></span> <span class='ocrx_word' id='word_1_38' title='bbox 203 809 496 884; x_wconf 90' lang='lat' dir='ltr'><strong>gerendum,</strong></span> <span class='ocrx_word' id='word_1_39' title='bbox 530 809 749 864; x_wconf 87' lang='lat' dir='ltr'><strong>caducis</strong></span> <span class='ocrx_word' id='word_1_40' title='bbox 775 817 831 864; x_wconf 89' lang='lat' dir='ltr'><strong>et</strong></span> <span class='ocrx_word' id='word_1_41' title='bbox 861 808 1141 879; x_wconf 89' lang='lat' dir='ltr'><strong>fragilibus</strong></span> <span class='ocrx_word' id='word_1_42' title='bbox 1170 809 1347 876; x_wconf 88' lang='lat' dir='ltr'><strong>bonis,</strong></span> <span class='ocrx_word' id='word_1_43' title='bbox 1381 810 1676 881; x_wconf 85' lang='lat' dir='ltr'><strong>voluptati-</strong></span> 
     </span>
    </p>
   </div>
   <div class='ocr_carea' id='block_1_7' title="bbox 117 901 1678 973">
    <p class='ocr_par' dir='ltr' id='par_1_7' title="bbox 117 901 1678 973">
     <span class='ocr_line' id='line_1_7' title="bbox 117 901 1678 973; baseline -0.004 -11"><span class='ocrx_word' id='word_1_44' title='bbox 117 910 230 969; x_wconf 85' lang='lat' dir='ltr'><strong>bus,</strong></span> <span class='ocrx_word' id='word_1_45' title='bbox 253 915 302 960; x_wconf 93' lang='lat' dir='ltr'><strong>et</strong></span> <span class='ocrx_word' id='word_1_46' title='bbox 328 903 458 958; x_wconf 80' lang='lat' dir='ltr'><strong>vitiis</strong></span> <span class='ocrx_word' id='word_1_47' title='bbox 482 903 728 956; x_wconf 90' lang='lat' dir='ltr'><strong>nuntium</strong></span> <span class='ocrx_word' id='word_1_48' title='bbox 753 901 1156 967; x_wconf 89' lang='lat' dir='ltr'><strong>remittendum,</strong></span> <span class='ocrx_word' id='word_1_49' title='bbox 1177 903 1473 958; x_wconf 84' lang='lat' dir='ltr'><strong>vacandum</strong></span> <span class='ocrx_word' id='word_1_50' title='bbox 1502 902 1678 973; x_wconf 81' lang='lat' dir='ltr'><strong>operi-</strong></span> 
     </span>
    </p>
   </div>
   <div class='ocr_carea' id='block_1_8' title="bbox 118 991 1677 1066">
    <p class='ocr_par' dir='ltr' id='par_1_8' title="bbox 118 991 1677 1066">
     <span class='ocr_line' id='line_1_8' title="bbox 118 991 1677 1066; baseline -0.003 -13"><span class='ocrx_word' id='word_1_51' title='bbox 118 999 212 1053; x_wconf 88' lang='lat' dir='ltr'><strong>bus</strong></span> <span class='ocrx_word' id='word_1_52' title='bbox 232 993 449 1066; x_wconf 74' lang='lat' dir='ltr'><strong>justitize,</strong></span> <span class='ocrx_word' id='word_1_53' title='bbox 478 992 836 1060; x_wconf 58' lang='lat' dir='ltr'><strong>innocentiae,</strong></span> <span class='ocrx_word' id='word_1_54' title='bbox 873 991 1243 1048; x_wconf 84' lang='lat' dir='ltr'><strong>beneﬁcentiae</strong></span> <span class='ocrx_word' id='word_1_55' title='bbox 1264 1034 1280 1058; x_wconf 95' lang='lat'><strong>,</strong></span> <span class='ocrx_word' id='word_1_56' title='bbox 1311 993 1537 1064; x_wconf 86' lang='lat' dir='ltr'><strong>aliisque</strong></span> <span class='ocrx_word' id='word_1_57' title='bbox 1561 995 1677 1049; x_wconf 88' lang='lat' dir='ltr'><strong>vir-</strong></span> 
     </span>
    </p>
   </div>
   <div class='ocr_carea' id='block_1_9' title="bbox 119 1085 1677 1158">
    <p class='ocr_par' dir='ltr' id='par_1_9' title="bbox 119 1085 1677 1158">
     <span class='ocr_line' id='line_1_9' title="bbox 119 1085 1677 1158; baseline -0.001 -13"><span class='ocrx_word' id='word_1_58' title='bbox 119 1091 329 1151; x_wconf 89' lang='lat' dir='ltr'><strong>tutibus;</strong></span> <span class='ocrx_word' id='word_1_59' title='bbox 371 1096 422 1140; x_wconf 91' lang='lat' dir='ltr'><strong>nt</strong></span> <span class='ocrx_word' id='word_1_60' title='bbox 449 1085 759 1142; x_wconf 87' lang='lat' dir='ltr'><strong>beatissima</strong></span> <span class='ocrx_word' id='word_1_61' title='bbox 789 1086 1185 1143; x_wconf 86' lang='lat' dir='ltr'><strong>necessitudine</strong></span> <span class='ocrx_word' id='word_1_62' title='bbox 1212 1087 1312 1158; x_wconf 91' lang='lat' dir='ltr'><strong>ipsi</strong></span> <span class='ocrx_word' id='word_1_63' title='bbox 1359 1089 1472 1144; x_wconf 91' lang='lat' dir='ltr'><strong>Deo</strong></span> <span class='ocrx_word' id='word_1_64' title='bbox 1511 1104 1677 1158; x_wconf 79' lang='lat' dir='ltr'><strong>copu-</strong></span> 
     </span>
    </p>
   </div>
   <div class='ocr_carea' id='block_1_10' title="bbox 117 1177 1676 1250">
    <p class='ocr_par' dir='ltr' id='par_1_10' title="bbox 117 1177 1676 1250">
     <span class='ocr_line' id='line_1_10' title="bbox 117 1177 1676 1250; baseline -0.003 -12"><span class='ocrx_word' id='word_1_65' title='bbox 117 1183 217 1248; x_wconf 85' lang='lat' dir='ltr'><strong>lati,</strong></span> <span class='ocrx_word' id='word_1_66' title='bbox 245 1195 440 1249; x_wconf 86' lang='lat' dir='ltr'><strong>semper</strong></span> <span class='ocrx_word' id='word_1_67' title='bbox 457 1179 747 1250; x_wconf 90' lang='lat' dir='ltr'><strong>propitium</strong></span> <span class='ocrx_word' id='word_1_68' title='bbox 776 1177 1090 1245; x_wconf 88' lang='lat' dir='ltr'><strong>habeamus,</strong></span> <span class='ocrx_word' id='word_1_69' title='bbox 1111 1195 1210 1236; x_wconf 90' lang='lat' dir='ltr'><strong>nec</strong></span> <span class='ocrx_word' id='word_1_70' title='bbox 1229 1179 1462 1250; x_wconf 83' lang='lat' dir='ltr'><strong>amplius</strong></span> <span class='ocrx_word' id='word_1_71' title='bbox 1484 1195 1676 1235; x_wconf 84' lang='lat' dir='ltr'><strong>verea-</strong></span> 
     </span>
    </p>
   </div>
   <div class='ocr_carea' id='block_1_11' title="bbox 117 1274 445 1330">
    <p class='ocr_par' dir='ltr' id='par_1_11' title="bbox 117 1274 445 1330">
     <span class='ocr_line' id='line_1_11' title="bbox 117 1274 445 1330; baseline -0.012 0"><span class='ocrx_word' id='word_1_72' title='bbox 117 1291 220 1330; x_wconf 86' lang='lat' dir='ltr'><strong>mur</strong></span> <span class='ocrx_word' id='word_1_73' title='bbox 244 1274 445 1329; x_wconf 90' lang='lat' dir='ltr'><strong>iratum.</strong></span> 
     </span>
    </p>
   </div>
   <div class='ocr_carea' id='block_1_12' title="bbox 708 1386 1062 1445">
    <p class='ocr_par' dir='ltr' id='par_1_12' title="bbox 708 1386 1062 1445">
     <span class='ocr_line' id='line_1_12' title="bbox 708 1386 1062 1445; baseline -0.006 -1"><span class='ocrx_word' id='word_1_74' title='bbox 708 1386 940 1445; x_wconf 77' lang='lat' dir='ltr'><strong>CAPUT</strong></span> <span class='ocrx_word' id='word_1_75' title='bbox 981 1387 1062 1443; x_wconf 77' lang='lat' dir='ltr'><strong>IL</strong></span> 
     </span>
    </p>
   </div>
   <div class='ocr_carea' id='block_1_13' title="bbox 114 1503 1678 1576">
    <p class='ocr_par' dir='ltr' id='par_1_13' title="bbox 114 1503 1678 1576">
     <span class='ocr_line' id='line_1_13' title="bbox 114 1503 1678 1576; baseline 0.001 -18"><span class='ocrx_word' id='word_1_76' title='bbox 114 1504 180 1558; x_wconf 81' lang='lat' dir='ltr'><strong>De</strong></span> <span class='ocrx_word' id='word_1_77' title='bbox 203 1505 342 1576; x_wconf 69' lang='lat' dir='ltr'><strong>hujus</strong></span> <span class='ocrx_word' id='word_1_78' title='bbox 363 1503 476 1558; x_wconf 82' lang='lat' dir='ltr'><strong>libri</strong></span> <span class='ocrx_word' id='word_1_79' title='bbox 501 1512 736 1567; x_wconf 84' lang='lat' dir='ltr'><strong>auctore,</strong></span> <span class='ocrx_word' id='word_1_80' title='bbox 765 1504 932 1569; x_wconf 79' lang='lat' dir='ltr'><strong>titulo,</strong></span> <span class='ocrx_word' id='word_1_81' title='bbox 961 1511 1282 1574; x_wconf 83' lang='lat' dir='ltr'><strong>argumento,</strong></span> <span class='ocrx_word' id='word_1_82' title='bbox 1305 1513 1454 1558; x_wconf 68' lang='lat' dir='ltr'><strong>(etate</strong></span> <span class='ocrx_word' id='word_1_83' title='bbox 1473 1546 1486 1568; x_wconf 90' lang='lat'><strong>,</strong></span> <span class='ocrx_word' id='word_1_84' title='bbox 1517 1520 1678 1575; x_wconf 82' lang='lat' dir='ltr'><strong>quave</strong></span> 
     </span>
    </p>
   </div>
   <div class='ocr_carea' id='block_1_14' title="bbox 178 1595 1678 1668">
    <p class='ocr_par' dir='ltr' id='par_1_14' title="bbox 178 1595 1678 1668">
     <span class='ocr_line' id='line_1_14' title="bbox 178 1595 1678 1668; baseline -0.001 -17"><span class='ocrx_word' id='word_1_85' title='bbox 178 1595 401 1651; x_wconf 73' lang='lat' dir='ltr'><strong>scribendi</strong></span> <span class='ocrx_word' id='word_1_86' title='bbox 434 1596 640 1649; x_wconf 79' lang='lat' dir='ltr'><strong>ratione</strong></span> <span class='ocrx_word' id='word_1_87' title='bbox 675 1595 735 1648; x_wconf 90' lang='lat' dir='ltr'><strong>ab</strong></span> <span class='ocrx_word' id='word_1_88' title='bbox 758 1596 850 1649; x_wconf 82' lang='lat' dir='ltr'><strong>illo</strong></span> <span class='ocrx_word' id='word_1_89' title='bbox 878 1596 1206 1664; x_wconf 78' lang='lat' dir='ltr'><strong>compositus,</strong></span> <span class='ocrx_word' id='word_1_90' title='bbox 1237 1612 1298 1648; x_wconf 90' lang='lat' dir='ltr'><strong>ac</strong></span> <span class='ocrx_word' id='word_1_91' title='bbox 1312 1596 1564 1668; x_wconf 83' lang='lat' dir='ltr'><strong>quomodo</strong></span> <span class='ocrx_word' id='word_1_92' title='bbox 1591 1596 1678 1650; x_wconf 87' lang='lat' dir='ltr'><strong>Ci-</strong></span> 
     </span>
    </p>
   </div>
   <div class='ocr_carea' id='block_1_15' title="bbox 172 1688 750 1744">
    <p class='ocr_par' dir='ltr' id='par_1_15' title="bbox 172 1688 750 1744">
     <span class='ocr_line' id='line_1_15' title="bbox 172 1688 750 1744; baseline 0 0"><span class='ocrx_word' id='word_1_93' title='bbox 172 1706 378 1744; x_wconf 79' lang='lat' dir='ltr'><strong>ceronem</strong></span> <span class='ocrx_word' id='word_1_94' title='bbox 407 1688 636 1743; x_wconf 76' lang='lat' dir='ltr'><strong>imitatus</strong></span> <span class='ocrx_word' id='word_1_95' title='bbox 663 1690 750 1744; x_wconf 81' lang='lat' dir='ltr'><strong>sit.</strong></span> 
     </span>
    </p>
   </div>
   <div class='ocr_carea' id='block_1_16' title="bbox 174 1821 1672 1893">
    <p class='ocr_par' dir='ltr' id='par_1_16' title="bbox 174 1821 1672 1893">
     <span class='ocr_line' id='line_1_16' title="bbox 174 1821 1672 1893; baseline 0.001 -15"><span class='ocrx_word' id='word_1_96' title='bbox 174 1823 363 1878; x_wconf 85' lang='lat' dir='ltr'><strong>Librum</strong></span> <span class='ocrx_word' id='word_1_97' title='bbox 396 1821 540 1875; x_wconf 91' lang='lat' dir='ltr'><strong>hunc</strong></span> <span class='ocrx_word' id='word_1_98' title='bbox 567 1837 598 1874; x_wconf 92' lang='lat' dir='ltr'><strong>a</strong></span> <span class='ocrx_word' id='word_1_99' title='bbox 645 1821 923 1878; x_wconf 85' lang='lat' dir='ltr'><strong>Lactantio</strong></span> <span class='ocrx_word' id='word_1_100' title='bbox 953 1831 1140 1879; x_wconf 89' lang='lat' dir='ltr'><strong>nostro</strong></span> <span class='ocrx_word' id='word_1_101' title='bbox 1179 1823 1476 1893; x_wconf 81' lang='lat' dir='ltr'><strong>profectum</strong></span> <span class='ocrx_word' id='word_1_102' title='bbox 1507 1823 1672 1879; x_wconf 88' lang='lat' dir='ltr'><strong>fuisse</strong></span> 
     </span>
    </p>
   </div>
   <div class='ocr_carea' id='block_1_17' title="bbox 1849 619 3367 692">
    <p class='ocr_par' dir='ltr' id='par_1_17' title="bbox 1849 619 3367 692">
     <span class='ocr_line' id='line_1_17' title="bbox 1849 619 3367 692; baseline 0.001 -17"><span class='ocrx_word' id='word_1_103' title='bbox 1849 619 2129 676; x_wconf 89' lang='lat' dir='ltr'><strong>Postremo</strong></span> <span class='ocrx_word' id='word_1_104' title='bbox 2149 636 2214 676; x_wconf 83' lang='lat' dir='ltr'><strong>ex</strong></span> <span class='ocrx_word' id='word_1_105' title='bbox 2243 620 2434 676; x_wconf 89' lang='lat' dir='ltr'><strong>iisdem</strong></span> <span class='ocrx_word' id='word_1_106' title='bbox 2461 619 2744 685; x_wconf 86' lang='lat' dir='ltr'><strong>Lactantii,</strong></span> <span class='ocrx_word' id='word_1_107' title='bbox 2777 636 2912 692; x_wconf 87' lang='lat' dir='ltr'><strong>quos</strong></span> <span class='ocrx_word' id='word_1_108' title='bbox 2941 619 3246 688; x_wconf 90' lang='lat' dir='ltr'><strong>citavimus,</strong></span> <span class='ocrx_word' id='word_1_109' title='bbox 3282 621 3367 678; x_wconf 83' lang='lat' dir='ltr'><strong>lo-</strong></span> 
     </span>
    </p>
   </div>
   <div class='ocr_carea' id='block_1_18' title="bbox 1777 709 3372 782">
    <p class='ocr_par' dir='ltr' id='par_1_18' title="bbox 1777 709 3372 782">
     <span class='ocr_line' id='line_1_18' title="bbox 1777 709 3372 782; baseline 0.003 -17"><span class='ocrx_word' id='word_1_110' title='bbox 1777 709 1856 766; x_wconf 90' lang='lat' dir='ltr'><strong>cis</strong></span> <span class='ocrx_word' id='word_1_111' title='bbox 1882 710 2071 767; x_wconf 91' lang='lat' dir='ltr'><strong>eadem</strong></span> <span class='ocrx_word' id='word_1_112' title='bbox 2112 711 2356 782; x_wconf 90' lang='lat' dir='ltr'><strong>profecto</strong></span> <span class='ocrx_word' id='word_1_113' title='bbox 2395 711 2663 767; x_wconf 88' lang='lat' dir='ltr'><strong>evidentia</strong></span> <span class='ocrx_word' id='word_1_114' title='bbox 2708 712 3112 769; x_wconf 85' lang='lat' dir='ltr'><strong>demonstratur</strong></span> <span class='ocrx_word' id='word_1_115' title='bbox 3139 711 3282 769; x_wconf 93' lang='lat' dir='ltr'><strong>hunc</strong></span> <span class='ocrx_word' id='word_1_116' title='bbox 3310 714 3372 769; x_wconf 86' lang='lat' dir='ltr'><strong>li-</strong></span> 
     </span>
    </p>
   </div>
   <div class='ocr_carea' id='block_1_19' title="bbox 1777 791 3374 876">
    <p class='ocr_par' dir='ltr' id='par_1_19' title="bbox 1777 791 3374 876">
     <span class='ocr_line' id='line_1_19' title="bbox 1777 791 3374 876; baseline 0 -16"><span class='ocrx_word' id='word_1_117' title='bbox 1777 804 1932 860; x_wconf 90' lang='lat' dir='ltr'><strong>brum</strong></span> <span class='ocrx_word' id='word_1_118' title='bbox 1961 805 2028 860; x_wconf 89' lang='lat' dir='ltr'><strong>ab</strong></span> <span class='ocrx_word' id='word_1_119' title='bbox 2064 807 2200 876; x_wconf 91' lang='lat' dir='ltr'><strong>ipso,</strong></span> <span class='ocrx_word' id='word_1_120' title='bbox 2243 814 2364 876; x_wconf 91' lang='lat' dir='ltr'><strong>post</strong></span> <span class='ocrx_word' id='word_1_121' title='bbox 2396 814 2601 876; x_wconf 90' lang='lat' dir='ltr'><strong>septem</strong></span> <span class='ocrx_word' id='word_1_122' title='bbox 2633 804 2930 860; x_wconf 86' lang='lat' dir='ltr'><strong>divinarum</strong></span> <span class='ocrx_word' id='word_1_123' title='bbox 2969 791 3374 861; x_wconf 88' lang='lat' dir='ltr'><strong>Institutionum</strong></span> 
     </span>
    </p>
   </div>
   <div class='ocr_carea' id='block_1_20' title="bbox 1778 896 3375 968">
    <p class='ocr_par' dir='ltr' id='par_1_20' title="bbox 1778 896 3375 968">
     <span class='ocr_line' id='line_1_20' title="bbox 1778 896 3375 968; baseline 0.002 -19"><span class='ocrx_word' id='word_1_124' title='bbox 1778 896 1946 952; x_wconf 92' lang='lat' dir='ltr'><strong>libros</strong></span> <span class='ocrx_word' id='word_1_125' title='bbox 1983 899 2362 968; x_wconf 90' lang='lat' dir='ltr'><strong>compositum,</strong></span> <span class='ocrx_word' id='word_1_126' title='bbox 2392 907 2448 953; x_wconf 90' lang='lat' dir='ltr'><strong>et</strong></span> <span class='ocrx_word' id='word_1_127' title='bbox 2474 897 2611 968; x_wconf 84' lang='lat' dir='ltr'><strong>juris</strong></span> <span class='ocrx_word' id='word_1_128' title='bbox 2642 896 2838 952; x_wconf 88' lang='lat' dir='ltr'><strong>factum</strong></span> <span class='ocrx_word' id='word_1_129' title='bbox 2859 898 3075 968; x_wconf 89' lang='lat' dir='ltr'><strong>publici.</strong></span> <span class='ocrx_word' id='word_1_130' title='bbox 3107 897 3220 952; x_wconf 84' lang='lat' dir='ltr'><strong>Non</strong></span> <span class='ocrx_word' id='word_1_131' title='bbox 3253 897 3375 952; x_wconf 82' lang='lat' dir='ltr'><strong>lon-</strong></span> 
     </span>
    </p>
   </div>
   <div class='ocr_carea' id='block_1_21' title="bbox 1777 988 3371 1062">
    <p class='ocr_par' dir='ltr' id='par_1_21' title="bbox 1777 988 3371 1062">
     <span class='ocr_line' id='line_1_21' title="bbox 1777 988 3371 1062; baseline 0 -20"><span class='ocrx_word' id='word_1_132' title='bbox 1777 1005 1901 1060; x_wconf 91' lang='lat' dir='ltr'><strong>gum</strong></span> <span class='ocrx_word' id='word_1_133' title='bbox 1929 998 2106 1045; x_wconf 89' lang='lat' dir='ltr'><strong>autem</strong></span> <span class='ocrx_word' id='word_1_134' title='bbox 2135 989 2275 1046; x_wconf 92' lang='lat' dir='ltr'><strong>inter</strong></span> <span class='ocrx_word' id='word_1_135' title='bbox 2291 999 2546 1062; x_wconf 92' lang='lat' dir='ltr'><strong>utrosque</strong></span> <span class='ocrx_word' id='word_1_136' title='bbox 2568 989 2942 1045; x_wconf 88' lang='lat' dir='ltr'><strong>intercessisse</strong></span> <span class='ocrx_word' id='word_1_137' title='bbox 2965 988 3223 1058; x_wconf 88' lang='lat' dir='ltr'><strong>temporis</strong></span> <span class='ocrx_word' id='word_1_138' title='bbox 3244 1002 3371 1059; x_wconf 85' lang='lat' dir='ltr'><strong>spa-</strong></span> 
     </span>
    </p>
   </div>
   <div class='ocr_carea' id='block_1_22' title="bbox 1780 1081 3369 1154">
    <p class='ocr_par' dir='ltr' id='par_1_22' title="bbox 1780 1081 3369 1154">
     <span class='ocr_line' id='line_1_22' title="bbox 1780 1081 3369 1154; baseline 0.002 -17"><span class='ocrx_word' id='word_1_139' title='bbox 1780 1082 1910 1137; x_wconf 90' lang='lat' dir='ltr'><strong>tium</strong></span> <span class='ocrx_word' id='word_1_140' title='bbox 1936 1081 2079 1138; x_wconf 88' lang='lat' dir='ltr'><strong>haud</strong></span> <span class='ocrx_word' id='word_1_141' title='bbox 2103 1083 2336 1139; x_wconf 90' lang='lat' dir='ltr'><strong>absurde</strong></span> <span class='ocrx_word' id='word_1_142' title='bbox 2356 1083 2458 1138; x_wconf 91' lang='lat' dir='ltr'><strong>dici</strong></span> <span class='ocrx_word' id='word_1_143' title='bbox 2485 1093 2679 1154; x_wconf 86' lang='lat' dir='ltr'><strong>potest.</strong></span> <span class='ocrx_word' id='word_1_144' title='bbox 2709 1083 2840 1138; x_wconf 90' lang='lat' dir='ltr'><strong>Cum</strong></span> <span class='ocrx_word' id='word_1_145' title='bbox 2870 1083 3013 1139; x_wconf 90' lang='lat' dir='ltr'><strong>enim</strong></span> <span class='ocrx_word' id='word_1_146' title='bbox 3041 1085 3257 1152; x_wconf 89' lang='lat' dir='ltr'><strong>scripsit</strong></span> <span class='ocrx_word' id='word_1_147' title='bbox 3283 1099 3369 1140; x_wconf 62' lang='lat' dir='ltr'><strong>sev</strong></span> 
     </span>
    </p>
   </div>
   <div class='ocr_carea' id='block_1_23' title="bbox 1777 1177 3372 1248">
    <p class='ocr_par' dir='ltr' id='par_1_23' title="bbox 1777 1177 3372 1248">
     <span class='ocr_line' id='line_1_23' title="bbox 1777 1177 3372 1248; baseline 0 -14"><span class='ocrx_word' id='word_1_148' title='bbox 1777 1178 2010 1234; x_wconf 90' lang='lat' dir='ltr'><strong>cundum</strong></span> <span class='ocrx_word' id='word_1_149' title='bbox 2045 1178 2346 1234; x_wconf 90' lang='lat' dir='ltr'><strong>divinarum</strong></span> <span class='ocrx_word' id='word_1_150' title='bbox 2398 1179 2798 1235; x_wconf 89' lang='lat' dir='ltr'><strong>Institutionum</strong></span> <span class='ocrx_word' id='word_1_151' title='bbox 2831 1177 3026 1234; x_wconf 91' lang='lat' dir='ltr'><strong>librum</strong></span> <span class='ocrx_word' id='word_1_152' title='bbox 3053 1219 3068 1244; x_wconf 93' lang='lat'><strong>,</strong></span> <span class='ocrx_word' id='word_1_153' title='bbox 3101 1178 3372 1248; x_wconf 90' lang='lat' dir='ltr'><strong>pollicitus</strong></span> 
     </span>
    </p>
   </div>
   <div class='ocr_carea' id='block_1_24' title="bbox 1777 1269 3372 1342">
    <p class='ocr_par' dir='ltr' id='par_1_24' title="bbox 1777 1269 3372 1342">
     <span class='ocr_line' id='line_1_24' title="bbox 1777 1269 3372 1342; baseline -0.001 -16"><span class='ocrx_word' id='word_1_154' title='bbox 1777 1279 1889 1335; x_wconf 88' lang='lat' dir='ltr'><strong>est,</strong></span> <span class='ocrx_word' id='word_1_155' title='bbox 1922 1271 1999 1326; x_wconf 89' lang='lat' dir='ltr'><strong>uti</strong></span> <span class='ocrx_word' id='word_1_156' title='bbox 2045 1271 2208 1342; x_wconf 89' lang='lat' dir='ltr'><strong>paulo</strong></span> <span class='ocrx_word' id='word_1_157' title='bbox 2249 1279 2374 1326; x_wconf 84' lang='lat' dir='ltr'><strong>ante</strong></span> <span class='ocrx_word' id='word_1_158' title='bbox 2403 1271 2841 1335; x_wconf 84' lang='lat' dir='ltr'><strong>observavimus,</strong></span> <span class='ocrx_word' id='word_1_159' title='bbox 2890 1270 3005 1326; x_wconf 88' lang='lat' dir='ltr'><strong>fore</strong></span> <span class='ocrx_word' id='word_1_160' title='bbox 3041 1279 3098 1325; x_wconf 91' lang='lat' dir='ltr'><strong>ut</strong></span> <span class='ocrx_word' id='word_1_161' title='bbox 3143 1270 3282 1324; x_wconf 91' lang='lat' dir='ltr'><strong>hunc</strong></span> <span class='ocrx_word' id='word_1_162' title='bbox 3309 1269 3372 1324; x_wconf 90' lang='lat' dir='ltr'><strong>li-</strong></span> 
     </span>
    </p>
   </div>
   <div class='ocr_carea' id='block_1_25' title="bbox 1777 1361 3375 1419">
    <p class='ocr_par' dir='ltr' id='par_1_25' title="bbox 1777 1361 3375 1419">
     <span class='ocr_line' id='line_1_25' title="bbox 1777 1361 3375 1419; baseline -0.001 0"><span class='ocrx_word' id='word_1_163' title='bbox 1777 1361 1934 1419; x_wconf 89' lang='lat' dir='ltr'><strong>brum</strong></span> <span class='ocrx_word' id='word_1_164' title='bbox 1965 1364 2280 1418; x_wconf 89' lang='lat' dir='ltr'><strong>conﬁceret.</strong></span> <span class='ocrx_word' id='word_1_165' title='bbox 2314 1365 2382 1418; x_wconf 84' lang='lat' dir='ltr'><strong>At</strong></span> <span class='ocrx_word' id='word_1_166' title='bbox 2409 1377 2532 1418; x_wconf 91' lang='lat' dir='ltr'><strong>eum</strong></span> <span class='ocrx_word' id='word_1_167' title='bbox 2578 1363 2685 1417; x_wconf 91' lang='lat' dir='ltr'><strong>cito</strong></span> <span class='ocrx_word' id='word_1_168' title='bbox 2731 1361 2891 1418; x_wconf 89' lang='lat' dir='ltr'><strong>ﬁdem</strong></span> <span class='ocrx_word' id='word_1_169' title='bbox 2924 1376 3073 1416; x_wconf 88' lang='lat' dir='ltr'><strong>suam</strong></span> <span class='ocrx_word' id='word_1_170' title='bbox 3111 1361 3375 1418; x_wconf 88' lang='lat' dir='ltr'><strong>liberasse</strong></span> 
     </span>
    </p>
   </div>
   <div class='ocr_carea' id='block_1_26' title="bbox 1778 1451 3375 1525">
    <p class='ocr_par' dir='ltr' id='par_1_26' title="bbox 1778 1451 3375 1525">
     <span class='ocr_line' id='line_1_26' title="bbox 1778 1451 3375 1525; baseline 0.001 -17"><span class='ocrx_word' id='word_1_171' title='bbox 1778 1453 1904 1509; x_wconf 90' lang='lat' dir='ltr'><strong>inde</strong></span> <span class='ocrx_word' id='word_1_172' title='bbox 1928 1455 2217 1524; x_wconf 81' lang='lat' dir='ltr'><strong>colligitur,</strong></span> <span class='ocrx_word' id='word_1_173' title='bbox 2247 1454 2392 1525; x_wconf 91' lang='lat' dir='ltr'><strong>quod</strong></span> <span class='ocrx_word' id='word_1_174' title='bbox 2415 1469 2728 1523; x_wconf 85' lang='lat' dir='ltr'><strong>persuasum</strong></span> <span class='ocrx_word' id='word_1_175' title='bbox 2765 1453 2922 1522; x_wconf 86' lang='lat' dir='ltr'><strong>plane</strong></span> <span class='ocrx_word' id='word_1_176' title='bbox 2938 1451 3206 1517; x_wconf 87' lang='lat' dir='ltr'><strong>habuerit,</strong></span> <span class='ocrx_word' id='word_1_177' title='bbox 3237 1452 3375 1510; x_wconf 91' lang='lat' dir='ltr'><strong>hanc</strong></span> 
     </span>
    </p>
   </div>
   <div class='ocr_carea' id='block_1_27' title="bbox 1777 1545 3366 1616">
    <p class='ocr_par' dir='ltr' id='par_1_27' title="bbox 1777 1545 3366 1616">
     <span class='ocr_line' id='line_1_27' title="bbox 1777 1545 3366 1616; baseline -0.001 -16"><span class='ocrx_word' id='word_1_178' title='bbox 1777 1545 1846 1600; x_wconf 91' lang='lat' dir='ltr'><strong>de</strong></span> <span class='ocrx_word' id='word_1_179' title='bbox 1870 1547 1946 1601; x_wconf 88' lang='lat' dir='ltr'><strong>ira</strong></span> <span class='ocrx_word' id='word_1_180' title='bbox 1981 1547 2071 1600; x_wconf 88' lang='lat' dir='ltr'><strong>Dei</strong></span> <span class='ocrx_word' id='word_1_181' title='bbox 2121 1547 2474 1616; x_wconf 73' lang='lat' dir='ltr'><strong>quaestionem</strong></span> <span class='ocrx_word' id='word_1_182' title='bbox 2533 1560 2600 1601; x_wconf 89' lang='lat' dir='ltr'><strong>eo</strong></span> <span class='ocrx_word' id='word_1_183' title='bbox 2649 1545 2868 1615; x_wconf 88' lang='lat' dir='ltr'><strong>majoris</strong></span> <span class='ocrx_word' id='word_1_184' title='bbox 2913 1559 3036 1599; x_wconf 91' lang='lat' dir='ltr'><strong>esse</strong></span> <span class='ocrx_word' id='word_1_185' title='bbox 3087 1546 3366 1612; x_wconf 90' lang='lat' dir='ltr'><strong>momenti,</strong></span> 
     </span>
    </p>
   </div>
   <div class='ocr_carea' id='block_1_28' title="bbox 1777 1637 3373 1709">
    <p class='ocr_par' dir='ltr' id='par_1_28' title="bbox 1777 1637 3373 1709">
     <span class='ocr_line' id='line_1_28' title="bbox 1777 1637 3373 1709; baseline -0.001 -15"><span class='ocrx_word' id='word_1_186' title='bbox 1777 1639 1917 1709; x_wconf 89' lang='lat' dir='ltr'><strong>quod</strong></span> <span class='ocrx_word' id='word_1_187' title='bbox 1945 1654 1974 1692; x_wconf 94' lang='lat' dir='ltr'><strong>a</strong></span> <span class='ocrx_word' id='word_1_188' title='bbox 2005 1639 2269 1708; x_wconf 87' lang='lat' dir='ltr'><strong>plurimis,</strong></span> <span class='ocrx_word' id='word_1_189' title='bbox 2293 1649 2350 1692; x_wconf 93' lang='lat' dir='ltr'><strong>ut</strong></span> <span class='ocrx_word' id='word_1_190' title='bbox 2371 1639 2632 1706; x_wconf 81' lang='lat' dir='ltr'><strong>diximus,</strong></span> <span class='ocrx_word' id='word_1_191' title='bbox 2662 1637 3039 1706; x_wconf 90' lang='lat' dir='ltr'><strong>scriptoribus,</strong></span> <span class='ocrx_word' id='word_1_192' title='bbox 3067 1645 3122 1691; x_wconf 91' lang='lat' dir='ltr'><strong>et</strong></span> <span class='ocrx_word' id='word_1_193' title='bbox 3145 1652 3174 1691; x_wconf 92' lang='lat' dir='ltr'><strong>a</strong></span> <span class='ocrx_word' id='word_1_194' title='bbox 3201 1638 3373 1706; x_wconf 85' lang='lat' dir='ltr'><strong>philo-</strong></span> 
     </span>
    </p>
   </div>
   <div class='ocr_carea' id='block_1_29' title="bbox 1777 1728 3369 1800">
    <p class='ocr_par' dir='ltr' id='par_1_29' title="bbox 1777 1728 3369 1800">
     <span class='ocr_line' id='line_1_29' title="bbox 1777 1728 3369 1800; baseline -0.001 -15"><span class='ocrx_word' id='word_1_195' title='bbox 1777 1731 1961 1800; x_wconf 86' lang='lat' dir='ltr'><strong>sophis</strong></span> <span class='ocrx_word' id='word_1_196' title='bbox 1998 1731 2228 1788; x_wconf 84' lang='lat' dir='ltr'><strong>ethnicis</strong></span> <span class='ocrx_word' id='word_1_197' title='bbox 2257 1747 2358 1787; x_wconf 93' lang='lat' dir='ltr'><strong>nec</strong></span> <span class='ocrx_word' id='word_1_198' title='bbox 2387 1731 2569 1800; x_wconf 87' lang='lat' dir='ltr'><strong>paucis</strong></span> <span class='ocrx_word' id='word_1_199' title='bbox 2598 1730 2837 1800; x_wconf 84' lang='lat' dir='ltr'><strong>quidem,</strong></span> <span class='ocrx_word' id='word_1_200' title='bbox 2870 1744 2970 1784; x_wconf 87' lang='lat' dir='ltr'><strong>nec</strong></span> <span class='ocrx_word' id='word_1_201' title='bbox 3004 1728 3327 1798; x_wconf 80' lang='lat' dir='ltr'><strong>ignobilibus</strong></span> <span class='ocrx_word' id='word_1_202' title='bbox 3351 1771 3369 1797; x_wconf 93' lang='lat'><strong>,</strong></span> 
     </span>
    </p>
   </div>
   <div class='ocr_carea' id='block_1_30' title="bbox 1781 1821 3376 1895">
    <p class='ocr_par' dir='ltr' id='par_1_30' title="bbox 1781 1821 3376 1895">
     <span class='ocr_line' id='line_1_30' title="bbox 1781 1821 3376 1895; baseline -0.001 -16"><span class='ocrx_word' id='word_1_203' title='bbox 1781 1825 1871 1894; x_wconf 91' lang='lat' dir='ltr'><strong>qui</strong></span> <span class='ocrx_word' id='word_1_204' title='bbox 1895 1840 2013 1878; x_wconf 89' lang='lat' dir='ltr'><strong>eam</strong></span> <span class='ocrx_word' id='word_1_205' title='bbox 2037 1824 2323 1895; x_wconf 82' lang='lat' dir='ltr'><strong>negabant,</strong></span> <span class='ocrx_word' id='word_1_206' title='bbox 2356 1824 2546 1894; x_wconf 77' lang='lat' dir='ltr'><strong>religio</strong></span> <span class='ocrx_word' id='word_1_207' title='bbox 2571 1822 2813 1878; x_wconf 90' lang='lat' dir='ltr'><strong>funditus</strong></span> <span class='ocrx_word' id='word_1_208' title='bbox 2845 1821 3144 1878; x_wconf 90' lang='lat' dir='ltr'><strong>tolleretur.</strong></span> <span class='ocrx_word' id='word_1_209' title='bbox 3176 1821 3247 1876; x_wconf 82' lang='lat' dir='ltr'><strong>At</strong></span> <span class='ocrx_word' id='word_1_210' title='bbox 3269 1837 3376 1890; x_wconf 87' lang='lat' dir='ltr'><strong>quo</strong></span> 
     </span>
    </p>
   </div>
   <div class='ocr_carea' id='block_1_31' title="bbox 114 1908 3380 1987">
    <p class='ocr_par' dir='ltr' id='par_1_31' title="bbox 114 1908 3380 1987">
     <span class='ocr_line' id='line_1_31' title="bbox 114 1908 3380 1987; baseline 0 -18"><span class='ocrx_word' id='word_1_211' title='bbox 114 1925 202 1969; x_wconf 82' lang='lat' dir='ltr'><strong>tam</strong></span> <span class='ocrx_word' id='word_1_212' title='bbox 221 1922 407 1969; x_wconf 89' lang='lat' dir='ltr'><strong>certum</strong></span> <span class='ocrx_word' id='word_1_213' title='bbox 436 1923 807 1985; x_wconf 81' lang='lat' dir='ltr'><strong>constansque</strong></span> <span class='ocrx_word' id='word_1_214' title='bbox 826 1925 930 1981; x_wconf 91' lang='lat' dir='ltr'><strong>est,</strong></span> <span class='ocrx_word' id='word_1_215' title='bbox 963 1915 1184 1970; x_wconf 89' lang='lat' dir='ltr'><strong>utnulla</strong></span> <span class='ocrx_word' id='word_1_216' title='bbox 1213 1932 1446 1987; x_wconf 89' lang='lat' dir='ltr'><strong>unquam</strong></span> <span class='ocrx_word' id='word_1_217' title='bbox 1480 1917 1664 1983; x_wconf 87' lang='lat' dir='ltr'><strong>fuerit,</strong></span> <span class='ocrx_word' id='word_1_218' title='bbox 1699 1908 1748 1970; x_wconf 85' lang='grc' dir='ltr'><strong>Β</strong></span> <span class='ocrx_word' id='word_1_219' title='bbox 1777 1916 1987 1971; x_wconf 81' lang='lat' dir='ltr'><strong>tuendze</strong></span> <span class='ocrx_word' id='word_1_220' title='bbox 2007 1917 2270 1981; x_wconf 89' lang='lat' dir='ltr'><strong>veritatis,</strong></span> <span class='ocrx_word' id='word_1_221' title='bbox 2301 1915 2751 1985; x_wconf 88' lang='lat' dir='ltr'><strong>quemadmodum</strong></span> <span class='ocrx_word' id='word_1_222' title='bbox 2773 1913 3025 1981; x_wconf 89' lang='lat' dir='ltr'><strong>vidimus,</strong></span> <span class='ocrx_word' id='word_1_223' title='bbox 3045 1913 3241 1969; x_wconf 89' lang='lat' dir='ltr'><strong>ardore</strong></span> <span class='ocrx_word' id='word_1_224' title='bbox 3261 1921 3380 1970; x_wconf 89' lang='lat' dir='ltr'><strong>erat</strong></span> 
     </span>
    </p>
   </div>
   <div class='ocr_carea' id='block_1_32' title="bbox 113 2006 1668 2084">
    <p class='ocr_par' dir='ltr' id='par_1_32' title="bbox 113 2006 1668 2084">
     <span class='ocr_line' id='line_1_32' title="bbox 113 2006 1668 2084; baseline 0.002 -25"><span class='ocrx_word' id='word_1_225' title='bbox 113 2016 191 2059; x_wconf 91' lang='lat' dir='ltr'><strong>aut</strong></span> <span class='ocrx_word' id='word_1_226' title='bbox 215 2021 320 2060; x_wconf 90' lang='lat' dir='ltr'><strong>esse</strong></span> <span class='ocrx_word' id='word_1_227' title='bbox 346 2006 514 2076; x_wconf 90' lang='lat' dir='ltr'><strong>possit</strong></span> <span class='ocrx_word' id='word_1_228' title='bbox 543 2021 608 2060; x_wconf 92' lang='lat' dir='ltr'><strong>ea</strong></span> <span class='ocrx_word' id='word_1_229' title='bbox 646 2007 712 2060; x_wconf 88' lang='lat' dir='ltr'><strong>de</strong></span> <span class='ocrx_word' id='word_1_230' title='bbox 743 2022 801 2062; x_wconf 90' lang='lat' dir='ltr'><strong>re</strong></span> <span class='ocrx_word' id='word_1_231' title='bbox 823 2007 1141 2078; x_wconf 88' lang='lat' dir='ltr'><strong>disceptatio</strong></span> <span class='ocrx_word' id='word_1_232' title='bbox 1161 2015 1253 2062; x_wconf 90' lang='lat' dir='ltr'><strong>aut</strong></span> <span class='ocrx_word' id='word_1_233' title='bbox 1281 2010 1668 2084; x_wconf 85' lang='lat' dir='ltr'><strong>controversia.</strong></span> 
     </span>
    </p>
   </div>
   <div class='ocr_carea' id='block_1_33' title="bbox 115 2097 1674 2171">
    <p class='ocr_par' dir='ltr' id='par_1_33' title="bbox 115 2097 1674 2171">
     <span class='ocr_line' id='line_1_33' title="bbox 115 2097 1674 2171; baseline 0.002 -18"><span class='ocrx_word' id='word_1_234' title='bbox 115 2097 217 2153; x_wconf 89' lang='lat' dir='ltr'><strong>Suis</strong></span> <span class='ocrx_word' id='word_1_235' title='bbox 236 2101 366 2152; x_wconf 90' lang='lat' dir='ltr'><strong>enim</strong></span> <span class='ocrx_word' id='word_1_236' title='bbox 398 2099 486 2154; x_wconf 90' lang='lat' dir='ltr'><strong>ille</strong></span> <span class='ocrx_word' id='word_1_237' title='bbox 515 2099 702 2154; x_wconf 88' lang='lat' dir='ltr'><strong>verbis</strong></span> <span class='ocrx_word' id='word_1_238' title='bbox 735 2114 793 2152; x_wconf 93' lang='lat' dir='ltr'><strong>se</strong></span> <span class='ocrx_word' id='word_1_239' title='bbox 836 2098 1012 2168; x_wconf 88' lang='lat' dir='ltr'><strong>ipsmu</strong></span> <span class='ocrx_word' id='word_1_240' title='bbox 1046 2099 1204 2169; x_wconf 89' lang='lat' dir='ltr'><strong>hujus</strong></span> <span class='ocrx_word' id='word_1_241' title='bbox 1229 2099 1390 2166; x_wconf 90' lang='lat' dir='ltr'><strong>libri,</strong></span> <span class='ocrx_word' id='word_1_242' title='bbox 1423 2116 1581 2171; x_wconf 89' lang='lat' dir='ltr'><strong>quem</strong></span> <span class='ocrx_word' id='word_1_243' title='bbox 1613 2115 1674 2156; x_wconf 89' lang='lat' dir='ltr'><strong>se</strong></span> 
     </span>
    </p>
   </div>
   <div class='ocr_carea' id='block_1_34' title="bbox 115 2190 1673 2260">
    <p class='ocr_par' dir='ltr' id='par_1_34' title="bbox 115 2190 1673 2260">
     <span class='ocr_line' id='line_1_34' title="bbox 115 2190 1673 2260; baseline 0.004 -18"><span class='ocrx_word' id='word_1_244' title='bbox 115 2191 400 2260; x_wconf 85' lang='lat' dir='ltr'><strong>scripturum</strong></span> <span class='ocrx_word' id='word_1_245' title='bbox 429 2191 781 2260; x_wconf 80' lang='lat' dir='ltr'><strong>promiserat,</strong></span> <span class='ocrx_word' id='word_1_246' title='bbox 818 2190 994 2258; x_wconf 86' lang='lat' dir='ltr'><strong>prodit</strong></span> <span class='ocrx_word' id='word_1_247' title='bbox 1025 2200 1320 2246; x_wconf 89' lang='lat' dir='ltr'><strong>auctorem.</strong></span> <span class='ocrx_word' id='word_1_248' title='bbox 1344 2191 1404 2246; x_wconf 83' lang='lat' dir='ltr'><strong>In</strong></span> <span class='ocrx_word' id='word_1_249' title='bbox 1432 2193 1673 2248; x_wconf 90' lang='lat' dir='ltr'><strong>secundo</strong></span> 
     </span>
    </p>
   </div>
   <div class='ocr_carea' id='block_1_35' title="bbox 115 2283 1671 2353">
    <p class='ocr_par' dir='ltr' id='par_1_35' title="bbox 115 2283 1671 2353">
     <span class='ocr_line' id='line_1_35' title="bbox 115 2283 1671 2353; baseline 0.002 -15"><span class='ocrx_word' id='word_1_250' title='bbox 115 2283 342 2353; x_wconf 86' lang='lat' dir='ltr'><strong>siquidem</strong></span> <span class='ocrx_word' id='word_1_251' title='bbox 371 2285 694 2338; x_wconf 88' lang='lat' dir='ltr'><strong>Divinarum</strong></span> <span class='ocrx_word' id='word_1_252' title='bbox 726 2283 1126 2338; x_wconf 81' lang='lat' dir='ltr'><strong>institutionum</strong></span> <span class='ocrx_word' id='word_1_253' title='bbox 1155 2284 1313 2350; x_wconf 91' lang='lat' dir='ltr'><strong>libro,</strong></span> <span class='ocrx_word' id='word_1_254' title='bbox 1347 2285 1437 2340; x_wconf 91' lang='lat' dir='ltr'><strong>ubi</strong></span> <span class='ocrx_word' id='word_1_255' title='bbox 1470 2285 1523 2340; x_wconf 92' lang='lat' dir='ltr'><strong>in</strong></span> <span class='ocrx_word' id='word_1_256' title='bbox 1551 2301 1671 2340; x_wconf 83' lang='lat' dir='ltr'><strong>ser-</strong></span> 
     </span>
    </p>
   </div>
   <div class='ocr_carea' id='block_1_36' title="bbox 114 2376 1670 2448">
    <p class='ocr_par' dir='ltr' id='par_1_36' title="bbox 114 2376 1670 2448">
     <span class='ocr_line' id='line_1_36' title="bbox 114 2376 1670 2448; baseline 0.002 -18"><span class='ocrx_word' id='word_1_257' title='bbox 114 2391 294 2430; x_wconf 88' lang='lat' dir='ltr'><strong>monem</strong></span> <span class='ocrx_word' id='word_1_258' title='bbox 319 2377 381 2432; x_wconf 91' lang='lat' dir='ltr'><strong>de</strong></span> <span class='ocrx_word' id='word_1_259' title='bbox 411 2378 482 2430; x_wconf 89' lang='lat' dir='ltr'><strong>ira</strong></span> <span class='ocrx_word' id='word_1_260' title='bbox 514 2377 611 2430; x_wconf 89' lang='lat' dir='ltr'><strong>Dei</strong></span> <span class='ocrx_word' id='word_1_261' title='bbox 648 2376 833 2431; x_wconf 89' lang='lat' dir='ltr'><strong>incidit</strong></span> <span class='ocrx_word' id='word_1_262' title='bbox 863 2395 874 2430; x_wconf 92' lang='lat'><strong>:</strong></span> <span class='ocrx_word' id='word_1_263' title='bbox 911 2395 930 2428; x_wconf 71' lang='lat' dir='ltr'><strong>t</strong></span> <span class='ocrx_word' id='word_1_264' title='bbox 957 2377 1282 2446; x_wconf 88' lang='lat' dir='ltr'><strong>Seponatur,</strong></span> <span class='ocrx_word' id='word_1_265' title='bbox 1305 2379 1498 2448; x_wconf 88' lang='lat' dir='ltr'><strong>inquit,</strong></span> <span class='ocrx_word' id='word_1_266' title='bbox 1529 2379 1670 2433; x_wconf 85' lang='lat' dir='ltr'><strong>inte-</strong></span> 
     </span>
    </p>
   </div>
   <div class='ocr_carea' id='block_1_37' title="bbox 115 2467 1674 2539">
    <p class='ocr_par' dir='ltr' id='par_1_37' title="bbox 115 2467 1674 2539">
     <span class='ocr_line' id='line_1_37' title="bbox 115 2467 1674 2539; baseline 0.003 -18"><span class='ocrx_word' id='word_1_267' title='bbox 115 2467 201 2521; x_wconf 89' lang='lat' dir='ltr'><strong>rim</strong></span> <span class='ocrx_word' id='word_1_268' title='bbox 223 2467 357 2522; x_wconf 88' lang='lat' dir='ltr'><strong>locus</strong></span> <span class='ocrx_word' id='word_1_269' title='bbox 383 2467 465 2523; x_wconf 93' lang='lat' dir='ltr'><strong>hic</strong></span> <span class='ocrx_word' id='word_1_270' title='bbox 484 2469 646 2524; x_wconf 91' lang='lat' dir='ltr'><strong>nobis</strong></span> <span class='ocrx_word' id='word_1_271' title='bbox 667 2468 735 2524; x_wconf 89' lang='lat' dir='ltr'><strong>de</strong></span> <span class='ocrx_word' id='word_1_272' title='bbox 757 2469 833 2524; x_wconf 91' lang='lat' dir='ltr'><strong>ira</strong></span> <span class='ocrx_word' id='word_1_273' title='bbox 859 2469 950 2524; x_wconf 90' lang='lat' dir='ltr'><strong>Dei</strong></span> <span class='ocrx_word' id='word_1_274' title='bbox 970 2469 1294 2536; x_wconf 90' lang='lat' dir='ltr'><strong>disserendi,</strong></span> <span class='ocrx_word' id='word_1_275' title='bbox 1310 2470 1450 2539; x_wconf 89' lang='lat' dir='ltr'><strong>quod</strong></span> <span class='ocrx_word' id='word_1_276' title='bbox 1466 2479 1522 2525; x_wconf 93' lang='lat' dir='ltr'><strong>et</strong></span> <span class='ocrx_word' id='word_1_277' title='bbox 1543 2471 1674 2527; x_wconf 88' lang='lat' dir='ltr'><strong>ube-</strong></span> 
     </span>
    </p>
   </div>
   <div class='ocr_carea' id='block_1_38' title="bbox 118 2561 1666 2632">
    <p class='ocr_par' dir='ltr' id='par_1_38' title="bbox 118 2561 1666 2632">
     <span class='ocr_line' id='line_1_38' title="bbox 118 2561 1666 2632; baseline 0.002 -18"><span class='ocrx_word' id='word_1_278' title='bbox 118 2561 208 2615; x_wconf 90' lang='lat' dir='ltr'><strong>rior</strong></span> <span class='ocrx_word' id='word_1_279' title='bbox 224 2573 296 2616; x_wconf 90' lang='lat' dir='ltr'><strong>est</strong></span> <span class='ocrx_word' id='word_1_280' title='bbox 316 2562 551 2626; x_wconf 85' lang='lat' dir='ltr'><strong>materia,</strong></span> <span class='ocrx_word' id='word_1_281' title='bbox 577 2570 640 2616; x_wconf 90' lang='lat' dir='ltr'><strong>et</strong></span> <span class='ocrx_word' id='word_1_282' title='bbox 665 2577 833 2630; x_wconf 90' lang='lat' dir='ltr'><strong>opere</strong></span> <span class='ocrx_word' id='word_1_283' title='bbox 855 2562 1075 2632; x_wconf 86' lang='lat' dir='ltr'><strong>proprio</strong></span> <span class='ocrx_word' id='word_1_284' title='bbox 1092 2562 1251 2616; x_wconf 91' lang='lat' dir='ltr'><strong>latius</strong></span> <span class='ocrx_word' id='word_1_285' title='bbox 1268 2563 1630 2632; x_wconf 83' lang='lat' dir='ltr'><strong>exsequenda.</strong></span> <span class='ocrx_word' id='word_1_286' title='bbox 1647 2583 1666 2617; x_wconf 71' lang='grc' dir='ltr'><strong><em>ι</em></strong></span> 
     </span>
    </p>
   </div>
   <div class='ocr_carea' id='block_1_39' title="bbox 119 2650 1668 2724">
    <p class='ocr_par' dir='ltr' id='par_1_39' title="bbox 119 2650 1668 2724">
     <span class='ocr_line' id='line_1_39' title="bbox 119 2650 1668 2724; baseline 0.002 -18"><span class='ocrx_word' id='word_1_287' title='bbox 119 2650 176 2706; x_wconf 79' lang='lat' dir='ltr'><strong>At</strong></span> <span class='ocrx_word' id='word_1_288' title='bbox 199 2653 446 2720; x_wconf 85' lang='lat' dir='ltr'><strong>promissis</strong></span> <span class='ocrx_word' id='word_1_289' title='bbox 475 2653 590 2705; x_wconf 90' lang='lat' dir='ltr'><strong>suis</strong></span> <span class='ocrx_word' id='word_1_290' title='bbox 623 2652 842 2708; x_wconf 87' lang='lat' dir='ltr'><strong>stetisse</strong></span> <span class='ocrx_word' id='word_1_291' title='bbox 876 2654 1105 2722; x_wconf 81' lang='lat' dir='ltr'><strong>ipsemet</strong></span> <span class='ocrx_word' id='word_1_292' title='bbox 1141 2653 1344 2708; x_wconf 90' lang='lat' dir='ltr'><strong>diserte</strong></span> <span class='ocrx_word' id='word_1_293' title='bbox 1379 2654 1668 2724; x_wconf 88' lang='lat' dir='ltr'><strong>signiﬁcat.</strong></span> 
     </span>
    </p>
   </div>
   <div class='ocr_carea' id='block_1_40' title="bbox 119 2741 1674 2818">
    <p class='ocr_par' dir='ltr' id='par_1_40' title="bbox 119 2741 1674 2818">
     <span class='ocr_line' id='line_1_40' title="bbox 119 2741 1674 2818; baseline 0.005 -24"><span class='ocrx_word' id='word_1_294' title='bbox 119 2741 170 2796; x_wconf 86' lang='lat' dir='ltr'><strong>In</strong></span> <span class='ocrx_word' id='word_1_295' title='bbox 197 2744 288 2799; x_wconf 90' lang='lat' dir='ltr'><strong>hoc</strong></span> <span class='ocrx_word' id='word_1_296' title='bbox 313 2745 490 2813; x_wconf 86' lang='lat' dir='ltr'><strong>quippe</strong></span> <span class='ocrx_word' id='word_1_297' title='bbox 511 2745 659 2798; x_wconf 91' lang='lat' dir='ltr'><strong>libro</strong></span> <span class='ocrx_word' id='word_1_298' title='bbox 690 2759 788 2798; x_wconf 89' lang='lat' dir='ltr'><strong>nos</strong></span> <span class='ocrx_word' id='word_1_299' title='bbox 824 2745 1025 2815; x_wconf 74' lang='lat' dir='ltr'><strong>szepius</strong></span> <span class='ocrx_word' id='word_1_300' title='bbox 1057 2745 1124 2800; x_wconf 90' lang='lat' dir='ltr'><strong>ad</strong></span> <span class='ocrx_word' id='word_1_301' title='bbox 1155 2746 1484 2811; x_wconf 89' lang='lat' dir='ltr'><strong>secundum,</strong></span> <span class='ocrx_word' id='word_1_302' title='bbox 1513 2763 1674 2818; x_wconf 88' lang='lat' dir='ltr'><strong>quar-</strong></span> 
     </span>
    </p>
   </div>
   <div class='ocr_carea' id='block_1_41' title="bbox 116 2837 1676 2896">
    <p class='ocr_par' dir='ltr' id='par_1_41' title="bbox 116 2837 1676 2896">
     <span class='ocr_line' id='line_1_41' title="bbox 116 2837 1676 2896; baseline 0.006 -9"><span class='ocrx_word' id='word_1_303' title='bbox 116 2843 214 2888; x_wconf 91' lang='lat' dir='ltr'><strong>tum</strong></span> <span class='ocrx_word' id='word_1_304' title='bbox 251 2844 299 2890; x_wconf 88' lang='lat' dir='ltr'><strong>et</strong></span> <span class='ocrx_word' id='word_1_305' title='bbox 333 2845 529 2891; x_wconf 77' lang='lat' dir='ltr'><strong>sextum</strong></span> <span class='ocrx_word' id='word_1_306' title='bbox 567 2837 878 2892; x_wconf 87' lang='lat' dir='ltr'><strong>divinarum</strong></span> <span class='ocrx_word' id='word_1_307' title='bbox 912 2837 1310 2893; x_wconf 84' lang='lat' dir='ltr'><strong>Institutionum</strong></span> <span class='ocrx_word' id='word_1_308' title='bbox 1344 2853 1563 2894; x_wconf 86' lang='lat' dir='ltr'><strong>suarum</strong></span> <span class='ocrx_word' id='word_1_309' title='bbox 1595 2839 1676 2896; x_wconf 90' lang='lat' dir='ltr'><strong>sic</strong></span> 
     </span>
    </p>
   </div>
   <div class='ocr_carea' id='block_1_42' title="bbox 119 2925 1674 3000">
    <p class='ocr_par' dir='ltr' id='par_1_42' title="bbox 119 2925 1674 3000">
     <span class='ocr_line' id='line_1_42' title="bbox 119 2925 1674 3000; baseline 0.005 -22"><span class='ocrx_word' id='word_1_310' title='bbox 119 2925 275 2993; x_wconf 88' lang='lat' dir='ltr'><strong>mittit,</strong></span> <span class='ocrx_word' id='word_1_311' title='bbox 297 2936 348 2981; x_wconf 92' lang='lat' dir='ltr'><strong>ut</strong></span> <span class='ocrx_word' id='word_1_312' title='bbox 373 2929 608 2982; x_wconf 89' lang='lat' dir='ltr'><strong>omnium</strong></span> <span class='ocrx_word' id='word_1_313' title='bbox 653 2927 916 2984; x_wconf 91' lang='lat' dir='ltr'><strong>horumce</strong></span> <span class='ocrx_word' id='word_1_314' title='bbox 961 2929 1222 2984; x_wconf 91' lang='lat' dir='ltr'><strong>librorum</strong></span> <span class='ocrx_word' id='word_1_315' title='bbox 1259 2945 1448 2985; x_wconf 85' lang='lat' dir='ltr'><strong>verum</strong></span> <span class='ocrx_word' id='word_1_316' title='bbox 1478 2945 1674 3000; x_wconf 90' lang='lat' dir='ltr'><strong>paren-</strong></span> 
     </span>
    </p>
   </div>
   <div class='ocr_carea' id='block_1_43' title="bbox 123 3016 1671 3092">
    <p class='ocr_par' dir='ltr' id='par_1_43' title="bbox 123 3016 1671 3092">
     <span class='ocr_line' id='line_1_43' title="bbox 123 3016 1671 3092; baseline 0.006 -24"><span class='ocrx_word' id='word_1_317' title='bbox 123 3024 210 3070; x_wconf 86' lang='lat' dir='ltr'><strong>tem</strong></span> <span class='ocrx_word' id='word_1_318' title='bbox 254 3033 306 3072; x_wconf 91' lang='lat' dir='ltr'><strong>se</strong></span> <span class='ocrx_word' id='word_1_319' title='bbox 350 3016 507 3074; x_wconf 84' lang='lat' dir='ltr'><strong>fuisse</strong></span> <span class='ocrx_word' id='word_1_320' title='bbox 557 3019 740 3088; x_wconf 86' lang='lat' dir='ltr'><strong>palam</strong></span> <span class='ocrx_word' id='word_1_321' title='bbox 793 3020 1042 3076; x_wconf 79' lang='lat' dir='ltr'><strong>fateatur.</strong></span> <span class='ocrx_word' id='word_1_322' title='bbox 1089 3021 1249 3076; x_wconf 84' lang='lat' dir='ltr'><strong>Plura</strong></span> <span class='ocrx_word' id='word_1_323' title='bbox 1283 3021 1446 3092; x_wconf 78' lang='lat' dir='ltr'><strong>igitur</strong></span> <span class='ocrx_word' id='word_1_324' title='bbox 1477 3022 1529 3076; x_wconf 90' lang='lat' dir='ltr'><strong>in</strong></span> <span class='ocrx_word' id='word_1_325' title='bbox 1558 3039 1671 3078; x_wconf 91' lang='lat' dir='ltr'><strong>rem</strong></span> 
     </span>
    </p>
   </div>
   <div class='ocr_carea' id='block_1_44' title="bbox 125 3107 1674 3186">
    <p class='ocr_par' dir='ltr' id='par_1_44' title="bbox 125 3107 1674 3186">
     <span class='ocr_line' id='line_1_44' title="bbox 125 3107 1674 3186; baseline 0.007 -25"><span class='ocrx_word' id='word_1_326' title='bbox 125 3107 235 3163; x_wconf 88' lang='lat' dir='ltr'><strong>adeo</strong></span> <span class='ocrx_word' id='word_1_327' title='bbox 270 3109 486 3186; x_wconf 74' lang='lat' dir='ltr'><strong>claram,</strong></span> <span class='ocrx_word' id='word_1_328' title='bbox 544 3111 793 3182; x_wconf 87' lang='lat' dir='ltr'><strong>adeoque</strong></span> <span class='ocrx_word' id='word_1_329' title='bbox 837 3121 1023 3182; x_wconf 87' lang='lat' dir='ltr'><strong>aperte</strong></span> <span class='ocrx_word' id='word_1_330' title='bbox 1069 3113 1138 3168; x_wconf 90' lang='lat' dir='ltr'><strong>ab</strong></span> <span class='ocrx_word' id='word_1_331' title='bbox 1181 3114 1411 3183; x_wconf 84' lang='lat' dir='ltr'><strong>ipsemet</strong></span> <span class='ocrx_word' id='word_1_332' title='bbox 1455 3125 1674 3172; x_wconf 89' lang='lat' dir='ltr'><strong>auctore</strong></span> 
     </span>
    </p>
   </div>
   <div class='ocr_carea' id='block_1_45' title="bbox 126 3201 1670 3276">
    <p class='ocr_par' dir='ltr' id='par_1_45' title="bbox 126 3201 1670 3276">
     <span class='ocr_line' id='line_1_45' title="bbox 126 3201 1670 3276; baseline 0.006 -25"><span class='ocrx_word' id='word_1_333' title='bbox 126 3209 277 3254; x_wconf 88' lang='lat' dir='ltr'><strong>nostro</strong></span> <span class='ocrx_word' id='word_1_334' title='bbox 316 3201 606 3257; x_wconf 80' lang='lat' dir='ltr'><strong>confessam</strong></span> <span class='ocrx_word' id='word_1_335' title='bbox 638 3243 655 3268; x_wconf 89' lang='lat'><strong>,</strong></span> <span class='ocrx_word' id='word_1_336' title='bbox 704 3204 1008 3258; x_wconf 91' lang='lat' dir='ltr'><strong>testimonia</strong></span> <span class='ocrx_word' id='word_1_337' title='bbox 1067 3204 1292 3260; x_wconf 89' lang='lat' dir='ltr'><strong>aliorum</strong></span> <span class='ocrx_word' id='word_1_338' title='bbox 1350 3205 1670 3276; x_wconf 90' lang='lat' dir='ltr'><strong>scriptorum</strong></span> 
     </span>
    </p>
   </div>
   <div class='ocr_carea' id='block_1_46' title="bbox 127 3294 1744 3372">
    <p class='ocr_par' dir='ltr' id='par_1_46' title="bbox 127 3294 1744 3372">
     <span class='ocr_line' id='line_1_46' title="bbox 127 3294 1744 3372; baseline 0.006 -28"><span class='ocrx_word' id='word_1_339' title='bbox 127 3305 376 3362; x_wconf 84' lang='lat' dir='ltr'><strong>congerere</strong></span> <span class='ocrx_word' id='word_1_340' title='bbox 404 3303 504 3348; x_wconf 88' lang='lat' dir='ltr'><strong>tam</strong></span> <span class='ocrx_word' id='word_1_341' title='bbox 535 3294 720 3372; x_wconf 41' lang='lat' dir='ltr'><strong>facile‘</strong></span> <span class='ocrx_word' id='word_1_342' title='bbox 749 3304 894 3350; x_wconf 85' lang='lat' dir='ltr'><strong>esset</strong></span> <span class='ocrx_word' id='word_1_343' title='bbox 922 3337 936 3360; x_wconf 89' lang='lat'><strong>,</strong></span> <span class='ocrx_word' id='word_1_344' title='bbox 985 3311 1146 3365; x_wconf 91' lang='lat' dir='ltr'><strong>quam</strong></span> <span class='ocrx_word' id='word_1_345' title='bbox 1185 3311 1667 3367; x_wconf 89' lang='lat' dir='ltr'><strong>supervacaneum.</strong></span> <span class='ocrx_word' id='word_1_346' title='bbox 1698 3297 1744 3361; x_wconf 91' lang='lat' dir='ltr'><strong>C</strong></span> 
     </span>
    </p>
   </div>
   <div class='ocr_carea' id='block_1_47' title="bbox 129 3382 1670 3461">
    <p class='ocr_par' dir='ltr' id='par_1_47' title="bbox 129 3382 1670 3461">
     <span class='ocr_line' id='line_1_47' title="bbox 129 3382 1670 3461; baseline 0.008 -26"><span class='ocrx_word' id='word_1_347' title='bbox 129 3382 458 3455; x_wconf 86' lang='lat' dir='ltr'><strong>Hieronymum</strong></span> <span class='ocrx_word' id='word_1_348' title='bbox 491 3398 676 3442; x_wconf 89' lang='lat' dir='ltr'><strong>tamen</strong></span> <span class='ocrx_word' id='word_1_349' title='bbox 705 3402 825 3442; x_wconf 91' lang='lat' dir='ltr'><strong>cum</strong></span> <span class='ocrx_word' id='word_1_350' title='bbox 857 3388 928 3442; x_wconf 88' lang='lat' dir='ltr'><strong>oh</strong></span> <span class='ocrx_word' id='word_1_351' title='bbox 955 3389 1096 3444; x_wconf 91' lang='lat' dir='ltr'><strong>illius</strong></span> <span class='ocrx_word' id='word_1_352' title='bbox 1126 3391 1521 3461; x_wconf 89' lang='lat' dir='ltr'><strong>antiquitatem,</strong></span> <span class='ocrx_word' id='word_1_353' title='bbox 1561 3402 1670 3446; x_wconf 91' lang='lat' dir='ltr'><strong>tum</strong></span> 
     </span>
    </p>
   </div>
   <div class='ocr_carea' id='block_1_48' title="bbox 129 3475 1673 3551">
    <p class='ocr_par' dir='ltr' id='par_1_48' title="bbox 129 3475 1673 3551">
     <span class='ocr_line' id='line_1_48' title="bbox 129 3475 1673 3551; baseline 0.004 -22"><span class='ocrx_word' id='word_1_354' title='bbox 129 3475 186 3530; x_wconf 90' lang='lat' dir='ltr'><strong>ob</strong></span> <span class='ocrx_word' id='word_1_355' title='bbox 209 3492 306 3532; x_wconf 87' lang='lat' dir='ltr'><strong>eam</strong></span> <span class='ocrx_word' id='word_1_356' title='bbox 329 3494 475 3548; x_wconf 90' lang='lat' dir='ltr'><strong>quam</strong></span> <span class='ocrx_word' id='word_1_357' title='bbox 505 3479 574 3534; x_wconf 92' lang='lat' dir='ltr'><strong>de</strong></span> <span class='ocrx_word' id='word_1_358' title='bbox 604 3479 712 3534; x_wconf 90' lang='lat' dir='ltr'><strong>hoc</strong></span> <span class='ocrx_word' id='word_1_359' title='bbox 739 3479 876 3534; x_wconf 90' lang='lat' dir='ltr'><strong>libro</strong></span> <span class='ocrx_word' id='word_1_360' title='bbox 911 3479 1014 3534; x_wconf 91' lang='lat' dir='ltr'><strong>fert</strong></span> <span class='ocrx_word' id='word_1_361' title='bbox 1049 3482 1369 3536; x_wconf 87' lang='lat' dir='ltr'><strong>sententiam</strong></span> <span class='ocrx_word' id='word_1_362' title='bbox 1391 3523 1407 3547; x_wconf 96' lang='lat'><strong>,</strong></span> <span class='ocrx_word' id='word_1_363' title='bbox 1460 3483 1673 3551; x_wconf 88' lang='lat' dir='ltr'><strong>penitus</strong></span> 
     </span>
    </p>
   </div>
   <div class='ocr_carea' id='block_1_49' title="bbox 131 3569 1669 3644">
    <p class='ocr_par' dir='ltr' id='par_1_49' title="bbox 131 3569 1669 3644">
     <span class='ocr_line' id='line_1_49' title="bbox 131 3569 1669 3644; baseline 0.007 -25"><span class='ocrx_word' id='word_1_364' title='bbox 131 3569 334 3625; x_wconf 89' lang='lat' dir='ltr'><strong>omittere</strong></span> <span class='ocrx_word' id='word_1_365' title='bbox 357 3587 454 3626; x_wconf 90' lang='lat' dir='ltr'><strong>non</strong></span> <span class='ocrx_word' id='word_1_366' title='bbox 484 3587 796 3642; x_wconf 89' lang='lat' dir='ltr'><strong>possumus.</strong></span> <span class='ocrx_word' id='word_1_367' title='bbox 838 3571 1076 3628; x_wconf 88' lang='lat' dir='ltr'><strong>Primum</strong></span> <span class='ocrx_word' id='word_1_368' title='bbox 1117 3574 1298 3644; x_wconf 89' lang='lat' dir='ltr'><strong>itaque</strong></span> <span class='ocrx_word' id='word_1_369' title='bbox 1329 3575 1394 3628; x_wconf 93' lang='lat' dir='ltr'><strong>ad</strong></span> <span class='ocrx_word' id='word_1_370' title='bbox 1422 3575 1669 3644; x_wconf 85' lang='lat' dir='ltr'><strong>Magnum</strong></span> 
     </span>
    </p>
   </div>
   <div class='ocr_carea' id='block_1_50' title="bbox 133 3659 1667 3736">
    <p class='ocr_par' dir='ltr' id='par_1_50' title="bbox 133 3659 1667 3736">
     <span class='ocr_line' id='line_1_50' title="bbox 133 3659 1667 3736; baseline 0.007 -26"><span class='ocrx_word' id='word_1_371' title='bbox 133 3659 249 3716; x_wconf 88' lang='lat' dir='ltr'><strong>urbis</strong></span> <span class='ocrx_word' id='word_1_372' title='bbox 289 3661 455 3717; x_wconf 75' lang='lat' dir='ltr'><strong>Romze</strong></span> <span class='ocrx_word' id='word_1_373' title='bbox 492 3673 770 3720; x_wconf 90' lang='lat' dir='ltr'><strong>oratorem</strong></span> <span class='ocrx_word' id='word_1_374' title='bbox 826 3665 906 3719; x_wconf 92' lang='lat' dir='ltr'><strong>sic</strong></span> <span class='ocrx_word' id='word_1_375' title='bbox 944 3665 1012 3719; x_wconf 91' lang='lat' dir='ltr'><strong>de</strong></span> <span class='ocrx_word' id='word_1_376' title='bbox 1068 3665 1170 3719; x_wconf 89' lang='lat' dir='ltr'><strong>hoc</strong></span> <span class='ocrx_word' id='word_1_377' title='bbox 1221 3665 1359 3720; x_wconf 92' lang='lat' dir='ltr'><strong>libro</strong></span> <span class='ocrx_word' id='word_1_378' title='bbox 1413 3666 1667 3736; x_wconf 89' lang='lat' dir='ltr'><strong>scripsit:</strong></span> 
     </span>
    </p>
   </div>
   <div class='ocr_carea' id='block_1_51' title="bbox 137 3750 1671 3825">
    <p class='ocr_par' dir='ltr' id='par_1_51' title="bbox 137 3750 1671 3825">
     <span class='ocr_line' id='line_1_51' title="bbox 137 3750 1671 3825; baseline 0.008 -25"><span class='ocrx_word' id='word_1_379' title='bbox 137 3750 441 3808; x_wconf 63' lang='lat' dir='ltr'><strong>«Lactantius</strong></span> <span class='ocrx_word' id='word_1_380' title='bbox 467 3755 534 3811; x_wconf 92' lang='lat' dir='ltr'><strong>de</strong></span> <span class='ocrx_word' id='word_1_381' title='bbox 558 3755 645 3810; x_wconf 89' lang='lat' dir='ltr'><strong>Ira</strong></span> <span class='ocrx_word' id='word_1_382' title='bbox 677 3766 732 3810; x_wconf 90' lang='lat' dir='ltr'><strong>et</strong></span> <span class='ocrx_word' id='word_1_383' title='bbox 753 3755 980 3825; x_wconf 90' lang='lat' dir='ltr'><strong>Opiﬁcio</strong></span> <span class='ocrx_word' id='word_1_384' title='bbox 1007 3756 1098 3810; x_wconf 88' lang='lat' dir='ltr'><strong>Dei</strong></span> <span class='ocrx_word' id='word_1_385' title='bbox 1119 3756 1226 3811; x_wconf 93' lang='lat' dir='ltr'><strong>duo</strong></span> <span class='ocrx_word' id='word_1_386' title='bbox 1248 3758 1516 3812; x_wconf 91' lang='lat' dir='ltr'><strong>volumina</strong></span> <span class='ocrx_word' id='word_1_387' title='bbox 1543 3773 1671 3814; x_wconf 86' lang='lat' dir='ltr'><strong>con-</strong></span> 
     </span>
    </p>
   </div>
   <div class='ocr_carea' id='block_1_52' title="bbox 134 3841 1672 3920">
    <p class='ocr_par' dir='ltr' id='par_1_52' title="bbox 134 3841 1672 3920">
     <span class='ocr_line' id='line_1_52' title="bbox 134 3841 1672 3920; baseline 0.006 -25"><span class='ocrx_word' id='word_1_388' title='bbox 134 3841 266 3910; x_wconf 88' lang='lat' dir='ltr'><strong>didit,</strong></span> <span class='ocrx_word' id='word_1_389' title='bbox 293 3862 415 3914; x_wconf 90' lang='lat' dir='ltr'><strong>quos</strong></span> <span class='ocrx_word' id='word_1_390' title='bbox 441 3848 486 3903; x_wconf 92' lang='lat' dir='ltr'><strong>si</strong></span> <span class='ocrx_word' id='word_1_391' title='bbox 513 3849 702 3919; x_wconf 88' lang='lat' dir='ltr'><strong>legere</strong></span> <span class='ocrx_word' id='word_1_392' title='bbox 731 3848 966 3908; x_wconf 84' lang='lat' dir='ltr'><strong>volueris</strong></span> <span class='ocrx_word' id='word_1_393' title='bbox 989 3889 1004 3914; x_wconf 91' lang='lat'><strong>,</strong></span> <span class='ocrx_word' id='word_1_394' title='bbox 1037 3849 1371 3920; x_wconf 88' lang='lat' dir='ltr'><strong>dialogorum</strong></span> <span class='ocrx_word' id='word_1_395' title='bbox 1395 3849 1672 3906; x_wconf 89' lang='lat' dir='ltr'><strong>Ciceronis</strong></span> 
     </span>
    </p>
   </div>
   <div class='ocr_carea' id='block_1_53' title="bbox 136 3930 1675 4012">
    <p class='ocr_par' dir='ltr' id='par_1_53' title="bbox 136 3930 1675 4012">
     <span class='ocr_line' id='line_1_53' title="bbox 136 3930 1675 4012; baseline 0.009 -29"><span class='ocrx_word' id='word_1_396' title='bbox 136 3930 177 3983; x_wconf 92' lang='lat' dir='ltr'><strong>in</strong></span> <span class='ocrx_word' id='word_1_397' title='bbox 201 3935 264 3988; x_wconf 83' lang='lat' dir='ltr'><strong>eis</strong></span> <span class='ocrx_word' id='word_1_398' title='bbox 281 3938 501 4008; x_wconf 70' lang='grc' dir='ltr'><strong>ἐπιτομήν</strong></span> <span class='ocrx_word' id='word_1_399' title='bbox 525 3940 794 4010; x_wconf 87' lang='lat' dir='ltr'><strong>reperies.</strong></span> <span class='ocrx_word' id='word_1_400' title='bbox 829 3958 848 3992; x_wconf 76' lang='grc' dir='ltr'><strong><em>ι</em></strong></span> <span class='ocrx_word' id='word_1_401' title='bbox 872 3938 983 3994; x_wconf 92' lang='lat' dir='ltr'><strong>Suo</strong></span> <span class='ocrx_word' id='word_1_402' title='bbox 1008 3947 1190 3996; x_wconf 87' lang='lat' dir='ltr'><strong>atttem</strong></span> <span class='ocrx_word' id='word_1_403' title='bbox 1215 3942 1550 4012; x_wconf 88' lang='lat' dir='ltr'><strong>Scriptorum</strong></span> <span class='ocrx_word' id='word_1_404' title='bbox 1574 3942 1675 3997; x_wconf 81' lang='lat' dir='ltr'><strong>Ec-</strong></span> 
     </span>
    </p>
   </div>
   <div class='ocr_carea' id='block_1_54' title="bbox 134 4024 1672 4102">
    <p class='ocr_par' dir='ltr' id='par_1_54' title="bbox 134 4024 1672 4102">
     <span class='ocr_line' id='line_1_54' title="bbox 134 4024 1672 4102; baseline 0.009 -26"><span class='ocrx_word' id='word_1_405' title='bbox 134 4024 500 4085; x_wconf 88' lang='lat' dir='ltr'><strong>clesiastioorum</strong></span> <span class='ocrx_word' id='word_1_406' title='bbox 529 4033 582 4087; x_wconf 93' lang='lat' dir='ltr'><strong>in</strong></span> <span class='ocrx_word' id='word_1_407' title='bbox 612 4033 882 4102; x_wconf 85' lang='lat' dir='ltr'><strong>catalogo,</strong></span> <span class='ocrx_word' id='word_1_408' title='bbox 913 4033 1002 4086; x_wconf 92' lang='lat' dir='ltr'><strong>ubi</strong></span> <span class='ocrx_word' id='word_1_409' title='bbox 1032 4033 1098 4087; x_wconf 89' lang='lat' dir='ltr'><strong>ad</strong></span> <span class='ocrx_word' id='word_1_410' title='bbox 1133 4033 1306 4102; x_wconf 91' lang='lat' dir='ltr'><strong>ipsum</strong></span> <span class='ocrx_word' id='word_1_411' title='bbox 1338 4033 1672 4090; x_wconf 74' lang='lat' dir='ltr'><strong>Lacmutium</strong></span> 
     </span>
    </p>
   </div>
   <div class='ocr_carea' id='block_1_55' title="bbox 136 4121 1673 4197">
    <p class='ocr_par' dir='ltr' id='par_1_55' title="bbox 136 4121 1673 4197">
     <span class='ocr_line' id='line_1_55' title="bbox 136 4121 1673 4197; baseline 0.01 -30"><span class='ocrx_word' id='word_1_412' title='bbox 136 4121 284 4175; x_wconf 83' lang='lat' dir='ltr'><strong>venit:</strong></span> <span class='ocrx_word' id='word_1_413' title='bbox 312 4141 329 4174; x_wconf 72' lang='grc' dir='ltr'>ι</span> <span class='ocrx_word' id='word_1_414' title='bbox 359 4123 650 4192; x_wconf 84' lang='lat' dir='ltr'><strong>Habemus,</strong></span> <span class='ocrx_word' id='word_1_415' title='bbox 683 4125 876 4196; x_wconf 90' lang='lat' dir='ltr'><strong>inquit,</strong></span> <span class='ocrx_word' id='word_1_416' title='bbox 909 4126 1027 4196; x_wconf 89' lang='lat' dir='ltr'><strong>ejus</strong></span> <span class='ocrx_word' id='word_1_417' title='bbox 1057 4126 1273 4192; x_wconf 90' lang='lat' dir='ltr'><strong>librum,</strong></span> <span class='ocrx_word' id='word_1_418' title='bbox 1295 4136 1352 4181; x_wconf 90' lang='lat' dir='ltr'><strong>et</strong></span> <span class='ocrx_word' id='word_1_419' title='bbox 1373 4128 1673 4197; x_wconf 89' lang='lat' dir='ltr'><strong>pulcherri-</strong></span> 
     </span>
    </p>
   </div>
   <div class='ocr_carea' id='block_1_56' title="bbox 139 4213 1672 4289">
    <p class='ocr_par' dir='ltr' id='par_1_56' title="bbox 139 4213 1672 4289">
     <span class='ocr_line' id='line_1_56' title="bbox 139 4213 1672 4289; baseline 0.007 -25"><span class='ocrx_word' id='word_1_420' title='bbox 139 4223 253 4289; x_wconf 79' lang='lat' dir='ltr'><strong>mum</strong></span> <span class='ocrx_word' id='word_1_421' title='bbox 277 4213 336 4270; x_wconf 88' lang='lat' dir='ltr'><strong>de</strong></span> <span class='ocrx_word' id='word_1_422' title='bbox 363 4214 440 4271; x_wconf 86' lang='lat' dir='ltr'><strong>ira</strong></span> <span class='ocrx_word' id='word_1_423' title='bbox 471 4217 580 4273; x_wconf 90' lang='lat' dir='ltr'><strong>Dei.</strong></span> <span class='ocrx_word' id='word_1_424' title='bbox 614 4237 635 4270; x_wconf 78' lang='grc' dir='ltr'><strong><em>ι</em></strong></span> <span class='ocrx_word' id='word_1_425' title='bbox 683 4218 922 4288; x_wconf 88' lang='lat' dir='ltr'><strong>Denique</strong></span> <span class='ocrx_word' id='word_1_426' title='bbox 939 4219 1048 4272; x_wconf 89' lang='lat' dir='ltr'><strong>alio</strong></span> <span class='ocrx_word' id='word_1_427' title='bbox 1076 4220 1127 4272; x_wconf 92' lang='lat' dir='ltr'><strong>iu</strong></span> <span class='ocrx_word' id='word_1_428' title='bbox 1152 4234 1352 4288; x_wconf 88' lang='lat' dir='ltr'><strong>opere:</strong></span> <span class='ocrx_word' id='word_1_429' title='bbox 1388 4237 1406 4270; x_wconf 73' lang='grc' dir='ltr'>ι</span> <span class='ocrx_word' id='word_1_430' title='bbox 1443 4219 1672 4274; x_wconf 52' lang='lat' dir='ltr'><strong>Fit-mia.</strong></span> 
     </span>
    </p>
   </div>
   <div class='ocr_carea' id='block_1_57' title="bbox 136 4310 1673 4382">
    <p class='ocr_par' dir='ltr' id='par_1_57' title="bbox 136 4310 1673 4382">
     <span class='ocr_line' id='line_1_57' title="bbox 136 4310 1673 4382; baseline 0.007 -26"><span class='ocrx_word' id='word_1_431' title='bbox 136 4317 215 4358; x_wconf 87' lang='lat' dir='ltr'><strong>nus</strong></span> <span class='ocrx_word' id='word_1_432' title='bbox 239 4317 403 4364; x_wconf 89' lang='lat' dir='ltr'><strong>noster</strong></span> <span class='ocrx_word' id='word_1_433' title='bbox 432 4311 623 4366; x_wconf 89' lang='lat' dir='ltr'><strong>librum</strong></span> <span class='ocrx_word' id='word_1_434' title='bbox 663 4310 731 4366; x_wconf 91' lang='lat' dir='ltr'><strong>de</strong></span> <span class='ocrx_word' id='word_1_435' title='bbox 761 4310 844 4366; x_wconf 83' lang='lat' dir='ltr'><strong>Ira</strong></span> <span class='ocrx_word' id='word_1_436' title='bbox 893 4311 1024 4377; x_wconf 93' lang='lat' dir='ltr'><strong>Dei,</strong></span> <span class='ocrx_word' id='word_1_437' title='bbox 1053 4311 1214 4367; x_wconf 90' lang='lat' dir='ltr'><strong>docto</strong></span> <span class='ocrx_word' id='word_1_438' title='bbox 1245 4313 1444 4382; x_wconf 89' lang='lat' dir='ltr'><strong>pariter</strong></span> <span class='ocrx_word' id='word_1_439' title='bbox 1473 4325 1526 4367; x_wconf 91' lang='lat' dir='ltr'><strong>et</strong></span> <span class='ocrx_word' id='word_1_440' title='bbox 1559 4313 1673 4369; x_wconf 90' lang='lat' dir='ltr'><strong>elo-</strong></span> 
     </span>
    </p>
   </div>
   <div class='ocr_carea' id='block_1_58' title="bbox 136 4399 1672 4475">
    <p class='ocr_par' dir='ltr' id='par_1_58' title="bbox 136 4399 1672 4475">
     <span class='ocr_line' id='line_1_58' title="bbox 136 4399 1672 4475; baseline 0.007 -27"><span class='ocrx_word' id='word_1_441' title='bbox 136 4399 280 4463; x_wconf 88' lang='lat' dir='ltr'><strong>quenti</strong></span> <span class='ocrx_word' id='word_1_442' title='bbox 306 4415 539 4458; x_wconf 87' lang='lat' dir='ltr'><strong>sermone</strong></span> <span class='ocrx_word' id='word_1_443' title='bbox 573 4403 933 4474; x_wconf 90' lang='lat' dir='ltr'><strong>conscripsit,</strong></span> <span class='ocrx_word' id='word_1_444' title='bbox 975 4419 1135 4474; x_wconf 90' lang='lat' dir='ltr'><strong>quem</strong></span> <span class='ocrx_word' id='word_1_445' title='bbox 1163 4406 1252 4475; x_wconf 93' lang='lat' dir='ltr'><strong>qui</strong></span> <span class='ocrx_word' id='word_1_446' title='bbox 1285 4405 1510 4474; x_wconf 90' lang='lat' dir='ltr'><strong>legerit,</strong></span> <span class='ocrx_word' id='word_1_447' title='bbox 1545 4415 1672 4474; x_wconf 93' lang='lat' dir='ltr'><strong>puto</strong></span> 
     </span>
    </p>
   </div>
   <div class='ocr_carea' id='block_1_59' title="bbox 139 4486 1666 4568">
    <p class='ocr_par' dir='ltr' id='par_1_59' title="bbox 139 4486 1666 4568">
     <span class='ocr_line' id='line_1_59' title="bbox 139 4486 1666 4568; baseline 0.008 -31"><span class='ocrx_word' id='word_1_448' title='bbox 139 4486 176 4538; x_wconf 88' lang='lat' dir='ltr'><strong>ei</strong></span> <span class='ocrx_word' id='word_1_449' title='bbox 199 4488 253 4541; x_wconf 90' lang='lat' dir='ltr'><strong>ad</strong></span> <span class='ocrx_word' id='word_1_450' title='bbox 277 4489 357 4544; x_wconf 77' lang='lat' dir='ltr'><strong>irae</strong></span> <span class='ocrx_word' id='word_1_451' title='bbox 389 4493 718 4549; x_wconf 89' lang='lat' dir='ltr'><strong>intellectum</strong></span> <span class='ocrx_word' id='word_1_452' title='bbox 749 4496 882 4550; x_wconf 81' lang='lat' dir='ltr'><strong>satis</strong></span> <span class='ocrx_word' id='word_1_453' title='bbox 920 4495 1135 4551; x_wconf 90' lang='lat' dir='ltr'><strong>abunde</strong></span> <span class='ocrx_word' id='word_1_454' title='bbox 1161 4510 1322 4568; x_wconf 91' lang='lat' dir='ltr'><strong>posse</strong></span> <span class='ocrx_word' id='word_1_455' title='bbox 1349 4495 1616 4552; x_wconf 85' lang='lat' dir='ltr'><strong>sufficere.</strong></span> <span class='ocrx_word' id='word_1_456' title='bbox 1647 4517 1666 4549; x_wconf 71' lang='grc' dir='ltr'><strong><em>ι</em></strong></span> 
     </span>
    </p>
   </div>
   <div class='ocr_carea' id='block_1_60' title="bbox 139 4575 1669 4657">
    <p class='ocr_par' dir='ltr' id='par_1_60' title="bbox 139 4575 1669 4657">
     <span class='ocr_line' id='line_1_60' title="bbox 139 4575 1669 4657; baseline 0.008 -29"><span class='ocrx_word' id='word_1_457' title='bbox 139 4575 201 4630; x_wconf 79' lang='lat' dir='ltr'><strong>An</strong></span> <span class='ocrx_word' id='word_1_458' title='bbox 213 4595 318 4636; x_wconf 86' lang='lat' dir='ltr'><strong>vero</strong></span> <span class='ocrx_word' id='word_1_459' title='bbox 335 4583 452 4638; x_wconf 91' lang='lat' dir='ltr'><strong>illud</strong></span> <span class='ocrx_word' id='word_1_460' title='bbox 479 4585 792 4657; x_wconf 83' lang='lat' dir='ltr'><strong>Hieronymi</strong></span> <span class='ocrx_word' id='word_1_461' title='bbox 815 4585 916 4642; x_wconf 92' lang='lat' dir='ltr'><strong>hoc</strong></span> <span class='ocrx_word' id='word_1_462' title='bbox 932 4585 998 4640; x_wconf 92' lang='lat' dir='ltr'><strong>de</strong></span> <span class='ocrx_word' id='word_1_463' title='bbox 1021 4587 1159 4641; x_wconf 89' lang='lat' dir='ltr'><strong>libro</strong></span> <span class='ocrx_word' id='word_1_464' title='bbox 1176 4586 1437 4656; x_wconf 87' lang='lat' dir='ltr'><strong>judicium</strong></span> <span class='ocrx_word' id='word_1_465' title='bbox 1461 4603 1669 4657; x_wconf 71' lang='lat' dir='ltr'><strong>mquam</strong></span> 
     </span>
    </p>
   </div>
   <div class='ocr_carea' id='block_1_61' title="bbox 1776 2007 3376 2079">
    <p class='ocr_par' dir='ltr' id='par_1_61' title="bbox 1776 2007 3376 2079">
     <span class='ocr_line' id='line_1_61' title="bbox 1776 2007 3376 2079; baseline 0 -15"><span class='ocrx_word' id='word_1_466' title='bbox 1776 2009 2058 2075; x_wconf 90' lang='lat' dir='ltr'><strong>incensus,</strong></span> <span class='ocrx_word' id='word_1_467' title='bbox 2086 2024 2192 2064; x_wconf 91' lang='lat' dir='ltr'><strong>non</strong></span> <span class='ocrx_word' id='word_1_468' title='bbox 2223 2009 2395 2079; x_wconf 92' lang='lat' dir='ltr'><strong>potuit</strong></span> <span class='ocrx_word' id='word_1_469' title='bbox 2421 2009 2604 2079; x_wconf 92' lang='lat' dir='ltr'><strong>utique</strong></span> <span class='ocrx_word' id='word_1_470' title='bbox 2633 2008 2927 2076; x_wconf 82' lang='lat' dir='ltr'><strong>longiorem</strong></span> <span class='ocrx_word' id='word_1_471' title='bbox 2951 2007 3017 2062; x_wconf 90' lang='lat' dir='ltr'><strong>ad</strong></span> <span class='ocrx_word' id='word_1_472' title='bbox 3039 2008 3174 2062; x_wconf 89' lang='lat' dir='ltr'><strong>alios</strong></span> <span class='ocrx_word' id='word_1_473' title='bbox 3198 2007 3266 2063; x_wconf 91' lang='lat' dir='ltr'><strong>ab</strong></span> <span class='ocrx_word' id='word_1_474' title='bbox 3289 2023 3376 2064; x_wconf 88' lang='lat' dir='ltr'><strong>er-</strong></span> 
     </span>
    </p>
   </div>
   <div class='ocr_carea' id='block_1_62' title="bbox 1774 2100 3363 2167">
    <p class='ocr_par' dir='ltr' id='par_1_62' title="bbox 1774 2100 3363 2167">
     <span class='ocr_line' id='line_1_62' title="bbox 1774 2100 3363 2167; baseline -0.001 -10"><span class='ocrx_word' id='word_1_475' title='bbox 1774 2116 1900 2158; x_wconf 91' lang='lat' dir='ltr'><strong>rore</strong></span> <span class='ocrx_word' id='word_1_476' title='bbox 1943 2101 2266 2164; x_wconf 85' lang='lat' dir='ltr'><strong>liberandos,</strong></span> <span class='ocrx_word' id='word_1_477' title='bbox 2299 2111 2354 2157; x_wconf 92' lang='lat' dir='ltr'><strong>et</strong></span> <span class='ocrx_word' id='word_1_478' title='bbox 2379 2116 2507 2157; x_wconf 90' lang='lat' dir='ltr'><strong>vera</strong></span> <span class='ocrx_word' id='word_1_479' title='bbox 2535 2101 2779 2157; x_wconf 89' lang='lat' dir='ltr'><strong>doctrina</strong></span> <span class='ocrx_word' id='word_1_480' title='bbox 2827 2100 3220 2167; x_wconf 90' lang='lat' dir='ltr'><strong>informandos,</strong></span> <span class='ocrx_word' id='word_1_481' title='bbox 3251 2115 3363 2156; x_wconf 87' lang='lat' dir='ltr'><strong>mo-</strong></span> 
     </span>
    </p>
   </div>
   <div class='ocr_carea' id='block_1_63' title="bbox 1776 2191 2818 2266">
    <p class='ocr_par' dir='ltr' id='par_1_63' title="bbox 1776 2191 2818 2266">
     <span class='ocr_line' id='line_1_63' title="bbox 1776 2191 2818 2266; baseline 0.003 -16"><span class='ocrx_word' id='word_1_482' title='bbox 1776 2211 1890 2251; x_wconf 89' lang='lat' dir='ltr'><strong>ram</strong></span> <span class='ocrx_word' id='word_1_483' title='bbox 1916 2196 2278 2266; x_wconf 91' lang='lat' dir='ltr'><strong>interponere.</strong></span> <span class='ocrx_word' id='word_1_484' title='bbox 2811 2191 2818 2206; x_wconf 83' lang='lat'><strong><em>&#39;</em></strong></span> 
     </span>
    </p>
   </div>
   <div class='ocr_carea' id='block_1_64' title="bbox 1848 2313 3361 2384">
    <p class='ocr_par' dir='ltr' id='par_1_64' title="bbox 1848 2313 3361 2384">
     <span class='ocr_line' id='line_1_64' title="bbox 1848 2313 3361 2384; baseline 0.001 -18"><span class='ocrx_word' id='word_1_485' title='bbox 1848 2313 2112 2369; x_wconf 65' lang='lat' dir='ltr'><strong>Praeterea</strong></span> <span class='ocrx_word' id='word_1_486' title='bbox 2163 2314 2472 2369; x_wconf 85' lang='lat' dir='ltr'><strong>Lactantius</strong></span> <span class='ocrx_word' id='word_1_487' title='bbox 2524 2333 2545 2367; x_wconf 77' lang='lat' dir='ltr'><strong>r</strong></span> <span class='ocrx_word' id='word_1_488' title='bbox 2580 2315 2828 2369; x_wconf 81' lang='lat' dir='ltr'><strong>Extrema</strong></span> <span class='ocrx_word' id='word_1_489' title='bbox 2884 2321 3160 2384; x_wconf 82' lang='lat' dir='ltr'><strong>senectute</strong></span> <span class='ocrx_word' id='word_1_490' title='bbox 3197 2331 3252 2376; x_wconf 71' lang='grc' dir='ltr'><strong>ι,</strong></span> <span class='ocrx_word' id='word_1_491' title='bbox 3284 2313 3361 2368; x_wconf 92' lang='lat' dir='ltr'><strong>uti</strong></span> 
     </span>
    </p>
   </div>
   <div class='ocr_carea' id='block_1_65' title="bbox 1775 2403 3380 2477">
    <p class='ocr_par' dir='ltr' id='par_1_65' title="bbox 1775 2403 3380 2477">
     <span class='ocr_line' id='line_1_65' title="bbox 1775 2403 3380 2477; baseline 0.002 -20"><span class='ocrx_word' id='word_1_492' title='bbox 1775 2405 1850 2458; x_wconf 90' lang='lat' dir='ltr'><strong>ait</strong></span> <span class='ocrx_word' id='word_1_493' title='bbox 1874 2405 2252 2477; x_wconf 88' lang='lat' dir='ltr'><strong>Hieronymus,</strong></span> <span class='ocrx_word' id='word_1_494' title='bbox 2289 2425 2308 2458; x_wconf 86' lang='grc'>‹</span> <span class='ocrx_word' id='word_1_495' title='bbox 2347 2406 2605 2475; x_wconf 88' lang='lat' dir='ltr'><strong>magister</strong></span> <span class='ocrx_word' id='word_1_496' title='bbox 2635 2406 2867 2461; x_wconf 69' lang='lat' dir='ltr'><strong>Cmsaris</strong></span> <span class='ocrx_word' id='word_1_497' title='bbox 2896 2405 3095 2474; x_wconf 88' lang='lat' dir='ltr'><strong>Crispi,</strong></span> <span class='ocrx_word' id='word_1_498' title='bbox 3127 2403 3380 2460; x_wconf 79' lang='lat' dir='ltr'><strong>ﬁliiCon-</strong></span> 
     </span>
    </p>
   </div>
   <div class='ocr_carea' id='block_1_66' title="bbox 1777 2497 3374 2567">
    <p class='ocr_par' dir='ltr' id='par_1_66' title="bbox 1777 2497 3374 2567">
     <span class='ocr_line' id='line_1_66' title="bbox 1777 2497 3374 2567; baseline 0.001 -15"><span class='ocrx_word' id='word_1_499' title='bbox 1777 2498 2034 2566; x_wconf 89' lang='lat' dir='ltr'><strong>stantini,</strong></span> <span class='ocrx_word' id='word_1_500' title='bbox 2090 2499 2143 2554; x_wconf 92' lang='lat' dir='ltr'><strong>in</strong></span> <span class='ocrx_word' id='word_1_501' title='bbox 2175 2499 2348 2555; x_wconf 87' lang='lat' dir='ltr'><strong>Gallia</strong></span> <span class='ocrx_word' id='word_1_502' title='bbox 2381 2499 2495 2566; x_wconf 77' lang='lat' dir='ltr'><strong>fuit.</strong></span> <span class='ocrx_word' id='word_1_503' title='bbox 2536 2518 2556 2552; x_wconf 69' lang='grc' dir='ltr'><strong><em>ι</em></strong></span> <span class='ocrx_word' id='word_1_504' title='bbox 2606 2499 2828 2567; x_wconf 88' lang='lat' dir='ltr'><strong>Crispus</strong></span> <span class='ocrx_word' id='word_1_505' title='bbox 2868 2508 3046 2554; x_wconf 92' lang='lat' dir='ltr'><strong>autem</strong></span> <span class='ocrx_word' id='word_1_506' title='bbox 3079 2498 3274 2552; x_wconf 89' lang='lat' dir='ltr'><strong>bellum</strong></span> <span class='ocrx_word' id='word_1_507' title='bbox 3319 2497 3374 2553; x_wconf 90' lang='lat' dir='ltr'><strong>iu</strong></span> 
     </span>
    </p>
   </div>
   <div class='ocr_carea' id='block_1_67' title="bbox 1775 2574 3377 2663">
    <p class='ocr_par' dir='ltr' id='par_1_67' title="bbox 1775 2574 3377 2663">
     <span class='ocr_line' id='line_1_67' title="bbox 1775 2574 3377 2663; baseline 0.001 -17"><span class='ocrx_word' id='word_1_508' title='bbox 1775 2591 1960 2646; x_wconf 86' lang='lat' dir='ltr'><strong>Galliis</strong></span> <span class='ocrx_word' id='word_1_509' title='bbox 1988 2594 2133 2648; x_wconf 90' lang='lat' dir='ltr'><strong>circa</strong></span> <span class='ocrx_word' id='word_1_510' title='bbox 2181 2609 2382 2648; x_wconf 90' lang='lat' dir='ltr'><strong>annum</strong></span> <span class='ocrx_word' id='word_1_511' title='bbox 2424 2592 2531 2648; x_wconf 65' lang='lat'><strong>320</strong></span> <span class='ocrx_word' id='word_1_512' title='bbox 2570 2593 2811 2663; x_wconf 88' lang='lat' dir='ltr'><strong>gerebat,</strong></span> <span class='ocrx_word' id='word_1_513' title='bbox 2841 2601 2896 2648; x_wconf 91' lang='lat' dir='ltr'><strong>et</strong></span> <span class='ocrx_word' id='word_1_514' title='bbox 2939 2574 3083 2646; x_wconf 78' lang='lat' dir='ltr'><strong>anno</strong></span> <span class='ocrx_word' id='word_1_515' title='bbox 3112 2591 3238 2656; x_wconf 68' lang='lat'><strong>326,</strong></span> <span class='ocrx_word' id='word_1_516' title='bbox 3269 2605 3377 2661; x_wconf 90' lang='lat' dir='ltr'><strong>quo</strong></span> 
     </span>
    </p>
   </div>
   <div class='ocr_carea' id='block_1_68' title="bbox 1779 2683 3375 2756">
    <p class='ocr_par' dir='ltr' id='par_1_68' title="bbox 1779 2683 3375 2756">
     <span class='ocr_line' id='line_1_68' title="bbox 1779 2683 3375 2756; baseline 0.003 -21"><span class='ocrx_word' id='word_1_517' title='bbox 1779 2683 1865 2737; x_wconf 82' lang='lat' dir='ltr'><strong>vix</strong></span> <span class='ocrx_word' id='word_1_518' title='bbox 1907 2683 2032 2738; x_wconf 91' lang='lat' dir='ltr'><strong>dum</strong></span> <span class='ocrx_word' id='word_1_519' title='bbox 2081 2685 2254 2738; x_wconf 63' lang='lat' dir='ltr'><strong>aetatis</strong></span> <span class='ocrx_word' id='word_1_520' title='bbox 2285 2699 2396 2739; x_wconf 71' lang='lat' dir='ltr'><strong>sua:</strong></span> <span class='ocrx_word' id='word_1_521' title='bbox 2437 2685 2768 2740; x_wconf 90' lang='lat' dir='ltr'><strong>tricesimum</strong></span> <span class='ocrx_word' id='word_1_522' title='bbox 2813 2684 3096 2756; x_wconf 88' lang='lat' dir='ltr'><strong>attigerat,</strong></span> <span class='ocrx_word' id='word_1_523' title='bbox 3129 2692 3375 2740; x_wconf 90' lang='lat' dir='ltr'><strong>mortuus</strong></span> 
     </span>
    </p>
   </div>
   <div class='ocr_carea' id='block_1_69' title="bbox 1775 2776 3368 2847">
    <p class='ocr_par' dir='ltr' id='par_1_69' title="bbox 1775 2776 3368 2847">
     <span class='ocr_line' id='line_1_69' title="bbox 1775 2776 3368 2847; baseline 0.001 -19"><span class='ocrx_word' id='word_1_524' title='bbox 1775 2784 1877 2828; x_wconf 87' lang='lat' dir='ltr'><strong>est.</strong></span> <span class='ocrx_word' id='word_1_525' title='bbox 1908 2776 2067 2846; x_wconf 85' lang='lat' dir='ltr'><strong>Atqui</strong></span> <span class='ocrx_word' id='word_1_526' title='bbox 2092 2776 2398 2831; x_wconf 89' lang='lat' dir='ltr'><strong>Lactantius</strong></span> <span class='ocrx_word' id='word_1_527' title='bbox 2415 2792 2656 2847; x_wconf 89' lang='lat' dir='ltr'><strong>operam,</strong></span> <span class='ocrx_word' id='word_1_528' title='bbox 2678 2778 2829 2832; x_wconf 87' lang='lat' dir='ltr'><strong>sicuti</strong></span> <span class='ocrx_word' id='word_1_529' title='bbox 2845 2777 3102 2843; x_wconf 79' lang='lat' dir='ltr'><strong>diximus,</strong></span> <span class='ocrx_word' id='word_1_530' title='bbox 3124 2777 3368 2832; x_wconf 89' lang='lat' dir='ltr'><strong>conscri-</strong></span> 
     </span>
    </p>
   </div>
   <div class='ocr_carea' id='block_1_70' title="bbox 1776 2865 3376 2924">
    <p class='ocr_par' dir='ltr' id='par_1_70' title="bbox 1776 2865 3376 2924">
     <span class='ocr_line' id='line_1_70' title="bbox 1776 2865 3376 2924; baseline 0.002 -3"><span class='ocrx_word' id='word_1_531' title='bbox 1776 2865 1966 2922; x_wconf 90' lang='lat' dir='ltr'><strong>bendis</strong></span> <span class='ocrx_word' id='word_1_532' title='bbox 2012 2866 2408 2923; x_wconf 90' lang='lat' dir='ltr'><strong>Institutionum</strong></span> <span class='ocrx_word' id='word_1_533' title='bbox 2447 2868 2748 2923; x_wconf 86' lang='lat' dir='ltr'><strong>divinarum</strong></span> <span class='ocrx_word' id='word_1_534' title='bbox 2792 2867 2944 2924; x_wconf 89' lang='lat' dir='ltr'><strong>libris</strong></span> <span class='ocrx_word' id='word_1_535' title='bbox 2991 2867 3130 2922; x_wconf 89' lang='lat' dir='ltr'><strong>circa</strong></span> <span class='ocrx_word' id='word_1_536' title='bbox 3175 2883 3376 2924; x_wconf 90' lang='lat' dir='ltr'><strong>annum</strong></span> 
     </span>
    </p>
   </div>
   <div class='ocr_carea' id='block_1_71' title="bbox 1777 2958 3432 3030">
    <p class='ocr_par' dir='ltr' id='par_1_71' title="bbox 1777 2958 3432 3030">
     <span class='ocr_line' id='line_1_71' title="bbox 1777 2958 3432 3030; baseline 0.002 -18"><span class='ocrx_word' id='word_1_537' title='bbox 1777 2958 1901 3026; x_wconf 67' lang='lat'><strong>59.1,</strong></span> <span class='ocrx_word' id='word_1_538' title='bbox 1934 2967 2094 3014; x_wconf 76' lang='lat' dir='ltr'><strong>:etate</strong></span> <span class='ocrx_word' id='word_1_539' title='bbox 2116 2959 2224 3029; x_wconf 90' lang='lat' dir='ltr'><strong>jam</strong></span> <span class='ocrx_word' id='word_1_540' title='bbox 2256 2970 2543 3030; x_wconf 88' lang='lat' dir='ltr'><strong>provectus</strong></span> <span class='ocrx_word' id='word_1_541' title='bbox 2574 2960 2821 3016; x_wconf 88' lang='lat' dir='ltr'><strong>navabat.</strong></span> <span class='ocrx_word' id='word_1_542' title='bbox 2854 2959 2968 3017; x_wconf 88' lang='lat' dir='ltr'><strong>Non</strong></span> <span class='ocrx_word' id='word_1_543' title='bbox 2997 2960 3212 3030; x_wconf 90' lang='lat' dir='ltr'><strong>longum</strong></span> <span class='ocrx_word' id='word_1_544' title='bbox 3244 2975 3375 3030; x_wconf 86' lang='lat' dir='ltr'><strong>ergo</strong></span> <span class='ocrx_word' id='word_1_545' title='bbox 3410 2973 3432 2988; x_wconf 59' lang='grc' dir='ltr'><strong><em>ί</em></strong></span> 
     </span>
    </p>
   </div>
   <div class='ocr_carea' id='block_1_72' title="bbox 1777 3052 3372 3126">
    <p class='ocr_par' dir='ltr' id='par_1_72' title="bbox 1777 3052 3372 3126">
     <span class='ocr_line' id='line_1_72' title="bbox 1777 3052 3372 3126; baseline 0.001 -18"><span class='ocrx_word' id='word_1_546' title='bbox 1777 3063 1898 3124; x_wconf 92' lang='lat' dir='ltr'><strong>post</strong></span> <span class='ocrx_word' id='word_1_547' title='bbox 1929 3063 2139 3124; x_wconf 92' lang='lat' dir='ltr'><strong>tempus</strong></span> <span class='ocrx_word' id='word_1_548' title='bbox 2167 3055 2308 3110; x_wconf 91' lang='lat' dir='ltr'><strong>hunc</strong></span> <span class='ocrx_word' id='word_1_549' title='bbox 2328 3097 2342 3120; x_wconf 91' lang='lat'><strong>,</strong></span> <span class='ocrx_word' id='word_1_550' title='bbox 2375 3055 2530 3110; x_wconf 91' lang='lat' dir='ltr'><strong>sicuti</strong></span> <span class='ocrx_word' id='word_1_551' title='bbox 2559 3056 2912 3126; x_wconf 85' lang='lat' dir='ltr'><strong>promiserat,</strong></span> <span class='ocrx_word' id='word_1_552' title='bbox 2963 3053 3158 3110; x_wconf 91' lang='lat' dir='ltr'><strong>librum</strong></span> <span class='ocrx_word' id='word_1_553' title='bbox 3189 3052 3259 3111; x_wconf 85' lang='lat' dir='ltr'><strong>de</strong></span> <span class='ocrx_word' id='word_1_554' title='bbox 3287 3053 3372 3110; x_wconf 85' lang='lat' dir='ltr'><strong>Ira</strong></span> 
     </span>
    </p>
   </div>
   <div class='ocr_carea' id='block_1_73' title="bbox 1779 3146 3141 3222">
    <p class='ocr_par' dir='ltr' id='par_1_73' title="bbox 1779 3146 3141 3222">
     <span class='ocr_line' id='line_1_73' title="bbox 1779 3146 3141 3222; baseline 0.004 -22"><span class='ocrx_word' id='word_1_555' title='bbox 1779 3146 1872 3204; x_wconf 92' lang='lat' dir='ltr'><strong>Dei</strong></span> <span class='ocrx_word' id='word_1_556' title='bbox 1895 3149 2218 3220; x_wconf 87' lang='lat' dir='ltr'><strong>composuit,</strong></span> <span class='ocrx_word' id='word_1_557' title='bbox 2251 3150 2628 3222; x_wconf 87' lang='lat' dir='ltr'><strong>publicamque</strong></span> <span class='ocrx_word' id='word_1_558' title='bbox 2651 3151 2833 3205; x_wconf 85' lang='lat' dir='ltr'><strong>emisit</strong></span> <span class='ocrx_word' id='word_1_559' title='bbox 2862 3151 2915 3206; x_wconf 93' lang='lat' dir='ltr'><strong>in</strong></span> <span class='ocrx_word' id='word_1_560' title='bbox 2946 3151 3141 3206; x_wconf 92' lang='lat' dir='ltr'><strong>lucem.</strong></span> 
     </span>
    </p>
   </div>
   <div class='ocr_carea' id='block_1_74' title="bbox 1850 3261 3378 3336">
    <p class='ocr_par' dir='ltr' id='par_1_74' title="bbox 1850 3261 3378 3336">
     <span class='ocr_line' id='line_1_74' title="bbox 1850 3261 3378 3336; baseline 0.005 -21"><span class='ocrx_word' id='word_1_561' title='bbox 1850 3261 2052 3317; x_wconf 88' lang='lat' dir='ltr'><strong>Eodem</strong></span> <span class='ocrx_word' id='word_1_562' title='bbox 2081 3277 2246 3332; x_wconf 91' lang='lat' dir='ltr'><strong>porro</strong></span> <span class='ocrx_word' id='word_1_563' title='bbox 2274 3263 2417 3317; x_wconf 93' lang='lat' dir='ltr'><strong>hunc</strong></span> <span class='ocrx_word' id='word_1_564' title='bbox 2443 3278 2506 3318; x_wconf 94' lang='lat' dir='ltr'><strong>ac</strong></span> <span class='ocrx_word' id='word_1_565' title='bbox 2533 3263 2842 3335; x_wconf 90' lang='lat' dir='ltr'><strong>superiores</strong></span> <span class='ocrx_word' id='word_1_566' title='bbox 2885 3263 3052 3319; x_wconf 88' lang='lat' dir='ltr'><strong>libros</strong></span> <span class='ocrx_word' id='word_1_567' title='bbox 3094 3264 3257 3336; x_wconf 90' lang='lat' dir='ltr'><strong>stylo,</strong></span> <span class='ocrx_word' id='word_1_568' title='bbox 3285 3281 3378 3322; x_wconf 88' lang='lat' dir='ltr'><strong>ea-</strong></span> 
     </span>
    </p>
   </div>
   <div class='ocr_carea' id='block_1_75' title="bbox 1777 3351 3368 3428">
    <p class='ocr_par' dir='ltr' id='par_1_75' title="bbox 1777 3351 3368 3428">
     <span class='ocr_line' id='line_1_75' title="bbox 1777 3351 3368 3428; baseline 0.006 -21"><span class='ocrx_word' id='word_1_569' title='bbox 1777 3351 2008 3424; x_wconf 91' lang='lat' dir='ltr'><strong>demque</strong></span> <span class='ocrx_word' id='word_1_570' title='bbox 2047 3355 2316 3410; x_wconf 87' lang='lat' dir='ltr'><strong>scribendi</strong></span> <span class='ocrx_word' id='word_1_571' title='bbox 2360 3356 2570 3411; x_wconf 91' lang='lat' dir='ltr'><strong>ratione</strong></span> <span class='ocrx_word' id='word_1_572' title='bbox 2618 3356 2810 3412; x_wconf 89' lang='lat' dir='ltr'><strong>abillo</strong></span> <span class='ocrx_word' id='word_1_573' title='bbox 2839 3367 3118 3412; x_wconf 82' lang='lat' dir='ltr'><strong>exaratum</strong></span> <span class='ocrx_word' id='word_1_574' title='bbox 3161 3359 3368 3428; x_wconf 90' lang='lat' dir='ltr'><strong>fuisse,</strong></span> 
     </span>
    </p>
   </div>
   <div class='ocr_carea' id='block_1_76' title="bbox 1777 3449 3367 3522">
    <p class='ocr_par' dir='ltr' id='par_1_76' title="bbox 1777 3449 3367 3522">
     <span class='ocr_line' id='line_1_76' title="bbox 1777 3449 3367 3522; baseline 0.004 -20"><span class='ocrx_word' id='word_1_575' title='bbox 1777 3463 1937 3502; x_wconf 90' lang='lat' dir='ltr'><strong>nemo</strong></span> <span class='ocrx_word' id='word_1_576' title='bbox 1965 3463 2116 3513; x_wconf 92' lang='lat' dir='ltr'><strong>sane,</strong></span> <span class='ocrx_word' id='word_1_577' title='bbox 2146 3450 2235 3520; x_wconf 93' lang='lat' dir='ltr'><strong>qui</strong></span> <span class='ocrx_word' id='word_1_578' title='bbox 2266 3465 2362 3504; x_wconf 91' lang='lat' dir='ltr'><strong>eos</strong></span> <span class='ocrx_word' id='word_1_579' title='bbox 2387 3449 2552 3505; x_wconf 89' lang='lat' dir='ltr'><strong>semel</strong></span> <span class='ocrx_word' id='word_1_580' title='bbox 2576 3450 2846 3505; x_wconf 88' lang='lat' dir='ltr'><strong>cursimve</strong></span> <span class='ocrx_word' id='word_1_581' title='bbox 2875 3451 3085 3519; x_wconf 81' lang='lat' dir='ltr'><strong>legerit,</strong></span> <span class='ocrx_word' id='word_1_582' title='bbox 3113 3465 3367 3522; x_wconf 86' lang='lat' dir='ltr'><strong>umquam</strong></span> 
     </span>
    </p>
   </div>
   <div class='ocr_carea' id='block_1_77' title="bbox 1776 3539 3365 3612">
    <p class='ocr_par' dir='ltr' id='par_1_77' title="bbox 1776 3539 3365 3612">
     <span class='ocr_line' id='line_1_77' title="bbox 1776 3539 3365 3612; baseline 0.004 -18"><span class='ocrx_word' id='word_1_583' title='bbox 1776 3539 2121 3596; x_wconf 89' lang='lat' dir='ltr'><strong>inﬁciabitur.</strong></span> <span class='ocrx_word' id='word_1_584' title='bbox 2182 3541 2389 3612; x_wconf 91' lang='lat' dir='ltr'><strong>Ubique</strong></span> <span class='ocrx_word' id='word_1_585' title='bbox 2431 3543 2574 3598; x_wconf 90' lang='lat' dir='ltr'><strong>enim</strong></span> <span class='ocrx_word' id='word_1_586' title='bbox 2619 3543 2672 3597; x_wconf 92' lang='lat' dir='ltr'><strong>in</strong></span> <span class='ocrx_word' id='word_1_587' title='bbox 2704 3557 2771 3597; x_wconf 92' lang='lat' dir='ltr'><strong>eo</strong></span> <span class='ocrx_word' id='word_1_588' title='bbox 2801 3542 2943 3598; x_wconf 91' lang='lat' dir='ltr'><strong>idem</strong></span> <span class='ocrx_word' id='word_1_589' title='bbox 2971 3552 3132 3610; x_wconf 87' lang='lat' dir='ltr'><strong>atque</strong></span> <span class='ocrx_word' id='word_1_590' title='bbox 3165 3545 3215 3599; x_wconf 90' lang='lat' dir='ltr'><strong>in</strong></span> <span class='ocrx_word' id='word_1_591' title='bbox 3243 3545 3365 3600; x_wconf 86' lang='lat' dir='ltr'><strong>aliis</strong></span> 
     </span>
    </p>
   </div>
   <div class='ocr_carea' id='block_1_78' title="bbox 1777 3631 3378 3707">
    <p class='ocr_par' dir='ltr' id='par_1_78' title="bbox 1777 3631 3378 3707">
     <span class='ocr_line' id='line_1_78' title="bbox 1777 3631 3378 3707; baseline 0.006 -23"><span class='ocrx_word' id='word_1_592' title='bbox 1777 3631 1975 3685; x_wconf 88' lang='lat' dir='ltr'><strong>emicat</strong></span> <span class='ocrx_word' id='word_1_593' title='bbox 2002 3635 2410 3702; x_wconf 88' lang='lat' dir='ltr'><strong>argumentandi</strong></span> <span class='ocrx_word' id='word_1_594' title='bbox 2432 3650 2623 3704; x_wconf 90' lang='lat' dir='ltr'><strong>genus,</strong></span> <span class='ocrx_word' id='word_1_595' title='bbox 2645 3636 2832 3690; x_wconf 90' lang='lat' dir='ltr'><strong>eadem</strong></span> <span class='ocrx_word' id='word_1_596' title='bbox 2855 3636 3124 3693; x_wconf 91' lang='lat' dir='ltr'><strong>sermonis</strong></span> <span class='ocrx_word' id='word_1_597' title='bbox 3155 3639 3378 3707; x_wconf 81' lang='lat' dir='ltr'><strong>elegan-</strong></span> 
     </span>
    </p>
   </div>
   <div class='ocr_carea' id='block_1_79' title="bbox 1778 3721 3378 3796">
    <p class='ocr_par' dir='ltr' id='par_1_79' title="bbox 1778 3721 3378 3796">
     <span class='ocr_line' id='line_1_79' title="bbox 1778 3721 3378 3796; baseline 0.005 -22"><span class='ocrx_word' id='word_1_598' title='bbox 1778 3721 1883 3788; x_wconf 86' lang='lat' dir='ltr'><strong>tia,</strong></span> <span class='ocrx_word' id='word_1_599' title='bbox 1916 3722 2057 3778; x_wconf 91' lang='lat' dir='ltr'><strong>idem</strong></span> <span class='ocrx_word' id='word_1_600' title='bbox 2099 3723 2361 3779; x_wconf 92' lang='lat' dir='ltr'><strong>orationis</strong></span> <span class='ocrx_word' id='word_1_601' title='bbox 2385 3725 2564 3780; x_wconf 92' lang='lat' dir='ltr'><strong>cultus</strong></span> <span class='ocrx_word' id='word_1_602' title='bbox 2585 3767 2600 3791; x_wconf 93' lang='lat'><strong>,</strong></span> <span class='ocrx_word' id='word_1_603' title='bbox 2631 3736 2852 3780; x_wconf 87' lang='lat' dir='ltr'><strong>ornatus</strong></span> <span class='ocrx_word' id='word_1_604' title='bbox 2887 3736 2941 3780; x_wconf 92' lang='lat' dir='ltr'><strong>et</strong></span> <span class='ocrx_word' id='word_1_605' title='bbox 2982 3725 3142 3781; x_wconf 89' lang='lat' dir='ltr'><strong>nitor.</strong></span> <span class='ocrx_word' id='word_1_606' title='bbox 3179 3727 3378 3796; x_wconf 85' lang='lat' dir='ltr'><strong>Quam-</strong></span> 
     </span>
    </p>
   </div>
   <div class='ocr_carea' id='block_1_80' title="bbox 1777 3814 3377 3889">
    <p class='ocr_par' dir='ltr' id='par_1_80' title="bbox 1777 3814 3377 3889">
     <span class='ocr_line' id='line_1_80' title="bbox 1777 3814 3377 3889; baseline 0.004 -19"><span class='ocrx_word' id='word_1_607' title='bbox 1777 3814 1964 3870; x_wconf 88' lang='lat' dir='ltr'><strong>obrem</strong></span> <span class='ocrx_word' id='word_1_608' title='bbox 1995 3814 2100 3871; x_wconf 91' lang='lat' dir='ltr'><strong>hoc</strong></span> <span class='ocrx_word' id='word_1_609' title='bbox 2129 3814 2297 3870; x_wconf 85' lang='lat' dir='ltr'><strong>fusius</strong></span> <span class='ocrx_word' id='word_1_610' title='bbox 2328 3816 2580 3889; x_wconf 83' lang='lat' dir='ltr'><strong>probare,</strong></span> <span class='ocrx_word' id='word_1_611' title='bbox 2601 3815 2732 3887; x_wconf 90' lang='lat' dir='ltr'><strong>quid</strong></span> <span class='ocrx_word' id='word_1_612' title='bbox 2761 3817 2904 3871; x_wconf 91' lang='lat' dir='ltr'><strong>aliud</strong></span> <span class='ocrx_word' id='word_1_613' title='bbox 2937 3827 3042 3884; x_wconf 91' lang='lat' dir='ltr'><strong>est,</strong></span> <span class='ocrx_word' id='word_1_614' title='bbox 3072 3833 3233 3888; x_wconf 81' lang='lat' dir='ltr'><strong>quam</strong></span> <span class='ocrx_word' id='word_1_615' title='bbox 3265 3833 3377 3876; x_wconf 81' lang='lat' dir='ltr'><strong>me-</strong></span> 
     </span>
    </p>
   </div>
   <div class='ocr_carea' id='block_1_81' title="bbox 1777 3907 2990 3981">
    <p class='ocr_par' dir='ltr' id='par_1_81' title="bbox 1777 3907 2990 3981">
     <span class='ocr_line' id='line_1_81' title="bbox 1777 3907 2990 3981; baseline 0.001 -18"><span class='ocrx_word' id='word_1_616' title='bbox 1777 3907 1990 3963; x_wconf 90' lang='lat' dir='ltr'><strong>ridiano</strong></span> <span class='ocrx_word' id='word_1_617' title='bbox 2021 3908 2125 3963; x_wconf 71' lang='lat' dir='ltr'><strong>soli</strong></span> <span class='ocrx_word' id='word_1_618' title='bbox 2144 3909 2316 3964; x_wconf 91' lang='lat' dir='ltr'><strong>lucem</strong></span> <span class='ocrx_word' id='word_1_619' title='bbox 2345 3908 2542 3964; x_wconf 82' lang='lat' dir='ltr'><strong>afferre</strong></span> <span class='ocrx_word' id='word_1_620' title='bbox 2562 3910 2990 3981; x_wconf 81' lang='lat' dir='ltr'><strong>supervacuam?</strong></span> 
     </span>
    </p>
   </div>
   <div class='ocr_carea' id='block_1_82' title="bbox 1847 4020 3361 4094">
    <p class='ocr_par' dir='ltr' id='par_1_82' title="bbox 1847 4020 3361 4094">
     <span class='ocr_line' id='line_1_82' title="bbox 1847 4020 3361 4094; baseline 0.005 -20"><span class='ocrx_word' id='word_1_621' title='bbox 1847 4020 2327 4077; x_wconf 84' lang='lat' dir='ltr'><strong>Animadversione</strong></span> <span class='ocrx_word' id='word_1_622' title='bbox 2348 4037 2476 4077; x_wconf 89' lang='lat' dir='ltr'><strong>vero</strong></span> <span class='ocrx_word' id='word_1_623' title='bbox 2494 4023 2667 4094; x_wconf 88' lang='lat' dir='ltr'><strong>aliqua</strong></span> <span class='ocrx_word' id='word_1_624' title='bbox 2688 4023 2827 4078; x_wconf 89' lang='lat' dir='ltr'><strong>haud</strong></span> <span class='ocrx_word' id='word_1_625' title='bbox 2845 4038 3062 4093; x_wconf 81' lang='lat' dir='ltr'><strong>prorsus</strong></span> <span class='ocrx_word' id='word_1_626' title='bbox 3083 4025 3361 4092; x_wconf 82' lang='lat' dir='ltr'><strong>indignum</strong></span> 
     </span>
    </p>
   </div>
   <div class='ocr_carea' id='block_1_83' title="bbox 1780 4111 3374 4188">
    <p class='ocr_par' dir='ltr' id='par_1_83' title="bbox 1780 4111 3374 4188">
     <span class='ocr_line' id='line_1_83' title="bbox 1780 4111 3374 4188; baseline 0.006 -22"><span class='ocrx_word' id='word_1_627' title='bbox 1780 4111 1911 4166; x_wconf 87' lang='lat' dir='ltr'><strong>illud</strong></span> <span class='ocrx_word' id='word_1_628' title='bbox 1943 4114 2067 4178; x_wconf 90' lang='lat' dir='ltr'><strong>erit,</strong></span> <span class='ocrx_word' id='word_1_629' title='bbox 2105 4114 2246 4183; x_wconf 90' lang='lat' dir='ltr'><strong>quod</strong></span> <span class='ocrx_word' id='word_1_630' title='bbox 2277 4114 2592 4170; x_wconf 88' lang='lat' dir='ltr'><strong>Lactantius</strong></span> <span class='ocrx_word' id='word_1_631' title='bbox 2618 4117 2669 4169; x_wconf 92' lang='lat' dir='ltr'><strong>iu</strong></span> <span class='ocrx_word' id='word_1_632' title='bbox 2701 4116 2858 4186; x_wconf 92' lang='lat' dir='ltr'><strong>hujus</strong></span> <span class='ocrx_word' id='word_1_633' title='bbox 2879 4117 3000 4173; x_wconf 88' lang='lat' dir='ltr'><strong>libri</strong></span> <span class='ocrx_word' id='word_1_634' title='bbox 3033 4121 3374 4188; x_wconf 86' lang='lat' dir='ltr'><strong>peroratione</strong></span> 
     </span>
    </p>
   </div>
   <div class='ocr_carea' id='block_1_84' title="bbox 1778 4205 3370 4278">
    <p class='ocr_par' dir='ltr' id='par_1_84' title="bbox 1778 4205 3370 4278">
     <span class='ocr_line' id='line_1_84' title="bbox 1778 4205 3370 4278; baseline 0.005 -20"><span class='ocrx_word' id='word_1_635' title='bbox 1778 4205 2046 4273; x_wconf 87' lang='lat' dir='ltr'><strong>signiﬁcat</strong></span> <span class='ocrx_word' id='word_1_636' title='bbox 2108 4205 2420 4261; x_wconf 90' lang='lat' dir='ltr'><strong>imitandum</strong></span> <span class='ocrx_word' id='word_1_637' title='bbox 2474 4207 2576 4261; x_wconf 92' lang='lat' dir='ltr'><strong>sibi</strong></span> <span class='ocrx_word' id='word_1_638' title='bbox 2631 4209 2978 4278; x_wconf 84' lang='lat' dir='ltr'><strong>preposuisse</strong></span> <span class='ocrx_word' id='word_1_639' title='bbox 3030 4207 3370 4266; x_wconf 88' lang='lat' dir='ltr'><strong>Ciceronem.</strong></span> 
     </span>
    </p>
   </div>
   <div class='ocr_carea' id='block_1_85' title="bbox 1777 4295 3375 4368">
    <p class='ocr_par' dir='ltr' id='par_1_85' title="bbox 1777 4295 3375 4368">
     <span class='ocr_line' id='line_1_85' title="bbox 1777 4295 3375 4368; baseline 0.005 -18"><span class='ocrx_word' id='word_1_640' title='bbox 1777 4295 1938 4361; x_wconf 83' lang='lat' dir='ltr'><strong>Audi,</strong></span> <span class='ocrx_word' id='word_1_641' title='bbox 1967 4312 2170 4367; x_wconf 65' lang='lat' dir='ltr'><strong>quaeso,</strong></span> <span class='ocrx_word' id='word_1_642' title='bbox 2202 4299 2319 4368; x_wconf 89' lang='lat' dir='ltr'><strong>ejus</strong></span> <span class='ocrx_word' id='word_1_643' title='bbox 2345 4299 2511 4354; x_wconf 91' lang='lat' dir='ltr'><strong>verba</strong></span> <span class='ocrx_word' id='word_1_644' title='bbox 2544 4319 2557 4356; x_wconf 92' lang='lat'><strong>:</strong></span> <span class='ocrx_word' id='word_1_645' title='bbox 2586 4319 2604 4351; x_wconf 78' lang='grc' dir='ltr'>ι</span> <span class='ocrx_word' id='word_1_646' title='bbox 2639 4301 2863 4367; x_wconf 81' lang='lat' dir='ltr'><strong>Restat,</strong></span> <span class='ocrx_word' id='word_1_647' title='bbox 2897 4318 2954 4356; x_wconf 87' lang='lat' dir='ltr'><strong>ut</strong></span> <span class='ocrx_word' id='word_1_648' title='bbox 2983 4318 3132 4359; x_wconf 88' lang='lat' dir='ltr'><strong>more</strong></span> <span class='ocrx_word' id='word_1_649' title='bbox 3155 4305 3375 4360; x_wconf 78' lang='lat' dir='ltr'><strong>CiCero-</strong></span> 
     </span>
    </p>
   </div>
   <div class='ocr_carea' id='block_1_86' title="bbox 1777 4387 3378 4462">
    <p class='ocr_par' dir='ltr' id='par_1_86' title="bbox 1777 4387 3378 4462">
     <span class='ocr_line' id='line_1_86' title="bbox 1777 4387 3378 4462; baseline 0.006 -22"><span class='ocrx_word' id='word_1_650' title='bbox 1777 4387 1863 4441; x_wconf 89' lang='lat' dir='ltr'><strong>nis</strong></span> <span class='ocrx_word' id='word_1_651' title='bbox 1889 4398 2100 4443; x_wconf 85' lang='lat' dir='ltr'><strong>utamur</strong></span> <span class='ocrx_word' id='word_1_652' title='bbox 2127 4391 2339 4460; x_wconf 91' lang='lat' dir='ltr'><strong>epilogo</strong></span> <span class='ocrx_word' id='word_1_653' title='bbox 2365 4393 2431 4447; x_wconf 90' lang='lat' dir='ltr'><strong>ad</strong></span> <span class='ocrx_word' id='word_1_654' title='bbox 2461 4393 2821 4462; x_wconf 90' lang='lat' dir='ltr'><strong>perorandum</strong></span> <span class='ocrx_word' id='word_1_655' title='bbox 2851 4395 3023 4450; x_wconf 93' lang='lat' dir='ltr'><strong>:sicut</strong></span> <span class='ocrx_word' id='word_1_656' title='bbox 3049 4395 3138 4451; x_wconf 91' lang='lat' dir='ltr'><strong>ille</strong></span> <span class='ocrx_word' id='word_1_657' title='bbox 3169 4399 3218 4450; x_wconf 86' lang='lat' dir='ltr'><strong>in</strong></span> <span class='ocrx_word' id='word_1_658' title='bbox 3238 4397 3378 4452; x_wconf 88' lang='lat' dir='ltr'><strong>Tus-</strong></span> 
     </span>
    </p>
   </div>
   <div class='ocr_carea' id='block_1_87' title="bbox 1776 4480 3376 4555">
    <p class='ocr_par' dir='ltr' id='par_1_87' title="bbox 1776 4480 3376 4555">
     <span class='ocr_line' id='line_1_87' title="bbox 1776 4480 3376 4555; baseline 0.006 -21"><span class='ocrx_word' id='word_1_659' title='bbox 1776 4480 1985 4534; x_wconf 89' lang='lat' dir='ltr'><strong>culanis</strong></span> <span class='ocrx_word' id='word_1_660' title='bbox 2010 4482 2077 4534; x_wconf 91' lang='lat' dir='ltr'><strong>de</strong></span> <span class='ocrx_word' id='word_1_661' title='bbox 2099 4491 2274 4536; x_wconf 84' lang='lat' dir='ltr'><strong>morte</strong></span> <span class='ocrx_word' id='word_1_662' title='bbox 2296 4483 2568 4538; x_wconf 91' lang='lat' dir='ltr'><strong>disserens</strong></span> <span class='ocrx_word' id='word_1_663' title='bbox 2598 4483 2745 4550; x_wconf 91' lang='lat' dir='ltr'><strong>fecit,</strong></span> <span class='ocrx_word' id='word_1_664' title='bbox 2774 4485 2844 4538; x_wconf 91' lang='lat' dir='ltr'><strong>ita</strong></span> <span class='ocrx_word' id='word_1_665' title='bbox 2877 4501 2976 4540; x_wconf 92' lang='lat' dir='ltr'><strong>nos</strong></span> <span class='ocrx_word' id='word_1_666' title='bbox 3004 4485 3056 4538; x_wconf 90' lang='lat' dir='ltr'><strong>iu</strong></span> <span class='ocrx_word' id='word_1_667' title='bbox 3087 4485 3189 4542; x_wconf 90' lang='lat' dir='ltr'><strong>hoc</strong></span> <span class='ocrx_word' id='word_1_668' title='bbox 3210 4502 3376 4555; x_wconf 81' lang='lat' dir='ltr'><strong>opere</strong></span> 
     </span>
    </p>
   </div>
   <div class='ocr_carea' id='block_1_88' title="bbox 1779 4573 3376 4644">
    <p class='ocr_par' dir='ltr' id='par_1_88' title="bbox 1779 4573 3376 4644">
     <span class='ocr_line' id='line_1_88' title="bbox 1779 4573 3376 4644; baseline 0.004 -19"><span class='ocrx_word' id='word_1_669' title='bbox 1779 4573 2084 4626; x_wconf 90' lang='lat' dir='ltr'><strong>testimonia</strong></span> <span class='ocrx_word' id='word_1_670' title='bbox 2102 4573 2304 4639; x_wconf 84' lang='lat' dir='ltr'><strong>divina,</strong></span> <span class='ocrx_word' id='word_1_671' title='bbox 2329 4574 2523 4644; x_wconf 86' lang='lat' dir='ltr'><strong>quibus</strong></span> <span class='ocrx_word' id='word_1_672' title='bbox 2541 4577 2684 4630; x_wconf 89' lang='lat' dir='ltr'><strong>credi</strong></span> <span class='ocrx_word' id='word_1_673' title='bbox 2716 4577 2906 4644; x_wconf 88' lang='lat' dir='ltr'><strong>possit,</strong></span> <span class='ocrx_word' id='word_1_674' title='bbox 2931 4575 3187 4631; x_wconf 89' lang='lat' dir='ltr'><strong>adhibere</strong></span> <span class='ocrx_word' id='word_1_675' title='bbox 3209 4577 3376 4632; x_wconf 88' lang='lat' dir='ltr'><strong>debe-</strong></span> 
     </span>
    </p>
   </div>
   <div class='ocr_carea' id='block_1_89' title="bbox 141 4664 3377 4747">
    <p class='ocr_par' dir='ltr' id='par_1_89' title="bbox 141 4664 3377 4747">
     <span class='ocr_line' id='line_1_89' title="bbox 141 4664 3377 4747; baseline 0.005 -26"><span class='ocrx_word' id='word_1_676' title='bbox 141 4668 218 4730; x_wconf 85' lang='lat' dir='ltr'><strong>sit.</strong></span> <span class='ocrx_word' id='word_1_677' title='bbox 254 4681 300 4726; x_wconf 89' lang='lat' dir='ltr'><strong>et</strong></span> <span class='ocrx_word' id='word_1_678' title='bbox 325 4676 559 4731; x_wconf 89' lang='lat' dir='ltr'><strong>omnibus</strong></span> <span class='ocrx_word' id='word_1_679' title='bbox 586 4678 876 4746; x_wconf 90' lang='lat' dir='ltr'><strong>probetur,</strong></span> <span class='ocrx_word' id='word_1_680' title='bbox 923 4694 1020 4732; x_wconf 89' lang='lat' dir='ltr'><strong>nos</strong></span> <span class='ocrx_word' id='word_1_681' title='bbox 1053 4677 1192 4732; x_wconf 91' lang='lat' dir='ltr'><strong>infra</strong></span> <span class='ocrx_word' id='word_1_682' title='bbox 1224 4679 1665 4736; x_wconf 81' lang='lat' dir='ltr'><strong>examinabimus.</strong></span> <span class='ocrx_word' id='word_1_683' title='bbox 1697 4683 1749 4743; x_wconf 87' lang='lat' dir='ltr'><strong>D</strong></span> <span class='ocrx_word' id='word_1_684' title='bbox 1779 4678 1920 4717; x_wconf 73' lang='lat' dir='ltr'><strong>mus-</strong></span> <span class='ocrx_word' id='word_1_685' title='bbox 1948 4683 1968 4716; x_wconf 75' lang='grc'><strong><em>³</em></strong></span> <span class='ocrx_word' id='word_1_686' title='bbox 1996 4664 2073 4718; x_wconf 66' lang='lat' dir='ltr'><strong>lbi</strong></span> <span class='ocrx_word' id='word_1_687' title='bbox 2095 4675 2274 4720; x_wconf 60' lang='lat' dir='ltr'><strong>autem</strong></span> <span class='ocrx_word' id='word_1_688' title='bbox 2304 4667 2392 4722; x_wconf 68' lang='lat'><strong>“&#39;3</strong></span> <span class='ocrx_word' id='word_1_689' title='bbox 2412 4668 2644 4736; x_wconf 72' lang='grc' dir='ltr'><strong>Ρτίηυηη</strong></span> <span class='ocrx_word' id='word_1_690' title='bbox 2663 4667 3084 4747; x_wconf 53' lang='lat' dir='ltr'><strong>Tusculanam!“</strong></span> <span class='ocrx_word' id='word_1_691' title='bbox 3110 4668 3377 4736; x_wconf 64' lang='grc' dir='ltr'><strong>Ουίὲειίο-</strong></span> 
     </span>
    </p>
   </div>
   <div class='ocr_carea' id='block_1_90' title="bbox 142 4755 1672 4838">
    <p class='ocr_par' dir='ltr' id='par_1_90' title="bbox 142 4755 1672 4838">
     <span class='ocr_line' id='line_1_90' title="bbox 142 4755 1672 4838; baseline 0.008 -26"><span class='ocrx_word' id='word_1_692' title='bbox 142 4755 229 4812; x_wconf 81' lang='lat' dir='ltr'><strong>Jam</strong></span> <span class='ocrx_word' id='word_1_693' title='bbox 255 4778 364 4817; x_wconf 81' lang='lat' dir='ltr'><strong>vero</strong></span> <span class='ocrx_word' id='word_1_694' title='bbox 391 4781 450 4820; x_wconf 79' lang='lat' dir='ltr'><strong>ex</strong></span> <span class='ocrx_word' id='word_1_695' title='bbox 482 4767 659 4821; x_wconf 89' lang='lat' dir='ltr'><strong>citatis</strong></span> <span class='ocrx_word' id='word_1_696' title='bbox 689 4768 866 4835; x_wconf 91' lang='lat' dir='ltr'><strong>illius,</strong></span> <span class='ocrx_word' id='word_1_697' title='bbox 897 4779 1058 4838; x_wconf 89' lang='lat' dir='ltr'><strong>atque</strong></span> <span class='ocrx_word' id='word_1_698' title='bbox 1081 4768 1344 4824; x_wconf 89' lang='lat' dir='ltr'><strong>Lactantii</strong></span> <span class='ocrx_word' id='word_1_699' title='bbox 1381 4769 1541 4823; x_wconf 86' lang='lat' dir='ltr'><strong>etiam</strong></span> <span class='ocrx_word' id='word_1_700' title='bbox 1572 4785 1672 4824; x_wconf 85' lang='lat' dir='ltr'><strong>no-</strong></span> 
     </span>
    </p>
   </div>
   <div class='ocr_carea' id='block_1_91' title="bbox 143 4851 1672 4929">
    <p class='ocr_par' dir='ltr' id='par_1_91' title="bbox 143 4851 1672 4929">
     <span class='ocr_line' id='line_1_91' title="bbox 143 4851 1672 4929; baseline 0.012 -31"><span class='ocrx_word' id='word_1_701' title='bbox 143 4851 215 4902; x_wconf 86' lang='lat' dir='ltr'><strong>stri</strong></span> <span class='ocrx_word' id='word_1_702' title='bbox 233 4855 386 4908; x_wconf 82' lang='lat' dir='ltr'><strong>verbis</strong></span> <span class='ocrx_word' id='word_1_703' title='bbox 408 4857 704 4929; x_wconf 87' lang='lat' dir='ltr'><strong>colligimus</strong></span> <span class='ocrx_word' id='word_1_704' title='bbox 739 4858 886 4912; x_wconf 89' lang='lat' dir='ltr'><strong>illum</strong></span> <span class='ocrx_word' id='word_1_705' title='bbox 917 4858 1142 4929; x_wconf 89' lang='lat' dir='ltr'><strong>hujusce</strong></span> <span class='ocrx_word' id='word_1_706' title='bbox 1179 4859 1298 4914; x_wconf 88' lang='lat' dir='ltr'><strong>libri</strong></span> <span class='ocrx_word' id='word_1_707' title='bbox 1335 4874 1456 4916; x_wconf 89' lang='lat' dir='ltr'><strong>esse</strong></span> <span class='ocrx_word' id='word_1_708' title='bbox 1485 4876 1672 4916; x_wconf 86' lang='lat' dir='ltr'><strong>verum</strong></span> 
     </span>
    </p>
   </div>
   <div class='ocr_carea' id='block_1_92' title="bbox 143 4935 912 5019">
    <p class='ocr_par' dir='ltr' id='par_1_92' title="bbox 143 4935 912 5019">
     <span class='ocr_line' id='line_1_92' title="bbox 143 4935 912 5019; baseline 0.02 -29"><span class='ocrx_word' id='word_1_709' title='bbox 143 4944 477 5017; x_wconf 86' lang='lat' dir='ltr'><strong>genuinumque</strong></span> <span class='ocrx_word' id='word_1_710' title='bbox 506 4959 805 5019; x_wconf 91' lang='lat' dir='ltr'><strong>parentem.</strong></span> <span class='ocrx_word' id='word_1_711' title='bbox 907 4935 912 4941; x_wconf 63' lang='grc'><em>’</em></span> 
     </span>
    </p>
   </div>
   <div class='ocr_carea' id='block_1_93' title="bbox 198 5032 1671 5114">
    <p class='ocr_par' dir='ltr' id='par_1_93' title="bbox 198 5032 1671 5114">
     <span class='ocr_line' id='line_1_93' title="bbox 198 5032 1671 5114; baseline 0.011 -27"><span class='ocrx_word' id='word_1_712' title='bbox 198 5032 284 5090; x_wconf 83' lang='lat' dir='ltr'><strong>Nec</strong></span> <span class='ocrx_word' id='word_1_713' title='bbox 310 5039 468 5096; x_wconf 88' lang='lat' dir='ltr'><strong>minus</strong></span> <span class='ocrx_word' id='word_1_714' title='bbox 509 5043 653 5098; x_wconf 92' lang='lat' dir='ltr'><strong>clare</strong></span> <span class='ocrx_word' id='word_1_715' title='bbox 703 5043 1060 5114; x_wconf 91' lang='lat' dir='ltr'><strong>perspicimus</strong></span> <span class='ocrx_word' id='word_1_716' title='bbox 1096 5044 1166 5099; x_wconf 90' lang='lat' dir='ltr'><strong>ab</strong></span> <span class='ocrx_word' id='word_1_717' title='bbox 1218 5043 1310 5098; x_wconf 91' lang='lat' dir='ltr'><strong>illo</strong></span> <span class='ocrx_word' id='word_1_718' title='bbox 1349 5042 1417 5099; x_wconf 88' lang='lat' dir='ltr'><strong>de</strong></span> <span class='ocrx_word' id='word_1_719' title='bbox 1446 5043 1530 5100; x_wconf 89' lang='lat' dir='ltr'><strong>lra</strong></span> <span class='ocrx_word' id='word_1_720' title='bbox 1577 5045 1671 5102; x_wconf 91' lang='lat' dir='ltr'><strong>Dei</strong></span> 
     </span>
    </p>
   </div>
   <div class='ocr_carea' id='block_1_94' title="bbox 145 5121 1671 5208">
    <p class='ocr_par' dir='ltr' id='par_1_94' title="bbox 145 5121 1671 5208">
     <span class='ocr_line' id='line_1_94' title="bbox 145 5121 1671 5208; baseline 0.013 -33"><span class='ocrx_word' id='word_1_721' title='bbox 145 5121 274 5181; x_wconf 88' lang='lat' dir='ltr'><strong>fuisse</strong></span> <span class='ocrx_word' id='word_1_722' title='bbox 303 5129 617 5201; x_wconf 88' lang='lat' dir='ltr'><strong>inscriptum.</strong></span> <span class='ocrx_word' id='word_1_723' title='bbox 648 5135 885 5190; x_wconf 88' lang='lat' dir='ltr'><strong>Tametsi</strong></span> <span class='ocrx_word' id='word_1_724' title='bbox 913 5136 1057 5190; x_wconf 90' lang='lat' dir='ltr'><strong>enim</strong></span> <span class='ocrx_word' id='word_1_725' title='bbox 1087 5136 1154 5192; x_wconf 91' lang='lat' dir='ltr'><strong>de</strong></span> <span class='ocrx_word' id='word_1_726' title='bbox 1191 5137 1292 5191; x_wconf 91' lang='lat' dir='ltr'><strong>hac</strong></span> <span class='ocrx_word' id='word_1_727' title='bbox 1319 5137 1671 5208; x_wconf 88' lang='lat' dir='ltr'><strong>inscriptione</strong></span> 
     </span>
    </p>
   </div>
   <div class='ocr_carea' id='block_1_95' title="bbox 151 5214 1668 5303">
    <p class='ocr_par' dir='ltr' id='par_1_95' title="bbox 151 5214 1668 5303">
     <span class='ocr_line' id='line_1_95' title="bbox 151 5214 1668 5303; baseline 0.016 -35"><span class='ocrx_word' id='word_1_728' title='bbox 151 5214 454 5294; x_wconf 80' lang='lat' dir='ltr'><strong>Hieronymus</strong></span> <span class='ocrx_word' id='word_1_729' title='bbox 481 5238 534 5283; x_wconf 92' lang='lat' dir='ltr'><strong>et</strong></span> <span class='ocrx_word' id='word_1_730' title='bbox 563 5229 790 5299; x_wconf 90' lang='lat' dir='ltr'><strong>ipsemet</strong></span> <span class='ocrx_word' id='word_1_731' title='bbox 821 5230 1131 5287; x_wconf 88' lang='lat' dir='ltr'><strong>Lactantius</strong></span> <span class='ocrx_word' id='word_1_732' title='bbox 1152 5232 1312 5303; x_wconf 88' lang='lat' dir='ltr'><strong>plane</strong></span> <span class='ocrx_word' id='word_1_733' title='bbox 1338 5234 1636 5295; x_wconf 89' lang='lat' dir='ltr'><strong>tacuissent</strong></span> <span class='ocrx_word' id='word_1_734' title='bbox 1653 5277 1668 5302; x_wconf 92' lang='lat'><strong>,</strong></span> 
     </span>
    </p>
   </div>
   <div class='ocr_carea' id='block_1_96' title="bbox 147 5319 1673 5394">
    <p class='ocr_par' dir='ltr' id='par_1_96' title="bbox 147 5319 1673 5394">
     <span class='ocr_line' id='line_1_96' title="bbox 147 5319 1673 5394; baseline 0.016 -35"><span class='ocrx_word' id='word_1_735' title='bbox 147 5319 240 5362; x_wconf 86' lang='lat' dir='ltr'><strong>eam</strong></span> <span class='ocrx_word' id='word_1_736' title='bbox 262 5326 374 5370; x_wconf 90' lang='lat' dir='ltr'><strong>sane</strong></span> <span class='ocrx_word' id='word_1_737' title='bbox 398 5327 532 5374; x_wconf 90' lang='lat' dir='ltr'><strong>totus</strong></span> <span class='ocrx_word' id='word_1_738' title='bbox 555 5322 688 5391; x_wconf 89' lang='lat' dir='ltr'><strong>ipse,</strong></span> <span class='ocrx_word' id='word_1_739' title='bbox 712 5333 942 5394; x_wconf 88' lang='lat' dir='ltr'><strong>quantus</strong></span> <span class='ocrx_word' id='word_1_740' title='bbox 967 5333 1050 5378; x_wconf 90' lang='lat' dir='ltr'><strong>est</strong></span> <span class='ocrx_word' id='word_1_741' title='bbox 1067 5364 1082 5388; x_wconf 94' lang='lat'><strong>,</strong></span> <span class='ocrx_word' id='word_1_742' title='bbox 1114 5324 1252 5379; x_wconf 90' lang='lat' dir='ltr'><strong>liber</strong></span> <span class='ocrx_word' id='word_1_743' title='bbox 1277 5326 1474 5381; x_wconf 90' lang='lat' dir='ltr'><strong>clamat</strong></span> <span class='ocrx_word' id='word_1_744' title='bbox 1504 5336 1560 5382; x_wconf 91' lang='lat' dir='ltr'><strong>et</strong></span> <span class='ocrx_word' id='word_1_745' title='bbox 1587 5344 1673 5383; x_wconf 83' lang='lat' dir='ltr'><strong>as-</strong></span> 
     </span>
    </p>
   </div>
   <div class='ocr_carea' id='block_1_97' title="bbox 149 5404 1672 5488">
    <p class='ocr_par' dir='ltr' id='par_1_97' title="bbox 149 5404 1672 5488">
     <span class='ocr_line' id='line_1_97' title="bbox 149 5404 1672 5488; baseline 0.015 -34"><span class='ocrx_word' id='word_1_746' title='bbox 149 5404 276 5458; x_wconf 88' lang='lat' dir='ltr'><strong>serit.</strong></span> <span class='ocrx_word' id='word_1_747' title='bbox 311 5407 410 5466; x_wconf 82' lang='lat' dir='ltr'><strong>Non</strong></span> <span class='ocrx_word' id='word_1_748' title='bbox 446 5414 577 5470; x_wconf 89' lang='lat' dir='ltr'><strong>alius</strong></span> <span class='ocrx_word' id='word_1_749' title='bbox 601 5417 866 5488; x_wconf 90' lang='lat' dir='ltr'><strong>siquidem</strong></span> <span class='ocrx_word' id='word_1_750' title='bbox 905 5417 958 5470; x_wconf 91' lang='lat' dir='ltr'><strong>in</strong></span> <span class='ocrx_word' id='word_1_751' title='bbox 995 5432 1061 5472; x_wconf 90' lang='lat' dir='ltr'><strong>eo</strong></span> <span class='ocrx_word' id='word_1_752' title='bbox 1089 5419 1378 5474; x_wconf 90' lang='lat' dir='ltr'><strong>scribendo</strong></span> <span class='ocrx_word' id='word_1_753' title='bbox 1409 5419 1672 5477; x_wconf 88' lang='lat' dir='ltr'><strong>Lactantii</strong></span> 
     </span>
    </p>
   </div>
   <div class='ocr_carea' id='block_1_98' title="bbox 150 5501 1674 5580">
    <p class='ocr_par' dir='ltr' id='par_1_98' title="bbox 150 5501 1674 5580">
     <span class='ocr_line' id='line_1_98' title="bbox 150 5501 1674 5580; baseline 0.015 -34"><span class='ocrx_word' id='word_1_754' title='bbox 150 5506 310 5566; x_wconf 76' lang='lat' dir='ltr'><strong>scapus</strong></span> <span class='ocrx_word' id='word_1_755' title='bbox 333 5501 536 5575; x_wconf 87' lang='lat' dir='ltr'><strong>ﬁnisque</strong></span> <span class='ocrx_word' id='word_1_756' title='bbox 569 5508 686 5575; x_wconf 80' lang='lat' dir='ltr'><strong>fuit,</strong></span> <span class='ocrx_word' id='word_1_757' title='bbox 717 5526 877 5580; x_wconf 84' lang='lat' dir='ltr'><strong>quam</strong></span> <span class='ocrx_word' id='word_1_758' title='bbox 906 5520 963 5564; x_wconf 91' lang='lat' dir='ltr'><strong>ut</strong></span> <span class='ocrx_word' id='word_1_759' title='bbox 993 5510 1168 5579; x_wconf 90' lang='lat' dir='ltr'><strong>palam</strong></span> <span class='ocrx_word' id='word_1_760' title='bbox 1193 5513 1444 5568; x_wconf 90' lang='lat' dir='ltr'><strong>omnibus</strong></span> <span class='ocrx_word' id='word_1_761' title='bbox 1470 5513 1674 5569; x_wconf 86' lang='lat' dir='ltr'><strong>faceret</strong></span> 
     </span>
    </p>
   </div>
   <div class='ocr_carea' id='block_1_99' title="bbox 153 5582 1670 5672">
    <p class='ocr_par' dir='ltr' id='par_1_99' title="bbox 153 5582 1670 5672">
     <span class='ocr_line' id='line_1_99' title="bbox 153 5582 1670 5672; baseline 0.013 -32"><span class='ocrx_word' id='word_1_762' title='bbox 153 5582 285 5672; x_wconf 83' lang='lat' dir='ltr'><strong>Deum</strong></span> <span class='ocrx_word' id='word_1_763' title='bbox 317 5609 480 5652; x_wconf 84' lang='lat' dir='ltr'><strong>revera</strong></span> <span class='ocrx_word' id='word_1_764' title='bbox 510 5600 683 5656; x_wconf 90' lang='lat' dir='ltr'><strong>irasci.</strong></span> <span class='ocrx_word' id='word_1_765' title='bbox 717 5601 902 5672; x_wconf 85' lang='lat' dir='ltr'><strong>Neque</strong></span> <span class='ocrx_word' id='word_1_766' title='bbox 932 5601 1080 5656; x_wconf 90' lang='lat' dir='ltr'><strong>aliud</strong></span> <span class='ocrx_word' id='word_1_767' title='bbox 1109 5602 1270 5657; x_wconf 87' lang='lat' dir='ltr'><strong>etiam</strong></span> <span class='ocrx_word' id='word_1_768' title='bbox 1315 5614 1427 5659; x_wconf 90' lang='lat' dir='ltr'><strong>toto</strong></span> <span class='ocrx_word' id='word_1_769' title='bbox 1473 5605 1587 5661; x_wconf 83' lang='lat' dir='ltr'><strong>fere</strong></span> <span class='ocrx_word' id='word_1_770' title='bbox 1616 5606 1670 5660; x_wconf 92' lang='lat' dir='ltr'><strong>in</strong></span> 
     </span>
    </p>
   </div>
   <div class='ocr_carea' id='block_1_100' title="bbox 153 5671 1676 5765">
    <p class='ocr_par' dir='ltr' id='par_1_100' title="bbox 153 5671 1676 5765">
     <span class='ocr_line' id='line_1_100' title="bbox 153 5671 1676 5765; baseline 0.014 -34"><span class='ocrx_word' id='word_1_771' title='bbox 153 5671 230 5732; x_wconf 84' lang='lat' dir='ltr'><strong>hoc</strong></span> <span class='ocrx_word' id='word_1_772' title='bbox 255 5683 386 5751; x_wconf 87' lang='lat' dir='ltr'><strong>libro,</strong></span> <span class='ocrx_word' id='word_1_773' title='bbox 416 5705 566 5759; x_wconf 92' lang='lat' dir='ltr'><strong>quam</strong></span> <span class='ocrx_word' id='word_1_774' title='bbox 591 5695 658 5748; x_wconf 87' lang='lat' dir='ltr'><strong>de</strong></span> <span class='ocrx_word' id='word_1_775' title='bbox 678 5696 758 5747; x_wconf 89' lang='lat' dir='ltr'><strong>ira</strong></span> <span class='ocrx_word' id='word_1_776' title='bbox 784 5671 879 5748; x_wconf 90' lang='lat' dir='ltr'><strong>Dei</strong></span> <span class='ocrx_word' id='word_1_777' title='bbox 913 5702 1170 5748; x_wconf 90' lang='lat' dir='ltr'><strong>tractatur</strong></span> <span class='ocrx_word' id='word_1_778' title='bbox 1196 5707 1595 5765; x_wconf 89' lang='lat' dir='ltr'><strong>argumentum,</strong></span> <span class='ocrx_word' id='word_1_779' title='bbox 1622 5706 1676 5752; x_wconf 92' lang='lat' dir='ltr'><strong>et</strong></span> 
     </span>
    </p>
   </div>
   <div class='ocr_carea' id='block_1_101' title="bbox 156 5769 1672 5857">
    <p class='ocr_par' dir='ltr' id='par_1_101' title="bbox 156 5769 1672 5857">
     <span class='ocr_line' id='line_1_101' title="bbox 156 5769 1672 5857; baseline 0.018 -39"><span class='ocrx_word' id='word_1_780' title='bbox 156 5769 202 5821; x_wconf 83' lang='lat' dir='ltr'><strong>ad</strong></span> <span class='ocrx_word' id='word_1_781' title='bbox 227 5771 332 5830; x_wconf 90' lang='lat' dir='ltr'><strong>ilhul</strong></span> <span class='ocrx_word' id='word_1_782' title='bbox 355 5784 514 5838; x_wconf 88' lang='lat' dir='ltr'><strong>omnia</strong></span> <span class='ocrx_word' id='word_1_783' title='bbox 546 5787 873 5844; x_wconf 87' lang='lat' dir='ltr'><strong>referuntur.</strong></span> <span class='ocrx_word' id='word_1_784' title='bbox 911 5787 1062 5855; x_wconf 85' lang='lat' dir='ltr'><strong>Quod</strong></span> <span class='ocrx_word' id='word_1_785' title='bbox 1094 5788 1310 5857; x_wconf 89' lang='lat' dir='ltr'><strong>quidem</strong></span> <span class='ocrx_word' id='word_1_786' title='bbox 1359 5806 1428 5844; x_wconf 82' lang='lat' dir='ltr'><strong>ex</strong></span> <span class='ocrx_word' id='word_1_787' title='bbox 1475 5788 1613 5845; x_wconf 89' lang='lat' dir='ltr'><strong>facta</strong></span> <span class='ocrx_word' id='word_1_788' title='bbox 1641 5807 1672 5846; x_wconf 89' lang='lat' dir='ltr'><strong>a</strong></span> 
     </span>
    </p>
   </div>
   <div class='ocr_carea' id='block_1_102' title="bbox 157 5862 1672 5952">
    <p class='ocr_par' dir='ltr' id='par_1_102' title="bbox 157 5862 1672 5952">
     <span class='ocr_line' id='line_1_102' title="bbox 157 5862 1672 5952; baseline 0.015 -36"><span class='ocrx_word' id='word_1_789' title='bbox 157 5862 276 5917; x_wconf 83' lang='lat' dir='ltr'><strong>nobis</strong></span> <span class='ocrx_word' id='word_1_790' title='bbox 303 5869 422 5927; x_wconf 86' lang='lat' dir='ltr'><strong>illius</strong></span> <span class='ocrx_word' id='word_1_791' title='bbox 450 5879 665 5949; x_wconf 79' lang='lat' dir='ltr'><strong>analysi,</strong></span> <span class='ocrx_word' id='word_1_792' title='bbox 699 5880 786 5935; x_wconf 83' lang='lat' dir='ltr'><strong>vel</strong></span> <span class='ocrx_word' id='word_1_793' title='bbox 815 5879 976 5938; x_wconf 83' lang='lat' dir='ltr'><strong>etiam</strong></span> <span class='ocrx_word' id='word_1_794' title='bbox 1019 5879 1286 5936; x_wconf 86' lang='lat' dir='ltr'><strong>levissima</strong></span> <span class='ocrx_word' id='word_1_795' title='bbox 1326 5880 1450 5935; x_wconf 91' lang='lat' dir='ltr'><strong>libri</strong></span> <span class='ocrx_word' id='word_1_796' title='bbox 1504 5881 1672 5952; x_wconf 87' lang='lat' dir='ltr'><strong>ipsius</strong></span> 
     </span>
    </p>
   </div>
   <div class='ocr_carea' id='block_1_103' title="bbox 114 6039 122 6161">
    <p class='ocr_par' dir='ltr' id='par_1_103' title="bbox 114 6039 122 6161">
     <span class='ocr_line' id='line_1_103' title="bbox 114 6039 122 6161; baseline 0 0"><span class='ocrx_word' id='word_1_797' title='bbox 114 6039 122 6161; x_wconf 58' lang='grc' dir='ltr'>ἰ</span> 
     </span>
    </p>
   </div>
   <div class='ocr_carea' id='block_1_104' title="bbox 1778 4756 3375 4830">
    <p class='ocr_par' dir='ltr' id='par_1_104' title="bbox 1778 4756 3375 4830">
     <span class='ocr_line' id='line_1_104' title="bbox 1778 4756 3375 4830; baseline 0.004 -20"><span class='ocrx_word' id='word_1_798' title='bbox 1778 4772 1904 4810; x_wconf 91' lang='lat' dir='ltr'><strong>num</strong></span> <span class='ocrx_word' id='word_1_799' title='bbox 1939 4756 2132 4812; x_wconf 91' lang='lat' dir='ltr'><strong>librum</strong></span> <span class='ocrx_word' id='word_1_800' title='bbox 2163 4757 2360 4813; x_wconf 90' lang='lat' dir='ltr'><strong>indicat</strong></span> <span class='ocrx_word' id='word_1_801' title='bbox 2383 4800 2398 4825; x_wconf 86' lang='lat'><strong>,</strong></span> <span class='ocrx_word' id='word_1_802' title='bbox 2447 4759 2600 4830; x_wconf 91' lang='lat' dir='ltr'><strong>cujus</strong></span> <span class='ocrx_word' id='word_1_803' title='bbox 2620 4759 2888 4829; x_wconf 81' lang='lat' dir='ltr'><strong>epilogum</strong></span> <span class='ocrx_word' id='word_1_804' title='bbox 2916 4773 2977 4814; x_wconf 92' lang='lat' dir='ltr'><strong>se</strong></span> <span class='ocrx_word' id='word_1_805' title='bbox 3006 4759 3202 4815; x_wconf 90' lang='lat' dir='ltr'><strong>imitari</strong></span> <span class='ocrx_word' id='word_1_806' title='bbox 3233 4760 3375 4816; x_wconf 86' lang='lat' dir='ltr'><strong>haud</strong></span> 
     </span>
    </p>
   </div>
   <div class='ocr_carea' id='block_1_105' title="bbox 1775 4846 2370 4919">
    <p class='ocr_par' dir='ltr' id='par_1_105' title="bbox 1775 4846 2370 4919">
     <span class='ocr_line' id='line_1_105' title="bbox 1775 4846 2370 4919; baseline 0.003 -17"><span class='ocrx_word' id='word_1_807' title='bbox 1775 4846 2045 4903; x_wconf 89' lang='lat' dir='ltr'><strong>immerito</strong></span> <span class='ocrx_word' id='word_1_808' title='bbox 2070 4849 2370 4919; x_wconf 91' lang='lat' dir='ltr'><strong>proﬁtetur.</strong></span> 
     </span>
    </p>
   </div>
   <div class='ocr_carea' id='block_1_106' title="bbox 1847 4959 3375 5033">
    <p class='ocr_par' dir='ltr' id='par_1_106' title="bbox 1847 4959 3375 5033">
     <span class='ocr_line' id='line_1_106' title="bbox 1847 4959 3375 5033; baseline 0.003 -19"><span class='ocrx_word' id='word_1_809' title='bbox 1847 4959 2041 5015; x_wconf 83' lang='lat' dir='ltr'><strong>Nonne</strong></span> <span class='ocrx_word' id='word_1_810' title='bbox 2071 4971 2276 5027; x_wconf 90' lang='lat' dir='ltr'><strong>autem,</strong></span> <span class='ocrx_word' id='word_1_811' title='bbox 2311 4961 2514 5032; x_wconf 90' lang='lat' dir='ltr'><strong>inquiet</strong></span> <span class='ocrx_word' id='word_1_812' title='bbox 2557 4963 2785 5033; x_wconf 89' lang='lat' dir='ltr'><strong>aliquis,</strong></span> <span class='ocrx_word' id='word_1_813' title='bbox 2819 4961 2960 5018; x_wconf 89' lang='lat' dir='ltr'><strong>hanc</strong></span> <span class='ocrx_word' id='word_1_814' title='bbox 3001 4961 3069 5017; x_wconf 92' lang='lat' dir='ltr'><strong>ob</strong></span> <span class='ocrx_word' id='word_1_815' title='bbox 3109 4962 3375 5019; x_wconf 89' lang='lat' dir='ltr'><strong>rationem</strong></span> 
     </span>
    </p>
   </div>
   <div class='ocr_carea' id='block_1_107' title="bbox 1777 5052 3376 5129">
    <p class='ocr_par' dir='ltr' id='par_1_107' title="bbox 1777 5052 3376 5129">
     <span class='ocr_line' id='line_1_107' title="bbox 1777 5052 3376 5129; baseline 0.002 -21"><span class='ocrx_word' id='word_1_816' title='bbox 1777 5052 2144 5125; x_wconf 80' lang='lat' dir='ltr'><strong>Hieronymus</strong></span> <span class='ocrx_word' id='word_1_817' title='bbox 2165 5053 2357 5124; x_wconf 84' lang='lat' dir='ltr'><strong>Magno</strong></span> <span class='ocrx_word' id='word_1_818' title='bbox 2376 5056 2646 5111; x_wconf 90' lang='lat' dir='ltr'><strong>scribebat</strong></span> <span class='ocrx_word' id='word_1_819' title='bbox 2676 5058 2916 5129; x_wconf 77' lang='grc' dir='ltr'><strong>ἐπιτομήν</strong></span> <span class='ocrx_word' id='word_1_820' title='bbox 2936 5056 3268 5127; x_wconf 90' lang='lat' dir='ltr'><strong>dialogorum</strong></span> <span class='ocrx_word' id='word_1_821' title='bbox 3282 5053 3376 5111; x_wconf 91' lang='lat' dir='ltr'><strong>Ci-</strong></span> 
     </span>
    </p>
   </div>
   <div class='ocr_carea' id='block_1_108' title="bbox 1776 5146 3377 5219">
    <p class='ocr_par' dir='ltr' id='par_1_108' title="bbox 1776 5146 3377 5219">
     <span class='ocr_line' id='line_1_108' title="bbox 1776 5146 3377 5219; baseline 0 -17"><span class='ocrx_word' id='word_1_822' title='bbox 1776 5148 1991 5202; x_wconf 90' lang='lat' dir='ltr'><strong>ceronis</strong></span> <span class='ocrx_word' id='word_1_823' title='bbox 2025 5147 2077 5201; x_wconf 93' lang='lat' dir='ltr'><strong>in</strong></span> <span class='ocrx_word' id='word_1_824' title='bbox 2108 5146 2272 5201; x_wconf 92' lang='lat' dir='ltr'><strong>hocce</strong></span> <span class='ocrx_word' id='word_1_825' title='bbox 2311 5147 2449 5202; x_wconf 90' lang='lat' dir='ltr'><strong>libro</strong></span> <span class='ocrx_word' id='word_1_826' title='bbox 2481 5148 2740 5217; x_wconf 88' lang='lat' dir='ltr'><strong>reperiri?</strong></span> <span class='ocrx_word' id='word_1_827' title='bbox 2769 5149 2984 5202; x_wconf 85' lang='lat' dir='ltr'><strong>Minime</strong></span> <span class='ocrx_word' id='word_1_828' title='bbox 3010 5149 3227 5219; x_wconf 88' lang='lat' dir='ltr'><strong>quidem</strong></span> <span class='ocrx_word' id='word_1_829' title='bbox 3247 5190 3262 5214; x_wconf 91' lang='lat'><strong>,</strong></span> <span class='ocrx_word' id='word_1_830' title='bbox 3298 5147 3377 5202; x_wconf 91' lang='lat' dir='ltr'><strong>uti</strong></span> 
     </span>
    </p>
   </div>
   <div class='ocr_carea' id='block_1_109' title="bbox 1776 5239 3374 5312">
    <p class='ocr_par' dir='ltr' id='par_1_109' title="bbox 1776 5239 3374 5312">
     <span class='ocr_line' id='line_1_109' title="bbox 1776 5239 3374 5312; baseline 0 -18"><span class='ocrx_word' id='word_1_831' title='bbox 1776 5248 2054 5312; x_wconf 88' lang='lat' dir='ltr'><strong>putamus.</strong></span> <span class='ocrx_word' id='word_1_832' title='bbox 2104 5239 2358 5294; x_wconf 89' lang='lat' dir='ltr'><strong>Latinum</strong></span> <span class='ocrx_word' id='word_1_833' title='bbox 2404 5240 2681 5295; x_wconf 91' lang='lat' dir='ltr'><strong>enimvero</strong></span> <span class='ocrx_word' id='word_1_834' title='bbox 2731 5250 3000 5295; x_wconf 91' lang='lat' dir='ltr'><strong>oratorem</strong></span> <span class='ocrx_word' id='word_1_835' title='bbox 3051 5241 3103 5294; x_wconf 92' lang='lat' dir='ltr'><strong>in</strong></span> <span class='ocrx_word' id='word_1_836' title='bbox 3160 5240 3374 5310; x_wconf 89' lang='lat' dir='ltr'><strong>epilogo</strong></span> 
     </span>
    </p>
   </div>
   <div class='ocr_carea' id='block_1_110' title="bbox 1779 5332 3376 5404">
    <p class='ocr_par' dir='ltr' id='par_1_110' title="bbox 1779 5332 3376 5404">
     <span class='ocr_line' id='line_1_110' title="bbox 1779 5332 3376 5404; baseline 0.001 -17"><span class='ocrx_word' id='word_1_837' title='bbox 1779 5332 2059 5388; x_wconf 82' lang='lat' dir='ltr'><strong>dumtaxat</strong></span> <span class='ocrx_word' id='word_1_838' title='bbox 2088 5348 2147 5388; x_wconf 91' lang='lat' dir='ltr'><strong>se</strong></span> <span class='ocrx_word' id='word_1_839' title='bbox 2176 5332 2376 5388; x_wconf 91' lang='lat' dir='ltr'><strong>imitari</strong></span> <span class='ocrx_word' id='word_1_840' title='bbox 2406 5334 2691 5404; x_wconf 87' lang='lat' dir='ltr'><strong>signiﬁcat,</strong></span> <span class='ocrx_word' id='word_1_841' title='bbox 2724 5349 2820 5388; x_wconf 87' lang='lat' dir='ltr'><strong>nec</strong></span> <span class='ocrx_word' id='word_1_842' title='bbox 2835 5350 3020 5388; x_wconf 86' lang='lat' dir='ltr'><strong>eorum</strong></span> <span class='ocrx_word' id='word_1_843' title='bbox 3040 5349 3161 5403; x_wconf 72' lang='lat' dir='ltr'><strong>qum</strong></span> <span class='ocrx_word' id='word_1_844' title='bbox 3193 5332 3376 5388; x_wconf 86' lang='lat' dir='ltr'><strong>abillo</strong></span> 
     </span>
    </p>
   </div>
   <div class='ocr_carea' id='block_1_111' title="bbox 1778 5425 3373 5498">
    <p class='ocr_par' dir='ltr' id='par_1_111' title="bbox 1778 5425 3373 5498">
     <span class='ocr_line' id='line_1_111' title="bbox 1778 5425 3373 5498; baseline -0.003 -16"><span class='ocrx_word' id='word_1_845' title='bbox 1778 5426 1919 5482; x_wconf 91' lang='lat' dir='ltr'><strong>dicta</strong></span> <span class='ocrx_word' id='word_1_846' title='bbox 1945 5436 2090 5492; x_wconf 91' lang='lat' dir='ltr'><strong>sunt,</strong></span> <span class='ocrx_word' id='word_1_847' title='bbox 2124 5425 2248 5481; x_wconf 88' lang='lat' dir='ltr'><strong>fecit</strong></span> <span class='ocrx_word' id='word_1_848' title='bbox 2264 5425 2641 5498; x_wconf 90' lang='lat' dir='ltr'><strong>compendium</strong></span> <span class='ocrx_word' id='word_1_849' title='bbox 2669 5427 2831 5498; x_wconf 89' lang='lat' dir='ltr'><strong>:quin</strong></span> <span class='ocrx_word' id='word_1_850' title='bbox 2860 5427 3026 5482; x_wconf 92' lang='lat' dir='ltr'><strong>immo</strong></span> <span class='ocrx_word' id='word_1_851' title='bbox 3053 5425 3373 5481; x_wconf 87' lang='lat' dir='ltr'><strong>testimoniis</strong></span> 
     </span>
    </p>
   </div>
   <div class='ocr_carea' id='block_1_112' title="bbox 1778 5517 3374 5590">
    <p class='ocr_par' dir='ltr' id='par_1_112' title="bbox 1778 5517 3374 5590">
     <span class='ocr_line' id='line_1_112' title="bbox 1778 5517 3374 5590; baseline -0.001 -19"><span class='ocrx_word' id='word_1_852' title='bbox 1778 5518 1948 5572; x_wconf 89' lang='lat' dir='ltr'><strong>utitur</strong></span> <span class='ocrx_word' id='word_1_853' title='bbox 1974 5519 2042 5574; x_wconf 88' lang='lat' dir='ltr'><strong>ab</strong></span> <span class='ocrx_word' id='word_1_854' title='bbox 2068 5519 2134 5573; x_wconf 92' lang='lat' dir='ltr'><strong>iis</strong></span> <span class='ocrx_word' id='word_1_855' title='bbox 2154 5560 2168 5584; x_wconf 90' lang='lat'><strong>,</strong></span> <span class='ocrx_word' id='word_1_856' title='bbox 2196 5533 2318 5589; x_wconf 69' lang='lat' dir='ltr'><strong>quae</strong></span> <span class='ocrx_word' id='word_1_857' title='bbox 2345 5517 2536 5574; x_wconf 84' lang='lat' dir='ltr'><strong>Cicero</strong></span> <span class='ocrx_word' id='word_1_858' title='bbox 2573 5518 2825 5586; x_wconf 88' lang='lat' dir='ltr'><strong>adhibet,</strong></span> <span class='ocrx_word' id='word_1_859' title='bbox 2867 5517 3025 5590; x_wconf 87' lang='lat' dir='ltr'><strong>plane</strong></span> <span class='ocrx_word' id='word_1_860' title='bbox 3054 5517 3374 5588; x_wconf 89' lang='lat' dir='ltr'><strong>penitusque</strong></span> 
     </span>
    </p>
   </div>
   <div class='ocr_carea' id='block_1_113' title="bbox 1780 5605 3373 5683">
    <p class='ocr_par' dir='ltr' id='par_1_113' title="bbox 1780 5605 3373 5683">
     <span class='ocr_line' id='line_1_113' title="bbox 1780 5605 3373 5683; baseline -0.003 -18"><span class='ocrx_word' id='word_1_861' title='bbox 1780 5608 2030 5666; x_wconf 83' lang='lat' dir='ltr'><strong>diversis.</strong></span> <span class='ocrx_word' id='word_1_862' title='bbox 2055 5611 2172 5668; x_wconf 80' lang='lat' dir='ltr'><strong>Vox</strong></span> <span class='ocrx_word' id='word_1_863' title='bbox 2200 5613 2382 5681; x_wconf 90' lang='lat' dir='ltr'><strong>itaque</strong></span> <span class='ocrx_word' id='word_1_864' title='bbox 2408 5613 2620 5683; x_wconf 79' lang='grc' dir='ltr'><strong>ἐπιτομή</strong></span> <span class='ocrx_word' id='word_1_865' title='bbox 2647 5611 2715 5666; x_wconf 91' lang='lat' dir='ltr'><strong>ab</strong></span> <span class='ocrx_word' id='word_1_866' title='bbox 2744 5611 3073 5682; x_wconf 86' lang='lat' dir='ltr'><strong>Hieronymo</strong></span> <span class='ocrx_word' id='word_1_867' title='bbox 3119 5625 3184 5665; x_wconf 92' lang='lat' dir='ltr'><strong>eo</strong></span> <span class='ocrx_word' id='word_1_868' title='bbox 3203 5651 3218 5676; x_wconf 93' lang='lat'><strong>,</strong></span> <span class='ocrx_word' id='word_1_869' title='bbox 3269 5605 3373 5662; x_wconf 92' lang='lat' dir='ltr'><strong>nisi</strong></span> 
     </span>
    </p>
   </div>
   <div class='ocr_carea' id='block_1_114' title="bbox 1779 5702 3370 5794">
    <p class='ocr_par' dir='ltr' id='par_1_114' title="bbox 1779 5702 3370 5794">
     <span class='ocr_line' id='line_1_114' title="bbox 1779 5702 3370 5794; baseline -0.001 -38"><span class='ocrx_word' id='word_1_870' title='bbox 1779 5702 2036 5765; x_wconf 83' lang='lat' dir='ltr'><strong>fallimur.</strong></span> <span class='ocrx_word' id='word_1_871' title='bbox 2064 5722 2222 5761; x_wconf 89' lang='lat' dir='ltr'><strong>sensu</strong></span> <span class='ocrx_word' id='word_1_872' title='bbox 2253 5715 2576 5777; x_wconf 66' lang='lat' dir='ltr'><strong>usurpatur,</strong></span> <span class='ocrx_word' id='word_1_873' title='bbox 2616 5719 2724 5794; x_wconf 79' lang='lat' dir='ltr'><strong>quo</strong></span> <span class='ocrx_word' id='word_1_874' title='bbox 2751 5719 2780 5759; x_wconf 91' lang='lat' dir='ltr'><strong>a</strong></span> <span class='ocrx_word' id='word_1_875' title='bbox 2813 5705 2969 5787; x_wconf 84' lang='lat' dir='ltr'><strong>nobis</strong></span> <span class='ocrx_word' id='word_1_876' title='bbox 2995 5702 3243 5782; x_wconf 82' lang='lat' dir='ltr'><strong>superius</strong></span> <span class='ocrx_word' id='word_1_877' title='bbox 3272 5715 3370 5756; x_wconf 80' lang='lat' dir='ltr'><strong>ex-</strong></span> 
     </span>
    </p>
   </div>
   <div class='ocr_carea' id='block_1_115' title="bbox 1777 5789 3080 5864">
    <p class='ocr_par' dir='ltr' id='par_1_115' title="bbox 1777 5789 3080 5864">
     <span class='ocr_line' id='line_1_115' title="bbox 1777 5789 3080 5864; baseline 0.002 -15"><span class='ocrx_word' id='word_1_878' title='bbox 1777 5795 1967 5864; x_wconf 85' lang='lat' dir='ltr'><strong>plicata</strong></span> <span class='ocrx_word' id='word_1_879' title='bbox 1994 5807 2094 5852; x_wconf 91' lang='lat' dir='ltr'><strong>est.</strong></span> <span class='ocrx_word' id='word_1_880' title='bbox 2646 5789 2651 5794; x_wconf 75' lang='grc'><em>’</em></span> <span class='ocrx_word' id='word_1_881' title='bbox 3075 5789 3080 5799; x_wconf 42' lang='grc' dir='ltr'><strong>λ</strong></span> 
     </span>
    </p>
   </div>
  </div>
