3828 6262
458 321 566 382 i255

1068 438 1298 499 CAPUT
1334 440 1423 497 ill.

461 574 661 642 Quibus
688 575 990 632 Laclantius
1012 575 1296 641 rationibus
1325 576 1395 632 ad
1421 577 1556 632 hunc
1573 576 1759 635 librum
1782 576 2055 651 conﬁcien-

483 651 487 656 ’
529 669 652 725 dum
665 668 917 727 adductus
938 669 1023 735 sit,
1051 678 1098 729 et
1118 669 1231 741 quis
1255 669 1507 734 Donatus,
1533 671 1613 723 cui
1628 685 1743 723 eum
1758 676 2056 741 nuncupat:

528 764 589 818 de
618 763 770 834 hujus
796 761 912 827 libri
939 762 993 815 in
1020 764 1193 831 capita
1220 762 1496 829 diuisione,
1546 771 1594 817 et
1640 763 1866 835 capitum
1891 777 2052 834 argu-

527 858 729 923 mentis,
757 854 821 910 de
843 854 1102 910 codicibus
1129 856 1491 928 manuscriptis
1518 862 1566 910 et
1596 854 1767 921 editis,
1796 870 1856 908 ac
1884 853 2055 909 vario-

528 965 644 1003 rum
665 947 720 1004 in
745 963 864 1003 cum
890 947 1346 1005 observationibus.
1396 934 1403 939 ’

527 1084 805 1156 Ριυωοίρυα
831 1085 969 1143 ratio
988 1126 1004 1151 ,
1037 1100 1158 1155 quae
1196 1084 1539 1146 Lactantium
1570 1085 1637 1147 ad
1669 1085 1815 1143 buuc
1856 1086 2053 1144 librum

446 1175 788 1235 exarandum
834 1176 1067 1247 impulit,
1100 1177 1216 1236 haec
1240 1191 1363 1233 esse
1403 1176 1653 1242 videtur,
1701 1177 1843 1247 quod
1885 1177 1973 1233 ille
1998 1177 2054 1233 in

452 1268 743 1327 asserenda
777 1269 873 1325 Dei
904 1270 1005 1337 ira,
1033 1285 1196 1340 quam
1222 1284 1249 1322 a
1290 1269 1534 1340 plurimis
1562 1272 1744 1340 negari
1771 1285 2055 1340 compere-

453 1372 561 1429 rat,
591 1375 809 1417 omnem
838 1361 1113 1431 religionis
1137 1361 1461 1432 pietatisque
1485 1376 1773 1425 summam,
1799 1377 1862 1418 ac
1877 1362 2054 1419 cardi-

454 1468 580 1509 nem
605 1453 811 1509 versari
828 1452 1212 1515 arbitrabatur.
1237 1453 1314 1509 Ea
1330 1454 1532 1525 quippe
1548 1454 1781 1521 sublata,
1808 1454 2049 1525 putabat,

454 1553 515 1601 ut
543 1544 702 1614 paulo
729 1553 856 1601 ante
881 1534 1225 1610 dicebamus,
1267 1560 1449 1601 veram
1491 1560 1705 1616 quoque
1730 1546 2052 1616 religionem

454 1635 695 1694 funditus
727 1637 871 1703 tolli,
902 1636 1075 1697 deleri
1112 1645 1167 1694 et
1193 1637 1451 1707 extingui.
1474 1637 1611 1693 Cum
1639 1639 1818 1709 itaque
1844 1638 2052 1696 videret

456 1729 595 1787 itane
627 1729 719 1786 Dei
755 1730 887 1786 iram
916 1746 947 1786 a
983 1730 1222 1800 pluribus
1270 1747 1376 1808 non
1411 1730 1577 1792 inﬁmi
1607 1731 1842 1792 nominis
1879 1731 2052 1788 homi-

450 1824 631 1889 nibus,
660 1832 715 1879 et
750 1839 780 1878 a
809 1824 1175 1881 celeberrimis
1207 1824 1542 1895 philosophis
1574 1826 1777 1896 negari,
1812 1826 1911 1883 hos
1933 1842 2050 1883 om—
2078 1842 2127 1904 Β

450 1930 551 1971 nes
592 1914 731 1971 libro
776 1916 992 1987 publico
1028 1916 1357 1973 refellendos
1386 1933 1508 1973 esse
1536 1918 1766 1975 censuit.
1813 1918 2051 1976 Noverat

451 2008 597 2073 enim
626 2007 869 2074 Stoicos,
912 2023 1140 2078 quorum
1179 2009 1410 2066 maxima
1446 2008 1687 2079 profecto
1714 2019 1832 2065 erat
1866 2020 2053 2069 aucto-

452 2099 616 2162 ritas,
650 2098 824 2169 palam
845 2099 1144 2154 asseruisse
1171 2100 1335 2155 Deum
1359 2102 1525 2170 gratia
1554 2101 1793 2172 quidem,
1823 2102 1918 2159 sed
1951 2118 2049 2159 ue-

427 2207 718 2263 .quaquam
752 2192 829 2247 ira
855 2192 1083 2247 moveri.
1115 2191 1228 2249 Nec
1254 2192 1430 2251 minus
1454 2194 1788 2267 exploratum
1814 2195 2048 2251 habebat

450 2283 753 2354 divulgatos
781 2283 945 2341 fuiSse
979 2284 1034 2347 in
1062 2283 1388 2354 favorabilis,
1420 2285 1496 2341 uti
1517 2286 1632 2355 ipse
1663 2286 1917 2359 loquitur,
1951 2286 2052 2344 hu-

444 2377 534 2448 jus
565 2375 833 2447 opinionis
861 2376 1229 2437 defensionem
1261 2395 1289 2431 a
1312 2378 1516 2436 Seneca
1545 2380 1734 2447 libros,
1759 2380 1952 2451 quibus
1981 2380 2052 2437 ob

448 2470 713 2535 doctrinae
731 2481 784 2528 et
809 2473 1079 2542 tequitatis
1105 2472 1325 2541 famam,
1350 2475 1529 2547 plures
1557 2475 1608 2531 in
1628 2490 1867 2532 errorem
1893 2490 2051 2544 posse

449 2562 629 2629 induci
660 2564 998 2635 opinabatur.
1017 2564 1179 2623 Certo
1199 2566 1434 2639 denique
1455 2570 1656 2627 certius
1680 2577 1904 2627 noverat
1931 2582 2053 2639 pes-

449 2659 643 2717 simam
670 2667 987 2723 caaterorum
1015 2659 1253 2723 omnium
1276 2676 1397 2717 esse
1421 2662 1728 2734 Opinionem
1753 2662 2051 2739 Epicureo-

449 2765 590 2816 rum,
623 2750 713 2821 qui
739 2750 1244 2820 iactitabantDeum
1267 2769 1367 2810 nec
1398 2755 1476 2817 ira
1505 2756 1753 2819 excitari,
1780 2771 1881 2823 nec
1906 2756 2052 2831 tangi

444 2843 639 2913 gratia.
673 2842 752 2905 Ne
800 2845 921 2915 quis
962 2860 1093 2917 ergo
1139 2847 1373 2905 maxima
1429 2849 1619 2907 horum
1664 2848 1943 2920 impietate
1987 2865 2053 2917 ac

447 2935 582 3003 falsa
604 2936 804 3015 pietate
828 2937 1129 3001 Stoicorum
1147 2940 1376 3011 amplius
1392 2940 1755 3019 deciperetur,
1774 2941 1837 2997 ad
1870 2950 2049 3003 utros-

445 3042 552 3098 que
580 3027 958 3093 confulandcs,
1005 3038 1060 3085 et
1086 3044 1244 3100 quam
1270 3047 1455 3087 veram
1492 3033 1713 3102 putabat
1755 3036 1824 3093 de
1854 3035 1930 3091 ira
1956 3033 2051 3091 Dei

446 3119 770 3175 sententiam
802 3118 1183 3193 stabiliendum
1214 3120 1355 3176 hunc
1398 3123 1592 3178 librum
1622 3124 1808 3181 edidit.
1865 3124 2051 3195 Neque

1282 320 1625 383 'DiSSERT.
1663 321 1722 383 Β.
1764 320 1858 379 LE
1895 319 2179 381 NOURRY
2219 319 2285 377 ΙΝ
2317 320 2444 379 LIB.
2482 320 2571 379 DE
2613 320 2733 381 IRA
2766 321 2902 379 DEI.
3646 322 3724 379 156

2074 440 2127 503 Α
2151 439 2458 510 Scriptores
2475 438 2721 498 arbitrati
2746 447 2874 501 sunt
2892 438 3035 498 hunc
3050 438 3320 499 Donatum
3336 439 3586 499 eumdem
3599 454 3719 508 esse,

2159 533 2250 606 cui
2291 533 2604 606 Lactantius
2645 532 2813 606 alium
2841 532 2911 590 de
2936 533 3200 592 Mortibus
3240 541 3642 606 persecuturum
3675 534 3724 606 li-

2159 605 2314 669 brum
2346 604 2448 661 hoc
2479 604 2651 671 titulo,
2679 603 2748 661 ad
2779 604 3037 671 Donatum
3075 603 3451 679 confessorem,
3494 614 3641 668 antea
3665 605 3726 660 di-

2158 705 2392 753 rexerat.
2425 697 2495 751 At
2521 695 2814 771 optandum
2843 705 2991 757 certe
3032 695 3192 767 foret,
3226 705 3284 761 ut
3309 696 3509 761 eruditi
3541 697 3615 761 illi
3641 697 3720 751 viri

2159 788 2445 859 quamdam
2475 789 2604 849 satis
2651 789 2884 853 validam
2919 789 3189 861 opinionis
3216 805 3329 853 suae
3375 790 3635 846 rationem
3661 796 3723 844 at~
3804 814 3805 833 ι

2160 882 2426 943 tulissent.
2457 880 2575 936 Non
2602 882 2745 938 enim
2775 881 2877 941 alia
2908 883 3175 955 nituntur,
3207 898 3367 955 quam
3407 882 3637 941 nominis
3661 885 3719 940 si.

2159 973 2484 1041 militudine,
2505 990 2608 1047 qua
2623 974 2838 1045 quidem
2852 975 3215 1045 Lactantium,
3231 976 3389 1039 sicuti
3407 992 3722 1051 summopere

2157 1067 2466 1137 cupiebant,
2493 1066 2651 1143 hujus
2674 1067 2797 1123 libri
2824 1077 3098 1133 auctorem
3117 1083 3239 1129 esse
3254 1068 3450 1133 confici
3471 1084 3623 1140 posse
3646 1085 3721 1141 pu-

2159 1166 2426 1214 taverunt.
2476 1157 2582 1214 Sed
2633 1160 2847 1215 solitam
2900 1176 3091 1216 eorum
3146 1162 3607 1231 perSpicacitatem
3655 1162 3723 1218 hic

2159 1253 2318 1324 plane
2337 1252 2727 1309 desideramus.
2749 1254 2977 1313 Maxima
2996 1255 3260 1327 siquidem
3275 1266 3359 1310 est
3377 1257 3518 1311 inter
3540 1266 3725 1311 utrum-

2157 1362 2261 1416 que
2292 1347 2441 1401 iilum
2467 1347 2727 1402 Donatum
2752 1347 3072 1404 differentia.
3098 1347 3147 1404 Is
3174 1350 3394 1421 quippe,
3413 1349 3501 1405 cui
3526 1350 3652 1406 liber
3668 1352 3723 1408 de

2156 1438 2418 1494 Mortibus
2463 1447 2869 1510 persecutorum
2899 1440 3183 1496 dedicatur
3205 1483 3221 1509 ,
3251 1441 3460 1509 altero,
3508 1442 3582 1497 uti
3623 1441 3728 1497 alibi

2156 1526 2514 1601 ostendimus,
2557 1544 2716 1592 mtate
2761 1537 3070 1609 antiquior,
3121 1537 3508 1595 celeberrimus
3552 1549 3729 1612 martyr

2154 1625 2275 1695 fuit,
2308 1626 2375 1682 de
2411 1643 2519 1697 quo
2561 1629 2820 1699 scriptum
2848 1629 2918 1685 ab
2942 1629 3186 1700 ejusdem
3214 1630 3337 1687 libri
3364 1640 3585 1688 auctore
3612 1633 3725 1703 legi-

2154 1732 2277 1781 mus
2305 1736 2350 1774 ιι
2375 1717 2572 1777 Novies
2602 1723 2885 1787 tormentis
2909 1722 3340 1794 cruciatibusque
3361 1725 3524 1787 variis
3548 1725 3731 1795 subjec-

2156 1818 2264 1874 tus,
2288 1810 2474 1879 novies
2496 1809 2865 1877 adversarium
2896 1814 3131 1886 gloriosa
3157 1816 3504 1874 confessione
3518 1818 3723 1873 vicisti.»

2154 1903 2306 1963 Alter
2332 1917 2461 1963 vero
2492 1904 2729 1967 Donatus
2750 1905 2837 1965 cui
2864 1905 3002 1965 liber
3029 1906 3097 1965 de
3123 1907 3206 1963 ira
3235 1907 3330 1963 Dei
3367 1919 3693 1981 nuncupatur
3713 1950 3727 1977 ,
3749 1922 3765 1934 '

2156 2004 2278 2069 tyro
2304 1996 2482 2063 adhuc
2510 2006 2648 2065 erat,
2678 1997 2910 2059 necdum
2937 1999 3068 2059 satis
3098 2000 3151 2055 in
3177 1999 3468 2059 christiana
3509 2001 3731 2058 doctrina
3804 1990 3805 1995 “

2153 2089 2495 2155 escrcitatut,
2520 2089 2588 2145 de
2614 2104 2719 2158 quo
2749 2089 3081 2156 Lactantius,
3109 2091 3267 2147 sicuti
3288 2106 3352 2149 ex
3382 2093 3560 2151 citatis
3586 2093 3725 2164 paulo

2152 2194 2279 2241 ante
2307 2180 2425 2252 ejus
2456 2182 2646 2239 verbis
2677 2183 2937 2250 vidimus,
2971 2184 3192 2241 timebat
3233 2199 3305 2240 ne
3332 2184 3483 2242 l'aisis
3508 2186 3731 2257 philoso-

2155 2276 2385 2346 pborum
2423 2277 2492 2335 de
2517 2279 2597 2343 ira
2625 2278 2720 2341 Dei
2758 2279 3102 2349 opinionibus
3132 2280 3468 2339 imbueretur
3491 2292 3545 2338 ct
3577 2282 3731 2337 ludiﬁc

2154 2382 2387 2433 caretur.
2419 2372 2689 2441 Quantum
2735 2384 2916 2435 autem
2943 2373 3090 2444 prior
3131 2373 3370 2437 Donatus
3413 2374 3733 2433 nobilissimo

2156 2466 2397 2537 martyrii
2445 2466 2717 2536 triumpho
2765 2467 2997 2524 celebris
3046 2466 3180 2532 fuit,
3227 2474 3434 2523 tantum
3485 2468 3733 2539 posterior

2154 2562 2361 2619 cunctis
2398 2562 2705 2632 iiioognitus
2755 2571 2858 2617 est.
2886 2561 3027 2617 Nihil
3056 2562 3201 2618 enim
3239 2562 3383 2619 aliud
3413 2562 3484 2618 de
3509 2578 3575 2619 eo
3598 2576 3730 2618 com-

2158 2666 2370 2725 pertum
2402 2657 2662 2713 habemus
2683 2698 2698 2719 .
2746 2656 2848 2724 ipsi
2873 2656 3014 2727 quod
3043 2672 3109 2712 ex
3141 2656 3405 2713 Lactantii
3431 2656 3590 2712 dictis
3616 2655 3735 2713 didi-

2152 2748 2355 2813 cimus,
2382 2747 2532 2807 illunt
2569 2747 2675 2807 nisi
2704 2747 2939 2805 amicitia
2964 2747 3462 2818 conjunctissimum
3495 2762 3560 2804 ac
3587 2746 3734 2803 disci-

2156 2840 2335 2910 pulum
2362 2839 2480 2909 eius
2502 2839 2688 2897 fuisse.
2717 2838 2878 2895 Plura
2903 2839 3171 2910 siquidem
3189 2838 3259 2894 de
3285 2838 3377 2895 illo
3393 2838 3627 2897 certiora
3647 2850 3734 2892 no-

2155 2931 2239 2988 bis
2266 2947 2371 2989 non
2401 2940 2715 3003 suppetunt,
2747 2932 3023 3003 satiusque
3050 2931 3300 2987 duximus
3323 2931 3375 2989 in
3403 2931 3488 2986 Itis
3522 2939 3734 2993 tantum,

2152 3042 2271 3096 qua!
2300 3036 2446 3081 certa
2488 3034 2634 3092 sunt,
2663 3026 2997 3092 consistere,
3043 3039 3204 3095 quam
3235 3023 3386 3095 plura
3432 3021 3737 3094 inquirendo

2153 3121 2304 3176 vanis
2334 3119 2611 3189 indulgere
2630 3120 2973 3188 conjecturis.
3452 3099 3467 3109 ’

448 3211 500 3266 id
532 3211 621 3266 ille
650 3211 897 3281 profecto
919 3210 1241 3268 dissimulat.
1267 3211 1403 3268 Nam
1433 3214 1554 3271 libri
1578 3216 1731 3272 initio
1758 3218 2044 3285 Donatum,
2074 3243 2119 3307 ρ
2225 3213 2293 3267 At
2319 3222 2467 3268 certe
2490 3219 2705 3269 emetat
2731 3210 2876 3267 hunc
2904 3210 2973 3267 de
3004 3208 3085 3265 Ira
3241 3209 3440 3265 iibrum
3465 3223 3496 3264 a
3526 3207 3739 3307 Lactan-

336 3374 339 3375 ν
445 3311 610 3372 atque
635 3302 753 3372 ejus
789 3302 1039 3369 nomine,
1081 3304 1216 3360 alios
1246 3320 1435 3361 omnes
1465 3304 1549 3374 bis
1595 3306 1789 3363 aliatur
1821 3308 1999 3363 verbis
2027 3327 2040 3362 ε

453 3412 473 3447 ι
511 3393 749 3472 Quorum
776 3408 981 3463 errore,
1002 3396 1090 3465 qui
1112 3396 1379 3452 maximus
1397 3404 1499 3464 est,
1529 3407 1583 3454 et
1607 3398 1673 3454 ad
1692 3400 2043 3458 evertendum

446 3487 572 3540 vitm
603 3485 853 3541 humanae
878 3495 1076 3542 statmn
1108 3498 1336 3558 spectat,
1364 3492 1740 3563 coarguendus
1772 3503 1857 3548 est
1885 3508 1914 3547 a
1946 3508 2046 3549 no-

446 3579 566 3646 bis;
601 3595 669 3650 ne
692 3589 748 3636 et
783 3581 898 3651 ipse
945 3580 1184 3645 fallaris,
1232 3584 1496 3652 impulsus
1524 3586 1842 3642 auctoritate
1870 3585 2048 3641 homi-

447 3689 599 3739 num,
629 3675 719 3746 qui
748 3690 807 3729 se
837 3683 1027 3746 putant
1055 3676 1343 3747 sapientes.
1381 3697 1401 3731 ι
1446 3678 1655 3734 Rursus
1683 3695 1811 3734 vero
1838 3681 1891 3734 in
1923 3679 2047 3735 libri

445 3769 696 3840 epilogo:
727 3786 746 3821 ι
783 3768 909 3823 lianc
941 3767 1123 3830 habui.
1155 3771 1244 3838 qui
1269 3769 1336 3824 de
1366 3767 1443 3824 ira
1475 3770 1565 3825 Dei
1604 3771 1839 3855 dicerem
1868 3812 1882 3836 ,
1936 3771 2046 3827 Do-

447 3870 572 3915 nate
597 3858 950 3925 charissime;
984 3867 1042 3912 ut
1071 3861 1262 3926 scires,
1283 3862 1739 3930 quemadmodum
1764 3862 2046 3919 refelleres

445 3965 563 4015 eos,
593 3952 683 4020 qui
718 3950 884 4006 Deum
914 3951 1121 4006 faciunt
1151 3952 1503 4009 immobiiem.
1538 3973 1557 4007 ι
1590 3954 1664 4009 lbi
1695 3969 1830 4011 vero
1852 3958 2047 4026 praeci-

448 4061 556 4116 pue
586 4044 836 4113 designat
862 4044 1176 4114 Epicureos,
1195 4047 1285 4117 qui
1312 4061 1433 4101 cum
1456 4057 1617 4103 sectro
1644 4062 1755 4103 sum
1783 4050 2047 4120 principe,

450 4146 508 4193 ut
533 4137 759 4205 ipsemet
792 4135 1100 4191 Lactantius
1128 4138 1236 4204 ait,
1285 4138 1553 4194 docebant
1581 4139 1747 4195 Deum
1780 4140 1900 4196 ideo
1927 4156 2048 4197 esse

452 4228 826 4296 incorruptum
854 4236 910 4283 et
931 4228 1169 4293 beatum;
1193 4230 1317 4299 quia
1346 4245 1560 4300 semper
1587 4231 1801 4303 quietus
1814 4242 1918 4301 est,
1947 4247 2047 4290 nec

451 4320 659 4377 idcirco
679 4334 914 4389 unquam
943 4322 1208 4378 irascitur.

527 4413 796 4469 Donatum
821 4424 1037 4481 autem,
1066 4416 1225 4472 sicuti
1269 4431 1395 4472 mox
1432 4417 1717 4486 audivisti,
1761 4418 2049 4490 compellat

454 4505 610 4560 initio
650 4512 706 4560 et
734 4505 840 4561 line
862 4503 1023 4575 hujus
1050 4507 1193 4575 libri,
1220 4523 1379 4579 quem
1419 4510 1518 4581 ipsi
1544 4510 1742 4567 direxit
1764 4520 1818 4567 et
1844 4527 2051 4572 nuncu-

455 4598 620 4696 pavit.
648 4597 783 4696 Quis
815 4609 1003 4696 autem
1034 4600 1124 4696 ille
1169 4601 1259 4664 sit,
1289 4602 1433 4657 dictu
1468 4619 1599 4659 sane
1643 4603 2043 4660 difﬁcillimum.
2073 4633 2129 4696 Β

455 4692 708 4749 Nonnulli
734 4693 952 4765 quidem
970 4694 1310 4765 suspicantur
1328 4705 1422 4752 aut
1445 4713 1566 4752 eum
1590 4697 1775 4762 fuisse,
1808 4702 1897 4770 qui
1927 4713 2050 4755 sec-

462 4793 530 4840 tae
552 4784 949 4840 Donatistarum
964 4801 1158 4856 parens
1175 4796 1230 4842 et
1249 4796 1438 4844 auctor
1465 4788 1581 4855 fuit,
1603 4799 1696 4846 aut
1722 4789 1921 4848 Etiam
1944 4792 2051 4849 Do-

457 4885 666 4942 natum,
690 4874 1002 4949 Hieronymi
1022 4888 1429 4949 pmceptorem.
1459 4880 1567 4937 Sed
1596 4881 1714 4937 btec
1735 4883 1903 4953 gratis
1927 4884 2050 4939 nul-

459 4970 621 5041 laque
648 4969 773 5027 data
799 4981 892 5026 aut
910 4972 1137 5041 ratione,
1160 4975 1575 5044 auteoniectura
1600 4988 1734 5031 vero
1759 4975 1950 5039 saitem
1977 4977 2050 5032 si-

456 5062 591 5129 mili,
625 5062 920 5134 ﬁnguntur.

526 5153 754 5222 Quidam
798 5170 932 5214 vero
972 5158 1115 5215 haud
1145 5157 1411 5230 ignobiles
1447 5170 1597 5215 certe
1644 5167 1844 5215 nostra:
1871 5160 2048 5225 astatis

2155 3306 2246 3369 tio,
2264 3305 2718 3377 quemadmodum
2735 3306 3064 3375 superiores,
3082 3303 3340 3373 scriptum
3359 3304 3524 3358 fuisse
3544 3303 3740 3371 absque

2151 3398 2262 3453 ulla
2306 3399 2358 3452 in
2389 3399 2563 3469 cupita
2590 3398 2987 3454 distributione.
3025 3397 3319 3452 Enimvero
3347 3410 3455 3451 non
3482 3395 3735 3466 antiquis-

2149 3490 2274 3546 simi
2304 3499 2510 3546 tantum
2553 3491 2905 3560 manuscripti
2946 3489 3162 3546 codices
3210 3488 3264 3544 id
3306 3487 3739 3553 modestissime

2151 3583 2412 3651 primum,
2435 3598 2621 3638 verum
2648 3582 2812 3638 etiam
2846 3581 3001 3637 editi.
3046 3580 3259 3638 Scimus
3307 3579 3531 3649 quidem
3557 3580 3612 3633 in
3644 3577 3742 3633 Ro—

2149 3688 2309 3728 mana
2337 3673 2593 3737 editione,
2637 3682 2692 3727 et
2734 3674 2837 3727 alia
2860 3687 2979 3743 quae
3004 3672 3194 3727 eadem
3241 3671 3299 3726 in
3343 3669 3482 3726 urbe
3507 3670 3575 3725 ab
3619 3669 3741 3725 Isaeo

2149 3765 2407 3821 adornata
2458 3773 2572 3828 est,
2605 3764 2788 3835 viginti
2833 3774 3062 3835 quatuor
3108 3762 3286 3833 capita
3322 3761 3571 3821 exhiberi
3608 3779 3622 3815 :
3656 3756 3743 3815 sed

2149 3857 2271 3912 aliae
2309 3857 2492 3928 viginti
2538 3858 2638 3912 tria
2684 3868 2889 3913 tantum
2933 3856 3231 3913 continent.
3265 3853 3336 3911 At
3371 3856 3580 3912 variam
3610 3854 3744 3908 banc

2148 3950 2469 4007 divisionem
2489 3966 2519 4005 a
2546 3949 2826 4005 Lactantio
2851 3949 3148 4019 proiectam
3175 3963 3283 4005 non
3313 3963 3440 4005 esse
3456 3950 3579 4019 quis
3604 3946 3743 4003 diffi-

2152 4042 2391 4098 tebitur?
2423 4042 2480 4099 Si
2507 4058 2640 4114 ergo
2669 4043 2757 4098 hic
2787 4043 2922 4098 liber
2949 4042 3019 4097 ab
3045 4056 3111 4098 eo
3138 4041 3285 4097 nulla
3315 4040 3371 4097 in
3392 4042 3570 4111 capita
3598 4040 3742 4096 divi—

2150 4150 2241 4190 sus
2264 4136 2381 4201 fuit,
2408 4137 2579 4191 multo
2597 4137 2775 4192 minus
2795 4137 3031 4207 capitum
3059 4144 3396 4206 argmuenta,
3413 4151 3535 4203 quin
3552 4135 3611 4190 in
3630 4132 3748 4190 edi-

2114 4264 2126 4278 .
2150 4227 2221 4282 tis
2243 4242 2455 4297 quoque
2484 4239 2609 4285 sunt
2632 4222 2870 4294 diversa,
2905 4228 2977 4282 ab
2999 4228 3114 4298 ipso
3147 4226 3487 4298 prodierunt.
3518 4226 3656 4282 Cum
3678 4240 3752 4282 er

2147 4333 2218 4390 go
2233 4319 2533 4375 hanccsnuia
2550 4319 2935 4390 posterioribus
2957 4320 3284 4392 temporibus
3295 4320 3496 4385 addita,
3511 4319 3754 4393 ntalequc

2148 4417 2444 4483 composita
2464 4417 2593 4479 sint,
2620 4414 2704 4470 ias
2719 4414 3006 4486 unicuique
3031 4425 3115 4471 est
3139 4413 3234 4471 illa
3257 4414 3314 4470 in
3342 4414 3635 4471 meliorem
3658 4428 3748 4468 or-

2150 4506 2332 4563 dinem
2363 4508 2608 4580 redigere
2638 4507 2734 4582 (η)-

2229 4728 2300 4815 (λ)
2328 4727 2461 4785 Cum
2491 4729 2560 4815 de
2585 4728 2836 4815 omnibus
2862 4736 2920 4815 et
2948 4729 3174 4815 singulis
3203 4727 3759 4815 Lactantiioperibus

2156 4800 2414 4872 plurimas
2454 4810 2510 4857 et
2537 4803 2819 4872 perlongas
2843 4801 3257 4856 dissertationes
3284 4800 3516 4856 ediderit
3544 4801 3758 4854 doctis-

2156 4871 2324 4928 simus
2372 4873 2422 4927 le
2467 4873 2699 4945 Nourry,
2736 4871 2933 4945 quibus
2976 4874 3109 4928 solis
3139 4873 3297 4927 facile
3320 4887 3489 4933 unum
3520 4871 3761 4945 volumi-

2156 4960 2283 5003 num
2329 4942 3071 5013 nostrorum'compleretur,
3099 4944 3229 4999 satis
3281 4958 3546 5013 superque
3590 4942 3762 4999 intel—

2106 5065 2111 5070 .
2157 5006 2483 5097 liget‘lc‘ctrir
2527 5004 2818 5097 benevolus
2846 5004 3410 5097 quanta-necessitate
3434 5004 3633 5097 coacti,
3675 5014 3765 5097 liic

2156 5074 2227 5143 ef
2238 5087 2362 5143 alibi
2396 5086 2584 5142 harum
2610 5074 3055 5143 'dissertationum
3093 5101 3199 5143 non
3238 5086 3344 5142 nisi
3385 5074 3643 5156 excerpta
3680 5096 3766 5157 ty-

2146 5160 2236 5228 pis
2263 5157 2715 5217 mandaverimus.
2744 5158 2878 5214 Enn.
