3912 6256
240 403 391 463 187
1075 412 1485 484 ΠΙΞΟΗΙΞΙΤΙΟ
1521 418 1608 474 DE
1648 416 1785 476 AUC

2061 420 2148 478 DE
2186 422 2397 484 MORT.
2438 427 2821 489 PERSECUT.
3495 444 3599 503 {58

1032 715 2872 918 PROLEGOMENA

629 1073 750 1144 IN
816 1070 1278 1146 LIBRUM
1350 1068 1500 1142 DE
1558 1067 2169 1143 MORTIBUS
2227 1067 3254 1161 PERSECUTOBUM.

1495 1357 1934 1451 LENGLETII
1973 1356 2376 1422 MONITUM.

352 1510 637 1567 Aureolns
683 1510 785 1567 iste
811 1508 949 1565 liber
979 1509 1050 1564 ita
1078 1508 1380 1577 confectus,
1409 1518 1517 1565 tam
1546 1508 1756 1565 sincere
1776 1503 1890 1562 ela-
1915 1509 1971 1573 Α
1993 1500 2166 1570 Lucii,
2206 1503 2288 1560 vel
2318 1506 2499 1576 potius
2529 1508 2678 1581 Lycii
2708 1508 2911 1566 Ctecilii
2937 1510 3104 1582 ignoti
3149 1514 3452 1587 scriptoris.
3486 1520 3593 1579 Ve-

256 1606 515 1675 boratus
545 1615 629 1671 est,
656 1648 671 1671 ,
728 1613 786 1660 ut
836 1619 942 1660 non
976 1604 1474 1675 solumexpressos
1518 1602 1699 1658 videas
1729 1601 1784 1656 in

2046 1609 2112 1648 tm
2144 1608 2363 1663 paucos,
2398 1597 2449 1652 id
2479 1609 2582 1668 est,
2632 1611 2743 1657 tres
2771 1611 2860 1657 aut
2886 1613 3117 1673 quatuor
3152 1605 3205 1661 in
3230 1622 3383 1664 suam
3413 1611 3591 1668 Ναυτ-

265 1698 600 1768 singulares
630 1695 1023 1779 persecutionis
1062 1704 1311 1762 eventus,
1354 1694 1405 1751 id
1438 1702 1541 1762 est,
1597 1693 1810 1749 infausti

2042 1683 2155 1739 sius
2192 1684 2415 1743 adduxit
2444 1691 2776 1760 Opinionem.
2804 1693 2941 1762 Quin
2970 1703 3026 1751 et
3055 1695 3327 1756 doctiores
3370 1703 3587 1773 quidam

263 1790 405 1860 ejus
437 1773 672 1856 initium,
731 1787 923 1843 seriem
971 1798 1141 1844 atram
1194 1796 1354 1859 atque
1411 1785 1618 1843 felicem
1650 1785 1886 1850 exitum;
1991 1773 2110 1845 ejus
2131 1792 2396 1847 errorem,
2419 1784 2597 1838 acrius
2616 1800 2777 1856 quam
2801 1786 2978 1852 decet,
3001 1788 3414 1862 redargueruut,
3438 1811 3592 1852 eum-

263 1883 381 1938 scd
409 1883 578 1939 etiam
612 1882 810 1955 ubique
837 1883 1069 1938 emineat
1091 1876 1486 1950 Omnipotentls
1516 1878 1737 1935 dextera
1766 1878 1808 1932 vi

2046 1880 2096 1922 te
2127 1866 2195 1921 ita
2236 1871 2592 1942 exagitarunt,
2643 1884 2699 1931 ut
2737 1887 2936 1947 apertze
2963 1881 3332 1954 prohabiliqne
3360 1901 3591 1956 reSpon-

266 1975 391 2033 ἀει
421 1978 475 2032 in
522 1986 804 2048 tyrannos,
855 1983 909 2030 et
953 1989 1111 2045 quam
1156 1974 1356 2042 ubique
1398 1986 1456 2026 se
1501 1971 1641 2026 Deus
1672 1975 1892 2040 ρτωειει
1990 1960 2128 2015 sioni
2162 1960 2312 2017 locus
2342 1966 2449 2020 non
2479 1968 2733 2036 supersit.
2767 1969 2879 2025 Nec
2923 1986 3055 2029 sane
3096 1973 3333 2031 difﬁcilis
3381 1977 3590 2038 fuitre-

266 2077 754 2143 propugnatorem
802 2066 1036 2136 pietatis,
1089 2065 1622 2135 prOpttlsatorcmque
1672 2061 1891 2131 injuria-
1991 2053 2314 2122 PreitOHSiO;
2348 2071 2468 2111 nam
2499 2059 2698 2129 ubique
2726 2060 2990 2118 Lactantii
3017 2064 3224 2137 stylus,
3249 2068 3446 2141 ubique
3471 2073 3597 2143 ejus

270 2176 434 2228 rum,
479 2175 599 2233 qua:
649 2156 946 2215 cultoribus
968 2157 1080 2212 suis
1119 2173 1148 2210 a
1189 2156 1342 2211 malis
1384 2156 1716 2228 principibus
1746 2153 1886 2209 iul‘e-
1990 2146 2286 2216 ingenium.
2317 2150 2515 2221 ubique
2544 2152 2946 2222 Lactantiame,
2976 2170 3161 2227 eaeque
3183 2160 3484 2230 singulares
3509 2165 3589 2220 ιο.

266 2260 502 2309 runtur.
538 2249 729 2305 Elucet
756 2259 995 2316 econtra,
1023 2257 1217 2320 quanta
1240 2263 1391 2315 cura,
1422 2256 1728 2317 quantoque
1773 2256 1811 2300 si

2037 2238 2186 2293 uendi
2218 2238 2463 2296 formabo
2500 2248 2729 2312 sparsim
2760 2248 3107 2316 reperiuntur
3155 2250 3207 2306 in
3240 2251 3344 2309 isto
3380 2254 3582 2323 libello,

268 2344 379 2399 dio
401 2343 624 2401 Summa
670 2344 927 2399 Divinitas
955 2342 1147 2398 foverit
1177 2358 1271 2398 eos
1298 2342 1586 2413 principes,
1616 2342 1706 2412 qui
1733 2351 1888 2397 erant
1988 2332 2142 2403 cnjus
2174 2334 2363 2390 unicus
2416 2346 2662 2406 superest
2700 2339 2869 2395 codex
2909 2343 3324 2414 manuscriptus,
3350 2374 3357 2379 -
3381 2348 3587 2421 integer
3612 2370 3649 2392 ν

271 2430 539 2486 ﬁdelibus
564 2430 839 2497 benevoli,
865 2429 1039 2501 ‘qualis
1068 2443 1283 2499 semper
1326 2429 1424 2484 fuit
1465 2426 1882 2494 Constantinus,
1986 2426 2202 2496 quidem
2234 2439 2290 2482 et
2336 2430 2606 2501 antiquus,
2641 2431 2736 2487 sed
2766 2432 2839 2488 ita
2879 2434 2950 2488 ob
2977 2440 3320 2493 amanuensis
3363 2440 3584 2511 imperi-

269 2525 372 2580 vel
402 2540 520 2593 eos,
552 2525 640 2597 qui
682 2522 1023 2579 solummodo
1054 2523 1123 2577 ita
1154 2523 1417 2587 moderati
1447 2520 1679 2595 luerunt,
1726 2530 1782 2576 ut
1815 2519 1884 2574 li—
1987 2518 2114 2573 tiam
2152 2531 2206 2575 et
2238 2520 2457 2575 lacunas
2503 2523 2760 2593 quasdam
2795 2524 3149 2592 deformatus,
3183 2538 3240 2583 ut
3279 2531 3583 2601 smpissime

271 2616 473 2672 heram
507 2615 812 2671 christianis
839 2629 951 2671 suc
974 2614 1248 2684 religionis
1275 2614 1407 2670 citra
1448 2613 1749 2669 molestiam
1792 2627 1884 2667 co-
1986 2611 2039 2666 in
2071 2612 2188 2681 ipso
2231 2614 2551 2683 explicando
2593 2617 2914 2673 adhibenda:
2966 2621 3074 2674 sint
3110 2621 3192 2675 vel
3230 2624 3579 2693 conjectum.

275 2711 465 2767 lenda:
503 2711 804 2769 laciniatim
847 2710 1108 2776 dederint,
1154 2710 1328 2781 qualis
1357 2718 1483 2764 tunc
1515 2708 1774 2780 temporis
1803 2708 1886 2761 vi-
1985 2703 2069 2759 vel
2099 2705 2260 2760 etiam
2289 2706 2671 2765 divinationes.
2722 2709 2791 2764 At
2835 2724 2957 2765 cum
3014 2711 3281 2770 interesse
3332 2726 3583 2785 putemus

272 2803 510 2858 debatnr
531 2818 650 2858 esse
677 2802 932 2861 Licinius.
1984 2797 2314 2867 redarguere
2351 2798 2556 2855 Nicolai
2614 2800 2665 2855 le
2733 2801 2944 2873 Nourry
2997 2805 3272 2868 rationes.
3325 2810 3576 2877 quamvis

247 2905 265 2917 ‘
353 2895 505 2950 Meus
547 2911 662 2950 mea
696 2902 799 2963 est,
830 2894 1028 2950 librum
1058 2890 1198 2949 hunc
1240 2893 1533 2963 legitimum
1583 2906 1703 2947 esse
1733 2890 1880 2947 Lucii
1911 2903 2065 2968 Beas
2112 2889 2221 2945 sint
2275 2889 2451 2960 exigui
2505 2892 2797 2959 momenti,
2866 2893 2990 2949 ideo
3036 2894 3126 2950 hic
3179 2897 3373 2953 excudi
3425 2915 3584 2955 cura-
3644 2948 3649 2953 .

268 2986 480 3043 Caecilii
534 2986 790 3042 Firmiani
839 2985 1101 3041 Lactantii
1145 2985 1357 3042 fanum.
1401 2986 1492 3041 Sic
1519 2985 1720 3055 Opinati
1753 2992 1879 3039 sunt
1984 2983 2162 3037 vimus
2212 2982 2474 3037 eruditam
2524 2982 2954 3040 dissertationem
3001 2987 3101 3041 viri
3153 2988 3441 3045 clarissimi
3487 2991 3579 3047 Ni-

267 3080 549 3136 doctiores
575 3079 794 3148 quique,
826 3093 927 3134 nec
955 3079 1022 3134 ab
1070 3093 1257 3133 eorum
1310 3077 1577 3132 sententia
1631 3088 1873 3131 nostrum
1984 3071 2120 3126 colai
2173 3071 2242 3127 de
2290 3072 2556 3143 Lcstocq,
2641 3074 2880 3130 ductoris
2946 3084 3001 3132 et
3060 3078 3193 3134 socii
3267 3081 3575 3152 sorboniei,

266 3183 361 3229 est
389 3172 661 3228 recedere.
695 3172 845 3227 llunc
874 3173 1071 3243 reperit
1098 3172 1181 3226 vir
1205 3170 1538 3226 clarissimus
1567 3170 1803 3242 Stephan

2021 3165 2173 3221 ecani
2230 3166 2481 3222 Ecclesiae
2538 3168 2952 3236 Ambianonsis,
3004 3179 3059 3226 et
3114 3171 3327 3231 abbatis
3394 3179 3566 3232 sancti

265 3261 524 3317 Baluzius
554 3262 605 3318 iu
637 3262 981 3318 bibliotheca:
1020 3261 1347 3318 Colbertinae
1381 3262 1748 3333 manuscripto
1777 3278 1870 3317 cn-
1979 3260 2193 3329 Axeoli,
2226 3276 2456 3332 quocum
2484 3262 2616 3317 mihi
2661 3274 2815 3320 vetus
2843 3265 2912 3320 ab
2938 3266 3095 3321 annis
3118 3269 3500 3341 quinquaginta
3520 3280 3577 3329 et

266 3357 414 3423 dice,
443 3359 532 3430 qui
575 3357 671 3411 fuit
700 3358 825 3412 olim
862 3358 1067 3430 antiqui
1098 3355 1341 3412 C(Bnob‘ii
1381 3356 1784 3413 Moissiaceusis
1815 3357 1867 3410 iu
1937 3427 1944 3433 δ
1980 3353 2213 3424 amplius
2258 3354 2545 3433 intercedit
2588 3358 2932 3412 necessitudo
2977 3368 3031 3414 et
3061 3374 3267 3416 summa
3300 3361 3577 3419 familiari-

268 3448 496 3505 dimcesi
541 3449 886 3505 Cadurceusi.
930 3449 1047 3505 Jam
1080 3464 1108 3503 a
1141 3449 1382 3520 pluribus
1409 3449 1619 3504 saeculis
1659 3448 1870 3519 ignotus
1938 3430 1944 3433 ⁷
1977 3452 2078 3498 tas.
2110 3444 2188 3500 Ne
2215 3430 2391 3502 tamen
2421 3447 2688 3504 existimet
2716 3450 2886 3505 lector
2911 3450 3174 3520 eruditus,
3208 3452 3332 3510 huic
3351 3456 3575 3512 editioni

268 3540 627 3598 delitescebat
657 3541 939 3597 thesaurus
963 3540 1054 3596 ille
1085 3540 1137 3594 in
1163 3540 1371 3611 angulis
1400 3539 1624 3608 hujusce
1650 3555 1870 3594 monas-
1977 3537 2181 3607 aliquid
2224 3537 2440 3605 deesse,
2468 3538 2540 3595 ob
2570 3543 2985 3611 praetermissam
3013 3559 3042 3597 a
3073 3560 3161 3600 me
3191 3545 3359 3602 donni
3397 3547 3576 3604 Theo-

268 3634 390 3689 terii
417 3633 776 3691 bibliothecxe.
807 3633 906 3687 Vix
930 3632 1130 3687 dumin
1154 3634 1327 3687 lucem
1360 3626 1580 3702 prodiit;
1608 3645 1730 3686 cum
1763 3640 1870 3684 sta-
1974 3628 2144 3685 dorici
2178 3630 2407 3687 Ruinart
2430 3647 2462 3688 e
2485 3631 2913 3706 Cnngregatione
2962 3639 3133 3691 sancti
3177 3637 3345 3693 Mauri
3398 3641 3573 3697 Bene-

268 3727 367 3781 tim
408 3742 513 3780 non
537 3726 712 3781 solum
742 3735 1074 3803 exceperunt
1109 3741 1231 3781 eum
1279 3724 1433 3779 avide
1458 3725 1637 3779 cuncti
1684 3724 1868 3779 diver-
1977 3722 2160 3777 dictini
2214 3723 2862 3794 monaebi‘prael‘ationem
2897 3727 2948 3781 in
2977 3727 3105 3781 Acta
3134 3728 3425 3801 Martyrum
3455 3748 3572 3787 vera

272 3833 455 3872 sarum
477 3818 716 3905 gentium
740 3817 1234 3875 Litteratistudiose
1256 3817 1537 3889 legendum
1563 3834 1578 3885 ;
1601 3819 1695 3873 sed
1716 3818 1864 3872 illum
1975 3827 2023 3869 et
2073 3817 2271 3871 sincera
2310 3818 2376 3872 ab
2407 3818 2525 3888 ipso
2555 3818 2694 3873 cdita
2729 3834 2872 3875 anno
2898 3821 3063 3887 1689,
3088 3835 3151 3877 ac
3189 3823 3388 3893 smpius
3417 3841 3570 3880 recu-

267 3911 430 3965 etiam
480 3911 675 3964 iterum
731 3910 1103 3966 excudendum
1160 3918 1483 3966 curaverunt
1521 3919 1630 3964 tum
1681 3910 1862 3977 Angli,
1974 3924 2087 3964 sam
2116 3919 2207 3963 aut
2232 3911 2642 3978 Amstelodami,
2682 3921 2776 3966 aut
2798 3912 3057 3979 Venetiis,
3095 3925 3186 3968 aut
3222 3916 3384 3970 etiam
3416 3916 3567 3972 Pari-

268 4011 379 4056 tum
405 4001 563 4057 Sueci
592 4020 605 4055 :
637 4001 765 4074 quin
796 4014 848 4058 et
892 4017 1081 4061 versus
1120 4010 1203 4057 est
1250 4000 1303 4056 in
1351 4001 1558 4072 linguas
1604 4000 1862 4057 Gallicam
1968 4002 2084 4070 siis,
2134 4017 2357 4073 eamque
2403 4003 2604 4058 Gallice
2651 4019 2883 4060 versam.
2939 4005 3062 4060 Hzec
3093 4005 3337 4075 przefatio
3361 4008 3555 4064 eximia

267 4104 322 4149 et
344 4093 643 4166 Anglieam.
669 4094 820 4151 llunc
842 4097 985 4152 notis
1005 4095 1228 4152 eruditis
1255 4095 1593 4150 illuStrarunt
1616 4096 1717 4151 viri
1736 4096 1863 4153 doc-
1967 4094 2185 4163 quidem
2215 4105 2332 4160 est;
2363 4095 2458 4149 sed
2505 4096 2751 4167 quamvis
2779 4111 2977 4153 excusa
3007 4097 3077 4153 sit
3104 4111 3132 4150 a
3178 4096 3346 4153 Paulo
3373 4100 3566 4155 Baudri

266 4186 451 4242 tissimi
480 4189 594 4244 sive
620 4184 776 4256 Galli,
811 4191 925 4245 sive
956 4190 1137 4247 Batavi
1165 4188 1199 4245 ii
1226 4188 1353 4243 sint.
1387 4190 1542 4245 Anno
1567 4191 1706 4247 l7l0
1736 4207 1861 4245 rur-
1967 4188 2036 4241 ad
2072 4187 2276 4242 calcem
2330 4187 2697 4243 Lactantianaa
2725 4202 2837 4243 sua:
2883 4189 3156 4255 editionis,
3219 4191 3568 4251 nihilominus

263 4296 357 4337 sus
403 4296 523 4349 eum
575 4281 776 4353 publici
821 4283 959 4354 juris
1027 4284 1152 4339 fecit
1208 4287 1447 4339 Dnmnus
1504 4282 1758 4338 Nicolaus
1809 4286 1858 4339 le
1962 4293 2072 4333 non
2102 4278 2283 4349 putavi
2310 4292 2341 4333 e
2370 4293 2431 4332 re
2468 4292 2590 4333 esse
2622 4292 2743 4333 eam
2772 4279 2947 4334 adlmc
2971 4281 3193 4350 septima
3235 4283 3352 4336 vice
3381 4298 3548 4339 excu-

260 4372 491 4445 Nnurry,
524 4390 556 4433 e
584 4374 1013 4449 Cnngregatione
1041 4377 1211 4432 sancti
1236 4377 1403 4435 Mauri
1432 4375 1727 4431 monachus
1750 4375 1855 4432 Be-
1964 4370 2118 4437 dere.
2150 4385 2272 4425 cum
2320 4384 2383 4424 ea
2431 4370 2559 4425 οῑίιη
2611 4370 2770 4440 paulo
2816 4370 3009 4436 mrior.
3066 4386 3210 4427 nunc
3235 4373 3469 4442 vulgaris
3509 4377 3561 4433 in

262 4467 562 4527 nedictinus
592 4487 607 4523 :
637 4469 733 4529 scd
756 4485 863 4535 non
889 4470 1152 4541 dubitavit
1181 4469 1362 4537 modo,
1392 4471 1501 4526 imo
1525 4479 1578 4525 et
1599 4469 1854 4537 asseruit,
1882 4449 1927 4512 ί1
1960 4467 2204 4523 omnium
2229 4468 2479 4525 manibus
2507 4480 2775 4536 versetur,
2806 4468 3065 4541 nihilque,
3096 4479 3188 4525 aut
3215 4484 3403 4542 parum
3431 4487 3560 4526 ccu-

135 4548 173 4576 ί
261 4558 396 4616 hunc
419 4561 621 4617 librum
647 4577 755 4623 non
777 4577 896 4619 esse
926 4563 1189 4618 Lactantii
1218 4563 1415 4627 nostri,
1449 4561 1544 4617 sed
1571 4560 1853 4632 cujusdam
1958 4559 2099 4615 ferat
2124 4560 2190 4613 ad
2220 4569 2498 4616 auctorem
2532 4569 2775 4617 nostrum
2808 4546 3232 4633 intelligendum:

3231 4695 3527 4714 β*

1488 4874 1503 4884 ι
1570 4833 2226 4927 DISQUISITIO

1196 4977 1302 5037 DE
1342 4961 1971 5038 AUCTORE’LIBRI
2014 4971 2145 5035 CUI
2188 4973 2522 5037 TITULUS
2561 4997 2574 5034 :

1083 5097 1264 5158 LUC“
1299 5095 1574 5154 CJEClLll
1740 5092 2092 5159 MORTIBUS
2132 5092 2722 5178 [‘ERSECUTORUII,

1312 5226 1401 5277 QUI
1440 5224 1694 5267 FIRIIANO
1731 5223 2032 5266 ιλοτΑιη-ιο
2068 5223 2246 5265 TRIBUI
2283 5223 2470 5266 SOLBT.
2694 5224 2700 5228 ”

258 5352 448 5404 Auctore
471 5345 693 5405 Nicolao
714 5350 778 5401 de
800 5352 1025 5417 Lestocq,
1050 5355 1255 5402 Doctore
1277 5360 1337 5399 ac
1359 5345 1495 5399 socio
1529 5342 1821 5405 Sorbanico,
1846 5341 2080 5417 Ecclesia:
2118 5340 2426 5411 Cat/cedrum
2461 5345 2796 5415 Ambiaimsis
2835 5345 3060 5413 Decano,
3094 5341 3294 5415 vicario
3327 5339 3536 5413 darei-al

1250 5428 1480 5497 Episcopi
1500 5424 1838 5487 Ambianeasis
1856 5468 1871 5492 ,
1892 5433 1941 5479 et
1960 5426 2145 5479 Abbate
2166 5427 2337 5480 Sancti
2359 5426 2546 5481 Απθοιί.

320 5698 583 5768 Repertus
621 5705 702 5755 est
725 5712 758 5753 a
796 5696 1114 5757 doctissimo
1142 5695 1259 5753 viro
1288 5694 1517 5753 Domino
1559 5695 1840 5767 Stephano
1948 5698 2052 5752 cilii
2079 5696 2205 5753 liber
2232 5696 2297 5751 de
2340 5695 2594 5753 Mortibus
2638 5695 3057 5754 Persecutorum.
3088 5697 3241 5753 Hunc
3270 5694 3543 5751 Firmiano

246 5790 438 5849 Beluae
478 5789 535 5845 in
577 5787 763 5846 codice
800 5788 1168 5858 manuscripto
1215 5786 1558 5843 bibliothecae
1612 5785 1843 5843 Colber-
1945 5790 2226 5861 ascripsit,
2273 5804 2339 5845 ac
2362 5789 2583 5849 Parisiis
2616 5805 2760 5853 anno
2788 5790 2949 5856 1679,
2975 5792 3132 5861 jussu
3156 5787 3379 5845 Joannis
3406 5786 3543 5857 Bap-

252 5882 413 5962 ,tinae,
444 5893 598 5939 nunc
620 5878 830 5952 Recita,
853 5880 1015 5938 Liber
1045 5893 1165 5952 cum
1195 5877 1300 5935 hoc
1326 5879 1482 5936 titulo
1527 5899 1539 5935 :
1582 5878 1733 5934 Lucii
1753 5877 1848 5939 Ce-
1954 5883 2097 5938 tista:
2139 5882 2361 5939 Colbert
2404 5882 2548 5954 typis
2577 5881 2820 5941 mandari
2850 5881 3095 5947 curavit,
3127 5890 3273 5936 torno
3301 5875 3538 5934 secundo
