3828 6262
367 429 473 495 159

1832 437 2236 508 DISQUISITIO

3564 438 3662 500 £60

368 566 590 609 suorum
630 550 1088 608 Miscellaneorum
1107 593 1125 620 ,
1158 551 1259 608 hac
1299 551 1655 624 inscriptione
1695 553 1914 625 praeﬁxa
1945 572 1958 610 :
1988 559 2043 618 Α
2062 564 2155 611 ‘tur
2182 570 2305 612 esse
2326 554 2435 611 duo
2462 552 2722 611 Firmiani
2745 552 3007 611 Lactantii
3030 555 3389 628 praenomina.
3412 555 3659 626 Quamvis

368 643 523 702 Lucii
550 645 728 702 Cecilii
756 644 1018 701 Firmiani
1046 646 1305 703 Lactantii
1331 648 1457 705 liber
1482 648 1546 703 de
1568 647 1822 705 Mortibus
1846 648 1968 704 Per-

368 750 680 795 secutorum.

442 832 766 888 Prodierunt
796 842 982 904 postea
1004 833 1168 889 variis
1200 834 1251 888 iu
1283 833 1510 904 Europae
1535 835 1776 904 partibus
1804 833 1960 890 istius

370 921 496 980 libri
527 922 791 978 editiones
814 922 935 978 alia:
954 966 973 991 ,
1000 924 1195 994 quibus
1235 940 1446 979 summo
1470 939 1741 981 consensu
1788 925 1841 979 in
1891 925 1962 981 ti-

377 1014 490 1068 tulo
517 1013 665 1069 Lucii
691 1013 871 1071 Cecilii
895 1032 988 1071 seu
1017 1013 1165 1073 Caelii
1190 1018 1410 1073 vocibus
1437 1018 1658 1089 praeﬁxa
1684 1027 1812 1075 sunt
1842 1017 1963 1074 Fir-

364 1106 523 1160 miani
549 1105 803 1161 Lactantii
825 1108 1101 1164 vocabula.

434 1200 505 1254 At
532 1199 771 1254 Domnus
796 1199 1049 1257 Nicolaus
1095 1201 1144 1257 le
1172 1201 1387 1276 Nourry
1409 1244 1425 1270 ,
1456 1202 1675 1261 Ordinis
1698 1206 1755 1263 S.
1790 1205 1963 1264 Bene-

362 1289 491 1347 diCti
522 1291 816 1348 Monachus
834 1335 849 1360 ,
882 1294 967 1349 vir
996 1296 1184 1366 utique
1210 1295 1609 1353 eruditissimus
1631 1341 1645 1365 ,
1667 1299 1820 1371 cujus
1850 1310 1962 1355 stu-

365 1381 455 1438 dio
480 1395 535 1439 et
562 1399 726 1455 opera
754 1399 896 1439 anno
922 1386 1207 1441 millesimo
1236 1388 1718 1458 septingentesimo
1750 1391 1961 1447 decimo

360 1492 499 1538 nova
526 1477 649 1534 libri
690 1478 753 1532 de
797 1478 1053 1535 Mortibus
1086 1479 1481 1537 Persecutorum
1529 1483 1695 1539 editio
1741 1484 1961 1540 Parisiis

359 1572 618 1630 adornata
668 1581 785 1641 est,
837 1572 986 1628 Lucii
1013 1572 1192 1630 Cecilii
1225 1577 1441 1632 nomina
1473 1587 1676 1635 tantum
1709 1579 1762 1634 in
1806 1579 1961 1638 titulo

366 1665 586 1735 reliquit
604 1705 620 1730 ,
654 1679 756 1721 nec
785 1664 1041 1721 Firmiani
1067 1665 1326 1723 Lactantii
1353 1684 1513 1726 voces
1538 1670 1759 1727 addidit.
1792 1672 1958 1743 quue

359 1757 641 1826 prmstitit.
672 1764 782 1812 tum
827 1761 951 1828 quia
997 1761 1404 1832 manuscriptus;
1444 1762 1537 1819 ille
1591 1763 1766 1820 codex
1828 1763 1956 1819 Fir-

362 1849 522 1904 miani
550 1846 808 1904 Lactantii
845 1851 1060 1907 nomina
1085 1868 1193 1909 non
1222 1854 1417 1921 habet,
1446 1864 1557 1911 tum
1599 1858 1721 1928 quia
1744 1859 1954 1927 inﬁrma

2065 650 2211 706 enim
2242 650 2555 705 Lactantius
2600 650 2761 721 vulgo
2802 648 3014 705 dicatur
3037 647 3272 716 Caelius,
3301 658 3360 705 et
3403 650 3581 707 desint
3605 652 3658 708 in

2064 741 2203 797 libro
2224 742 2288 796 de
2312 740 2566 797 Mortibus
2596 739 2990 795 Persecutorum
3011 741 3231 796 nomina
3256 740 3519 795 Firmiani
3539 740 3658 797 Lac-

2064 836 2250 902 tantii;
2303 836 2357 891 in
2408 833 2652 907 pluribus
2697 844 2874 890 tamen
2926 833 3352 890 indubitatorum
3399 833 3656 891 Lactantii

2065 943 2291 999 Operum
2340 929 2722 999 manuscriptis
2765 927 3076 983 nominatur
3103 926 3291 981 Lucius
3331 925 3658 995 Cecilius,et

2063 1024 2120 1079 in
2146 1022 2466 1094 quibusdam
2512 1023 2635 1078 aliis
2681 1020 3065 1091 manuscriptis
3093 1019 3242 1075 Lucii
3269 1016 3418 1075 Calii
3446 1021 3654 1075 nomina

2062 1117 2460 1183 desiderantur,
2495 1125 2551 1172 ut
2592 1116 2790 1172 fatetur
2823 1115 3068 1170 Domnus
3098 1114 3148 1169 le
3176 1113 3394 1185 Nourry
3433 1129 3448 1168 :
3479 1112 3549 1169 de
3577 1113 3655 1169 his

2062 1224 2286 1280 agemus
2305 1209 2370 1263 ad
2395 1208 2557 1265 ﬁnem
2588 1207 2813 1279 hujusce
2837 1204 3258 1277 Disquisitionis.
3289 1204 3517 1274 Insuper
3537 1204 3649 1259 nul-

2068 1301 2153 1357 lus
2180 1302 2474 1371 scriptores
2498 1303 2640 1357 inter
2668 1299 3067 1355 ecclesiasticos
3098 1306 3296 1367 praeter
3320 1295 3652 1352 Lactantium

2063 1393 2255 1450 Lucius
2281 1395 2500 1450 Cecilius
2541 1401 2888 1458 recensetur;
2920 1391 3143 1446 omnino
3189 1392 3403 1462 ignotus
3432 1399 3516 1444 est
3538 1390 3651 1459 qui-

2062 1490 2144 1544 vis
2173 1489 2311 1544 alius
2337 1488 2579 1559 ejusdem
2607 1487 2871 1553 nominis,
2899 1487 2985 1541 cui
3007 1485 3146 1542 liber
3165 1484 3230 1540 de
3256 1482 3511 1539 Mortibus
3532 1482 3665 1543 Per-7

2060 1591 2351 1636 secutorum
2381 1580 2615 1637 adscribi
2649 1580 2843 1650 possit.-

2131 1673 2196 1727 20
2235 1671 2469 1730 Sanctus
2516 1672 2873 1744 Hieronymus
2922 1672 2976 1726 in
3022 1668 3282 1742 Catalogo
3320 1666 3650 1738 Scriptorum

2060 1766 2561 1822 Ecclesiasticorum
2586 1773 2852 1820 memorat
2883 1762 3151 1819 Lactantii
3180 1763 3247 1817 de
3296 1759 3655 1817 Persecutione

2061 1856 2245 1912 librum
2277 1873 2454 1911 unum.
2484 1855 2557 1913 At
2584 1856 2720 1911 liber
2748 1856 2849 1911 iste
2875 1856 2939 1909 de
2974 1853 3332 1910 Persecutione
3370 1868 3477 1909 non
3507 1853 3651 1910 vide-

359 1956 473 1997 esse
496 1942 822 1999 existimavit
850 1956 1163 2015 argumenta
1186 1989 1202 2016 ,
1232 1949 1428 2019 quibus
1454 1949 1542 2005 hic
1567 1950 1704 2007 liber
1727 1951 1956 2009 Lactan-
1982 1946 2032 2009 B
2061 1959 2147 2005 tur
2177 1949 2313 2005 alius
2341 1964 2463 2006 esse
2487 1964 2518 2005 a
2549 1948 2688 2004 libro
2716 1949 2780 2003 de
2827 1947 3081 2002 Mortibus
3126 1945 3535 2001 Persecutorum.
3562 1945 3651 2002 Li-

363 2034 441 2087 tio
473 2033 748 2099 tribuitur,
796 2036 1035 2108 aliaque,
1087 2048 1144 2094 ut
1190 2040 1290 2095 sibi
1324 2042 1498 2097 visum
1526 2053 1641 2111 est,
1686 2058 1955 2116 suppetere

356 2128 576 2194 censuit,
600 2145 690 2183 nec
712 2130 911 2185 minimi
944 2133 1205 2200 momenti,
1233 2134 1417 2205 quibus
1438 2135 1501 2190 ab
1529 2153 1587 2190 eo
1608 2138 1950 2211 abjudicetur.

348 2240 352 2244 Α
431 2218 487 2272 lu
518 2234 581 2275 ea
610 2235 668 2276 re
698 2220 761 2277 Ι).
791 2220 1099 2293 Stephanus
1126 2225 1375 2283 Baluzius
1400 2237 1457 2284 et
1502 2228 1744 2286 Domnus
1789 2231 1953 2287 Nico-

359 2311 478 2369 laus
510 2313 558 2368 le
584 2313 797 2388 Nourry
825 2319 1199 2386 consentiunt,
1231 2320 1471 2377 codicem
1501 2324 1948 2394 manuscriptum,

355 2405 445 2478 qui
478 2420 615 2461 unus
642 2416 816 2472 extat,
843 2418 896 2464 et
922 2425 952 2465 e
979 2426 1085 2481 quo
1115 2414 1257 2483 typis
1286 2428 1578 2484 expressus
1605 2428 1687 2471 est
1709 2416 1848 2473 liber
1869 2417 1956 2474 hic

356 2497 420 2553 de
444 2497 699 2555 Mortibus
730 2499 1154 2567 Persecutorum,
1184 2513 1381 2575 praeter
1424 2506 1600 2562 hiatus
1631 2508 1956 2579 lacunasque

358 2595 676 2663 nonnullas,
710 2595 922 2652 mendis
946 2597 1200 2654 infectum
1243 2615 1366 2655 esse
1390 2600 1660 2672 plurimis.
1708 2601 1956 2659 Ostendit

353 2692 614 2755 prasterea
650 2687 890 2744 Domnus
928 2689 980 2745 le
1020 2689 1266 2763 Nourry,
1322 2694 1548 2766 plurima
1594 2712 1703 2751 esse
1744 2696 1857 2751 loca
1901 2698 1956 2751 in

353 2794 414 2834 eo
438 2780 613 2834 codice
628 2821 643 2847 ,
671 2796 788 2852 quas
812 2799 915 2837 non
942 2784 1114 2839 solum
1140 2783 1366 2839 Librarii
1381 2827 1396 2852 ,
1420 2796 1477 2840 ut
1503 2789 1723 2854 assolet,
1747 2799 1837 2842 aut
1866 2807 1955 2844 os-

353 2870 594 2929 citatione
629 2889 692 2927 ac
734 2874 1084 2947 negligentia,
1115 2886 1206 2931 aut
1250 2878 1413 2932 nimia
1455 2879 1708 2934 scribendi
1736 2880 1956 2952 [estina-

354 2963 489 3019 tione
508 3006 524 3033 ,
554 2965 646 3020 sed
684 2982 872 3040 magna
896 2969 1048 3023 etiam
1068 3011 1083 3036 ,
1114 2979 1174 3025 ut
1213 2970 1289 3025 ait
1317 2986 1369 3041 p.
1405 2971 1510 3028 H9
1537 2972 1734 3045 linguae
1779 2974 1958 3030 latina

353 3054 673 3126 ignoratione
696 3058 980 3128 depravata
1008 3069 1127 3115 sunt
1158 3061 1462 3132 penitusque
1489 3075 1758 3131 corrupta.

424 3147 555 3216 Qua:
577 3150 735 3221 igitur
757 3151 811 3206 in
839 3151 978 3208 libro
1004 3152 1067 3207 de
1095 3151 1350 3208 Mortibus
1374 3152 1777 3211 Persecutorum
1808 3157 1958 3228 igna-

353 3254 423 3295 ve
442 3281 458 3307 ,
485 3255 700 3308 crasse,
730 3242 959 3299 obscure
989 3253 1045 3299 et
1074 3244 1334 3300 mendose
1367 3247 1566 3318 scripta
1605 3256 1766 3317 sunt,
1796 3257 1957 3320 atque

352 3346 384 3386 a
415 3332 659 3390 claritate
680 3349 745 3391 ac
772 3335 949 3392 nitore
971 3336 1242 3393 sermonis
1259 3379 1275 3406 ,
1300 3346 1393 3393 aut
1418 3339 1581 3395 etiam
1611 3340 1955 3411 opinionibus

352 3423 619 3482 Lactantii
661 3427 836 3483 aliena
862 3439 1199 3500 occurrunt,
1231 3446 1293 3487 ea
1333 3432 1530 3490 scriba:
1552 3430 1583 3501 ,’
1618 3450 1723 3490 non
1770 3445 1952 3492 autem

357 3516 565 3572 auctori
597 3517 906 3589 imputanda
931 3529 1088 3588 sunt;
1116 3536 1216 3578 nec
1258 3523 1329 3578 ob
1367 3522 1635 3595 ejusmodi
1662 3526 1787 3584 vitia
1818 3527 1955 3583 liber

353 3606 419 3661 de
442 3606 693 3664 Mortibus
720 3609 1119 3668 Persecutorum
1148 3612 1428 3671 Lactantio
1456 3616 1823 3674 detrahendus
1845 3629 1951 3676 est.

355 3698 494 3756 Hinc
520 3710 700 3758 tamen
727 3705 1067 3761 occasionem
1094 3707 1286 3777 arripit
1312 3708 1503 3764 doctus
1531 3726 1561 3765 e
1606 3710 1954 3767 Beuedictino

356 3792 611 3849 sodalitio
638 3795 720 3850 vir
744 3796 1026 3868 religiosus
1044 3840 1057 3864 ,
1082 3798 1151 3854 ad
1175 3799 1513 3869 probandum
1550 3800 1745 3856 librum
1791 3801 1953 3856 istum

354 3898 463 3940 non
490 3900 612 3941 esse
639 3886 920 3944 Lactantii.

428 3974 541 4032 Hac
569 3985 748 4032 autem
799 3980 952 4034 unica
996 3980 1375 4038 observatione
1420 3983 1654 4053 praevia,
1701 3983 1956 4041 nonnulla

354 4077 678 4139 argumenta
697 4111 711 4135 ,
740 4071 938 4139 quibus
966 4074 1274 4144 opinionem
1302 4075 1448 4131 illam
1475 4118 1490 4145 ,
1522 4093 1646 4148 qua:
1674 4078 1868 4134 librum
1893 4080 1957 4135 de

358 4160 618 4216 Mortibus
659 4159 1056 4221 Persecutorum
1094 4168 1375 4224 Lactantio
1404 4171 1620 4236 tribuit,
1650 4174 1957 4231 convellere

357 4251 549 4307 nititur
569 4248 818 4309 Domnus
844 4256 895 4312 le
916 4256 1147 4330 Nourry,
1180 4274 1342 4316 ruere
1367 4276 1432 4316 ac
1457 4262 1595 4317 solvi
1620 4303 1636 4329 ,
1684 4263 1769 4319 vel
1799 4264 1956 4335 levi-

357 4350 443 4398 ter
469 4344 771 4401 attendenti
801 4341 1148 4405 manifestum
1173 4354 1298 4407 erit.

425 4434 544 4490 Jam
571 4436 641 4492 ab
669 4453 813 4492 anno
843 4440 981 4496 1715
1007 4442 1214 4508 durius,
1246 4459 1405 4515 quam
1436 4461 1536 4516 par
1559 4456 1661 4515 est,
1688 4449 1955 4508 Domuum

355 4524 638 4582 Nicolaum
669 4528 721 4584 le
749 4528 962 4603 Nourry
993 4534 1360 4604 exagitaverat
1388 4538 1442 4591 in
1471 4538 1955 4600 Observatiouibus

354 4615 571 4674 Criticis
600 4618 683 4691 (1)
708 4662 723 4686 ,
754 4636 887 4693 quas
916 4624 1004 4678 edi
1031 4636 1312 4682 curaverat
1343 4627 1406 4683 D.
1435 4629 1503 4683 de
1533 4630 1581 4683 la
1614 4629 1782 4690 Crose
1810 4643 1955 4692 tomo

356 4725 433 4766 vn
466 4711 627 4768 Diarii
653 4712 960 4785 Litterarii,
994 4728 1145 4789 parte
1187 4736 1205 4775 ι
1236 4721 1484 4793 (Journal
1510 4722 1787 4784 Littéraire
1828 4732 1957 4788 anui

353 4805 532 4873 1715,
574 4809 609 4861 ὰ
647 4808 699 4862 la
744 4808 943 4883 ﬂaye),
992 4812 1079 4868 ubi
1127 4813 1286 4871 docte
1336 4820 1604 4891 praecipua
1647 4822 1853 4879 Nicolai
1904 4825 1956 4882 le

351 4896 566 4972 Nourry
599 4912 873 4958 momenta
902 4907 1099 4962 evertit
1130 4928 1144 4964 :
1177 4909 1274 4966 sed
1300 4921 1484 4968 nostra
1509 4914 1825 4988 Disquisitio
1848 4920 1958 4974 erit

356 4991 531 5046 multo
561 4993 820 5061 pacatior.

431 5082 529 5137 His
556 5085 905 5153 praenotatis,
932 5102 1053 5158 quae
1098 5096 1371 5150 communi
1418 5095 1486 5153 de
1531 5096 1769 5155 Auctore
1798 5098 1959 5170 hujus

356 5176 481 5232 libri
520 5180 805 5236 sententia:
848 5180 1064 5254 favent,
1110 5186 1271 5244 simul
1320 5200 1373 5246 et
1418 5191 1559 5248 inter
1605 5205 1956 5264 argumenta,

360 5285 482 5341 quas
524 5271 648 5329 huic
687 5273 960 5333 adversari
995 5279 1233 5338 Domnus
1277 5283 1330 5338 le
1368 5283 1580 5358 Nourry
1620 5296 1800 5355 putat,
1832 5287 1956 5356 illa,

355 5376 476 5432 quae
502 5365 760 5433 peculiari
786 5372 1140 5442 responsione
1168 5375 1413 5447 indigere
1450 5376 1584 5433 mihi
1622 5378 1738 5435 visa
1785 5388 1949 5447 sunt,

361 5454 687 5523 expendam.

437 5547 498 5601 1⁰
539 5548 748 5607 Titulus
793 5551 919 5611 libri
949 5556 1012 5612 de
1041 5557 1298 5615 Mortibus
1324 5559 1716 5619 Persecutorum
1747 5562 1963 5635 praefert

359 5640 578 5695 nomina
606 5641 792 5711 Lucu,
821 5648 906 5702 vel
930 5648 1082 5705 chu
1112 5648 1340 5717 Οεειιιι.
1370 5669 1491 5724 qua:
1518 5654 1736 5725 quidem
1766 5657 1958 5712 viden-

374 5752 1959 5783 ..______________________

427 5797 500 5860 (l)
528 5798 822 5865 liéﬂexions
851 5816 936 5852 sur
970 5805 1014 5855 la
1042 5806 1275 5859 nouvelle
1316 5808 1500 5860 edition
1539 5812 1603 5861 du
1625 5812 1797 5864 Ἰ·τεὶιὲ
1828 5814 1894 5865 de
1919 5813 1965 5865 la

363 5857 492 5928 Mori
510 5861 1004 5928 des__persécuteurs,
1030 5878 1152 5917 avec
1175 5857 1274 5920 une
1299 5857 1618 5925 dissertatio—tt
1634 5857 1858 5926 ’(16⁷ἁόσῖ
1868 5857 1966 5928 lii:

367 5919 503 5972 001³³
520 5921 569 5972 le
593 5919 803 5989 Nburry,
829 5925 974 5995 ill-8°,
991 5919 1147 5994 Paris,
1179 5931 1311 5983 1710.
1343 5919 1397 5922 νὴ*
1415 5919 1618 5949 ’ῖ’“”“’”
1658 5919 1716 5926 “⁷
1743 5919 1853 5945 ""7
1876 5919 1929 5945 υτ

2057 2042 2155 2098 her
2183 2044 2324 2097 enim
2349 2043 2450 2097 iste
2477 2056 2614 2097 unus
2635 2050 2752 2107 est,
2777 2041 2917 2097 sicut
2939 2048 2995 2096 et
3022 2040 3158 2095 liber
3179 2038 3651 2119 dePersecutione;

2056 2150 2123 2191 ac
2148 2136 2198 2190 in
2227 2151 2292 2192 eo
2317 2136 2457 2191 libro
2482 2151 2588 2191 non
2620 2137 2795 2207 agitur
2822 2143 3029 2189 tantum
3057 2133 3121 2187 de
3144 2132 3394 2187 mortibus
3416 2148 3651 2203 persecu-

2059 2238 2259 2298 torum,
2293 2246 2480 2285 verum
2506 2233 2669 2286 etiam
2709 2229 2778 2284 de
2807 2228 3000 2284 acerba
3042 2228 3095 2283 in
3125 2227 3452 2283 christianos
3493 2242 3523 2281 a
3563 2226 3643 2281 di-

2057 2321 2228 2375 versis
2257 2320 2673 2391 lmperatoribus
2699 2321 2928 2376 excitata
2956 2318 3332 2390 persecutione
3356 2336 3370 2372 :
3393 2317 3538 2374 unde
3555 2333 3651 2388 po.

2059 2414 2159 2468 tuit
2187 2414 2447 2468 utrumvis
2500 2412 2713 2468 titulum
2762 2428 2873 2482 prie
2903 2425 2962 2466 se
2991 2410 3155 2466 ferre.
3205 2408 3486 2464 Minimum
3532 2409 3651 2480 qui-

2057 2504 2182 2560 dem
2234 2503 2371 2559 duas
2419 2504 2560 2559 inter
2609 2502 2741 2559 istas
2780 2501 3164 2570 inscriptiones
3202 2499 3494 2555 discrimen
3537 2508 3650 2563 est;

2057 2596 2151 2667 qui
2182 2597 2325 2651 enim
2357 2596 2425 2651 de
2464 2595 2813 2666 persecutione
2855 2593 3019 2648 verba
3066 2591 3231 2657 facit,
3281 2589 3444 2646 debet
3488 2598 3547 2646 et
3588 2590 3653 2648 de

2059 2689 2468 2759 persecutoribus
2495 2703 2659 2759 agere
2690 2705 2703 2742 :
2737 2701 2797 2742 ea
2823 2701 2955 2741 sane
2982 2684 3124 2739 inter
3149 2699 3209 2739 se
3234 2697 3477 2738 connexa
3506 2693 3650 2737 sunt.

2059 2782 2151 2839 Sic
2174 2796 2235 2835 ea
2265 2796 2371 2836 nou
2401 2780 2659 2835 discrevit
2689 2777 3001 2834 Lactantius
3030 2775 3147 2847 ipse
3166 2817 3182 2843 ,
3210 2775 3489 2845 Epitomes
3532 2789 3648 2844 cap.

2058 2891 2169 2940 mu,
2198 2875 2291 2930 ubi
2317 2874 2385 2929 de
2416 2873 2827 2945 persecutione,
2855 2870 2909 2927 id
2939 2879 3022 2927 est
3041 2912 3058 2939 ,
3098 2869 3374 2940 suppliciis
3398 2869 3653 2925 christia-

2059 2951 2286 3032 norum,
2336 2965 2607 3036 simulque
2648 2964 2718 3020 de
2765 2962 3032 3019 mortibus
3070 2970 3476 3033 persecutorum
3523 2976 3653 3016 cou-

2053 3058 2281 3128 junctim
2314 3056 2568 3128 loquitur.
3582 3042 3588 3049 δ

2130 3150 2195 3204 5"
2237 3124 2400 3207 Liber
2420 3148 2483 3204 de
2506 3124 2757 3203 Mortibus
2783 3146 3176 3203 Persecutorum
3218 3143 3532 3201 inscribitur
3552 3144 3653 3199 Do-

2061 3252 2222 3309 nato;
2254 3242 2526 3313 inscripsit
2548 3250 2604 3297 et
2630 3240 2942 3297 Lactantius
2968 3239 3178 3295 Donata
3219 3238 3413 3295 librum
3456 3237 3528 3293 de
3572 3237 3657 3292 lra

1982 3323 2030 3390 Ο
2060 3334 2179 3390 Dei.
2208 3333 2411 3389 Auctor
2433 3334 2714 3402 utriusque
2747 3332 2869 3393 libri
2906 3333 3169 3387 Donatum
3197 3331 3433 3401 appellat
3459 3331 3658 3385 charis-

2056 3426 2260 3481 simam.
2309 3424 2535 3480 Videtur
2579 3439 2709 3495 ergo
2759 3438 2881 3479 esse
2922 3437 3060 3478 unus
3105 3430 3161 3478 et
3207 3422 3349 3477 idem
3385 3420 3656 3489 Donatus,

2057 3516 2151 3571 cui
2176 3516 2312 3571 liber
2342 3526 2566 3588 uterque
2596 3511 2938 3586 nuncupatur
2985 3531 2998 3569 :
3031 3515 3225 3570 asserit
3257 3523 3436 3569 tamen
3489 3514 3657 3576 Doms

2059 3624 2160 3664 nus
2202 3609 2252 3663 Ιε
2298 3608 2542 3680 Nourry,
2574 3608 2842 3664 Donatum
2867 3649 2883 3675 ,
2917 3607 3004 3662 cui
3051 3606 3261 3662 dicatur
3300 3621 3330 3660 a
3381 3605 3660 3661 Lactantio

2058 3700 2196 3755 liber
2224 3700 2287 3754 de
2329 3700 2425 3755 Ira
2470 3700 2603 3765 Dei,
2633 3701 2909 3756 diversum
2939 3715 3062 3755 esse
3084 3686 3118 3754 ia
3148 3699 3355 3754 Donato
3377 3740 3392 3766 ,
3430 3701 3521 3754 cui
3566 3698 3657 3754 iu-

2062 3792 2502 3849 scribitur'liber
2529 3793 2596 3848 de
2622 3792 2884 3849 Mortibus
2922 3792 3331 3863 per‘secutorum
3353 3808 3368 3857 ;
3392 3791 3537 3863 quod
3584 3792 3660 3847 ita

2058 3885 2253 3956 probat
2284 3901 2298 3939 :
2331 3884 2604 3953 Donatus,
2633 3886 2716 3940 cui
2742 3885 3044 3941 Lactantius
3074 3885 3261 3940 librum
3309 3888 3374 3940 de
3416 3885 3513 3940 Ira
3559 3885 3661 3940 Dei

2059 3976 2280 4044 dicavit,
2309 3978 2372 4031 ab
2406 3977 2499 4032 illo
2528 3979 2781 4046 expressis
2810 3976 2974 4033 verbis
3015 3972 3313 4049 appellatur
3338 3988 3451 4050 tyro
3478 3978 3660 4048 impli—

2059 4079 2205 4123 catus
2229 4071 2403 4125 steculi
2430 4071 2643 4143 negotiis
2661 4113 2677 4137 ,
2708 4071 2989 4126 christiana
3021 4072 3257 4127 doctrina
3284 4087 3387 4126 non
3412 4072 3540 4126 satis
3561 4072 3660 4125 im-

2061 4160 2230 4215 butus.
2260 4161 2419 4232 Atqui
2448 4178 2570 4217 cum
2601 4162 2930 4228 Lactantius,
2960 4162 3180 4232 scripsit
3222 4162 3416 4218 librum
3458 4165 3528 4219 de
3576 4162 3660 4219 lra

2063 4252 2156 4309 Dei
2178 4295 2194 4317 ,
2222 4268 2328 4307 non
2370 4254 2542 4326 potuit
2581 4253 2852 4324 appellare
2883 4254 3146 4308 Donatum
3178 4265 3427 4326 tyronem
3470 4254 3654 4324 impli-

2059 4354 2239 4401 catum
2265 4344 2451 4400 saeculi
2481 4346 2710 4415 negotiis
2729 4386 2745 4412 ,
2770 4360 2872 4399 nec
2902 4345 3033 4399 satis
3076 4343 3371 4399 christiana
3399 4342 3651 4401 doctrina

2064 4439 2367 4505 imbutum,
2401 4438 2446 4495 si
2492 4439 2561 4494 sit
2602 4437 2744 4494 idem
2772 4453 2895 4493 cum
2927 4438 3165 4505 Donato,
3216 4438 3303 4492 cui
3345 4437 3662 4494 inscribitur

2060 4531 2200 4589 liber
2243 4533 2306 4587 de
2340 4532 2590 4587 Mortibus
2625 4530 3053 4598 Persecutorum;
3083 4530 3347 4601 siquidem
3398 4531 3539 4587 liber
3586 4531 3662 4588 de

2058 4624 2142 4680 Ira
2177 4626 2266 4681 Dei
2296 4627 2526 4695 scriptus
2555 4634 2641 4681 est
2669 4625 2852 4681 multis
2890 4626 3047 4680 annis
3076 4635 3197 4696 post
3233 4626 3437 4681 ﬁnitam
3470 4641 3662 4696 perse-

1981 4718 2369 4784 Dcutiouem,
2431 4718 2483 4773 in
2540 4733 2645 4789 qua
2701 4732 2797 4788 per
2839 4731 2937 4772 sex
2979 4731 3151 4773 annos
3202 4716 3435 4773 Donatus
3487 4717 3663 4775 fuerat

2063 4810 2267 4884 catenis
2323 4818 2378 4865 et
2429 4824 2647 4874 carcere
2697 4808 3022 4864 constrictus
3060 4810 3132 4865 ob
3172 4808 3372 4866 Christi
3426 4824 3659 4877 nomen,

2066 4904 2250 4980 novies
2339 4910 2665 4974 pugnaverat
2733 4901 2991 4958 adversus
3072 4911 3373 4974 tyrannos,
3442 4910 3497 4958 et
3574 4903 3660 4957 in-

2067 4999 2243 5053 victus
2272 5007 2532 5064 steterat,
2562 5006 2623 5051 ut
2653 4995 2882 5051 habetur
2916 4997 2968 5051 in
2999 4996 3138 5053 libro
3163 4996 3227 5051 de
3255 4995 3508 5051 Mortibus
3540 4994 3665 5050 Per-

2065 5098 2375 5145 secutorum.
2405 5088 2782 5144 Conlessorem
2830 5098 2940 5143 tam
2968 5088 3223 5144 eximium
3269 5096 3457 5159 postea
3503 5098 3658 5159 tyro-

2066 5198 2190 5240 nem
2227 5182 2485 5254 appellari
2514 5180 2775 5252 potuisse,
2807 5180 2990 5237 saeculi
3020 5182 3247 5251 negotiis
3285 5180 3622 5252 implicatum
3642 5220 3667 5250 ,

2063 5284 2119 5332 ει
2146 5275 2440 5332 christiana
2469 5273 2728 5345 religione
2767 5288 2876 5329 non
2908 5273 3042 5329 satis
3071 5273 3366 5341 imbutum,
3393 5273 3517 5345 quis
3542 5287 3667 5331 cro-

2063 5368 2198 5425 dat?

2135 5461 2243 5519 Sed
2271 5475 2377 5517 nou
2405 5468 2491 5517 εει
2530 5467 2639 5515 tam
2666 5460 2945 5532 explorata
2970 5458 3060 5515 illa
3087 5459 3260 5528 ratio,
3305 5457 3374 5515 ad
3419 5466 3664 5516 mentem

2063 5563 2224 5626 atque
2251 5553 2559 5622 opinionem
2579 5593 2595 5620 ,
2622 5568 2783 5624 quam
2831 5553 3068 5608 Domnus
3095 5552 3145 5609 le
3173 5551 3386 5625 Nourry
3414 5563 3666 5611 astruere

2065 5649 2272 5706 nititur.
2297 5647 2493 5703 Nullibi
2524 5646 2667 5702 enim
2700 5648 2754 5702 in
2782 5647 2920 5702 libro
2964 5647 3028 5701 de
3067 5645 3160 5700 Ira
3200 5644 3296 5701 Dei
3350 5645 3587 5702 Donatus
3630 5663 3664 5704 a

2066 5741 2349 5798 Lactantio
2388 5739 2640 5811 expressis
2680 5738 2845 5793 verbis
2874 5739 3167 5809 appellatur
3213 5748 3326 5810 tyro
3367 5738 3665 5810 implicatus

2068 5834 2243 5890 steculi
2271 5834 2504 5904 negotiis,
2537 5842 2585 5887 et
2613 5829 2909 5888 Christiana
2939 5831 3189 5903 religione
3214 5848 3318 5888 non
3344 5831 3470 5886 satis
3495 5832 3665 5887 imbu-

2067 5935 2169 5982 tus.
2195 5925 2313 5988 Non
2343 5923 2513 5981 solum
2561 5923 2693 5980 illud
2738 5937 2846 5982 non
2890 5922 3122 5979 habetur
3163 5922 3234 5981 de
3279 5921 3481 5978 Donato
3512 5924 3662 5994 apud
