3828 6262
216 203 284 267 161
1197 217 1283 276 DE
1323 221 1528 279 AUCT.
1565 222 1692 280 LIB.
1737 225 1824 282 DE
1861 223 2068 284 MORT.
2117 230 2496 290 PERSECUT.

3393 244 3496 304 162

211 317 515 384 Lactantium
540 331 814 400 expressis
846 332 1004 388 verbis
1037 350 1055 388 :
1093 349 1275 390 verum
1305 337 1468 392 etiam
1502 338 1635 394 nihil
1661 355 1782 396 om-
1811 344 1864 403 A
1890 343 2026 412 phiae
2054 345 2339 401 doctrinam
2369 358 2417 401 et
2455 349 2661 420 planius
2682 392 2696 418 ,
2743 361 2790 406 et
2821 355 2987 408 verius
3031 355 3352 414 cohortabor.
3386 360 3492 418 Ista

210 417 311 473 nino
352 419 492 490 apud
535 436 664 476 eum
714 426 996 494 occurrit,
1044 441 1150 497 quo
1195 429 1476 500 quisquam
1522 431 1670 486 illum
1717 432 1787 489 de

205 507 389 566 Donato
415 513 486 566 ita
511 514 762 571 sensisse
789 518 1052 587 suSpicari
1085 521 1275 589 possit.

261 603 470 659 Duobus
502 614 714 661 tantum
744 611 801 662 in
854 609 985 666 locis
1028 610 1338 669 Lactantius
1384 615 1685 673 orationem
1715 616 1784 674 ad

200 689 447 750 Donatum
476 697 747 753 convertit
778 698 833 754 in
864 699 1004 755 libro
1034 701 1095 756 de
1119 701 1212 756 Ira
1244 703 1360 772 Dei,
1387 722 1578 777 nempe
1600 723 1720 778 cap.
1741 725 1782 775 ι,

197 784 281 840 ubi
335 787 412 841 sic
477 785 639 843 habet
708 807 722 841 :
790 790 1002 846 Adverti
1043 809 1210 865 sa’pe,
1258 794 1491 865 Donate,
1533 800 1784 866 plurimos

205 878 475 933 existimare
501 895 603 933 non
631 881 794 935 irasci
821 881 1176 939 Deum........
1205 903 1425 956 quorum
1452 904 1616 955 error,
1661 891 1785 961 quia

207 971 444 1025 maximus
481 981 587 1038 est,
633 981 681 1027 et
725 973 796 1027 ad
826 977 1151 1032 evertendam
1190 980 1306 1034 vita:
1331 981 1573 1036 humanm
1593 993 1783 1038 statum

206 1072 412 1133 spectat,
441 1065 794 1136 coarguendus
821 1078 896 1122 est
919 1085 950 1122 a
980 1070 1124 1125 ttobis
1145 1113 1159 1136 ,
1192 1089 1256 1127 ne
1299 1073 1409 1140 ipse
1448 1075 1652 1144 fallaris
1679 1076 1780 1129 int-

209 1159 366 1228 pulsus
391 1161 692 1214 auctoritate
719 1161 983 1216 hominum
1004 1205 1017 1229 ,
1047 1166 1135 1233 qui
1160 1181 1212 1218 se
1239 1177 1421 1234 putant
1447 1184 1553 1223 esse
1576 1169 1782 1239 sapien-

213 1262 289 1307 tes.
317 1253 464 1308 Alter
492 1253 641 1308 locus
673 1254 868 1324 legitur
892 1271 1011 1326 cap.
1033 1256 1133 1322 22,
1167 1257 1256 1312 ubi
1287 1259 1364 1314 sic
1391 1260 1624 1330 loquitur
1644 1261 1780 1317 Lac-

215 1343 386 1398 tantius
417 1361 432 1397 :
461 1343 592 1399 Herc
615 1346 798 1412 habui,
830 1363 946 1417 quat
974 1348 1035 1402 de
1058 1348 1150 1401 Ira
1177 1348 1271 1403 Dei
1298 1349 1515 1405 dicerem
1533 1393 1548 1418 ,
1580 1352 1780 1409 Donate

214 1437 507 1502 charissime,
538 1447 596 1491 ut
619 1440 775 1493 scires
799 1441 1232 1510 quemadmodum
1253 1443 1510 1512 refelleres
1549 1460 1633 1498 eos
1650 1487 1665 1511 ,
1689 1446 1778 1516 qui

216 1527 354 1582 Deum
379 1531 574 1599 faciunt
598 1531 1023 1588 immobilem.....
1055 1533 1332 1605 PrOpheta:
1351 1539 1575 1592 universi
1603 1541 1776 1596 divino

217 1621 390 1693 Spiritu
428 1622 607 1692 repleti
650 1625 782 1678 nihil
830 1624 1013 1691 aliud,
1046 1613 1199 1698 quam
1229 1628 1291 1682 de
1335 1631 1504 1700 gratia
1534 1630 1626 1686 Dei
1655 1649 1776 1703 erga

209 1714 376 1783 justas,
402 1724 448 1767 et
477 1713 541 1768 de
565 1715 646 1774 ira
677 1713 776 1770 Dei
806 1717 1046 1772 adversus
1089 1719 1272 1789 impios
1299 1720 1599 1790 loquuntur,
1647 1741 1775 1796 quo-

215 1823 310 1858 rum
331 1807 607 1861 testimonia
637 1808 782 1863 nobis
808 1810 1013 1880 quidem
1044 1813 1169 1865 satis
1199 1821 1315 1867 sunt
1337 1830 1357 1868 :
1377 1829 1548 1868 verum
1570 1816 1632 1869 iis
1652 1833 1776 1885 quo-

214 1897 332 1950 niam
356 1915 448 1952 non
479 1899 692 1954 credunt
718 1902 839 1966 isti,
862 1904 949 1971 qui
969 1903 1274 1969 sapientiam
1298 1906 1503 1975 capillis
1531 1917 1576 1961 et
1599 1908 1774 1962 habitu

205 1990 378 2059 jactant
398 2033 411 2056 ,
440 1991 633 2046 ratione
659 2009 861 2064 quoque
889 2003 936 2048 et
962 1997 1275 2067 argumentis
1303 1999 1514 2070 fuerunt
1555 2018 1586 2055 a
1627 2002 1774 2057 nobis

208 2085 467 2156 refellendi.
1477 2152 1494 2169 .

267 2179 339 2235 Ex
381 2179 464 2236 hic
502 2180 636 2237 locis
675 2181 884 2252 liquet,
935 2184 1217 2239 consilium
1259 2184 1520 2243 Lactantii
1571 2188 1766 2258 fuisse,

205 2272 267 2326 ita
325 2272 573 2327 Donatum
622 2275 766 2330 circa
823 2274 914 2330 Dei
968 2276 1357 2345 providentiam
1405 2279 1658 2348 erudire,
1713 2293 1770 2339 ut

203 2376 371 2436 posset
397 2367 539 2438 ipsos
565 2367 961 2439 Philosophus,
1001 2370 1090 2440 qui
1121 2385 1240 2424 eam
1273 2371 1563 2439 tollebant,
1598 2376 1768 2430 ratio-

197 2476 313 2513 num
341 2461 613 2515 momentis
641 2459 914 2516 refellere.
945 2460 1052 2516 Sed
1081 2461 1218 2517 adeo
1251 2479 1356 2518 non
1388 2465 1622 2534 appellat
1644 2481 1766 2522 eum

201 2563 426 2622 tyroncm
467 2552 800 2623 implicatum
841 2553 1025 2608 saeculi
1074 2555 1337 2625 negotiis,
1380 2567 1434 2610 et
1477 2555 1767 2613 christiana

193 2645 437 2714 religione
465 2661 568 2702 non
601 2646 735 2702 satis
761 2647 1054 2711 imbutum,
1086 2656 1144 2702 ut
1187 2662 1252 2702 ex
1296 2648 1474 2704 verbis
1504 2649 1765 2707 Lactantii

191 2737 480 2808 colligatur,
511 2739 778 2793 Donatum
824 2754 933 2792 non
987 2739 1262 2809 ignorasse
1283 2782 1296 2806 ,
1325 2741 1448 2811 quid
1480 2741 1765 2812 Propheta:

188 2831 410 2888 universi
438 2834 682 2890 dicerent
710 2833 778 2888 de
806 2834 975 2904 gratia
1005 2833 1099 2888 Dei
1127 2849 1252 2903 erga
1279 2835 1455 2904 justos
1475 2877 1490 2902 ,
1519 2845 1572 2890 et
1598 2836 1666 2890 de
1685 2836 1763 2889 ira

185 2926 298 2994 ejus
324 2927 568 2984 adversus
597 2929 796 3003 impios
817 2969 832 2995 ,
858 2937 1020 3000 atque
1045 2928 1115 2983 ita
1157 2929 1364 2983 Donato
1390 2943 1575 2983 eorum
1607 2929 1763 2984 testi-

183 3018 356 3072 monia
381 3035 494 3075 esse
524 3029 671 3088 nota,
701 3028 759 3074 ut
784 3019 885 3085 ipsi
913 3020 1042 3075 satis
1069 3028 1279 3086 essent,
1307 3019 1759 3090 quemadmodum

1889 447 2041 493 certe
2064 440 2227 496 verba
2257 440 2523 498 Lactantii
2552 448 2902 518 praeceptoris
2929 461 3054 504 sunt
3079 459 3323 522 tyroncm
3349 454 3493 508 chri-

1889 528 2064 585 stiana
2093 531 2355 603 religione
2400 550 2508 590 non
2539 533 2670 613 satis
2719 539 2978 595 imbutum
3023 542 3405 613 alloquentis.:
3436 555 3493 602 at

1886 615 2006 674 haec
2037 621 2438 680 Demetrianum
2459 667 2474 691 ,
2510 642 2616 682 non
2647 638 2826 684 autem
2857 630 3121 686 Donatum
3153 645 3420 714 spectant.

1963 710 2021 763 4°
2042 712 2377 771 Lactantium
2401 727 2674 775 auctorem
2698 736 2820 778 esse
2841 723 2966 779 libri
2991 725 3058 780 de
3079 710 3340 786 Mortibus
3361 731 3490 787 Pcr-
3565 731 3574 740 ’

1887 816 2218 876 secutorum,
2250 811 2375 866 inde
2397 813 2677 882 probatur,
2705 815 2846 885 quod
2870 817 3198 876 Nicomedia:
3229 821 3279 876 in
3305 823 3492 898 Bithy-

1886 900 1972 954 nia
1996 942 2010 966 ,
2042 901 2182 955 sicut
2207 911 2261 957 et
2287 913 2475 960 auctor
2505 905 2625 961 libri
2659 907 2722 960 de
2768 908 3020 965 Mortibus
3053 911 3452 971 Persecutorum
3472 959 3490 987 ,

1885 995 2319 1050 commorabatur
2364 997 2526 1052 etiam
2579 997 2891 1055 Lactantius
2936 1018 3002 1058 eo
3053 1013 3334 1076 tempore,
3385 1025 3492 1080 quo

1885 1086 2188 1155 persecutio
2232 1086 2284 1141 in
2317 1086 2652 1145 Christianos
2699 1102 2939 1162 grassata
2989 1105 3072 1151 est
3095 1139 3109 1161 ,
3142 1107 3199 1154 ct
3229 1099 3322 1155 Dei
3355 1110 3490 1157 tem-

1885 1176 2030 1245 plum
2072 1192 2324 1233 eversum
2354 1189 2460 1236 est.
2507 1181 2559 1235 ld
2594 1183 2765 1254 ipsum
2799 1184 2868 1240 de
2895 1201 2956 1240 se
2987 1196 3215 1244 testatur
3259 1191 3490 1248 Lactan-

1884 1269 2024 1336 tius,
2059 1269 2196 1324 libro
2226 1287 2279 1336 ν,
2316 1271 2714 1328 Institutionum
2741 1317 2756 1340 ,
2789 1291 2910 1346 cap.
2941 1276 2978 1330 2
3003 1321 3018 1344 ,
3067 1279 3154 1334 ubi
3187 1282 3266 1337 sic
3313 1283 3489 1354 loqui-

1883 1370 1970 1416 tur
2002 1382 2014 1417 :
2049 1363 2160 1435 Ego
2184 1381 2301 1418 cum
2321 1366 2374 1418 in
2399 1364 2644 1437 Bithynia
2673 1369 2925 1425 oratorias
2951 1371 3146 1426 litteras
3174 1376 3364 1430 accitus
3395 1377 3490 1432 do-

1881 1471 2041 1508 cerem
2064 1497 2078 1521 ,
2106 1458 2496 1527 contigissetque
2517 1499 2530 1523 ,
2560 1468 2617 1512 ut
2646 1461 2822 1514 eodem
2867 1457 3093 1533 ternpore
3118 1464 3212 1520 Dei
3243 1468 3488 1539 templum

1878 1558 2196 1603 everteretur.
2228 1549 2387 1604 Siluit
2415 1551 2563 1606 urbis
2593 1567 2813 1620 nomen,
2838 1555 2890 1608 in
2915 1571 3020 1626 qua
3047 1555 3231 1612 docuit
3258 1559 3487 1615 Lactan-

1880 1637 1986 1692 tius
2016 1655 2030 1693 :
2061 1639 2156 1694 sed
2183 1638 2538 1712 Hieronymus
2559 1656 2666 1697 non
2694 1646 3074 1712 praetermisit;
3101 1647 3337 1704 aitenim
3364 1652 3482 1708 loco

1804 1739 1851 1800 Β
1878 1741 2041 1796 supra
2069 1729 2252 1796 citato,
2277 1729 2612 1788 Lactantium
2640 1733 2984 1792 Rhetoricam
3013 1737 3340 1796 Nicomedize
3364 1743 3473 1798 do-

1877 1820 2074 1876 cuisse.
2101 1821 2303 1877 Auctor
2329 1823 2488 1878 etiam
2519 1824 2640 1878 libri
2671 1826 2733 1880 de
2778 1826 3031 1884 Mortibus
3076 1829 3474 1889 Persecutorum

1875 1912 2199 1970 Nicomediae
2228 1934 2319 1983 se,
2371 1918 2485 1989 ipsa
2521 1923 2900 1990 persecutione
2942 1926 3199 1982 saeviente
3224 1969 3239 1993 ,
3270 1938 3325 1984 et
3355 1945 3477 1988 cum

1876 2005 2134 2072 templum
2171 2008 2265 2063 Dei
2298 2009 2416 2064 solo
2442 2011 2782 2082 adaequatum
2811 2025 2928 2084 est,
2959 2020 3254 2087 mansisse,
3287 2037 3476 2080 revera

1874 2111 1981 2150 non
2009 2097 2136 2153 dicit
2171 2119 2185 2154 :
2220 2101 2316 2155 sed
2346 2117 2457 2157 rem
2491 2112 2654 2158 totam
2687 2105 2755 2160 ita
2800 2118 2985 2162 narrat
3014 2127 3161 2168 num.
3196 2112 3300 2180 12,
3333 2125 3392 2170 ut
3422 2116 3477 2172 in

1875 2190 2050 2245 oculis
2079 2192 2197 2261 ejus
2226 2203 2434 2264 gestam
2467 2211 2590 2252 esse
2613 2198 2960 2271 intelligatur.
2989 2203 3236 2275 Repente,
3270 2207 3467 2280 inquit,

1871 2282 2040 2337 adhuc
2071 2284 2224 2339 dubia
2250 2287 2362 2342 luce
2391 2289 2460 2342 ad
2483 2288 2833 2348 Ecclesium...
2867 2295 3037 2360 venit;
3065 2307 3113 2350 et
3147 2300 3364 2354 revulsis
3390 2303 3478 2374 fo-

1870 2374 2012 2429 ribus
2041 2378 2371 2434 simulacrum
2402 2381 2498 2436 Dei
2535 2385 2803 2452 quwritur,
2833 2385 3121 2457 Scriptura:
3144 2402 3359 2461 reperta:
3395 2396 3479 2448 in-

1870 2466 2176 2536 cenduntur,
2207 2470 2360 2525 datur
2390 2475 2622 2529 omnibus
2653 2477 2830 2544 praeda
2869 2493 2890 2531 :
2915 2480 3136 2547 rapitur,
3169 2485 3474 2556 trepidatur,

1869 2556 2194 2614 discurritur.
2224 2561 2340 2632 Ipsi
2365 2568 2377 2628 (
2401 2565 2754 2638 imperatores)
2783 2585 2898 2622 vero
2925 2570 2976 2623 in
3001 2575 3224 2640 speculis
3254 2578 3270 2640 (
3289 2577 3342 2630 in
3369 2578 3477 2634 alto

1869 2651 2003 2704 enim
2022 2656 2295 2708 constituta
2321 2655 2549 2713 Ecclesia
2579 2677 2642 2714 ea:
2665 2661 2861 2730 palatio
2885 2664 3167 2740 uidebatur)
3182 2670 3271 2724 diu
3286 2673 3478 2729 interse

1867 2744 2242 2811 concertabant,
2258 2757 2426 2801 utrum
2447 2751 2614 2821 ignem
2638 2755 2805 2824 potius
2816 2759 3038 2827 supponi
3049 2773 3323 2830 oporteret.
3342 2763 3475 2821 Vicit

1866 2837 2112 2888 sententia
2136 2835 2510 2911 Diocletianus,
2535 2859 2738 2911 cavens,
2759 2863 2822 2901 ne
2842 2865 3032 2918 magno
3051 2852 3286 2909 incendio
3310 2857 3470 2927 facta,

1866 2942 1987 2995 pars
2033 2927 2208 2998 aliqua
2255 2931 2473 2986 civitatis
2521 2935 2744 2990 arderet.
2791 2935 3062 2996 Veniebant
3090 2945 3244 3014 igitur
3271 2945 3474 3002 Praeto-

1865 3019 2002 3073 riani
2029 3022 2138 3075 acie
2167 3031 2364 3078 structa
2393 3041 2509 3079 cum
2535 3028 2798 3085 securibus
2815 3041 2862 3085 et
2883 3032 3002 3087 aliis
3034 3037 3353 3105 ferramentis
3373 3082 3389 3108 ,
3423 3050 3473 3096 et

179 3108 277 3179 ipsi
326 3108 626 3181 Lactantio;
676 3128 899 3184 quorum
971 3113 1294 3180 testimonia,
1347 3113 1517 3184 inquit
1541 3157 1557 3181 ,
1611 3113 1755 3168 nobis
1783 3133 1828 3198 ρ
1863 3109 2076 3166 immissi
2101 3115 2354 3187 undique,
2388 3126 2558 3172 tamen
2595 3118 2729 3174 illud
2755 3123 3093 3178 editissimum
3119 3129 3299 3196 paucis
3325 3131 3468 3188 horis

173 3203 298 3258 satis
321 3215 448 3259 sunt.

243 3299 483 3355 Arbitror
523 3300 773 3371 equidem
820 3300 1081 3370 plurimos
1127 3300 1295 3356 luisse
1342 3311 1610 3372 martyres
1636 3301 1755 3356 exi-

172 3389 309 3444 mios
334 3389 614 3446 christiana
643 3392 906 3462 religione
930 3393 1060 3447 satis
1086 3393 1319 3448 imbutos
1337 3434 1350 3458 ,
1381 3402 1437 3448 et
1460 3394 1754 3448 etiamnum

173 3493 292 3535 esse
323 3482 846 3553 nonnullos-pietate
889 3483 1212 3552 conspicuos
1256 3483 1615 3547 christianos,
1662 3483 1754 3554 qui

175 3579 346 3629 tamen
370 3591 470 3630 non
501 3588 725 3645 possent
769 3576 982 3632 ratione
1024 3585 1077 3632 et
1102 3581 1466 3647 argumentis,
1501 3584 1558 3631 ut
1606 3577 1658 3632 in
1687 3592 1754 3633 eo

174 3664 306 3722 libro
331 3669 388 3722 de
431 3666 523 3722 Ira
550 3667 650 3724 Dei
690 3679 953 3739 priestare
997 3681 1223 3725 conatus
1268 3678 1352 3725 est
1394 3669 1746 3736 Lactantius,

174 3760 428 3816 extricare
451 3776 512 3816 se
540 3760 1348 3834 argumentis_philosophorum
1368 3761 1631 3816 adversus
1658 3761 1749 3817 Dei

174 3852 572 3924 providentiam.
622 3851 900 3923 Ejusmodi
927 3854 1070 3908 enim
1102 3863 1228 3908 sunt
1258 3855 1356 3909 ista
1389 3863 1704 3924 argumenta
1732 3896 1748 3924 ,

177 3952 228 3996 ut
249 3957 360 4013 cap.
409 3946 476 4001 15
522 3945 667 3999 dicat
694 3944 1041 4013 Laelantius,
1074 3946 1154 4014 his
1199 3946 1463 4017 plerosque
1509 3943 1750 4000 Philoso-

177 4036 410 4106 phorum,
449 4041 540 4108 qui
567 4038 939 4109 providentiam
975 4039 1296 4110 defendunt,
1341 4037 1626 4110 perturbari
1668 4055 1751 4093 so-

174 4130 288 4199 lere,
306 4146 347 4188 et
362 4135 545 4188 invitos
557 4149 684 4204 pene
694 4133 857 4203 adigi,
874 4143 929 4186 ut
951 4131 1114 4186 Deum
1127 4132 1256 4187 nihil
1271 4149 1453 4186 curare
1464 4137 1746 4203 fateantur.

237 4227 450 4284 Videtur
471 4227 712 4282 Domnus
734 4228 783 4281 le
804 4225 1015 4297 Nourry
1039 4225 1312 4281 memoriae
1335 4225 1488 4294 lapsu
1513 4225 1751 4280 tribuere

177 4315 386 4382 Donato,
414 4319 556 4389 quod
587 4316 902 4372 Lactantius
926 4316 1271 4372 Demetriano
1293 4316 1425 4372 dicit
1443 4315 1496 4370 in
1525 4315 1660 4371 libro
1681 4316 1750 4370 de

177 4403 380 4475 Opiﬁcio
404 4410 515 4465 Dei.
543 4409 887 4464 Demetriano
907 4408 1112 4464 scilicet
1133 4409 1326 4463 librum
1348 4409 1510 4462 istum
1533 4408 1600 4462 de
1623 4407 1751 4477 Opi-

1858 3203 1970 3258 solo
1995 3205 2352 3276 adtequarunt.
2405 3209 2474 3264 Et
2521 3227 2670 3267 num.
2707 3213 2774 3268 15
2806 3233 2819 3268 :
2852 3214 3110 3273 Postridie
3152 3223 3470 3292 prapositum

1857 3305 1930 3349 est
1949 3297 2206 3364 edictum,
2249 3317 2349 3369 quo
2388 3301 2677 3371 cavebatur,
2726 3316 2781 3360 ut
2812 3309 3075 3380 religionis
3117 3313 3258 3368 illius
3303 3315 3470 3371 Itami-

1858 3403 1944 3442 nes
1974 3401 2204 3445 carerent
2231 3393 2370 3446 omni
2402 3394 2594 3449 honore
2623 3412 2684 3449 ac
2729 3397 3013 3469 dignitate;
3046 3405 3308 3460 tormentis
3337 3408 3464 3462 sub-

1849 3479 1974 3550 jecti
2015 3490 2246 3536 essent...
2289 3483 2443 3549 Quod
2481 3485 2704 3540 edictum
2748 3490 2993 3557 quidam,
3040 3495 3135 3548 etsi
3164 3512 3266 3551 non
3291 3508 3464 3568 recte,

1854 3587 2038 3642 magno
2085 3581 2254 3628 tamen
2292 3576 2464 3632 animo
2494 3578 2710 3644 diripuit
2751 3591 2798 3634 et
2845 3586 3162 3642 conscidit...
3195 3591 3466 3660 statimque

1856 3665 2134 3735 productus
2152 3709 2165 3732 ,
2198 3684 2300 3722 non
2330 3670 2481 3724 modo
2508 3681 2757 3740 extortus,
2789 3676 2880 3728 sed
2907 3678 3064 3732 etiam
3094 3681 3314 3752 legitime
3341 3701 3462 3738 coc-

1857 3767 1958 3822 tus,
1980 3774 2092 3812 cum
2113 3759 2404 3814 admirabili
2431 3763 2676 3832 patientia
2697 3775 2951 3835 postremo
2971 3782 3180 3825 exustus
3203 3783 3294 3827 est.
3317 3775 3462 3830 Prat-

1857 3858 2002 3904 terea
2029 3867 2149 3920 quae
2183 3850 2448 3907 habentur
2479 3870 2627 3908 num.
2662 3856 2729 3909 l7
2758 3856 2827 3912 de
2851 3860 3060 3926 morbo,
3086 3879 3193 3933 quo
3215 3863 3464 3922 Nicome-

1854 3939 1956 3994 dite
1987 3940 2256 3997 laboravit
2287 3943 2684 4014 Diocletianus;
2705 3957 2758 4002 et
2777 3965 2921 4003 num.
2953 3951 3023 4007 55
3044 3952 3112 4008 de
3137 3953 3330 4012 Edicto
3353 3957 3462 4014 Ga-

1854 4032 1972 4088 lerii
1992 4033 2316 4091 Nicomediae
2340 4040 2636 4108 preposito,
2656 4056 2719 4096 ac
2735 4041 2804 4097 de
2830 4041 2950 4112 die,
2982 4063 3088 4118 quo
3113 4051 3323 4120 cognita
3351 4050 3457 4109 fuit

1852 4125 2178 4184 Nicomediae
2209 4147 2354 4186 mors
2375 4131 2594 4198 Galerii,
2618 4135 3004 4192 illaauctorem
3034 4141 3196 4197 istum
3228 4143 3352 4200 libri
3396 4147 3461 4220 de

1853 4217 2107 4275 Mortibus
2129 4220 2522 4280 Persecutorum
2542 4226 2855 4298 aliquandiu
2879 4228 3208 4290 Nicomediae
3234 4217 3451 4308 desisse

1853 4310 2068 4367 abunde
2099 4314 2353 4383 probant.

1926 4403 1983 4457 5°
2007 4404 2153 4460 Idem
2181 4415 2266 4462 est
2291 4409 2530 4464 auctoris
2577 4411 2697 4465 libri
2729 4411 2799 4468 dc
2843 4413 3104 4472 Mortibus
3131 4416 3454 4476 Persecuto-

179 4497 284 4553 licio
310 4499 397 4555 Dei
425 4502 776 4570 inscripserat
798 4542 814 4565 ,
843 4508 899 4555 et
923 4499 1065 4554 hunc
1094 4501 1243 4555 velut
1271 4513 1514 4571 tyroncm
1547 4501 1625 4554 sic
1666 4501 1748 4554 al-
1774 4532 1828 4592 Ι)
1855 4510 1971 4549 rum
1997 4540 2012 4565 ,
2042 4511 2105 4551 ac
2136 4497 2398 4555 Lactantii
2428 4503 2622 4573 stylus.
2652 4504 2804 4571 Quod
2833 4515 2887 4559 ut
2913 4506 3117 4562 clarius
3147 4519 3347 4578 pateat,
3369 4511 3454 4567 hic

180 4588 408 4660 loquitur.
453 4590 770 4662 Praeceptor,
799 4593 876 4646 ait
917 4593 1089 4661 capite
1140 4591 1344 4661 primo,
1378 4592 1530 4645 etiam
1570 4608 1744 4657 nunc,

179 4681 253 4734 sed
275 4685 568 4738 honestioris
590 4684 664 4738 rei
688 4683 1010 4754 meliorisque
1031 4683 1343 4738 doctrinae...
1376 4695 1422 4738 te
1449 4701 1628 4738 moneo
1660 4697 1746 4738 re-

182 4787 358 4843 petens,
381 4779 666 4848 iterumque
693 4779 934 4845 monebo,
973 4795 1037 4832 ne
1073 4779 1438 4833 oblectamenta
1475 4781 1574 4833 ista
1601 4789 1749 4834 terra:

184 4885 259 4935 pro
282 4873 470 4943 magnis
497 4881 586 4926 aut
615 4871 744 4926 ueris
784 4871 928 4924 bonis
953 4869 1136 4926 habere
1177 4879 1224 4925 te
1249 4871 1446 4926 credas.
1482 4871 1550 4926 Et
1573 4872 1750 4942 capite

183 4961 381 5019 ultimo:
410 4963 473 5020 Si
512 4962 654 5019 Deus
683 4963 911 5031 dederit,
945 4963 1153 5034 inquit,
1199 4973 1247 5017 te
1274 4963 1342 5017 ad
1362 4979 1492 5018 certe
1522 4965 1750 5034 philoso-

243 5103 354 5161 Περ
395 5104 1202 5185 Ιεειιηιυνηηηηιθξαεεευηᾴο
1233 5103 1352 5185 libri
1383 5105 1454 5185 de
1483 5103 1746 5185 hlortibus

192 5172 562 5232 Persecutorum
596 5195 610 5230 :
645 5175 905 5230 Extremis
929 5179 1233 5245 temporibus
1261 5175 1450 5229 Tiberii
1489 5175 1740 5241 Cazsaris,

192 5249 473 5320 inscriptum
514 5250 756 5320 legimus,
806 5245 1057 5320 Dominus
1086 5258 1254 5320 noster
1279 5245 1441 5320 Iesus
1458 5246 1687 5320 Christus
1714 5261 1746 5298 a

194 5315 354 5388 iudicis
379 5315 632 5374 cruciatus
661 5329 738 5374 est
767 5328 881 5388 post
903 5318 1052 5388 diem
1097 5319 1347 5372 decimum
1393 5318 1746 5373 Kalendarum

197 5387 377 5460 Aprilis,
403 5395 596 5448 duobus
626 5387 860 5447 Geminis
885 5387 1208 5445 Consulibus.

236 5633 403 5696 Tettus
444 5638 568 5698 libri
596 5638 668 5694 de
695 5634 964 5692 Mortibus
994 5633 1416 5692 Persecutorum
1465 5640 1736 5698 consentit

174 5738 268 5788 cum
291 5731 486 5795 duobus
515 5732 768 5796 testibus
790 5745 825 5797 β
853 5727 1078 5801 regione
1104 5728 1316 5801 positis,
1335 5744 1401 5788 eo
1420 5733 1563 5804 quod
1586 5731 1736 5824 dica-

1858 4589 2118 4659 descripsi
2153 4603 2261 4646 tum
2291 4609 2412 4660 res,
2467 4605 2575 4649 tum
2607 4599 2905 4653 sententias
2925 4640 2940 4666 ,
2975 4610 3086 4654 tum
3117 4603 3450 4672 locutiones,

1855 4695 2056 4750 easque
2081 4682 2380 4753 singulares
2403 4695 2457 4740 et
2481 4685 2758 4742 Lactantio
2788 4690 3055 4758 pr0prias,
3083 4707 3201 4762 quae
3230 4693 3281 4747 in
3310 4695 3452 4752 libro

1855 4773 1920 4826 de
1941 4772 2194 4829 Mortibus
2222 4785 2598 4839 persecuturum
2618 4817 2634 4843 ,
2664 4787 2719 4832 et
2746 4780 2796 4833 in
2827 4779 2950 4834 aliis
2973 4781 3286 4839 indubitatis
3312 4784 3452 4841 Lac-

1856 4863 2006 4920 tantii
2035 4866 2287 4935 operibus
2327 4868 2532 4923 similes
2561 4869 2940 4940 reperiuntur,
2973 4882 3134 4945 atque
3164 4876 3234 4932 ob
3264 4879 3450 4938 oculos

1856 4972 1889 5016 θ
1919 4958 2137 5028 regione
2169 4959 2342 5030 posui.

1925 5097 2051 5171 Haec
2089 5097 2356 5171 leguntur,
2399 5098 2538 5154 libro
2561 5117 2612 5154 Iv
2637 5099 3071 5171 Institutionum,
3100 5121 3151 5163 c.
3188 5107 3298 5164 10:
3333 5110 3444 5167 Sub

1852 5169 2064 5247 imperio
2094 5168 2286 5247 Tiberii
2317 5169 2563 5247 Cwsar‘is,
2594 5176 2744 5247 cujus
2767 5191 2900 5228 anno
2931 5168 3108 5245 quinto
3137 5181 3332 5236 decimo
3354 5223 3367 5247 ,
3392 5184 3450 5237 id

1851 5250 1955 5322 est,
1983 5240 2180 5322 duobus
2218 5241 2438 5322 Gen-nnis
2469 5240 2808 5322 consulibus,
2855 5240 2983 5322 ante
3004 5250 3138 5303 diem
3177 5240 3450 5322 septimum

1852 5312 1960 5437 Elim
2016 5313 2198 5365 multa:
2246 5313 2545 5385 editiones)
2579 5314 2924 5371 Calendarum
2951 5312 3243 5391 Aprilium,
3272 5313 3449 5382 Judtei

1895 5384 2108 5436 hristunt
2132 5385 2515 5437 cruci/ixerunt.
3378 5417 3406 5437 Α

1895 5384 2108 5436 hristunt
2132 5384 2534 5451 cruci/ixerunt.
2997 5384 3008 5390 ’
3225 5384 3237 5391 ⁷
3375 5417 3406 5453 ρ

1924 5455 1988 5536 Et
2013 5454 2252 5538 ejusdem
2281 5456 2396 5509 libri
2417 5471 2549 5538 “cap.
2577 5457 2650 5511 2‘2
2682 5476 2695 5512 ε
2726 5458 2924 5538 Mirari
2955 5462 3148 5519 desinet
3184 5463 3351 5521 Deum
3379 5467 3444 5523 ab

1850 5525 2133 5579 hominibus
2156 5542 2260 5580 esse
2287 5527 2588 5584 cruciatum.

1842 5651 1928 5698 tur
1953 5643 2052 5698 sub
2082 5643 2302 5700 Tiberio
2327 5646 2541 5703 Caesare
2567 5647 2817 5708 Christus
2846 5668 2876 5711 a
2901 5651 3102 5710 Judaeis
3130 5663 3440 5746 cruciatusP

1841 5735 2049 5800 duobus
2077 5735 2322 5801 Geminis
2347 5735 2691 5800 Consulibus.
