3912 6256
137 262 241 320 ίϐὅ

1119 253 1206 309 DE
1246 251 1449 310 AUCT.
1492 250 1620 306 LIB.
1667 248 1755 305 DE
1793 246 2006 305 MORT.
2050 244 2436 304 PERSECUT.

3326 243 3432 299 166

138 380 660 445 impotensnusquam
682 376 889 440 repente
912 367 1201 445 comparuit
1226 409 1241 431 ,
1280 376 1333 420 ut
1363 383 1427 422 ne
1451 364 1730 436 sepulturas
1755 370 1805 431 Α
1844 432 1855 443 _
1905 359 1972 445 Et
1999 358 2191 445 eodem
2220 355 2579 445 libro‘cang
2885 354 2998 426 ipso
3041 349 3265 426 tempore
3285 396 3301 423 ,
3330 373 3431 427 quo

138 438 337 519 quidem
383 444 536 500 locus
561 444 623 519 in
650 438 783 519 terra
814 449 919 519 tam
1124 452 1323 494 elisus
1346 445 1635 519 appareret.

209 519 273 574 Et
296 515 593 571 nantem?)
620 531 632 566 ε
659 510 782 566 Post
815 512 951 566 hunc
997 510 1128 564 alter
1174 526 1278 564 non
1332 510 1499 564 minor
1549 516 1731 578 tyran-

141 608 298 644 nus...
317 586 606 640 diutissime
625 593 858 652 tutusque
878 582 1104 652 regnavit
1122 620 1139 643 ,
1159 579 1318 635 donec
1337 581 1523 652 impias
1552 593 1732 632 manus

141 662 373 715 adversus
400 656 675 710 Dominum
700 650 951 707 tenderet.
989 650 1269 714 Postquam
1309 650 1425 705 vero
1455 650 1523 703 ad
1564 664 1733 719 perse-

144 730 389 803 quendum
418 741 623 782 wsruu
640 740 899 803 popuwu
939 724 1182 803 instinctu
1201 721 1525 803 _Dtemonuni
1548 721 1734 773 incita-

146 794 226 857 tus
245 811 317 857 est
342 842 356 867 ,
385 811 505 853 tunc
534 796 753 867 traditus
773 797 827 850 in
852 810 1034 848 manus
1067 794 1391 867 inimicorum
1418 794 1510 847 luit
1535 805 1729 859 poenas.

218 870 286 927 Et
313 863 452 926 num.
484 869 518 924 ι
551 885 566 921 :
595 865 719 932 Quis
739 878 1025 922 susurrant
1054 864 1152 919 nisi
1179 863 1345 920 malus
1372 872 1727 934 persequatur.

225 944 288 999 Et
314 939 1001 999 nums9t.Ma:cimianus...
1045 935 1310 1000 omnibus,
1354 936 1443 1005 qui
1488 938 1727 1005 fuerunt,

152 1016 295 1069 malis
318 1009 527 1084 pejor._1_
534 1020 678 1084 uerat
716 1012 834 1064 huic
861 1023 1065 1084 ussrm
1094 1008 1352 1084 naturalis
1371 1005 1649 1061 barbaries.

225 1086 286 1141 Et
308 1079 533 1137 ἐπώλει
571 1098 585 1135 :
617 1079 848 1150 Corpora
882 1083 998 1153 jam
1039 1087 1263 1153 cremata
1286 1122 1306 1153 ,_
1334 1079 1461 1153 lecta
1510 1092 1654 1153 ossa,
1686 1082 1735 1129 et

156 1160 206 1211 in
262 1154 508 1226 pulverem
557 1149 1239 1223 comminuta'jactabantur
1289 1150 1344 1205 in
1396 1149 1608 1220 ﬂumine
1675 1160 1736 1200 ac

155 1244 292 1281 ηιαη.
918 1254 927 1259 λ

210 1296 269 1353 Et
294 1306 439 1354 num.
467 1292 542 1352 52
570 1311 583 1351 :
616 1290 770 1352 Dolet
795 1306 986 1352 BESTIA
1012 1301 1059 1351 et
1086 1292 1265 1366 mugit.

213 1940 398 1998 Sensus
423 1946 480 1996 et
505 1952 671 1996 voces
698 1939 753 1994 in
777 1936 859 1993 bis
888 1934 1121 1992 textibus
1160 1941 1481 1990 consonant.
1528 1931 1719 1990 Perse-

156 2046 347 2093 Cutores
377 2033 643 2090 Ecclesia:
672 2031 1010 2103 appellantur
1035 2026 1320 2096 utrobique
1365 2026 1538 2082 bestia:
1555 2044 1574 2094 ;
1607 2042 1732 2082 ossa

159 2141 427 2200 martyrum
472 2126 732 2182 dicuntur
761 2128 812 2179 in
836 2123 1047 2178 cineres
1071 2120 1404 2175 comminuta.
1463 2119 1736 2175 Praeterea

153 2218 514 2274 attendendum
542 2216 616 2273 ad
661 2219 791 2273 istas
818 2215 1119 2271 locutiones
1178 2213 1436 2284 utrinque
1488 2211 1729 2281 similes,

212 2358 325 2413 time
352 2354 542 2412 eodem
581 2370 732 2411 unm.
783 2356 818 2411 5
864 2352 986 2408 libri
1016 2352 1085 2406 de
1132 2347 1390 2405 Mortibus
1417 2355 1729 2418 persecuto-

159 2445 259 2484 rum
282 2431 523 2498 leguntur
556 2444 576 2480 :
625 2426 923 2498 Ecclesia...
950 2421 1584 2498 secutis..._temporibus,
1617 2421 1732 2489 qui-

155 2501 232 2555 ιιι
250 2493 359 2553 boni
382 2499 645 2569 principes
697 2496 916 2569 Romani
943 2494 1144 2569 imperii
1182 2493 1381 2569 clavunt
1408 2494 1729 2569 regimenque

153 2562 454 2625 tenuerunt...
492 2562 684 2623 manus
731 2584 848 2621 suas
886 2567 941 2620 in
990 2562 1251 2619 Orientem
1300 2562 1731 2629 Occidentemque

154 2643 354 2712 porrexit
375 2682 389 2705 ,
409 2651 459 2695 ut
478 2641 605 2710 jam
634 2639 808 2712 nullus
827 2646 953 2712 esset
983 2646 1235 2690 terrarum
1261 2634 1482 2712 angulus
1513 2644 1727 2712 ttinere-

156 2703 310 2766 inotus
328 2754 340 2773 .
377 2703 605 2780 quo'non
627 2710 806 2777 religio
838 2707 930 2762 Dei
960 2715 1267 2776 penetrasset
1291 2746 1306 2772 ,
1335 2703 1484 2758 nulla
1514 2704 1730 2780 denique

158 2786 285 2837 natio
315 2775 406 2836 tam
434 2783 562 2852 feris
590 2775 810 2835 moribus
835 2775 1004 2852 uiuens
1032 2818 1046 2841 ,
1087 2786 1141 2830 ut
1188 2792 1291 2830 non
1315 2816 1330 2844 ,
1368 2782 1598 2846 suscepto
1634 2775 1726 2828 Dei

156 2855 279 2909 cultu
303 2895 316 2919 ,
343 2854 405 2908 ad
422 2850 642 2920 iustitia:
667 2868 824 2923 Opera
849 2850 1146 2905 mitesceret.

219 2994 357 3049 Juxta
389 3002 572 3049 textus
614 2992 747 3046 istos
771 3032 788 3058 ,
844 2988 988 3045 nulla
1015 2994 1098 3043 est
1148 2996 1313 3059 gens,
1344 2983 1488 3040 nulla
1543 2982 1724 3051 natio,

161 3102 263 3158 qua:
299 3101 397 3142 non
438 3084 746 3155 susceperit
776 3076 871 3138 Dei
918 3078 1164 3147 cultum;
1221 3080 1275 3135 et
1323 3075 1529 3133 eisdem
1556 3072 1737 3133 verbis

1824 432 2003 500 justus
2031 430 2255 501 populus
2272 427 2477 501 nefarie
2503 427 2846 501 lacerabatur.

1910 502 1976 557 Et
2001 494 2194 558 eodem
2226 494 2388 555 libro-
2409 514 2529 569 cap.
2570 494 2612 569 Δ’7
2647 515 2661 554 :
2716 494 2935 552 Iustitia
2984 497 3115 553 nihil
3144 496 3287 553 aliud
3317 507 3388 552 est
3412 534 3435 565 ,

1833 588 1987 645 quch
2017 572 2115 645 Dei
2153 572 2291 645 unici
2316 572 2403 643 pia
2432 566 2745 645 et’religios‘a
2766 569 2992 645 cultura.

1910 640 1977 698 Et
1999 643 2192 697 eodem
2226 632 2363 697 libro
2391 656 2510 711 cap.
2558 632 2624 694 Η
2650 657 2663 694 :
2693 632 3022 709 lmpietatem
3054 655 3203 694 snam
3245 639 3435 711 adper-

1835 731 1923 769 sus
1950 728 2137 769 susms
2165 714 2405 767 violenter
2433 709 2695 775 exercent,
2725 726 2816 764 nec
2842 711 3093 765 immerito
3118 729 3150 764 a
3176 709 3438 779 proyhetis

1835 731 1923 769 sus
1950 729 2137 769 susms
2165 729 2405 767 viatenter
2433 729 2695 775 exercent,
2725 729 2816 764 nec
2842 729 3093 765 immerito
3118 729 3150 764 a
3176 729 3267 779 pro
3308 729 3436 762 nens

1835 801 2035 841 Βεετιιε
2058 790 2455 838 nominantur...
2492 782 2636 836 Nam
2661 782 2772 853 quis
2801 781 3057 838 Caucasus
3077 823 3093 848 ,
3112 798 3224 852 qna:
3252 729 3436 846 Adio",

1835 872 1950 927 qua:
1974 854 2225 909 Hircania
2251 864 2354 927 tam
2385 855 2629 908 immanes
2650 897 2663 920 ,
2698 863 2800 906 tant
2823 854 3183 927 sanguinarias
3211 860 3437 927 unquam

1837 925 2051 983 cassias
2071 928 2267 981 aluit...
2296 926 2389 979 illa
2413 934 2486 978 est
2515 939 2631 978 vera
2668 936 2851 979 BES'I‘IA
2877 965 2891 990 ,
2920 926 3066 995 cujus
3090 938 3193 977 una
3205 925 3445 994 fit”an

1963 1015 2204 1066 Funditur
2227 1020 2336 1065 ater
2356 1015 2545 1077 ubique
2569 1026 2734 1077 cruor,
2753 1013 2974 1063 crudelis
2986 1013 3174 1077 ubique

1964 1078 2166 1139 Luctus,
2190 1079 2377 1140 ubique
2403 1090 2569 1141 pavor,
2598 1085 2651 1128 et
2674 1079 2879 1141 plurima
2903 1077 3078 1128 mortis
3100 1077 3282 1140 imago.

1841 1159 2011 1215 Nemo
2040 1161 2195 1231 hujus
2217 1171 2373 1215 tanta:
2397 1160 2578 1214 bellua:
2602 1161 2968 1213 immanitatem
2990 1169 3153 1228 potest
3191 1177 3284 1229 pro
3322 1176 3438 1214 me-

1838 1233 1939 1286 rito
1966 1232 2282 1313 describere,
2335 1247 2450 1313 qua:
2491 1248 2593 1313 uno
2621 1233 2760 1313 .loco
2796 1233 3095 1313 recubans;
3145 1241 3313 1286 tamen
3350 1247 3441 1303 per

1841 1311 2000 1357 totum
2022 1302 2191 1357 orbem
2218 1301 2450 1359 dentibus
2479 1302 2658 1373 ferreis
2687 1301 2871 1367 stevit,‘
2916 1311 2964 1373 et
3006 1318 3107 1356 non
3136 1310 3334 1356 tantum
3352 1301 3442 1356 ar-

1840 1382 1920 1428 tus
1948 1375 2208 1428 hominum
2235 1372 2487 1445 dissipat,
2518 1372 2607 1427 sed
2654 1383 2702 1429 et
2748 1389 2868 1445 ossa
2906 1372 3020 1442 ipsa
3045 1374 3362 1439 comminuit,
3388 1380 3440 1430 et

1839 1445 1896 1499 in
1924 1445 2117 1506 cineres
2140 1445 2269 1514 furit
2292 1488 2306 1510 ,
2338 1442 2401 1499 ne
2429 1445 2540 1514 quis
2570 1454 2701 1498 extet
2721 1442 2998 1513 sepulturae
3026 1445 3188 1514 locus.

1917 1515 1987 1571 Et
2009 1510 2201 1572 eodem
2237 1515 2376 1571 libro
2419 1510 2451 1569 ἡ
2482 1515 2713 1589 lnstitut.
2766 1510 2884 1587 cap.
2928 1514 3000 1589 $3
3036 1532 3048 1569 :
3103 1510 3443 1589 lnjustissimi

1843 1598 2256 1656 persecutores...
2291 1604 2395 1657 non
2414 1604 2466 1641 se
2497 1596 2669 1655 patent
2692 1578 2899 1657 impune
2927 1578 3192 1657 laturos":
3228 1585 3442 1656 punien-

1844 1668 1926 1711 tur
1947 1660 2081 1712 enim
2119 1659 2327 1729 judicio
2370 1656 2533 1713 Dei...
2578 1656 2845 1729 propterea
2891 1656 3263 1712 vindicaturum
3309 1673 3362 1712 se
3390 1657 3445 1710 in

1843 1743 1929 1800 eos
1955 1728 2187 1800 celeriter
2206 1728 2494 1800 pollicetur,
2519 1736 2567 1786 et
2607 1729 3059 1785 extet-minutarum
3083 1742 3303 1784 BESTIAS
3330 1743 3445 1784 ina-

1768 1789 1815 1849 B
1845 1798 1922 1855 las
1937 1798 2002 1854 de
2027 1808 2185 1855 terra.

1842 1937 2093 2011 Magister
2114 1940 2365 1996 Dominus
2388 1982 2403 2009 ,
2436 1940 2684 2012 Magister
2717 1939 2887 2007 Deus,
2938 1942 3183 2012 templum
3204 1938 3360 2011 fidele
3398 1949 3448 1998 et

1841 2033 2053 2101 stabile,
2086 2030 2330 2104 templitm
2361 2042 2605 2088 aeternum
2633 2073 2648 2101 ,
2690 2034 2873 2088 domus
2901 2033 3104 2103 ﬁdelis,
3147 2031 3259 2089 Deo
3286 2026 3447 2088 colloi

1837 2139 1955 2177 care
1974 2163 1989 2187 ,
2026 2122 2134 2179 Deo
2157 2125 2463 2178 constituere
2493 2140 2510 2178 :
2534 2127 2753 2194 populus
2772 2127 2949 2194 justus
2970 2167 2983 2191 ,
3004 2125 3145 2179 Justi
3162 2168 3176 2191 ,
3203 2141 3301 2194 pro
3326 2126 3444 2182 veri

1841 2215 1933 2271 Dei
1951 2215 2281 2284 cultoribus;
2303 2216 2529 2287 justitia,
2556 2232 2655 2288 pro
2684 2217 2776 2273 Dei
2811 2204 3102 2289 singularis
3124 2214 3355 2273 cultura.

1911 2351 2035 2406 Haec
2066 2352 2161 2424 l_ib.
2194 2324 2265 2407 vn
2301 2353 2535 2408 lnstitut.
2571 2368 2691 2421 cap.
2741 2352 2810 2409 15
2858 2353 3107 2424 leguntur
3139 2371 3153 2407 :
3201 2353 3442 2413 Roma...

1832 2423 2035 2495 sublata
2054 2421 2365 2495 Carthagine
2386 2466 2398 2488 ,
2429 2441 2545 2494 qua:
2572 2426 2751 2478 tandiu
2778 2421 2967 2479 aemula
3010 2423 3223 2493 Imperii
3251 2424 3446 2480 Roma—
3544 2483 3555 2494 ,

1833 2493 1887 2545 ni
1913 2495 2043 2576 fuit2
2071 2493 2395 2550 manussuas
2421 2493 2475 2549 in
2521 2504 2679 2549 totum
2729 2495 2900 2551 orbem
2952 2504 3090 2551 terra
3135 2498 3441 2568 marique...

1837 2574 2130 2689 marmbe
2171 2650 2204 2688 ν
2236 2634 2469 2691 lnstitut.
2496 2651 2616 2705 cap.
2655 2637 2721 2691 15
2753 2654 2766 2691 :
2792 2635 2921 2692 Cant
2945 2653 3062 2692 vero
3088 2637 3152 2691 ab
3182 2648 3297 2693 ortu
3320 2638 3448 2693 solis

1835 2720 1994 2775 usque
2021 2705 2089 2758 ad
2133 2723 2370 2760 occasum
2416 2707 2500 2762 lea:
2536 2709 2712 2761 divina
2757 2719 2991 2776 suscepta
3036 2709 3134 2770 sit,
3185 2719 3232 2763 et
3284 2710 3448 2764 omnis

1838 2792 1987 2852 sexus
2011 2778 2225 2852 ,_ornnis
2263 2786 2418 2852 tetas,
2448 2788 2496 2832 et
2523 2794 2648 2852 gens
2667 2820 2682 2846 ,
2729 2787 2778 2834 et
2825 2780 3000 2852 regio,
3027 2780 3186 2835 unitis
3215 2795 3278 2835 ac
3304 2781 3448 2852 pari-

1838 2846 1929 2927 bus
1960 2848 2142 2902 animis
2163 2848 2272 2904 Deo
2291 2846 2532 2905 serviant.

1842 2985 2098 3077 Ecclesiae
2127 2994 2182 3043 et
2207 2984 2423 3058 Imperii
2452 2985 2679 3043 Romani
2708 2986 3029 3067 magnitudo.
3049 2987 3393 3044 describitur.

225 3225 337 3281 limo
358 3240 499 3280 num.
530 3224 574 3279 9
596 3230 651 3278 et
693 3216 761 3276 10
782 3218 901 3275 libri
933 3219 999 3273 de
1025 3210 1286 3272 Mortibus
1315 3221 1725 3286 persecutorum
1758 3213 1804 3277 C
1905 3208 2038 3286 lituo
2069 3207 2162 3286 lib_.
2194 3222 2247 3263 iv
2279 3206 2544 3286 instituu,
2579 3222 2698 3286 cap.
2747 3206 2817 3286 _27
2850 3207 3158 3286 leguntur}
3192 3207 3317 3263 Cum
3342 3208 3447 3265 diis

164 3297 384 3367 leguntur
408 3315 421 3351 :
452 3292 882 3367 Diocletianus...
902 3302 1055 3361 quam
1071 3296 1410 3367 uerbenatum
1430 3298 1728 3367 persequen-

165 3360 441 3423 di'habuerit
461 3409 476 3431 ,
506 3379 798 3434 exponant.
819 3360 886 3417 Ut
911 3360 1021 3416 erat
1046 3376 1137 3434 pro
1166 3361 1347 3434 timore
1371 3364 1627 3434 scrutator
1647 3371 1728 3410 re-

164 3457 259 3493 rum
283 3427 592 3511 futurarum,
623 3432 938 3511 immolabat_
952 3427 1192 3511 pecudes,
1213 3443 1258 3485 et
1288 3431 1341 3483 in
1355 3427 1619 3511 jecoribus
1644 3442 1731 3480 ea-

165 3499 497 3563 ram'rentura
555 3508 833 3577 quazrebat.
894 3499 1025 3557 Tum
1070 3502 1276 3577 quidam
1343 3499 1728 3577 ministrorum,

166 3583 347 3636 scientes
378 3570 681 3645 Domitium,
714 3594 827 3631 cum
860 3570 1152 3628 assisterent
1188 3571 1512 3645 immolanti,
1561 3570 1732 3645 impo-

166 3661 345 3705 suerunt
371 3638 678 3706 recurrens
701 3650 807 3702 suis
836 3654 1143 3719 nuntiarant:
1183 3638 1538 3719 Slcuunzﬁuo
1565 3642 1732 3719 facta,

169 3724 329 3792 fugatis
371 3722 723 3780 dtemonibns.
771 3732 918 3792 sacra
950 3714 1153 3792 turbata
1190 3720 1344 3792 sunt.-
1381 3706 1732 3792 Trepidabant

172 3780 429 3866 llr'uspices,
477 3809 577 3847 nec
602 3792 777 3866 solitas
803 3790 854 3866 in
884 3788 1187 3866 extisnotas
1209 3782 1445 3866 uidebant
1459 3780 1557 3866 λεί
1581 3780 1734 3866 quasi

174 3879 254 3915 non
276 3852 519 3926 litassent,
573 3865 759 3926 stemus
804 3857 1152 3912 immolabant.
1209 3854 1395 3907 Verum
1453 3852 1732 3926 identidem

172 3940 372 3990 antelata?
407 3922 589 3988 hostire
625 3922 753 3986 nihil
802 3928 1126 3985 ostendebant
1147 3967 1163 3994 ,
1194 3926 1355 3979 donec
1382 3923 1619 3994 magister
1649 3922 1737 3977 ille

177 4006 443 4074 Aruspicnm
482 4003 669 4075 Tagis,
693 4019 781 4057 seu
806 3999 1114 4075 suspicione.
1146 3992 1388 4075 seu_visu,
1418 3992 1737 4075 aitaidcirco

171 4092 256 4128 non
289 4065 594 4142 respondere
639 4065 788 4131 sacra
814 4114 828 4137 ,
859 4065 996 4137 quod
1026 4069 1173 4122 rebus
1196 4067 1388 4142 divinis
1407 4065 1610 4133 profani
1645 4065 1739 4118 ho-

172 4146 308 4200 mines
332 4136 641 4201 interessent.
670 4136 912 4220 Tuncira
940 4153 1185 4220 runnnts,
1217 4136 1509 4220 sacriﬁcare
1536 4152 1633 4189 non
1652 4151 1741 4220 eos

174 4227 376 4292 tantum,
420 4220 505 4292 qui
540 4218 710 4292 sacris
748 4211 1136 4292 ministrabant,
1158 4208 1277 4292 sed
1316 4208 1573 4292 universos
1596 4248 1610 4271 ,
1650 4208 1739 4277 qui

174 4298 294 4358 erant
321 4279 373 4342 in
395 4279 607 4358 palatio,
630 4286 806 4358 jussit,
831 4294 879 4340 et
905 4287 958 4338 in
982 4298 1095 4350 eos,
1127 4279 1170 4336 si
1195 4279 1555 4334 detrectassent
1580 4318 1596 4346 ,
1622 4291 1736 4333 ver-

177 4357 722 4417 beribusanimadaerti.

266 4490 319 4547 In
345 4501 564 4564 utroque
595 4500 738 4547 textu
768 4487 958 4546 eadem
985 4501 1090 4541 non
1120 4490 1322 4538 tantum
1356 4479 1745 4551 persecutionis

178 4601 314 4641 causa
356 4588 690 4658 assignatur;
736 4597 923 4638 verum
973 4578 1130 4635 etiam
1176 4592 1265 4633 res
1292 4574 1485 4631 eodem
1511 4571 1673 4630 modo
1700 4582 1758 4631 et

1833 3276 1942 3335 suis
1971 3279 2267 3353 immolant,
2282 3279 2335 3353 si
2364 3274 2570 3353 assistat
2596 3274 2782 3346 aliquis
2816 3274 3073 3351 signatam
3111 3280 3329 3353 frontem
3359 3296 3448 3353 ge-

1836 3368 1975 3417 rens,
2005 3367 2154 3405 saera
2179 3350 2323 3405 nullo
2345 3351 2496 3404 modo
2523 3351 2709 3416 litant;

1991 3467 2097 3519 Nec
2120 3480 2353 3530 resizonsa
2375 3472 2539 3530 potest
2556 3465 2809 3518 consultus
2826 3466 3044 3517 reddere
3067 3474 3225 3517 vates.

1842 3572 1909 3626 Et
1934 3573 2042 3627 htec
2067 3590 2203 3644 stupe
2227 3590 2386 3644 causa
2412 3573 2673 3641 praecipua
2692 3573 2948 3644 justitiam
2978 3573 3309 3644 persequendi
3338 3588 3452 3637 ma-

1842 3643 1906 3698 lis
1934 3641 2150 3714 regibus'
2166 3643 2286 3714 fuit.
2313 3642 2440 3714 Cum
2473 3644 2606 3696 enim
2627 3641 2838 3707 quidam
2866 3641 3215 3698 ministrorum
3244 3650 3451 3697 nostro-

1839 3730 1956 3767 rum
1978 3713 2386 3783 sacrificantibus
2418 3713 2647 3767 Dominis
2672 3715 2985 3779 nssisterent,
3019 3716 3256 3784 imposito
3284 3729 3452 3768 mou-

1842 3801 1995 3857 rmus
2023 3787 2192 3857 signa,
2223 3785 2345 3839 deos
2388 3786 2597 3839 illorum
2640 3788 2949 3857 fugauerunt
2970 3824 2986 3851 ,
3022 3802 3099 3857 ne
3146 3793 3355 3857 possent
3378 3786 3451 3857 in

1842 3801 1995 3841 'rtnus
2023 3801 2192 3855 signa,
2223 3801 2345 3839 aeos
2388 3801 2597 3839 tuorum
2640 3801 2699 3857 fu
2736 3801 2986 3851 auerunt,
3035 3802 3099 3839 ne
3146 3801 3355 3850 possent
3397 3801 3451 3838 tn

1840 3855 2115 3911 visceribus
2146 3856 2427 3911 hostiarum
2458 3857 2635 3923 futura
2674 3801 2968 3926 dipingere.
3007 3853 3160 3920 Quod
3208 3872 3324 3926 cum
3368 3856 3452 3911 in.

1843 3928 2126 3997 telligerent
2150 3928 2444 3995 Aruspices,
2468 3925 3041 3998 instigantibus’iisdem
3072 3925 3405 3982 Dwmonibas
3431 3967 3446 3991 ,

1844 4000 2028 4070 quibus
2058 4008 2345 4068 prosecant,
2370 4009 2730 4070 conquerentes
2760 4001 3005 4070 profanos
3030 3998 3260 4052 homines
3287 3998 3451 4052 sacris

1850 4069 2125 4140 interesse,
2172 4080 2379 4140 egerant
2418 4069 2673 4139 principes
2712 4085 2834 4123 suos
2859 4071 2911 4121 in
2927 4070 3174 4139 furorem,
3209 4078 3264 4122 ut
3293 4084 3455 4140 expu-

1845 4151 2059 4210 gnarent
2094 4138 2185 4195 Dei
2202 4138 2474 4213 templum,
2508 4138 2659 4213 seque
2686 4156 2804 4194 vero
2833 4138 3105 4209 sacrilegio
3129 4138 3455 4213 contamina-

1844 4220 1975 4283 rent,
2009 4213 2145 4279 quod
2179 4212 2489 4283 gravissimis
2516 4212 2923 4283 persequentium
2948 4212 3107 4281 pmnis
3137 4212 3453 4281 expiaretur.

1848 4280 1955 4335 Sed
1975 4280 2218 4352 quoniam
2247 4299 2407 4352 neque
2448 4280 2691 4356 accedere
2733 4283 2801 4337 ad
2841 4300 2926 4339 eos
2950 4280 3285 4356 possunt.....
3326 4296 3455 4352 quos

1849 4366 2043 4410 sucuuu
2074 4368 2386 4411 innocuus
2423 4355 2685 4409 munierit.

1856 4484 2045 4543 iisdem
2073 4502 2215 4558 pene
2245 4488 2424 4546 verbis
2452 4489 2762 4560 exponitur.

230 4696 352 4753 'llzec
375 4713 519 4753 num.
574 4696 642 4751 16
668 4695 789 4750 libri
818 4693 887 4749 de
915 4688 1174 4748 Mortibus
1214 4680 1741 4763 persecutorum__le-
1773 4691 1828 4752 D
1925 4689 2045 4744 Lib.
2074 4686 2360 4763 vlnstitut.
2392 4706 2513 4761 cap.
2544 4691 2602 4747 ll
2644 4691 2759 4747 hmc
2791 4692 3042 4763 leguntur
3074 4712 3085 4747 :
3123 4693 3257 4760 Qua:
3284 4702 3457 4747 autem

180 4781 383 4837 guntnr:
415 4768 703 4824 Vexabatur
734 4782 855 4837 ergo
886 4766 1122 4837 universa
1142 4772 1299 4828 terra,
1328 4768 1374 4815 et
1401 4768 1585 4837 printer
1616 4760 1746 4837 Gal-

182 4831 279 4961 fias,
305 4840 587 4965 abfzriente
608 4854 766 4909 usque
788 4831 855 4891 ad
879 4834 1134 4892 Occasum
1158 4844 1258 4890 tres
1284 4831 1624 4887 acerbissima:
1641 4832 1752 4888 bes-

202 4918 253 4965 ιω
272 4926 405 4965 stem
439 4921 546 4966 ant.

306 4984 315 4995 ’
341 5000 442 5051 Non
466 5000 580 5051 mihi
602 5002 641 5049 si
660 5000 843 5062 linguae
861 5002 1061 5062 centum
1080 4999 1198 5054 sint,
1222 5001 1654 5062 oraquecentum,

349 5063 524 5127 Ferrea
549 5077 662 5127 vox,
687 5056 862 5111 omnes
892 5059 1140 5111 scelerum
1162 5056 1521 5127 comprendere
1548 5056 1751 5117 formas,

345 5124 507 5176 Omnia
532 5122 782 5191 preuérum
808 5134 1104 5187 percurrere
1128 5122 1323 5171 nomina
1345 5130 1561 5183 possem,

190 5219 307 5281 quis
331 5204 529 5263 Iudices
567 5227 656 5281 per
709 5205 998 5279 provincias
1037 5205 1195 5278 justis
1221 5213 1373 5275 atque
1402 5202 1753 5260 innocentibus
1797 5218 1808 5225 ‘

195 5284 257 5328 υιι

248 5277 461 5426 ’
486 5349 622 5405 libro
669 5365 817 5406 num.
852 5347 919 5426 lii
949 5369 961 5402 ;
996 5347 1175 5404 Omnis
1204 5364 1357 5404 sexus
1386 5355 1431 5400 et
1468 5344 1633 5399 anatis
1658 5343 1754 5426 ho-

196 5415 333 5492 mines
355 5420 415 5473 ad
441 5425 749 5476 exustionem
782 5421 1035 5492 rapti.....
1065 5428 1433 5475 tormentorum
1462 5432 1645 5490 genera
1668 5415 1753 5471 in-

198 5486 350 5541 audita
374 5492 807 5563 excogitabantur.

1854 4776 1943 4832 per
1960 4770 2120 4836 totum
2140 4762 2310 4836 orbem
2335 4763 2525 4836 singuli
2552 4764 2828 4833 gesserint,
2848 4762 3102 4818 enarrare
3142 4764 3459 4836 impossibile

1854 4842 1945 4886 est.
1976 4832 2103 4899 Quis
2131 4833 2263 4885 enim
2288 4832 2599 4887 voluminum
2620 4851 2865 4888 numerus
2890 4836 3059 4903 capiet
3088 4845 3192 4889 tam
3215 4832 3457 4904 infinita,

1856 4913 1961 4956 tam
1990 4905 2131 4977 varia
2158 4920 2346 4977 genera
2375 4905 2696 4960 crudelitatis
2720 4906 2744 4959 ἒ)
2766 4904 2987 4976 Accepta
3016 4909 3149 4977 enim
3171 4917 3420 4977 potestate
3440 4948 3457 4971 ,

1856 4991 1951 5042 pro
1994 4976 2102 5047 suis
2152 4974 2375 5047 moribus
2417 4977 2632 5047 quisque
2673 4974 2980 5031 sa'vivit.....
3012 4974 3199 5047 Itaque
3227 4978 3327 5031 dici
3355 4995 3462 5033 non

1856 4992 1951 5042 pro
1994 4992 2102 5027 suis
2152 4992 2375 5029 mortuus
2408 4992 2632 5099 quisque
2673 4992 3199 5047 sa'vwit.....1taque
3227 4992 3327 5031 arci
3355 4995 3461 5033 non

1856 5053 2037 5113 potest,
2066 5046 2367 5116 hujusmodi
2449 5047 2622 5121 udices
2664 5057 2852 5121 quanta
2874 5057 2923 5103 et
2962 5064 3116 5118 quant
3146 5050 3321 5121 gravia
3350 5058 3461 5103 tor-

1856 5126 2142 5171 mentorum
2165 5133 2352 5190 genera
2390 5118 2807 5190 excogitauerint.

1858 5341 1873 5388 ς
1917 5336 1995 5416 Et
2027 5338 2119 5393 lib.
2162 5354 2213 5393 vn
2238 5353 2407 5416 ,_eap.
2440 5337 2507 5394 i7
2542 5357 2555 5393 :
2589 5338 2848 5416 Spectatur
2877 5351 3030 5416 sunt,
3073 5354 3467 5416 spectantur-que

1858 5412 2030 5484 adhuc
2060 5427 2148 5480 per
2192 5411 2361 5484 orbem
2409 5426 2568 5479 preme
2614 5412 2870 5466 cultorum
2899 5411 3034 5479 Dei,
3067 5411 3251 5484 quibus
3280 5411 3464 5471 excru-

1857 5482 2059 5537 ciandis
2078 5497 2208 5572 nova
2229 5491 2277 5535 et
2304 5482 2547 5536 inusitata
2570 5491 2821 5537 tormenta
2844 5482 3127 5555 excogitata
3154 5496 3291 5541 sunt.

196 5650 199 5653 .
259 5602 639 5666 Persecutorum
671 5609 822 5665 furor
851 5610 904 5665 in
935 5607 1168 5664 textibus
1215 5622 1281 5661 ex
1328 5615 1554 5674 utraque
1599 5611 1749 5674 parte
1788 5598 1954 5665 idem,
1990 5596 2288 5668 eodemque
2316 5595 2429 5651 fere
2452 5596 2616 5651 modo
2646 5595 2989 5667 exprimitur.

266 5741 377 5803 Hac
403 5764 543 5808 num.
580 5751 652 5810 38
695 5752 790 5811 lib.
812 5751 883 5810 de
921 5748 1179 5810 Mortibus
1224 5752 1628 5821 persecutorum
1670 5744 1765 5801 ha-

1946 5740 2125 5798 Etlib.
2158 5755 2212 5796 Vt
2241 5738 2473 5798 lnStitut.
2503 5754 2624 5813 cap.
2654 5740 2726 5801 23
2757 5756 2771 5797 :
2804 5739 2943 5808 Quid
2966 5740 3134 5796 dicam
3154 5739 3220 5796 de
3242 5740 3341 5808 iis,
3367 5740 3466 5813 qui
