3800 6250
112 298 228 355 18‘.)

1132 292 1221 349 DE
1255 290 1456 348 AUCT.
1500 289 1629 347 LIB.
1675 286 1764 346 DE
1808 282 2017 346 MORT.
2061 282 2444 344 PERSECUT.

3266 286 3274 297 ’
3323 284 3433 344 170

186 413 265 466 ne
291 410 456 489 Mart.
480 410 692 489 Pet-sec.
722 421 872 489 num.
902 407 974 464 44
993 425 1006 464 :
1027 406 1093 462 Et
1117 423 1264 464 suum
1292 406 1594 489 proprium;
1631 420 1726 462 νο·
1754 410 1808 471 Α
1909 404 2060 460 Lact.
2090 403 2269 489 Divin.
2296 400 2470 489 ἔμειξε.
2612 416 2669 458 ut
2695 414 2816 489 cap:
2842 397 3060 489 milii).
3094 414 3150 456 tv
3176 403 3427 485 capuli;

100 498 205 539 res
238 484 470 538 omnino
497 481 883 538 Lactantianae.

190 637 273 692 De
299 637 568 693 Mortibus
591 640 804 694 Perseo.
837 652 988 693 num.
1016 635 1086 692 47
1120 654 1133 691 :
1167 636 1477 705 Quiverunt,
1504 636 1725 695 verbum

106 708 409 788 Lactantio
439 708 719 780 frequens.

199 871 277 927 Et
300 888 445 925 num.
474 871 547 926 49
582 890 596 927 :
624 871 1017 927 Insustentabiii
1047 872 1224 928 dolore
1252 887 1407 942 usque
1432 872 1502 926 ad
1532 872 1725 927 rabiem

119 946 321 997 mentis
346 945 502 997 elatus
528 953 626 997 est.

210 1037 277 1107 Et
308 1051 448 1088 num.
476 1034 568 1099 52,
592 1035 764 1107 quiet
791 1036 1012 1090 ultimus
1037 1045 1121 1090 est
1145 1053 1158 1090 :
1190 1034 1327 1090 Deus
1352 1052 1553 1107 gregem
1577 1052 1726 1089 suum

126 1106 324 1176 partim
353 1115 601 1158 vastatum
626 1123 658 1159 a
686 1106 822 1174 lupis
846 1108 1134 1175 rapacibus,
1171 1106 1361 1174 partim
1384 1124 1499 1161 vero
1525 1109 1727 1177 disper-

122 1192 247 1229 sum
275 1178 480 1243 reficere
489 1192 565 1248 _ac
590 1178 882 1248 recolligere
908 1178 1145 1247 dignatus
1166 1189 1257 1245 est,
1283 1189 1330 1231 et
1357 1179 1541 1232 bestias
1568 1180 1733 1231 malas

118 1245 551 1327 ςαιξνψτςέει
568 1263 729 1327 _num.
759 1245 829 1303 50
846 1267 868 1327 τΔ
894 1245 985 1303 Sic
1005 1264 1180 1303 omnes
1210 1250 1357 1318 impii
1376 1264 1491 1303 vero
1516 1256 1561 1303 et
1581 1257 1726 1318 justo

105 1318 325 1387 judicio
352 1317 454 1371 Dei
481 1318 682 1385 eadem,
705 1334 819 1389 qua:
841 1323 1091 1389 fecerunt,
1123 1317 1438 1388 receperunt.

195 1518 518 1586 Congruunt
543 1518 792 1588 utrinque
818 1526 995 1572 textus
1038 1516 1143 1572 isti.
1181 1515 1508 1585 Notandum,
1535 1533 1725 1574 vocem

1836 475 1929 531 lib.
1962 492 1995 530 v
2021 489 2141 545 cap.
2165 476 2222 530 11
2249 491 2262 540 ;
2296 472 2376 529 De
2406 471 2598 544 Opiﬁc.
2629 489 2749 544 cap.
2763 471 2845 541 ’2,”
2867 473 2957 545 ubi
2974 489 3123 527 suum
3141 471 3428 544 proprium,

1834 564 1928 602 suo
1954 544 2189 618 proprio,
2221 562 2315 599 sua
2334 545 2549 616 propria
2577 558 2791 616 semper
2817 544 3159 600 adhibentur.

1906 640 2057 696 Lact.
2085 640 2201 695 Div.
2227 638 2403 694 Instit.
2431 638 2526 693 lib.
2555 652 2602 697 Il.
2622 652 2740 708 cap.
2769 637 2842 702 5;
2869 636 2961 693 lib.
2986 651 3023 691 γ
3057 650 3178 708 cap.
3211 635 3304 702 22,
3336 634 3429 708 ubi
3506 694 3511 701 ,

1833 713 1995 838 ﬁliam
2024 714 2288 782 quiuerunt
2314 718 2370 766 et
2394 709 2643 780 quiverint
2665 707 2990 779 u’surpantur
3040 707 3233 764 eadem
3258 707 3431 776 signi-

1858 794 2103 839 tcatmne.

1907 874 1976 930 Et
2001 874 2095 930 lib.
2128 888 2198 928 vn
2228 872 2461 928 lnstitut.
2488 874 2622 943 'cap.
2663 869 2732 926 16
2758 888 2774 927 :
2806 868 2906 925 llic
2933 868 3309 926 insustentabili
3337 870 3433 923 do-

1833 947 2113 1000 minatione
2136 944 2337 999 vexabit
2368 944 2558 999 orbem.

1909 1038 1973 1091 Et
2007 1036 2102 1090 lib.
2142 1051 2177 1089 ν
2206 1036 2378 1089 Iustit.
2413 1050 2532 1107 cap.
2556 1035 2634 1107 7'23
2663 1051 2676 1087 ε
2705 1032 2990 1107 Punientur
3026 1032 3219 1101 iudicio
3262 1030 3432 1107 Dei...

1832 1108 2207 1163 uindicaturum
2221 1124 2275 1160 se
2296 1108 2345 1160 in
2372 1123 2458 1160 eos
2482 1104 2713 1160 celeriter
2736 1104 3026 1170 pollicetur,
3056 1114 3101 1157 et
3128 1104 3436 1158 extermina-

1832 1191 1947 1235 turu
1996 1178 2158 1231 malas
2214 1178 2401 1232 bestias
2439 1178 2503 1230 tle
2543 1186 2747 1231 terra...
2786 1176 2947 1231 veniet
2970 1217 2985 1241 ,
3014 1176 3171 1229 veniet
3214 1175 3434 1229 rabiosis

1836 1261 1883 1306 et
1913 1248 2175 1304 uoracibus
2205 1248 2342 1318 lupis
2367 1264 2554 1303 merces
2582 1265 2695 1302 sua.

1833 1530 2011 1589 tusque
2040 1523 2246 1593 corrupi
2274 1538 2346 1577 se.
2379 1520 2509 1591 Qua:
2534 1534 2656 1575 cum
2687 1518 2757 1573 ita
2780 1517 2886 1573 sint
2908 1559 2924 1585 ,
2964 1515 3218 1583 numquid
3279 1514 3444 1572 libra~

123 1609 295 1675 hanc,
321 1610 717 1677 insastcntabili,
747 1609 885 1664 forte
912 1612 964 1663 in
994 1610 1140 1663 nullo
1178 1610 1287 1665 alio
1312 1618 1533 1665 auctore
1576 1625 1729 1680 repe-

1927 1634 1949 1670 s
1974 1617 2075 1672 iste
2103 1633 2208 1672 non
2242 1617 2415 1678 potuit
2442 1616 2698 1669 omittere
2725 1612 2914 1666 ultima
2949 1610 3057 1665 duo
3086 1609 3235 1664 Lacu
3260 1607 3440 1665 C80!-

126 1718 252 1757 ΙΊΙἸ.

203 1795 316 1849 Has
366 1794 740 1865 proculdubio
784 1795 1031 1866 loquendi
1060 1793 1342 1860 formulas,
1397 1810 1517 1865 quae
1572 1810 1735 1850 unum

124 1887 493 1958 eamdemque
534 1897 921 1957 repraesentant
966 1897 1276 1955 auctorem,
1327 1896 1412 1942 sat
1454 1887 1740 1958 diligenter

130 1994 244 2033 non
275 1980 577 2033 contulerat
602 1979 831 2033 domnus
859 1980 907 2033 le
940 1978 1150 2050 Nourry
1178 1998 1192 2035 :
1221 1979 1459 2049 alioquin
1498 1981 1551 2034 in
1594 1964 1736 2045 eain,

130 2079 194 2125 ut
217 2081 371 2141 puto,
404 2081 513 2125 tam
544 2072 711 2151 libere
733 2087 837 2125 non
866 2072 1050 2125 ivisset
1080 2072 1412 2141 Opinionem,
1443 2088 1473 2127 a
1501 2087 1603 2143 qua
1632 2072 1742 2127 dis-

151 2176 380 2234 crepant
401 2165 625 2218 omnino
647 2166 959 2236 viriquique
979 2164 1300 2220 doctissimi.
1336 2166 1482 2219 lianc
1510 2180 1673 2235 porro
1695 2163 1743 2220 si

132 2258 390 2327 amplecti
433 2260 733 2324 statuisset,
782 2275 887 2312 non
935 2257 1167 2328 frigidis,
1216 2272 1325 2312 non
1357 2258 1588 2322 levibus,
1635 2272 1740 2313 non

134 2356 293 2410 vanis
319 2357 394 2409 uti
434 2355 691 2410 debuerat
734 2356 1105 2424 argumentis:
1149 2354 1244 2409 sed
1291 2352 1505 2418 firmas,
1538 2352 1646 2408 imo
1689 2361 1743 2408 et

132 2445 487 2515 gravissimas
526 2445 695 2515 ipsius
744 2456 860 2500 erat
905 2445 1164 2499 adhibere
1216 2445 1488 2511 rationes,
1549 2444 1744 2513 quibus

136 2546 367 2608 possent
417 2538 611 2592 eruditi
653 2553 684 2592 a
730 2528 951 2607 pristina
997 2553 1094 2591 sua
1136 2537 1400 2592 dimoveri
1451 2537 1738 2593 sententia.

135 2628 256 2684 Nec
281 2630 424 2684 dicat
440 2629 790 2700 Nourrysius,
814 2629 1028 2683 nonnisi
1056 2643 1184 2682 casu
1215 2636 1271 2683 et
1297 2628 1517 2681 fortuito
1539 2627 1742 2682 similes

136 2719 317 2775 fuisse
341 2734 580 2790 repertas
607 2722 660 2775 in
690 2703 917 2790 utroque
944 2728 1163 2774 auctore
1197 2718 1513 2773 locutiones.
1545 2718 1603 2773 ld
1628 2719 1746 2788 qui-

138 2813 276 2869 dem
308 2822 480 2883 potest
509 2814 621 2867 lieri
653 2814 847 2878 semel,
887 2823 979 2867 aut
1021 2813 1121 2877 bis,
1145 2811 1241 2867 sed
1286 2826 1394 2866 non
1426 2812 1655 2882 ubique.
1682 2826 1747 2866 ac

137 2904 466 2977 quadragies
481 2918 535 2960 et
554 2907 799 2974 amplius,
825 2905 979 2960 sicuti
1002 2905 1184 2959 evenit
1203 2907 1255 2958 in
1278 2903 1460 2959 libello
1471 2904 1745 2974 sexaginta

1842 1724 1914 1763 ιιι
1938 1708 2233 1764 ιΑοτΑΝτιι
2256 1706 2503 1763 Flauum
2531 1705 2785 1761 nomina?
2813 1704 2885 1758 At
2916 1719 3178 1773 nusquam
3205 1704 3444 1772 reperire

1839 1801 2018 1865 datur,
2041 1805 2114 1856 ait
2138 1803 2373 1856 Domnus
2402 1802 2450 1855 le
2475 1799 2681 1870 Nourry
2706 1797 3040 1852 Lactantium
3066 1796 3213 1851 Lmu
3241 1794 3438 1861 Cum,

1840 1893 1955 1947 sive
1970 1892 2119 1949 Lacu
2137 1890 2353 1949 Casu.“
2379 1890 2801 1962 praenominibus
2825 1888 3135 1957 insignitum
3166 1887 3349 1941 fuisse.
3376 1888 3444 1940 At

1841 1984 1896 2039 id
1926 1996 2058 2038 certe
2081 1985 2241 2039 multo
2268 1984 2462 2045 minus,
2496 1981 2658 2036 verba
2690 1991 2818 2034 sunt
2843 1979 3101 2041 editoris,
3135 1978 3187 2031 in
3218 1977 3444 2041 alicuius

1842 2078 1961 2133 libri
1990 2080 2052 2133 ab
2078 2096 2135 2133 eo
2158 2078 2336 2147 scripti
2367 2076 2516 2131 titulo
2538 2076 2721 2147 poterit
2748 2074 2983 2129 inveniri.
3012 2072 3143 2141 Quis
3175 2086 3280 2127 non
3317 2087 3443 2128 cre-

1844 2176 1997 2233 deret
2024 2176 2141 2229 viro
2165 2188 2376 2229 summe
2403 2173 2657 2243 religioso
2684 2186 2837 2241 aeque
2863 2185 2929 2225 ac
2968 2168 3182 2225 erudito
3226 2184 3341 2225 rem
3369 2170 3444 2225 ita

1843 2269 2171 2327 aitirmanti?
2200 2268 2448 2324 Jurarem
2475 2268 2591 2336 ipse
2615 2267 2666 2320 in
2700 2265 2864 2321 verba
2886 2265 3027 2319 docti
3050 2263 3295 2327 editoris,
3319 2278 3445 2318 eum

1845 2362 2138 2417 contulisse
2186 2359 2402 2424 codices
2461 2357 2853 2426 manuscriptos
2901 2369 3126 2420 omnes,
3180 2364 3446 2425 quotquot

1845 2454 2070 2524 reperiri
2100 2459 2390 2522 potuerunt
2412 2450 2551 2520 apud
2583 2458 2871 2512 nostrates,
2904 2448 2955 2500 in
2981 2448 3153 2513 iisque
3181 2460 3445 2514 nusquam

1846 2548 1950 2619 legi
1984 2547 2311 2617 praenomina
2334 2543 2485 2599 Lucii
2504 2542 2659 2598 Caelii
2677 2551 2731 2595 et
2760 2539 2910 2595 Lucii
2935 2539 3135 2593 Caecilii
3164 2536 3449 2592 Lactantio

1846 2640 2137 2706 adscripta.
2173 2637 2549 2707 Longetamen
2576 2634 2733 2687 aliter
2752 2640 2854 2687 est.
2882 2631 3116 2685 Domnus
3136 2631 3184 2683 Ie
3210 2628 3442 2700 Nourry,

1847 2748 1969 2788 cum
1999 2730 2166 2787 edidit
2195 2731 2387 2784 librum
2416 2728 2484 2782 de
2508 2725 2768 2781 Mortibus
2803 2723 3219 2778 Persecutorum
3241 2761 3258 2783 ,
3290 2721 3447 2775 Pari-

1848 2828 1943 2880 siis
1975 2834 2100 2878 tunc
2129 2821 2373 2892 degebat.
2399 2819 2511 2885 QUZI
2541 2817 2706 2886 igitur
2725 2816 2930 2870 ratione
2962 2829 3067 2866 non
3102 2813 3451 2881 perlustravit

1850 2915 2013 2985 Regis
2053 2910 2497 2969 CitriStianissiini
2548 2905 2978 2963 Bibliotltccam?
3010 2903 3124 2958 Hoc
3174 2904 3225 2956 in
3279 2902 3451 2972 Regio

140 2997 366 3053 circiter
407 3000 757 3070 paginarum;
812 3012 1083 3068 pnecmue
1130 3012 1259 3052 vero
1301 3011 1423 3051 cum
1469 3007 1658 3067 agatur
1681 2996 1729 3050 dt

1927 3023 2131 3064 ieSauro
2157 3007 2288 3060 vidit
2315 3006 2431 3075 ipse
2461 3002 2678 3057 codices
2709 3000 2937 3064 multos,
2969 3012 3171 3073 eosqqc
3216 2995 3452 3065 appellat

145 3091 236 3146 his
260 3090 511 3146 formulis
538 3092 608 3146 ita
654 3091 1036 3161 singularibus,
1066 3099 1122 3144 ιιι
1149 3092 1236 3144 vix
1267 3105 1359 3145 eas
1382 3091 1432 3144 iu
1478 3087 1747 3160 aliquibus

144 3185 393 3253 reperias
420 3183 795 3255 scriptoribus.

221 3280 304 3335 Ex
328 3280 414 3334 his
444 3294 575 3350 ergo
606 3280 756 3345 locis,
781 3291 916 3348 quos
938 3292 1044 3332 non
1073 3293 1103 3332 e
1130 3276 1267 3331 libro
1290 3285 1489 3329 tantum
1513 3274 1581 3329 de
1608 3273 1748 3329 Mor-

145 3374 293 3428 tibus
316 3372 750 3435 Persecutorum,
779 3384 961 3426 verum
992 3371 1152 3424 etiam
1184 3384 1250 3424 ex
1279 3367 1589 3423 ittdubitatis
1618 3366 1748 3420 Lac-

149 3465 307 3520 tantii
337 3463 593 3534 operibus
638 3463 933 3532 exscripsi,
962 3462 1162 3532 stylum
1191 3459 1440 3513 eumdem
1470 3472 1590 3511 esse
1624 3455 1747 3511 libri

146 3562 222 3615 de
250 3557 510 3612 Mortibus
537 3556 948 3611 Persecutorqu
979 3568 1042 3607 ac
1071 3552 1330 3607 Lactantii
1358 3559 1589 3604 Cl)llSl:ll.

227 3655 496 3709 Disertum
522 3658 670 3706 certe
698 3650 1017 3717 scriptorem
1060 3647 1113 3701 in
1156 3643 1459 3716 eloquendo
1497 3641 1706 3697 lacilem
1731 3682 1744 3707 ,

146 3755 429 3816 comptum
471 3750 528 3797 et
552 3752 817 3811 apertum,
851 3739 1049 3808 quique
1095 3738 1355 3793 bonarum
1400 3735 1594 3788 artium
1622 3747 1750 3787 auc-

150 3850 305 3893 tores
328 3833 764 3905 pervolutaverit,
794 3847 917 3902 qua:
953 3840 1079 3885 sunt
1106 3841 1321 3900 quoque
1356 3824 1622 3881 Lactantii
1653 3824 1749 3880 do-

153 3940 260 3994 tes,
295 3927 431 3981 liber
448 3926 518 3979 de
546 3923 801 3978 Mortibus
830 3924 1241 3976 Persecutorum
1267 3915 1508 3972 exhibet.

224 4019 467 4075 Tandem
497 4016 691 4072 librum
716 4014 784 4069 de
806 4013 1064 4068 Mortibus
1089 4011 1497 4066 Persecutorum
1524 4006 1751 4062 Lactan—

150 4116 235 4170 tio
263 4110 602 4167 tribuendum
641 4108 830 4162 suadet
856 4106 1031 4160 adhuc
1051 4146 1064 4169 ,
1098 4103 1238 4172 quod
1265 4103 1402 4157 sicut
1440 4102 1598 4155 docet
1628 4100 1749 4154 libri

154 4207 317 4262 istius
337 4213 521 4259 auctor
544 4217 693 4257 num.
730 4202 754 4253 1
788 4209 842 4254 et
871 4198 962 4264 50,
987 4199 1245 4251 universos
1276 4195 1554 4250 christiani
1587 4191 1754 4247 nomi-

149 4302 242 4355 nis
264 4306 609 4370 persecutores
638 4310 669 4348 a
694 4307 908 4348 summo
935 4293 1047 4345 Deo
1065 4288 1385 4353 debellatos,
1416 4294 1469 4341 et
1488 4287 1647 4355 digna
1669 4284 1752 4339 ul-

1852 3105 1904 3159 iu
1929 3106 2203 3172 Apparatu
2227 3115 2323 3154 suo
2344 3098 2410 3152 ad
2440 3095 2822 3151 Bibliothecam
2837 3092 2935 3148 SS.
2969 3091 3183 3146 Patrum
3219 3102 3364 3142 tomo
3390 3102 3450 3142 u.

1850 3197 2046 3268 Quidni
2073 3210 2169 3251 eos
2192 3190 2458 3249 curiosius
2483 3198 2540 3243 et
2561 3188 2818 3241 attentius
2841 3182 3115 3252 ἰιιειιθιίιῖ
3146 3178 3298 3247 Quod
3324 3194 3452 3234 vero
3498 3259 3504 3265 '

1854 3304 1948 3359 per
1974 3286 2231 3342 incuriam
2261 3298 2367 3338 non
2399 3280 2523 3336 fecit
2549 3277 2904 3347 Noui-rysius,
2939 3275 2989 3329 id
3017 3275 3193 3344 ipsum
3224 3286 3451 3326 accura-

1854 3382 1959 3436 tius
1990 3392 2344 3448 exequemur.

1926 3473 2135 3526 Primus
2152 3470 2311 3539 igitur
2325 3463 2495 3521 codex
2511 3470 2901 3533 nongentarum
2917 3472 3204 3523 annorum,
3225 3467 3454 3509 numero

1856 3563 2013 3627 1662,
2048 3565 2162 3616 haec
2191 3561 2349 3615 habet
2376 3559 2555 3620 verba,
2587 3554 2717 3609 folio
2742 3554 2843 3607 25:
3166 3542 3177 3553 ’

1925 3657 2128 3709 Οεοιιιι
2171 3651 2419 3706 ΡιιυιιΑΝι
2473 3648 2535 3701 de
2584 3646 2723 3715 falsa
2776 3642 3045 3714 Religione
3088 3639 3213 3695 liber
3258 3640 3453 3711 primus

1853 3746 2083 3816 explicit.

1927 3838 2115 3908 Incipit
2143 3836 2267 3891 liber
2294 3834 2547 3889 secundus
2578 3830 2830 3886 Lactantii
2854 3827 3072 3884 (Ia-zelen
3100 3825 3349 3881 Ftnttttru
3378 3827 3446 3879 de

1858 3931 2069 3999 Origine
2097 3928 2286 3983 erroris
2316 3926 2385 3979 ad
2412 3922 2800 3980 Constantinum
2822 3922 3201 3990 imperatorem.

1927 4022 2007 4079 Ad
2037 4020 2240 4076 calcem
2292 4016 2506 4087 septimi
2540 4016 2658 4069 libri
2703 4014 2772 4067 ita
2812 4012 3073 4080 scriptum
3100 4020 3184 4064 cst
3211 4028 3223 4063 :
3250 4006 3455 4063 Cecmt

1856 4116 2103 4171 FIBIIANI
2129 4111 2518 4166 Institutionum
2548 4108 2835 4162 divinarum
2863 4105 2926 4158 de
2965 4103 3075 4158 Vita
3110 4103 3257 4157 beata
3283 4101 3457 4172 expli-

1855 4209 1924 4261 cit
1942 4206 2189 4276 septimus
2214 4202 2359 4257 liber.

1929 4300 2083 4356 Folio
2113 4298 2216 4353 179
2242 4310 2403 4352 verso
2443 4294 2678 4364 legitur:
2705 4289 2923 4345 Cultu
2975 4287 3223 4343 FIRMIANI
3270 4287 3332 4339 de
3362 4283 3456 4339 Ira

150 4399 310 4449 tione
338 4391 503 4445 fuisse
521 4389 768 4444 deletus:
800 4385 875 4441 lta
904 4383 1214 4439 Lactantius
1247 4381 1340 4435 lib.
1373 4395 1406 4434 ν
1433 4378 1666 4434 lttslitul.
1698 4391 1747 4431 c.
1780 4405 1832 4464 Β
1857 4395 2030 4449 dim-na
2051 4392 2176 4447 me,
2197 4406 2267 4444 νη
2290 4388 2518 4457 ea",de

144 4483 396 4544 Ξῖειῖΰ
424 4482 606 4546 tradit,
639 4482 804 4535 Deum
833 4477 885 4532 in
927 4475 1088 4530 malos
1118 4473 1375 4544 principes
1407 4481 1452 4524 et
1478 4468 1755 4533 iniustissi-

146 4600 265 4637 mos
312 4588 657 4652 persecutores
708 4574 1008 4629 vindicasse
1058 4568 1238 4640 populi
1283 4567 1365 4623 sui
1420 4562 1754 4628 vexationes,

149 4689 480 4745 semperque
499 4671 766 4736 accidisse,
795 4678 853 4722 ut
881 4667 1009 4720 ultio
1036 4670 1304 4718 consecuta
1328 4660 1508 4714 luerit.

229 4744 339 4823 llas
365 4744 602 4821 rationes
630 4764 719 4832 qui
747 4759 1034 4814 contulerit
1063 4756 1115 4808 in
1153 4767 1316 4808 unum
1336 4790 1352 4817 ,
1392 4764 1497 4803 non
1530 4744 1755 4801 mirahi-
1794 4786 1797 4787 ν

151 4873 265 4923 tur,
293 4855 458 4927 quod,
491 4854 671 4908 statim
701 4865 765 4905 ac
790 4852 842 4903 itt
886 4849 1058 4901 lucem
1087 4844 1281 4913 prodiit
1309 4842 1444 4895 liber
1480 4838 1547 4893 de
1572 4836 1755 4891 Morti-

154 4958 259 5010 bus
287 4952 697 5007 Persecutorum
723 4985 737 5009 ,
766 4940 1023 5013 judicium
1055 4939 1159 4992 ltoc
1198 4935 1436 4990 omnium
1490 4934 1754 4985 litterato—

152 5062 279 5102 rum
307 5046 485 5107 fuerit,
519 5054 642 5095 eum
672 5034 952 5092 Lactantio
974 5045 1096 5087 esse
1126 5026 1561 5084 adscribendum.

232 5142 468 5209 Agamus
494 5148 637 5189 nunc
666 5135 734 5187 de
758 5128 1027 5200 praecipuo
1053 5123 1255 5180 Nicolai
1280 5123 1328 5176 le
1364 5120 1575 5189 Nourry
1604 5130 1762 5185 argu-

154 5249 365 5291 mento.
392 5230 574 5286 Codex
606 5243 707 5282 ius.
732 5225 922 5296 inquit,
948 5223 1016 5277 de
1038 5219 1301 5275 Mortibus
1322 5214 1761 5276 Persecutorum,

153 5339 359 5397 prauae
405 5322 510 5378 fert
538 5333 736 5376 nomen
783 5317 957 5381 chu,
1010 5312 1092 5367 vel
1141 5310 1291 5366 Lucn
1340 5306 1584 5367 CECILII;
1629 5316 1759 5371 ergo

157 5434 274 5475 non
312 5425 393 5470 est
428 5411 712 5469 Lactantii.
744 5409 927 5474 Miror,
959 5407 1173 5461 doctum
1204 5403 1468 5457 editorem
1516 5398 1605 5451 hic
1652 5408 1759 5447 non

157 5511 493 5575 meminisse,
522 5506 665 5578 quod
694 5505 809 5573 ipse
836 5515 1012 5556 tamen
1045 5498 1220 5551 fassus
1246 5504 1348 5558 est,
1372 5503 1759 5547 amanueusem

1932 4485 2084 4540 Folio
2111 4482 2208 4537 191
2237 4500 2249 4533 :
2283 4478 2503 4535 CJiCILll
2533 4476 2781 4531 Flam/tm
2826 4474 2889 4528 de
2928 4472 3152 4542 Opi/icio
3182 4468 3278 4523 Dei
3327 4468 3457 4522 (Jber

1858 4594 1954 4634 Vttt
1980 4574 2207 4647 cxplicit.

1929 4687 2201 4745 Omissum
2257 4682 2507 4753 equidem
2564 4689 2649 4735 est
2704 4678 2788 4733 his
2845 4679 2900 4731 in
2952 4676 3086 4731 locis
3141 4687 3455 4746 praenomen

1858 4783 2032 4841 Lacu.

1933 4898 2024 4955 Sic
2044 4897 2098 4952 iu
2121 4894 2309 4948 codice
2324 4907 2425 4948 ms.
2440 4906 2650 4944 numero
2672 4888 2833 4951 1664,
2856 4886 2921 4940 ad
2952 4887 3113 4940 liuent
3136 4886 3279 4940 tertii
3306 4885 3453 4952 libri,

1860 4992 1932 5047 ita
1965 4987 2235 5060 legaszb.
2286 4986 2440 5040 Cum
2473 4982 2747 5043 FIBIIANI,
2800 4978 3004 5033 omisso
3050 4977 3309 5034 Lactantii
3364 4994 3467 5034 no-

1866 5101 2030 5139 "lllle.

1936 5176 1995 5233 ln
2038 5177 2145 5230 line
2184 5171 2327 5227 sexti
2367 5168 2488 5223 libri
2519 5177 2667 5221 extat
2705 5164 2972 5224 :CEClLll
3023 5163 3270 5219 Ftnrtttttu
3316 5161 3462 5219 Lsc-

1869 5283 2049 5325 TANTII
2077 5264 2286 5335 explicit
2311 5260 2438 5317 liber
2464 5273 2519 5313 v1
2550 5258 2612 5312 de
2640 5273 2755 5312 vero
2784 5254 2961 5312 Cultu.

1930 5378 2119 5434 Codex
2156 5374 2290 5431 l66'5
2315 5373 2394 5428 sic
2426 5371 2624 5427 habet:
2649 5368 2840 5438 Incipit
2867 5367 2993 5423 liber
3018 5342 3270 5423 FIBIlANl
3297 5364 3461 5420 lustio

1868 5474 2119 5526 tutionum
2152 5470 2463 5521 divinarum.
2496 5466 2564 5520 At
2594 5463 2791 5534 legitur
2816 5460 2883 5515 ad
2912 5474 3063 5513 oram
3094 5458 3297 5514 codicis
3325 5458 3469 5511 litte-

1869 5569 1945 5621 ris
1985 5558 2502 5618 uncialibuszutut
2533 5554 2781 5609 FIBIIIANI
2827 5552 2891 5606 de
2936 5548 3203 5621 Religione
3234 5559 3282 5604 et
3309 5547 3466 5603 rebus

157 5605 323 5673 hujus
346 5602 551 5657 codicis
570 5599 911 5667 scriptorem,
945 5593 1021 5647 vel
1051 5591 1348 5645 oscitatione
1373 5604 1433 5640 ac
1453 5584 1763 5656 negligentia

156 5710 247 5754 aut
278 5697 441 5751 nimio
484 5692 738 5747 scribendi
778 5689 1133 5762 festinatione,
1186 5694 1338 5750 atque
1379 5681 1531 5734 etiam
1570 5678 1764 5747 lingua:

157 5791 365 5852 ιιιιὶιιω
388 5786 730 5860 ignoratione,
757 5782 914 5836 multa
935 5782 989 5835 in
1016 5794 1074 5835 eo
1102 5776 1232 5834 libro
1263 5775 1592 5848 depravasse,
1620 5772 1763 5843 peni-

531 5903 806 5967 Ρλτιιοι..
857 5894 995 5959 VII.
3086 5867 3130 5929 6

1864 5657 2049 5713 divinis
2074 5654 2143 5708 ad
2172 5650 2566 5707 Constantinum
2588 5647 2964 5714 imperatorem.

1947 5771 2002 5829 lu
2039 5767 2145 5827 line
2170 5775 2346 5824 autem
2378 5763 2535 5837 primi
2594 5759 2717 5818 libri
2764 5755 3029 5827 scriptum
3060 5763 3143 5810 est
3171 5769 3184 5809 :
3213 5751 3273 5808 L.
3304 5749 3458 5814 Casu
