3800 6250
391 203 495 262 175
1442 196 1723 256 HENRICI
1761 191 2124 260 DODWEILI
2167 191 2620 256 DISSRR'I‘ATIO
2729 194 2736 201 ’
3583 201 3664 260 Πϐ

464 317 658 372 Multos
705 310 892 387 primis
921 307 1181 373 Ecclesiae
1211 316 1425 373 sacculis
1449 315 1787 372 Christianos
1818 320 1868 373 in
1915 334 1976 373 ea
2006 326 2057 386 Α
2085 329 2282 387 tempus
2311 317 2783 388 appropinquante;
2822 318 2877 370 et
2909 309 2963 369 in
2996 311 3134 368 libro
3161 311 3229 368 ad
3281 313 3664 375 Demetrianum

391 411 558 466 fuisse
585 411 850 465 sententia
873 419 1057 463 notum
1075 424 1179 475 εει,
1203 410 1387 464 mundi
1409 409 1572 466 ﬁnem
1596 411 1978 480 prapinquare.
2089 411 2270 477 tradit,
2307 420 2474 464 totum
2515 411 2628 480 jam
2655 408 2831 478 ipsum
2876 405 3135 462 mundum
3168 407 3222 460 in
3257 405 3538 477 defectione
3566 423 3666 466 esse

394 497 544 556 Hanc
590 501 752 556 fuisse
779 502 945 571 ipsius
974 501 1260 567 Lactantii,
1295 511 1442 572 patet
1475 518 1540 556 ex
1586 501 1986 558 Institutionum
2091 514 2144 558 et
2173 505 2226 557 in
2255 502 2376 572 ﬁne.

388 593 480 647 lib.
521 607 613 657 vit,
638 607 756 662 cap.
787 589 878 660 16,
906 592 994 648 ubi
1020 592 1180 647 tradit
1201 592 1498 648 Romanum
1523 608 1716 647 nomen
1745 593 1891 648 brevi
1921 593 1991 649 de
2163 594 2274 649 Hoc
2294 594 2453 648 etiam
2475 594 2548 649 ita
2575 592 2742 648 Beato
2762 591 2995 646 Martino
3025 605 3343 660 persuasum
3378 591 3568 657 fuerat,
3600 603 3662 660 ut,

389 695 530 738 terra
557 682 960 749 tollendum;ct
986 685 1039 738 in
1066 684 1578 754 Epitome,cap.10,
1610 684 1770 740 docet
1797 687 1987 741 interi-
2085 697 2222 743 teste
2261 687 2490 758 Sulpitio
2517 687 2741 753 Severo,
2778 685 3002 755 Dialogo
3026 684 3063 738 2
3087 684 3155 740 de
3196 685 3499 742 Virtutibus
3540 686 3663 746 Beati

389 784 500 829 tum
545 774 727 829 mundi
759 774 987 844 expletis
1035 790 1130 830 sex
1168 790 1430 830 annorum
1475 777 1714 832 millibus
1743 775 1855 831 ﬁeri
1884 792 1984 832 ne-
2085 779 2316 845 Martini,
2348 796 2494 833 num.
2528 778 2619 846 l6,
2654 779 2849 833 Beatus
2874 777 3135 832 Martinus
3161 777 3227 833 de
3257 780 3360 834 ﬁne
3386 779 3665 837 sa-culidis-

395 881 546 920 ccsse
571 881 713 922 esse.
744 865 915 932 Quod,
950 866 1139 936 inquit,
1171 868 1224 921 in
1254 869 1485 937 proximo
1512 879 1606 934 est,
1639 878 1884 939 quantum
1915 868 1978 922 de
2091 886 2300 936 serens,
2357 873 2576 937 dixerit,
2625 869 2844 925 dubium
2874 885 2982 924 non
3013 885 3156 937 esse,
3185 871 3308 941 quin
3347 871 3665 930 Anticltrit'tss

381 975 589 1013 numero
617 975 888 1024 annorum,
917 959 1077 1029 deque
1103 961 1282 1032 signis,
1325 977 1440 1030 qua:
1479 978 1510 1014 a
1541 961 1818 1032 PrOphetis
1847 979 1981 1032 prte-
2085 974 2210 1018 esset
2236 965 2288 1018 in
2333 964 2480 1016 annis
2534 963 2814 1033 puerilibus
2863 963 3201 1030 constitutus,
3256 971 3407 1016 atate
3464 964 3664 1033 legitima

382 1053 521 1105 dicta
546 1063 683 1118 sunt,
712 1053 885 1122 colligi
929 1061 1128 1122 potest;
1159 1064 1214 1108 et
1240 1068 1360 1124 cap.
1413 1054 1484 1109 ΞΒ
1516 1055 1636 1110 libri
1666 1072 1737 1110 vn
1765 1057 1981 1112 Institu-
2082 1067 2374 1128 sumpturus
2403 1059 2693 1126 imperium.
2726 1054 2920 1111 Subdit
2953 1069 3084 1110 vero
3111 1054 3374 1125 Sulpitius
3403 1053 3656 1116 Severus:

380 1144 585 1196 tionum
617 1158 776 1212 supra
807 1143 956 1198 citati
997 1145 1108 1198 ait:
1147 1143 1326 1199 Omnis
1357 1155 1526 1201 tamen
1563 1149 1846 1217 expectatio
1874 1165 1978 1204 non
2087 1148 2235 1214 Quod
2273 1159 2442 1202 autem
2473 1149 2580 1202 Ittec
2610 1146 2788 1201 abillo
2813 1146 3125 1210 audivimus,
3163 1163 3330 1200 annus
3353 1157 3562 1201 octavus
3585 1159 3659 1205 est.

377 1237 598 1306 amplius
635 1252 790 1305 quam
834 1235 1167 1291 ducentorum
1212 1238 1408 1292 videtur
1433 1255 1707 1304 annorum,
1740 1241 1859 1294 licet
1883 1255 1977 1294 va-
2097 1238 2194 1292 Vos
2219 1249 2389 1292 autem
2422 1239 2685 1304 aestimate,
2716 1254 2815 1308 quo
2842 1238 2895 1292 in
2925 1238 3208 1308 praecipitio
3249 1239 3538 1293 consistunt
3571 1257 3663 1310 qua

374 1330 505 1381 rient
559 1329 781 1383 historia:
834 1331 971 1382 circa
1027 1345 1293 1384 numerum
1343 1348 1596 1385 annorum
1653 1333 1715 1385 ab
1765 1334 1976 1388 exordio
2085 1333 2262 1398 futura
2302 1340 2441 1384 sunt.

373 1419 570 1472 mundi.

444 1510 496 1564 Id
529 1512 701 1582 ipsum
730 1525 836 1566 non
865 1511 1044 1566 minus
1069 1510 1271 1567 diserte
1300 1512 1664 1569 afﬁrmaverat
1691 1522 1816 1570 ante
1847 1530 1973 1571 eum

375 1602 606 1658 Sanctus
635 1601 936 1676 Cyprianus
977 1604 1226 1659 scribens
1256 1604 1322 1659 ad
1375 1604 1768 1660 Thibaritanos.
1826 1605 1974 1661 Scire

373 1696 508 1749 enim
537 1696 746 1761 debetis,
793 1696 988 1765 inquit,
1041 1712 1104 1750 ac
1135 1706 1317 1762 tenere,
1350 1698 1486 1750 diem
1537 1714 1789 1768 pressum
1817 1715 1972 1769 super

2153 1422 2262 1478 Nec
2293 1424 2486 1477 mirum
2517 1421 2687 1477 videri
2731 1419 2912 1487 debet,
2966 1420 3011 1476 si
3044 1420 3357 1477 Lactantius
3382 1421 3438 1477 in
3471 1421 3588 1478 libri
3611 1425 3660 1479 de

2082 1513 2332 1569 Mortibus
2361 1524 2738 1586 persecutorum
2791 1514 3015 1583 Epilogo
3063 1514 3131 1569 ad
3169 1514 3442 1570 Donatum
3485 1517 3659 1572 oratio-

2077 1622 2202 1662 nem
2230 1615 2573 1672 couvertens,
2600 1607 2930 1661 mentionem
2953 1607 3188 1676 aliquam
3213 1607 3464 1678 injecerit
3484 1609 3548 1664 de
3575 1609 3664 1665 ﬁne

2074 1699 2275 1765 saeculi,
2304 1714 2464 1770 quem
2491 1699 2775 1753 imminere
2799 1714 2898 1753 nec
2919 1697 3254 1768 Lactantius,
3285 1715 3389 1757 nec
3417 1700 3509 1758 ille
3533 1702 3659 1759 nobi-

367 1795 519 1852 caput
547 1803 654 1841 esse
676 1788 886 1857 coepisse
908 1828 922 1854 ,
950 1799 998 1844 et
1024 1803 1260 1842 occasum
1289 1788 1465 1842 siccati
1491 1799 1639 1860 atque
1668 1790 1970 1845 Antichristi
1997 1782 2046 1843 B
2075 1791 2313 1847 lissimus
2336 1794 2616 1848 confessor
2645 1792 2885 1847 Donatus
2913 1791 3214 1846 dubitabat.

369 1965 3642 1990 m

1085 2078 1865 2193 EENBIGI
1918 2081 2929 2195 DODWELLI

1629 2260 2406 2460 lamentatio

1555 2659 1698 2730 DE
1764 2661 2039 2733 RIPA
2077 2661 2491 2735 STBIGA.

1737 2869 2215 2933 «malum

349 3019 408 3084 τε,
455 3017 533 3069 Ad
563 3015 795 3068 Lactant.
831 3012 896 3066 de
938 3011 1186 3066 Mortibus
1229 3009 1623 3065 Persecutorum
1651 3009 1680 3080 ς
1711 3023 1806 3065 xu.
1826 3010 1840 3030 ‘

354 3149 381 3212 ς
414 3149 455 3199 I.
488 3147 614 3209 Ripa
637 3147 741 3212 haec
764 3158 860 3193 non
893 3144 1038 3192 Maris
1063 3151 1202 3212 erat,
1231 3145 1319 3212 sed
1341 3141 1529 3212 fluvii.
1557 3169 1617 3183 --
1638 3141 1754 3212 ΞΠ,
1789 3141 1960 3208 Striga

420 3224 510 3260 vox
538 3205 804 3270 gromatica
827 3212 880 3270 et
899 3207 1182 3270 castrensis.
1204 3232 1266 3241 -—
1287 3206 1314 3268 §
1331 3205 1426 3270 Ill.
1453 3206 1622 3270 Castra
1643 3206 1880 3270 Romana,
1897 3205 1960 3256 ut

419 3266 980 3334 plurimumouadrata.
1002 3266 1530 3334 Castiorum‘ﬁttorum
1568 3267 1703 3317 frons
1739 3267 1956 3334 Oriens,

418 3327 670 3382 mobilium
693 3327 864 3393 hostis.
889 3329 984 3393 —-§
1002 3328 1086 3378 ιν.
1113 3327 1346 3378 Frontem
1363 3331 1534 3393 itaque
1551 3333 1960 3393 castrorutti_stri-

419 3400 778 3456 gamiveteres,
806 3390 933 3456 latus
963 3390 1213 3456 scamnum
1241 3390 1567 3456 appellabant.
1593 3418 1654 3428 ——-
1676 3394 1702 3456 §
1725 3391 1785 3456 Υ.
1813 3391 1957 3442 Colo-

419 3451 512 3504 ﬁne
533 3451 871 3517 Romanaapro
893 3454 1140 3504 Castrensi
1163 3451 1416 3517 disciplina
1439 3451 1708 3517 dispositae:
1736 3455 1961 3504 Praeten-

417 3527 544 3567 turte
567 3514 874 3566 Coloniarum
897 3518 1085 3576 strigae.
1118 3541 1180 3551 ——
1200 3514 1226 3576 §
1249 3515 1334 3566 VI.
1362 3514 1621 3578 Agrorum,
1646 3525 1953 3577 castrorum,

419 3580 875 3642 provinciarumque
913 3579 1162 3642 praecipue
1197 3577 1540 3642 Romanarum
1563 3577 1746 3630 limites
1770 3577 1954 3631 Fluvii.

422 3639 518 3704 ’+—§
541 3639 647 3704 VII.
668 3639 1085 3704 Prtet’entu'rarum
1106 3639 1489 3704 Illyriciauarum
1510 3641 1658 3704 limes
1679 3641 1956 3692 Danubius.

354 3713 362 3766 ξ
419 3701 688 3766 Provincice
706 3702 995 3766 Illyriciante
1010 3701 1257 3764 RipeuSes
1275 3703 1334 3751 ab
1357 3703 1575 3766 ejusdem
1596 3702 1805 3766 Danubii
1831 3704 1956 3764 ripa.

420 3792 479 3800 —
499 3764 526 3828 §
548 3764 678 3814 VIII.
724 3764 858 3813 Idem
899 3764 1130 3826 probatur
1163 3779 1209 3828 ε
1229 3765 1403 3813 castris
1422 3765 1624 3828 stativis
1662 3767 1713 3813 in
1745 3765 1958 3828 Danubii

423 3825 525 3888 ripa
551 3825 980 3889 frequentissimis,
1008 3834 1060 3889 et
1081 3827 1142 3873 ab
1163 3825 1397 3889 Historia.
1421 3826 1960 3889 PraetenturarurnRo-

364 3914 369 3920 -
429 3887 677 3936 manarum
703 3887 864 3949 qualia
889 3888 1212 3949 munimenta.
1237 3887 1519 3949 Explicatur
1545 3888 1794 3949 adversus
1823 3887 1958 3937 Rbe-

423 3963 601 3998 nauum
625 3946 1078 4011 'Ier'tullianus.__7-
1099 3948 1125 4011 §
1150 3946 1398 4011 lxxld‘em
1435 3962 1499 3998 ex
1527 3946 1691 3996 Attilae
1717 3952 1960 4009 provincia

426 4011 656 4073 Romanis
671 4010 951 4073 (ἕτεραι-αδ
975 4008 1032 4073 X_.
1045 4008 1221 4073 Bitiam
1236 4008 1447 4058 Danubii
1468 4011 1658 4071 egressi
1675 4008 1955 4073 aliquando,

423 4071 514 4122 sed
541 4086 647 4121 raro
670 4070 891 4121 Romani.
914 4070 977 4110 4—-
997 4071 1023 4134 §
1045 4070 1128 4120 XI.
1170 4071 1445 4134 Quominus
1483 4070 1615 4134 saepe
1650 4070 1957 4132 egi-ederem

425 4144 525 4196 tur,
557 4134 856 4196 impediebat
877 4132 1043 4196 Opinio
1066 4133 1131 4182 de
1157 4132 1419 4196 rli‘atalibus
1444 4133 1761 4196 imperiorum
1787 4137 1960 4184 termi-

424 4197 520 4244 nis.
544 4195 736 4245 Nullam
762 4195 924 4244 tamen
951 4195 1244 4255 provinciam
1269 4195 1747 4244 Transdanubianam
1773 4197 1958 4247 retine-

425 4259 544 4307 bant
581 4267 726 4308 :etatc
768 4256 1184 4321 Diocletiani.__——
1216 4255 1374 4321 §XIL
1396 4255 1653 4321 Convenit
1685 4257 1801 4321 haec
1839 4261 1960 4321 ripa:

423 4322 592 4382 strigae
617 4320 801 4369 mentio
824 4334 935 4369 cum
951 4317 1154 4370 consilio
1177 4317 1325 4382 atque
1355 4318 1536 4367 itinere
1560 4317 1869 4370 Diocletiani.

440 4445 467 4515 §
498 4443 539 4498 ι.
562 4443 649 4496 Sic
664 4452 838 4497 testate
863 4449 1140 4515 transacta,
1165 4457 1255 4510 per
1270 4444 1538 4495 circuitum
1557 4458 1692 4515 mea:
1723 4458 1946 4510 sratcaz,

367 4512 726 4570 Nicomediam
752 4517 905 4578 venit,
932 4525 1037 4583 etc.
1072 4512 1245 4566 RIPAM
1274 4527 1523 4583 STRIGALI,
1572 4514 1722 4583 cujus
1763 4519 1952 4571 memi-

367 4589 447 4642 nit
476 4589 527 4640 in
564 4583 879 4640 Diocletiani
908 4599 936 4636 a
966 4582 1220 4637 Ravenna
1253 4581 1615 4638 Nicomediam
1638 4581 1830 4641 versus
1861 4588 1949 4641 iti-

371 4674 501 4712 nere
526 4654 851 4719 Lactantius,
893 4653 962 4708 de
989 4653 1184 4708 mendo
1206 4665 1506 4723 suspectam
1536 4653 1694 4711 habet
1723 4658 1792 4712 cl.
1821 4658 1954 4713 Lac—

371 4728 521 4782 tantii
553 4727 754 4791 editor;
794 4724 899 4787 vel,
953 4725 996 4778 si
1029 4739 1153 4778 vere
1182 4725 1252 4777 sit
1280 4725 1563 4791 Lactantii,
1593 4727 1661 4782 de
1693 4742 1787 4782 ora
1819 4728 1954 4784 Pro-

369 4797 815 4870 pontidis,_quam
845 4794 1035 4870 legerit
1059 4795 1437 4870 Diocletianus,
1469 4797 1918 4870 putatintelligen
1937 4830 1951 4841 -

369 4865 514 4922 dam.
547 4867 768 4920 Fallitur
797 4865 1079 4932 utrobique
1105 4867 1184 4918 vir
1210 4865 1574 4922 doetissimus.
1618 4869 1779 4923 Maris
1807 4865 1952 4924 oram

369 4942 572 4993 littusve
598 4938 700 5006 legi
751 4935 891 5009 apud
942 4950 1103 5009 puros
1134 4935 1388 5009 Romana:
1437 4939 1630 5009 linguae
1681 4951 1949 5006 auctores,

369 5012 527 5065 facile
573 5007 874 5078 concedent
912 5006 1137 5066 eruditi;
1187 5023 1253 5062 ne
1283 5007 1334 5062 id
1365 5006 1581 5078 quidem
1608 5010 1845 5076 difﬁcile,
1895 5021 1952 5068 ut

367 5096 494 5136 raro
521 5078 704 5134 forsan
747 5077 1111 5151 inaris__etiam
1140 5079 1308 5151 ripam
1349 5077 1636 5149 aliquando
1688 5083 1948 5151 legamus,

372 5154 528 5219 longe
555 5158 731 5204 tamen
763 5162 884 5220 esse
914 5148 1058 5220 illam
1085 5147 1137 5202 in
1168 5148 1364 5216 ﬂuviis,
1401 5147 1560 5220 quam
1585 5153 1636 5206 in
1670 5147 1824 5219 ma'ri,
1850 5147 1953 5207 fre-

369 5218 728 5292 quentiorem.
772 5218 946 5292 Fluvii
972 5222 1168 5292 itaque
1210 5221 1378 5288 ripam
1421 5218 1586 5278 fuisse
1628 5218 1954 5278 verisimilli-

373 5290 517 5346 tnum
569 5299 670 5356 est,
726 5305 846 5360 quae
876 5290 1048 5361 Striga
1101 5293 1419 5360 appellatur,
1465 5309 1568 5347 non
1601 5297 1785 5360 maris,
1844 5311 1950 5350 non

366 5361 731 5436 Propontidis.
787 5361 843 5436 Id
872 5377 998 5436 vero
1048 5372 1214 5436 restat
1258 5375 1514 5436 praeterea
1544 5364 1781 5430 difﬁcile,
1825 5367 1954 5436 quid

368 5432 801 5506 Strigteuomine
831 5433 1093 5506 intelligat
1117 5432 1464 5506 Lactantius,
1506 5444 1667 5505 utque
1692 5451 1754 5490 ea
1787 5432 1957 5506 possit

369 5508 421 5559 in
454 5503 670 5558 fluvium
701 5505 1009 5569 convenire,
1039 5513 1094 5558 et
1119 5519 1278 5573 quem
1305 5504 1395 5559 ille
1438 5503 1656 5560 ﬂuvium
1697 5503 1955 5565 denotare

361 5575 610 5704 guttai-it.
662 5573 738 5630 ita
783 5574 1097 5630 Diocletiani
1149 5575 1252 5631 iter
1301 5577 1790 5645 exploratissimum
1856 5579 1953 5634 ha-

402 5663 429 5701 e
473 5660 628 5702 unuz.

402 5660 628 5702 εῦιιηεε.

435 5718 462 5788 §
491 5715 554 5775 ll.
597 5715 692 5774 Est
717 5717 894 5789 itaque
921 5715 1098 5790 Striga
1127 5729 1229 5774 vox
1256 5717 1642 5792 agrimensaria
1687 5734 1784 5776 seu
1829 5735 1953 5792 gro-

1983 3011 2030 3072 C
2065 3013 2284 3079 matica,
2315 3029 2341 3066 a
2372 3017 2845 3074 castramelalioue
2873 3015 3124 3084 primum,
3161 3015 3287 3072 inde
3314 3017 3384 3072 ad
3419 3017 3639 3075 Colonia-

2063 3098 2183 3137 rum
2214 3101 2393 3153 agros,
2438 3091 2525 3155 qui
2557 3102 2654 3154 pro
2680 3095 2982 3141 castrirum
3017 3103 3203 3142 norma
3255 3093 3553 3146 mensurari
3579 3103 3702 3144 atu-

2062 3170 2167 3221 que
2193 3155 2440 3211 distribui
2471 3159 2738 3229 solebant,
2767 3159 3004 3212 traducta
3038 3171 3197 3225 atque
3224 3172 3503 3229 usurpata.
3530 3161 3640 3214 Cas-

2063 3233 2244 3279 lrense
2271 3244 2390 3282 esse
2438 3228 2753 3282 vocabulum
2777 3229 2935 3282 docet
2976 3245 3071 3283 nos
3102 3228 3462 3287 disertissime
3484 3230 3639 3287 Chari-

2063 3296 2195 3371 sius.
2222 3298 2403 3368 Neque
2426 3315 2556 3354 vero
2585 3312 2668 3354 est
2696 3301 2840 3367 quod
2873 3302 2992 3368 quis
3021 3311 3189 3371 putet,
3225 3303 3326 3354 hoc
3358 3303 3412 3357 in
3443 3320 3500 3357 ea
3530 3318 3638 3357 voce

2062 3367 2351 3435 singulare.
2404 3371 2546 3425 Idem
2582 3371 2648 3424 de
2687 3367 3221 3439 peritia’Gro'matica
3253 3375 3503 3428 universa
3531 3391 3636 3428 seu—

2065 3439 2323 3509 tiendum,
2379 3441 2553 3509 deque
2603 3444 2824 3496 vocibus
2854 3444 2995 3496 illius
3025 3445 3155 3496 artis
3185 3441 3313 3497 item
3366 3447 3632 3499 universis.

2061 3508 2144 3564 Ad
2189 3508 2729 3584 introitum’Praztorii
2762 3515 2934 3584 locum
2967 3512 3182 3568 GI‘OIIKB
3225 3517 3468 3583 appelIat
3495 3515 3637 3584 Hygi-

2062 3597 2196 3644 nus;
2221 3592 2274 3636 et
2294 3599 2450 3653 quem
2468 3583 2680 3646 scripsit
2703 3584 2770 3638 de
2789 3582 3200 3638 Castrametandi
3219 3582 3425 3640 ratione
3443 3582 3632 3651 librum,

2063 3653 2310 3728 eumdem
2341 3657 2500 3728 etiam
2531 3653 2877 3728 Groumticmn
2907 3657 3197 3724 inscripsit.
3241 3657 3390 3710 ldem
3424 3659 3636 3728 Hyginus

2062 3737 2092 3776 a
2138 3723 2334 3796 Groma
2383 3727 2489 3790 illa,
2522 3742 2698 3796 uuam
2727 3727 2855 3788 dixi,
2891 3723 3151 3780 castrensi
3181 3723 3634 3796 professorés'ejns

2062 3794 2195 3866 artis
2228 3805 2452 3849 testatur
2505 3795 2822 3850 Gromaticos
2862 3797 3028 3851 fuisse
3072 3794 3502 3866 cognominatos.
3555 3794 3635 3852 Est
3655 3809 3696 3832 Ἀ

2061 3864 2241 3932 itaque
2289 3882 2316 3919 a
2356 3869 2614 3941 castrensi
2668 3868 2824 3941 ltujus
2869 3869 3013 3922 vocis
3048 3864 3167 3941 _usu
3202 3868 3272 3924 de
3319 3870 3430 3925 alio
3467 3870 3634 3941 qttovis

2064 3951 2166 3991 usu
2210 3939 2528 3992 secundario
2553 3939 2773 3993 omnino
2812 3938 3183 3994 statuendum.

2139 4016 2167 4087 §
2209 4015 2294 4069 lll.
2325 4015 2634 4071 Castrorum
2688 4033 2816 4088 ergo
2866 4022 3086 4088 figuram
3120 4027 3178 4072 ut
3212 4019 3372 4073 aliam
3408 4034 3631 4075 nonnuno

2061 4103 2219 4157 quam
2252 4088 2474 4141 Romani
2507 4089 2846 4143 adhibuerim
2866 4130 2881 4153 ,
2912 4105 3071 4158 quam
3101 4091 3422 4157 quadratam
3445 4132 3461 4157 ,
3494 4104 3630 4144 nemo

2066 4169 2240 4232 tamen
2270 4161 2458 4227 estqui
2487 4159 2710 4232 dubitet,
2737 4162 2881 4213 illam
2914 4163 3153 4232 muniunt
3184 4160 3348 4215 fuisse
3376 4163 3532 4232 longe
3551 4160 3630 4214 fre-

2061 4231 2488 4300 quentissimam.
2525 4230 2640 4285 Non
2679 4244 2762 4285 est
2797 4231 2936 4298 quod
2978 4231 3312 4298 dubitemus,
3345 4230 3532 4287 eodem
3561 4247 3634 4285 or-

2062 4302 2186 4354 dine
2229 4302 2549 4355 constitutos
2581 4303 2631 4355 in
2671 4302 2860 4356 castris
2889 4302 3119 4367 milites,
3169 4317 3276 4371 quo
3313 4303 3364 4356 in
3397 4305 3528 4358 acic.
3577 4303 3632 4355 At

2066 4371 2327 4441 quadrato
2354 4372 2564 4441 agmine
2592 4374 2876 4427 incessisse
2905 4382 3134 4433 constat.
3166 4374 3378 4441 quoties
3410 4373 3632 4428 immine-

2063 4453 2146 4497 ret
2174 4459 2202 4494 a
2235 4444 2530 4511 propinquo
2559 4444 2710 4498 hoste
2741 4445 3056 4511 periculum.
3095 4443 3241 4498 Illam
3275 4445 3485 4500 scilicet
3527 4459 3628 4498 cre-

2057 4513 2257 4567 debant
2284 4513 2512 4583 ﬁguram
2549 4515 2936 4568 munitionibus
2971 4515 3324 4583 aptissimam.
3359 4515 3629 4569 Numerum

2053 4581 2452 4654 quaternarium
2482 4581 2714 4641 ἄπτωτον
2736 4581 3352 4655 ΙιτιὺθιωηιῬγιὴθειιιηιεὶ
3375 4603 3390 4646 ;
3423 4587 3628 4640 invictae-

2053 4669 2162 4731 que
2187 4656 2501 4731 constantiae
2520 4657 2886 4731 virumsolent
2909 4656 3210 4727 philosophi
3233 4659 3542 4731 τετράγωνον
3558 4669 3626 4724 ap

2056 4725 2282 4795 pellare.
2326 4725 2492 4781 Recte
2513 4741 2643 4797 ergo
2672 4729 2817 4780 illam
2842 4742 2939 4796 pro
2964 4725 3271 4797 gromatica:
3297 4725 3430 4782 artis
3463 4741 3625 4782 nornis

2055 4805 2375 4851 statuemus.
2401 4797 2500 4852 Est
2524 4799 2924 4866 autemaluplex
2956 4799 3228 4866 quadrata:
3255 4797 3439 4868 ﬁgura:
3460 4798 3622 4857 limes,

2055 4868 2109 4922 in
2141 4868 2523 4937 longitudinem
2549 4870 2708 4935 alius,
2737 4869 2871 4922 alius
2895 4870 2946 4922 in
2969 4869 3324 4924 latitudinem.
3347 4869 3511 4939 quue
3528 4882 3627 4922 cer-

2057 4949 2168 4992 tum
2189 4979 2204 5006 ,
2237 4939 2426 4993 horum
2451 4942 2674 4994 alterum
2705 4942 2922 5008 strigam
2947 4981 2962 5004 ,
2992 4944 3219 4994 alterum
3243 4955 3517 4994 scamnum
3545 4952 3622 5005 ap-

2057 5009 2305 5080 pellasse.
2341 5010 2541 5079 Duplex
2587 5022 2763 5064 autem
2809 5022 2923 5064 erat
2962 5021 3260 5066 castrorum
3290 5014 3428 5065 situs
3459 5029 3471 5062 :
3499 5008 3618 5064 alius

2055 5079 2154 5151 pro
2175 5095 2236 5135 re
2260 5091 2384 5135 nata
2413 5090 2469 5136 et
2491 5081 2614 5136 belli
2636 5081 2924 5150 exigentia,
2961 5082 3192 5136 incertus
3213 5090 3371 5151 atque
3394 5079 3619 5151 mobilis;

2055 5150 2194 5221 ﬁmus
2222 5152 2357 5206 alius
2387 5161 2440 5206 et
2469 5152 2787 5217 immobilis,
2832 5161 2889 5206 ut
2917 5152 2970 5206 in
3003 5155 3183 5207 castris
3207 5150 3421 5207 stativis.
3455 5152 3505 5206 ltt
3533 5150 3620 5204 situ

2057 5224 2164 5293 ﬁxo
2195 5223 2505 5288 Orientem,
2556 5224 2608 5276 in
2653 5221 2828 5276 mobili
2877 5224 3083 5278 hostem
3133 5223 3453 5293 reSpiciebat
3493 5227 3617 5289 porta

2056 5292 2330 5348 Prtetoria.
2361 5294 2667 5365 Ita_scilicet
2698 5295 2960 5365 Hyginum
2996 5295 3236 5364 intelligo
3273 5303 3435 5364 atque
3466 5293 3619 5360 Vegeo

2057 5365 2211 5419 tium.
2246 5364 2398 5430 Quod
2426 5363 2630 5420 Orienti
2656 5363 2830 5420 castra
2861 5363 3189 5420 obverterint
3209 5406 3223 5431 ,
3255 5367 3305 5420 in
3328 5363 3425 5431 eo,
3461 5374 3517 5419 ttt
3539 5375 3619 5415 ex-

2057 5435 2266 5501 istimo,
2318 5437 2646 5491 salubritatis
2688 5438 2947 5490 rationem
2977 5436 3265 5491 habebant.
3292 5435 3465 5491 Situm
3497 5433 3618 5488 enim

2059 5506 2205 5561 illum
2233 5507 2609 5562 commendant
2632 5509 2923 5577 scriptores
2951 5507 3024 5560 rei
3054 5509 3296 5574 rusticae,
3328 5518 3381 5561 ut
3403 5505 3617 5561 omnium

2059 5577 2489 5632 saluberrimum.
2545 5577 2652 5634 Sed
2681 5579 2849 5634 hostis
2886 5577 3068 5647 procul
3095 5577 3258 5633 dubio
3286 5580 3460 5647 potior
3487 5584 3586 5632 erat
3604 5609 3618 5637 υ

2058 5663 2234 5721 quam
2253 5647 2487 5705 Orientis
2529 5649 2685 5704 ratio.
2732 5649 2808 5705 Ita
2851 5646 3028 5721 tamen
3056 5658 3114 5721 ut
3129 5689 3143 5715 ,
3184 5646 3617 5721 quo’tlesﬂnulluttt

2057 5711 2270 5777 titiunde
2293 5728 2621 5778 metueretur
2643 5717 3058 5792 incommodum,
3080 5711 3353 5782 Orientem
3376 5720 3494 5784 aliis
3510 5711 3628 5808 coli.
