3828 6262
391 258 499 319 199

1797 254 1985 313 FIRM.
2025 252 2391 314 LACTANTII

3532 257 3539 265 ’
3585 256 3709 316 200

396 376 837 443 dominationem,
868 374 1231 445 subiectorum
1279 380 1457 428 tamen
1512 373 1812 428 cervicibus
1845 374 1993 427 iucu-
2019 376 2072 435 Λ
2099 372 2262 426 clcsia
2297 370 2537 425 restituta
2561 377 2675 434 est;
2698 368 2792 425 sed
2832 369 2994 447 etiam
3025 369 3197 427 multo
3225 371 3426 429 clarius
3451 387 3513 430 ac
3542 374 3705 431 ﬂori-

394 470 541 526 bavit
564 486 722 540 quam
753 469 1073 532 diutissime,
1106 475 1359 535 tutusque
1389 467 1651 536 regnavit,
1677 465 1851 519 donec
1881 465 1982 518 im-

384 565 514 634 pias
542 575 732 616 manus
775 558 1035 615 adversus
1086 558 1369 613 Dominum
1403 558 1668 614 tenderet.
1696 557 1986 630 Postquam

395 670 530 710 vero
556 655 623 709 ad
643 651 1071 724 persequendum
1089 652 1293 722 justum
1315 652 1571 721 populum
1597 650 1854 706 instinctu
1878 652 1989 706 da:-

397 762 617 802 monutn
667 745 919 799 incitatus
946 753 1051 810 est,
1084 753 1211 797 tunc
1239 741 1466 796 traditus
1493 744 1546 796 in
1589 757 1779 796 manus
1810 743 1989 797 inimi-

393 855 585 895 corum
616 837 714 892 luit
737 851 946 907 poenas.
974 835 1084 890 Nec
1129 836 1258 889 satis
1287 834 1352 889 ad
1395 834 1651 888 ultionem
1697 834 1816 900 luit,
1844 836 1986 904 quod

311 963 317 968 -
394 942 480 988 est
505 930 819 985 interiectus
857 944 872 982 :
906 928 1049 982 domi
1080 927 1240 982 etiam
1300 928 1557 981 memoria
1614 928 1845 982 nominis
1870 930 1988 998 ejus

393 1039 547 1080 erasa
576 1031 676 1078 est.
711 1021 842 1076 Nam
871 1036 995 1075 cum
1024 1020 1189 1074 multa
1239 1019 1506 1074 mirabilia
1535 1036 1698 1090 opera
1730 1018 1990 1076 fabricas-

393 1126 499 1181 set,
531 1130 652 1170 cum
680 1113 998 1183 Capitolium
1028 1112 1242 1181 aliaque
1281 1112 1482 1166 nobilia
1532 1124 1878 1168 monumenta
1907 1114 1989 1170 fe-

392 1213 579 1277 cisset,
606 1210 839 1266 Senatus
866 1210 937 1263 ita
969 1224 1166 1263 nomen
1190 1212 1307 1278 ejus
1332 1218 1648 1277 persecutus
1669 1218 1774 1275 est,
1805 1218 1859 1262 ιιι
1887 1224 1990 1264 ne-

392 1319 498 1375 que
519 1304 835 1373 imaginum,
859 1315 1032 1370 neque
1062 1300 1339 1355 titulorum
1366 1300 1483 1370 ejus
1516 1300 1849 1371 relinqueret
1879 1301 1989 1355 ulla

391 1394 620 1466 vestigia
652 1436 667 1461 ,
715 1393 1048 1463 gravissimis
1093 1392 1330 1447 decretis
1377 1393 1538 1446 etiam
1570 1403 1782 1446 mortuo
1809 1402 1989 1448 notam

392 1490 637 1545 inureret
660 1486 725 1540 ad
745 1485 1094 1554 ignominiam
1116 1484 1520 1554 sempiternam.
1546 1484 1810 1539 Rescissis
1830 1485 1990 1555 igitur

392 1583 528 1639 actis
560 1580 795 1651 tyranni,
829 1593 935 1631 non
969 1586 1172 1631 tantum
1223 1577 1273 1630 in
1303 1585 1501 1630 statum
1549 1574 1829 1644 pristinum
1881 1577 1988 1632 Ec-

2091 464 2213 518 dius
2268 464 2494 528 enituit;
2542 463 2851 532 secutisque
2901 464 3256 534 temporibus,
3315 466 3507 536 quibus
3536 467 3705 524 multi

2090 570 2154 610 ac
2180 555 2303 609 boni
2349 555 2619 624 principes
2652 554 2877 610 Romani
2928 555 3139 627 imperii
3170 558 3384 612 clavum
3422 560 3702 630 regimen.

2090 665 2195 719 que
2219 658 2525 715 tenuerunt,
2555 648 2733 703 nullos
2755 649 3095 704 inimicorum
3116 651 3351 722 impetus
3366 666 3545 722 passa,
3576 670 3700 708 ma-

2092 757 2193 797 nus
2222 758 2349 803 suas
2394 741 2451 797 in
2505 742 2771 798 orientem
2822 744 3267 814 occidentemque
3296 747 3567 815 ,porrexit
3593 762 3610 812 ;
3641 756 3755 817 ut.

2088 837 2198 906 jam
2222 836 2403 891 nullus
2444 843 2589 890 esset
2618 844 2880 890 terrarum
2907 836 3137 905 angulus
3159 845 3267 891 tam
3297 849 3567 904 remutus,
3588 854 3700 909 quo

2094 950 2198 988 non
2218 935 2405 1004 religio
2433 941 2804 1003 penetrasset;
2834 930 2978 986 nulla
3000 930 3232 1001 denique
3259 931 3405 986 natio
3429 941 3537 987 tam
3568 931 3701 990 leris

2093 1026 2332 1080 moribus
2352 1027 2559 1092 vivens,
2580 1034 2637 1078 ut
2662 1039 2771 1079 non
2802 1031 3054 1092 suscepto
3075 1022 3167 1077 Dei
3188 1022 3358 1090 cultu,
3373 1022 3440 1078 ad
3472 1024 3701 1095 justitia:

2093 1131 2252 1188 Opera
2270 1114 2769 1172 tuitescereret.Setl
2781 1115 2924 1170 enim
2943 1123 3122 1184 postea
3137 1114 3294 1184 longa
3305 1128 3409 1185 pax
3420 1122 3579 1187 rupta
3590 1127 3697 1173 εει.

2852 1208 2942 1263 IV.

2167 1301 2359 1358 Extitit
2385 1300 2531 1357 enim
2557 1309 2680 1371 post
2723 1314 2895 1355 annos
2949 1299 3211 1369 plurimos
3240 1299 3548 1357 execrabile
3576 1301 3703 1358 ani-

2095 1394 2202 1448 mal
2228 1392 2444 1457 Decius,
2468 1391 2561 1461 qui
2587 1402 2813 1446 vcsaret
2840 1382 3165 1446 Ecclesiam.
3211 1390 3346 1462 Quis
3374 1394 3519 1448 enim
3536 1393 3703 1464 justi-

2094 1488 2247 1554 tiam,
2273 1486 2382 1550 nisi,
2400 1486 2574 1540 malus
2593 1484 2988 1554 persequatur?
3008 1484 3071 1539 Et
3095 1484 3251 1555 quasi
3277 1483 3439 1555 hujus
3468 1488 3546 1542 rei
3576 1502 3701 1558 gra-

2093 1582 2165 1635 tia
2199 1588 2485 1650 provectus
2523 1589 2671 1635 esset
2698 1578 2766 1633 ad
2814 1578 2945 1635 illud
2975 1579 3271 1651 principale
3300 1578 3593 1652 fastigium,
3617 1584 3704 1639 ῆι-

1746 1692 2102 1752 VARIORUM
2139 1696 2372 1753 ΝΟΤΑΞ.

395 1815 599 1873 habent
627 1812 863 1866 invisam.

467 1886 819 1951 Subiectorunt
860 1880 1137 1951 ceruicibus
1171 1878 1444 1932 incnbavit.
1503 1878 1815 1951 Lactantius
1861 1880 1977 1934 Div.

398 1950 664 2021 Iastium,
698 1955 731 2008 Ι.
767 1970 817 2017 v,
845 1967 895 2007 c.
937 1950 971 2004 5
1002 1968 1014 2003 :
1047 1950 1159 2005 Soli
1204 1950 1509 2004 absconditis
1548 1950 1894 2021 incubarent;
1934 1961 1990 2005 ct

394 2047 445 2085 (ς.
473 2029 507 2084 9
539 2046 551 2080 :
594 2019 661 2080 In
691 2042 774 2080 eos
800 2024 919 2077 totis
947 2022 1261 2083 carniﬁcina:
1313 2036 1418 2074 suae
1442 2019 1630 2074 viribus
1656 2022 1987 2087 incumbunt;

392 2102 430 2156 1.
463 2116 555 2163 \ll,
578 2114 626 2152 c.
654 2096 747 2151 l9:
780 2095 938 2164 Capto
966 2091 1174 2159 mundo,
1194 2108 1307 2145 cum
1332 2093 1532 2163 magnis
1562 2094 1821 2145 latronum
1841 2110 1989 2146 exer-

394 2173 574 2226 citibus
599 2165 873 2221 incubabit.

472 2240 709 2295 Traditus
738 2239 790 2289 in
821 2251 1001 2289 manus
1028 2233 1349 2286 inimicorum
1379 2232 1471 2285 luit
1504 2248 1699 2301 poenas.
1728 2231 1988 2287 Domitia--

397 2330 497 2367 nus
532 2323 714 2365 mense
737 2307 1003 2361 februarin
1030 2305 1153 2356 :tttni
1172 2304 1298 2356 Chr.
1330 2302 1398 2357 94
1425 2320 1612 2357 sthvn't:
1643 2306 1825 2371 υωνῑι.
1844 2304 1975 2357 Per-

394 2391 605 2453 emptus
625 2391 711 2453 est
733 2394 874 2431 anno
897 2377 1091 2453 Cltri~ti
1118 2375 1209 2453 9Q,
1241 2374 1303 2428 H
1334 2373 1437 2427 kal.
1477 2377 1680 2453 octnbr.
1720 2375 1978 2453 (.~ive__ilie

398 2454 465 2509 18
490 2444 813 2520 selilctttltt'.)
832 2491 845 2511 ,
869 2457 939 2520 int
982 2450 1035 2520 in
1063 2444 1429 2520 Cﬂllrl'Sso‘QS‘l.
1456 2445 1594 2520 apud
1621 2460 1831 2520 omnes.
1856 2444 1980 2520 Tot-

393 2515 811 2589 Nanné—Neqnc
833 2519 987 2572 aliter
1015 2516 1282 2589 Lactant.,
1311 2515 1482 2589 Divin.
1505 2515 1703 2579 lustit.,
1729 2516 1764 2569 l.
1791 2532 1887 2589 vn,
1914 2519 1980 2571 de

394 2586 760 2650 Antichristn':
788 2589 854 2644 Et
880 2598 1080 2659 captus,
1112 2586 1312 2659 tandem
1355 2587 1601 2641 scelerum
1632 2602 1840 2640 suorum
1869 2586 1977 2642 luat

392 2683 584 2737 pinnas.
618 2663 762 2718 Idem
794 2657 1053 2737 Εμίιοζιιιἐξ
1081 2673 1199 2737 cap.
1229 2657 1318 2712 68.
1417 2720 1433 2737 __

464 2735 791 2805 Interfectus.
820 2727 981 2785 domi.
1001 2729 1089 2785 Sic
1120 2727 1611 2805 legeretnaluimus
1634 2742 1753 2805 cum
1781 2728 1981 2805 doctis-

390 2807 528 2863 simo
549 2799 779 2875 Ctipero,
803 2817 959 2875 quam
990 2815 1110 2875 cum
1137 2799 1365 2858 caneris,
1394 2799 1687 2875 interfectus
1712 2799 1871 2875 danti.

465 2869 713 2933 Mentoria
741 2869 958 2927 nominis
987 2873 1098 2939 eius
1136 2886 1283 2923 erasa
1311 2883 1402 2923 est.
1446 2870 1512 2923 Et
1539 2869 1696 2932 infra,
1726 2887 1773 2921 υ.
1809 2870 1902 2935 52,
1934 2879 1980 2922 et

389 2951 545 3006 erasit
575 2949 639 3002 de
662 2957 816 3000 terra.
855 2943 1112 2998 Macrob”
1146 2942 1180 2995 1.
1215 2943 1556 3007 tSalHrttal.,
1607 2958 1654 2994 c.
1694 2940 1795 2993 F2:
1832 2941 1983 2993 Octo-

389 3024 528 3076 brem
574 3034 691 3073 vero
718 3032 810 3071 suo
865 3015 1067 3067 nomine
1096 3010 1423 3065 Domitianus
1471 3012 1723 3065 invaserat
1748 3028 1766 3064 :
1790 3012 1878 3064 sed
1907 3011 1984 3064 uti

386 3085 1011 3164 infaustum-vocabulum
1058 3099 1123 3137 ea:
1188 3085 1326 3136 onmi
1368 3097 1469 3136 tere
1513 3087 1588 3136 vel
1627 3098 1753 3136 saxo
1791 3082 1984 3152 placuit

388 3160 550 3219 eradi.
602 3160 801 3214 Btth.

459 3233 587 3287 Cum
618 3231 774 3283 multa
802 3225 1054 3279 mirabilia
1080 3238 1236 3290 opera
1256 3222 1573 3292 fabricasset.
1605 3222 1967 3276 Suetoniusin

391 3304 695 3359 Domitiano
722 3317 733 3352 :
772 3297 1005 3350 Plurima
1030 3304 1075 3348 et
1111 3293 1426 3362 amplissima
1458 3310 1610 3360 apera
1634 3294 1864 3346 incendio
1882 3295 1972 3346 ab-

388 3382 592 3440 sumpta
622 3369 860 3432 restituit,
879 3368 931 3420 in
959 3366 1169 3440 queisct
1197 3364 1670 3440 copitolium,quod
1689 3380 1865 3440 rursus
1887 3380 1974 3440 ar-

386 3434 541 3510 serai,
572 3441 660 3497 sed
689 3441 858 3493 omnia
885 3434 979 3492 sub
1002 3437 1147 3510 titulo
1174 3444 1368 3487 tantum
1391 3451 1503 3499 suo,
1530 3452 1589 3487 ac
1616 3437 1725 3489 sine
1737 3434 1845 3488 ulla
1862 3435 1971 3505 pri-

386 3516 506 3571 stini
529 3506 776 3568 auctoris
808 3508 1064 3562 ntentoria.
1088 3506 1283 3559 BALUZ.

462 3586 638 3651 Neque
662 3582 961 3651 imaginum,
978 3593 1135 3648 neque
1156 3577 1417 3651 titulorum
1435 3578 1689 3651 ejus,_ctc.
1720 3575 1771 3629 ltl
1798 3576 1973 3651 ipsum

387 3647 573 3712 scribit
607 3647 893 3715 Eusebius,
933 3653 966 3703 Ι.
997 3647 1084 3710 ιιι,
1115 3663 1164 3701 c.
1194 3648 1266 3701 ‘20
1301 3647 1432 3701 llist.
1467 3648 1600 3701 eccl.
1634 3647 1922 3703 Suetonius
1957 3665 1970 3701 :

386 3726 578 3783 Contra
608 3724 825 3781 Senatus
838 3722 967 3775 adeo
994 3721 1196 3773 ltetatus
1211 3729 1304 3784 est,
1325 3731 1377 3770 ut
1403 3718 1595 3789 repleta
1625 3718 1854 3772 certatim
1878 3717 1975 3771 Cu-

385 3803 482 3866 ria,
506 3814 607 3852 non
635 3805 927 3866 temperaret
945 3793 1068 3860 quin
1088 3802 1339 3866 mortuum
1359 3790 1865 3866 contumeliosissimo
1890 3798 1973 3866 at-

385 3857 482 3941 que
510 3857 830 3922 acerbissimo
859 3857 1281 3941 acclamationum
1308 3876 1493 3941 genere
1524 3857 1973 3941 laceraret‘,scal‘as

386 3928 539 3994 etiam
561 3938 760 4007 inferri,
777 3936 1078 4007 clypeosque
1099 3942 1142 3983 et
1161 3932 1535 4007 imaginesejus
1552 3946 1723 4007 coram
1748 3928 1966 4007 detralti,

386 4020 433 4064 et
454 3999 637 4063 ibidem
666 4007 775 4060 solo
816 3999 961 4073 affigi
984 3999 1201 4070 jubejet,
1235 4000 1503 4054 novissime
1538 4003 1816 4073 eradendos
1861 3999 1973 4052 ubi-

385 4098 482 4149 que
513 4074 705 4140 titulos,
760 4072 1160 4140 abolendamque
1198 4085 1398 4122 omnem
1417 4073 1710 4123 memoriam
1737 4072 1973 4124 decerne-

382 4162 476 4206 ret.
506 4151 581 4203 ltlx
603 4150 799 4202 BALUZ.

462 4220 800 4288 Relinqueret.
831 4213 955 4288 Mss.
999 4212 1354 4288 relinquerent.

461 4280 801 4345 Grauia-simis.
836 4287 891 4340 In
915 4288 1015 4339 ins;
1047 4280 1145 4336 est
1185 4280 1500 4352 gravissime,
1524 4294 1645 4333 cum
1676 4280 1971 4351 tnajuscula

388 4362 574 4418 ἰιιὶιίιιιὶ
604 4363 795 4424 littera,
832 4355 1414 4426 praacedentepuncto,
1448 4358 1607 4405 male.

462 4431 702 4486 Restissis
723 4420 848 4483 actis
875 4425 1099 4499 tyranni.
1136 4422 1268 4499 Vide
1290 4431 1621 4499 supra,_ttot._
1658 4420 1724 4476 ad
1757 4435 1805 4476 c.
1842 4422 1892 4475 1.

461 4503 579 4557 Non
626 4511 841 4555 tantum.
891 4493 981 4552 Sic
1028 4510 1127 4549 ms.
1164 4495 1414 4547 breviatis
1463 4494 1653 4547 litteris
1684 4493 1967 4559 ttm;atin

383 4577 540 4631 editis
561 4588 678 4637 est,
712 4589 811 4624 non
844 4571 1015 4631 modo,
1048 4566 1204 4637 male.

456 4632 685 4701 Ecclesia
713 4642 956 4695 restituta.
974 4638 1160 4693 Narra:
1189 4634 1286 4690 Dio
1303 4635 1440 4702 apud
1464 4633 1816 4703 Xipltilinum,
1837 4632 1967 4689 Ner-

383 4734 500 4773 vam
528 4729 736 4776 omnes,
786 4715 873 4782 qui
918 4708 1204 4776 impietatis
1247 4712 1297 4782 in
1327 4707 1457 4782 deos
1488 4709 1562 4760 rei
1586 4704 1841 4782 fuerant,
1869 4707 1966 4761 al)-

382 4791 629 4849 solvisse,
661 4776 846 4839 exules
870 4784 921 4836 in
956 4785 1177 4849 patrium
1206 4778 1506 4841 reduxisse,
1535 4776 1714 4849 edicto
1743 4778 1965 4849 insuper

381 4847 634 4921 vetuisse,
666 4870 732 4910 ne
754 4855 836 4907 cui
862 4847 1147 4906 liceretaut
1176 4849 1461 4921 impietatis
1489 4849 1601 4921 sive
1620 4847 1963 4921 .lutlaice_sc-

379 4943 479 4985 ctu:
508 4917 744 5002 (~ic'ltnn
769 4925 1029 5002 vocabant
1054 4921 1367 4988 religionem
1395 4917 1619 5002 Qliristi}
1650 4917 1957 4987 quempiam

379 4988 575 5056 deliine
606 4994 923 5051 insimulari.
966 4994 1035 5045 Ea
1071 5005 1230 5058 porro
1266 4992 1548 5043 occasione
1568 4988 1804 5044 Joannes
1830 5004 1958 5058 apo-

377 5072 569 5131 stolus,
602 5069 688 5136 qui
721 5066 772 5117 itt
796 5065 1014 5136 Palmm:
1040 5061 1264 5136 insuum)
1287 5076 1316 5114 a
1350 5060 1648 5113 Domitiano
1676 5059 1847 5113 fuerat
1874 5074 1959 5114 re-

377 5129 579 5211 legatus
610 5129 631 5203 ξ
681 5136 846 5211 exilio
880 5134 1104 5211 solutus,
1156 5129 1424 5211 Ephesum
1442 5144 1722 5211 _rever_sus
1746 5139 1870 5211 “est,
1901 5142 1960 5185 ut

374 5200 457 5266 ex"
482 5200 753 5265 tilemente
789 5204 1148 5259 Alexandrino
1207 5204 1393 5257 recitat
1442 5201 1704 5256 Eusebius
1746 5200 1836 5255 lib.
1876 5216 1955 5266 tn,

368 5299 489 5339 can.
511 5282 601 5336 Ξῖ).

437 5299 702 5408 asilum
730 5345 1158 5415 conjunctionem
1177 5343 1521 5399 Heumanntts
1541 5351 1692 5412 putat
1712 5356 1834 5397 esse
1855 5340 1954 5397 de-

374 5427 583 5481 lentlam
608 5429 666 5473 ut
686 5418 878 5472 melius
901 5416 1026 5471 ﬂuat
1045 5417 1233 5471 oratio.

442 5496 574 5550 Boni
596 5490 916 5560 'principes.
942 5488 1196 5555 Quamvis
1253 5486 1461 5560 pagani,
1495 5485 1701 5560 scilicet
1730 5481 1949 5560 ‘Nerva,

373 5555 1086 5638 Tt'ajattus,Atttonini,etc.,
1111 5555 1396 5638 quietlicta
1415 5566 1614 5638 contra.
1624 5555 1952 5638 christianos

370 5626 494 5697 non'
525 5626 946 5706 promulgarunt.
986 5626 1290 5706 Lactantius
1312 5631 1376 5706 in
1432 5632 1537 5706 line
1583 5626 1704 5681 libri
1733 5626 1948 5696 septimi

370 5711 487 5770 Dtv.
519 5700 693 5767 lttstit.
723 5700 787 5759 ad
820 5704 1223 5760 Constantinum
1257 5717 1270 5756 :
1300 5700 1555 5769 Quoniam
1581 5714 1722 5770 unus
1747 5714 1813 5752 ea:
1836 5713 1948 5751 om-

2021 1821 2067 1879 ];
2094 1813 2180 1881 pla
2207 1811 2452 1881 prteberes
2472 1853 2488 1877 ,
2520 1811 2703 1875 quibus
2734 1811 3060 1880 antiquorum
3110 1809 3401 1882 principum
3447 1810 3698 1883 gloriam,

2096 1899 2221 1950 quos
2247 1894 2414 1937 tamen
2443 1886 2582 1953 fama
2610 1884 2739 1936 inter
2765 1882 2923 1937 bonos
2954 1892 3203 1945 numerat,
3224 1899 3326 1936 non
3348 1882 3499 1937 modo
3520 1901 3703 1953 a’qua-

2095 1971 2197 2014 res,
2227 1955 2315 2008 sed
2355 1954 2529 2015 etiam,
2560 1955 2696 2020 quod
2722 1964 2793 2007 est
2821 1956 3121 2019 maximum,
3151 1956 3459 2022 prwterires,
3483 1964 3591 2009 etc.
3624 1959 3702 2012 De

2097 2024 2253 2078 bonis
2280 2023 2640 2093 Principibus,
2674 2027 2761 2094 qui
2792 2034 2847 2079 et
2875 2027 3179 2080 libertatein
3207 2024 3462 2078 credendi
3490 2029 3699 2083 nostris

2097 2094 2406 2149 hominibus
2437 2096 2818 2166 permiserunt,
2848 2104 2904 2149 et
2955 2110 3140 2149 eorum
3178 2094 3479 2149 ministerio
3510 2097 3564 2151 in
3596 2112 3699 2166 pa-

2096 2165 2226 2220 latio
2253 2177 2305 2220 et
2333 2166 2387 2219 in
2413 2167 2707 2235 provinciis
2737 2165 2816 2219 usi
2846 2176 2991 2228 sunt,
3009 2180 3210 2235 eosque
3235 2166 3303 2220 ad
3323 2166 3589 2221 maximas
3606 2170 3697 2223 di-

2094 2238 2327 2306 gnitates
2374 2245 2698 2300 everterunt,
2730 2238 2993 2291 videndus
3047 2236 3311 2291 Eusebius
3362 2236 3518 2292 initio
3561 2240 3689 2295 libri

2094 2324 2184 2362 vttt
2214 2308 2416 2377 Hister.
2443 2308 2641 2362 eccles.
2668 2307 2942 2362 BALUZ.—
2957 2307 3086 2360 Boni
3116 2308 3388 2377 principes.
3410 2307 3689 2377 Zozimus,

2091 2375 2335 2457 l_ib._i,_‘c.
2434 2396 2448 2431 :
2474 2379 2555 2457 Ab
2577 2380 2672 2432 hoc
2701 2380 3055 2457 tenipore‘piri
3094 2375 3211 2457 boni
3243 2375 3488 2457 (ξντεῦὒεν
3509 2375 3696 2457 «Enipei-

2089 2448 2664 2523 ἀγαθοὶλρνίηεὶμαιωιι
2693 2451 2889 2515 adepti,
2920 2448 3113 2523 tVeroa,
3160 2448 3446 2523 Trajanus,
3480 2463 3528 2523 et
3570 2448 3693 2520 p'ost

2088 2518 2203 2590 eum
2233 2521 2490 2575 Adrianus
2517 2530 2566 2590 et
2613 2522 2900 2573 Antoninus
2936 2518 3063 2572 Pius
3090 2528 3137 2573 et
3173 2537 3267 2589 par
3296 2521 3426 2573 illud
3465 2518 3693 2590 fratrum

2101 2588 2258 2645 Verus
2311 2604 2462 2655 atque
2500 2589 2713 2655 Lucius,
2758 2590 2920 2644 multa
2976 2588 3547 2646 uitiatacorrexerunt.
3578 2594 3690 2648 La-

2104 2609 2258 2645 rerus
2311 2609 2360 2644 at
2402 2609 2462 2645 ue
2500 2609 2713 2655 Luctus,
2758 2609 2920 2644 mutta
2976 2609 3151 2643 t‘iltﬂm
3196 2609 3547 2646 correxerunt.
3578 2609 3690 2648 La-

2087 2663 2340 2727 ctantius,
2462 2677 2554 2725 VII,
2583 2677 2635 2717 c.
2670 2660 2755 2726 16,
2791 2664 2840 2715 iti
2871 2662 3033 2724 nolis,
3066 2662 3227 2715 liabet
3269 2668 3546 2732 egregium
3607 2668 3692 2720 l0-

2087 2748 2210 2787 cum
2247 2752 2259 2785 :
2293 2732 2615 2799 Quos’tamen
2640 2735 2779 2803 fama
2808 2733 2940 2786 inter
2961 2733 3116 2786 bonos
3131 2744 3382 2800 numerat,
3410 2750 3549 2803 quos
3576 2753 3689 2792 non

2088 2803 2251 2858 modo
2294 2818 2559 2876 aequares,
2588 2807 2683 2858 sed
2705 2808 2888 2868 etiam,
2916 2803 3057 2873 quod
3089 2813 3172 2858 est
3198 2804 3515 2872 maximum,
3547 2822 3691 2876 pra:-

2090 2876 2301 2929 tcrircs.
2333 2875 2463 2928 Ben.

2165 2944 2352 2998 Nullas
2370 2945 2687 2999 inimicorum
2703 2946 2918 3016 impetus
2942 2961 3111 3015 passa.
3132 2943 3189 2999 Id
3217 2953 3323 3011 est,
3346 2946 3459 3001 lere
3481 2948 3687 3015 nullos,

2092 3026 2186 3069 aut
2214 3016 2433 3070 levioris
2451 3016 2732 3071 momenti.

2167 3086 2355 3142 Manus
2368 3103 2485 3141 suas
2502 3087 2553 3140 in
2578 3087 2835 3142 Orientem
2860 3084 3282 3157 Occidentemque
3307 3089 3556 3155 porrexit.
3580 3090 3687 3145 La-

2010 3148 2055 3211 C
2088 3160 2352 3224 ctantius,
2385 3160 2420 3211 l.
2452 3173 2527 3212 vtt
2570 3160 2681 3212 Div.
2718 3159 2917 3225 lustit.,
2961 3174 3010 3212 c.
3058 3157 3119 3211 15
3152 3176 3164 3210 :
3197 3148 3436 3213 Roma...
3476 3160 3688 3218 sublata

2088 3229 2415 3298 Carthagine,
2456 3245 2638 3283 manus
2662 3247 2782 3300 suas
2821 3231 2872 3283 in
2906 3239 3065 3284 totum
3084 3230 3422 3300 orbemiterra
3453 3233 3690 3300 marique

2076 3302 2320 3369 porrexit.
2367 3300 2621 3368 lipitum.,
2650 3315 2699 3355 c.
2730 3299 2819 3354 Si:
2849 3301 2970 3356 Alas
3019 3316 3140 3354 suas
3164 3301 3217 3353 in
3242 3299 3499 3357 Orientem
3530 3299 3689 3359 om:

2076 3371 2376 3442 dentemque
2401 3373 2649 3437 porrexit.

2153 3441 2202 3493 Ν
2210 3441 2343 3494 ullus
2366 3453 2615 3495 terrarum
2638 3441 2860 3511 angulus
2885 3450 2988 3494 tam
3029 3449 3269 3503 remotus,
3294 3458 3394 3510 quo
3424 3460 3525 3498 non
3553 3447 3683 3500 reli-

2077 3512 2163 3582 gio
2208 3511 2298 3565 Dei
2345 3524 2682 3582 penetrasset.
2720 3514 2892 3575 Lact.,
2927 3516 2959 3566 1.
3018 3530 3063 3565 tv
3112 3513 3228 3566 Div.
3271 3512 3439 3577 lnst.,
3472 3531 3522 3569 c.
3561 3515 3683 3571 26;

2080 3581 2218 3637 Urna:
2242 3585 2407 3653 potius
2424 3586 2580 3637 electa
2605 3594 2700 3648 est,
2719 3598 2832 3652 qua:
2851 3584 2981 3653 signi
2986 3585 3158 3650 ﬁcaret
3188 3584 3335 3655 illum
3352 3596 3458 3637 tam
3474 3590 3658 3655 conspi
3670 3619 3685 3627 -

2077 3670 2252 3726 cuum,
2285 3667 2487 3725 tamque
2503 3655 2767 3708 sublimem
2789 3657 3041 3725 futurum,
3068 3665 3122 3707 ut
3144 3654 3212 3706 ad
3238 3654 3683 3726 eumcognoscen-

2078 3725 2201 3777 dum
2238 3726 2426 3794 pariter
2448 3737 2495 3779 et
2524 3726 2810 3789 Colendum,
2835 3738 3026 3778 cuncta:
3046 3725 3276 3778 nationes
3296 3742 3361 3779 ex
3400 3725 3539 3780 omni
3560 3730 3686 3783 orbe

2076 3805 2454 3867 concurrerent.
2507 3794 2733 3864 Denique
2775 3795 2922 3848 nulla
2954 3812 3075 3863 gens
3102 3806 3206 3849 tam
3245 3797 3530 3851 inhumana
3579 3814 3676 3867 est,

2076 3865 2222 3919 nulla
2253 3869 2388 3936 regio
2420 3877 2523 3926 tam
2557 3876 2769 3933 remota,
2793 3869 2876 3919 cui
2914 3876 3002 3918 aut
3024 3868 3196 3936 passio
3225 3872 3357 3936 ejus,
3388 3879 3481 3922 aut
3510 3865 3682 3926 subli—

2074 3939 2224 4008 mitas
2250 3939 2527 4008 majestatis
2550 3938 2721 4008 ignota
2746 3939 2829 3991 sit.
2859 3937 3057 3992 Btth.

2152 4006 2265 4072 Qua
2286 4023 2408 4061 non.
2433 4007 2490 4061 lu
2523 4006 2649 4074 ms.,
2665 4024 2724 4061 co
2744 4024 2797 4061 n.

2148 4079 2379 4148 uertique
2394 4078 2552 4131 natio.
2578 4077 2636 4132 ln
2664 4094 2791 4146 ms.,
2810 4078 3026 4147 denique
3051 4078 3105 4133 di
3124 4079 3284 4132 natio.

2150 4168 2316 4223 Nulla
2332 4169 2574 4242 _denique
2622 4171 2781 4237 natio,
2813 4181 2918 4225 etc.
2952 4170 3008 4225 ln
3036 4185 3136 4242 ius.
3169 4180 3290 4240 post
3315 4171 3556 4242 denique,
3586 4185 3677 4231 est

2076 4240 2130 4293 di
2146 4243 2307 4295 natio.
2331 4239 2430 4295 Vel
2456 4251 2539 4295 est
2568 4242 2767 4306 mundi,
2796 4242 2880 4295 vel
2906 4252 2989 4297 est
3022 4240 3150 4295 Dei:
3174 4239 3332 4310 quam
3365 4239 3578 4311 vocem,
3609 4258 3670 4302 ut

2074 4314 2424 4378 superﬂuam,
2454 4313 2868 4382 expungendam
2887 4327 3010 4367 esse
3037 4312 3169 4369 dicit
3198 4312 3398 4369 Btth.

2147 4382 2332 4437 Extitit
2363 4392 2472 4448 post
2514 4400 2674 4437 annos
2716 4385 2963 4452 plurimos
3016 4386 3296 4438 execrabile
3335 4386 3533 4439 annual
3558 4385 3671 4440 De-

1993 4460 2049 4522 l)
2074 4454 2202 4519 eius,
2228 4466 2331 4509 etc.
2360 4452 2608 4509 Sacviisse
2637 4455 2853 4509 Decium
2872 4455 3050 4508 statim
3077 4470 3141 4509 ac
3156 4456 3475 4524 imperavit,
3507 4457 3675 4512 docet

2075 4541 2288 4595 quoque
2318 4524 2622 4579 Cltrmticon
2651 4526 2907 4580 PilsCllille
2939 4526 3023 4579 his
3056 4525 3234 4579 verbis
3259 4542 3272 4578 :
3307 4525 3472 4579 Initio
3502 4528 3675 4589 impe-

2074 4595 2137 4647 rii
2169 4595 2310 4649 Decii
2356 4597 2701 4665 persecutione
2739 4607 2917 4649 contra
2958 4596 3264 4649 christianos
3291 4599 3671 4653 concitata.....

2071 4666 2296 4721 Constat
2325 4664 2539 4720 Decium
2567 4667 2669 4720 sub
2684 4667 2843 4721 linem
2870 4668 2995 4720 anui
3020 4664 3121 4720 9.5l
3153 4668 3218 4720 ad
3243 4668 3674 4734 Abrittum,sive

2069 4737 2407 4791 Abrittutnin
2437 4737 2622 4806 prailio
2646 4739 2905 4791 adversus
2930 4735 3135 4806 Carpos
3165 4738 3436 4792 interiisse
3481 4753 3537 4793 et
3570 4743 3674 4794 int-

2069 4821 2291 4880 pcrasse
2321 4810 2441 4878 plus
2469 4823 2627 4880 quam
2658 4807 2795 4863 duos
2821 4822 2993 4862 annos
3019 4824 3033 4873 ;
3080 4824 3276 4880 nempe
3303 4808 3371 4864 ab
3400 4812 3493 4862 illo
3526 4822 3670 4866 tent-

2068 4878 2217 4946 poris
2256 4878 2597 4949 Spatittqttod
2635 4890 2717 4933 est
2748 4880 2886 4933 intra
2915 4882 3056 4933 diem
3078 4880 3141 4934 17
3162 4878 3300 4949 junii
3332 4893 3385 4934 et
3419 4880 3488 4934 19
3513 4893 3673 4937 octo-

2069 4948 2179 5002 bris
2208 4950 2331 5003 anni
2383 4948 2489 5004 249
2539 4965 2709 5019 usque
2736 4951 2803 5005 ad
2837 4952 2996 5006 tinent
3040 4951 3348 5018 novembris
3369 4955 3497 5005 anni
3530 4953 3667 5017 251,

2064 5020 2388 5145 atqueTadeo
2407 5034 2579 5076 annos
2616 5024 2752 5075 duos
2779 5036 2901 5075 cum
2950 5021 3228 5077 mensibus
3254 5022 3470 5077 circiter
3499 5024 3670 5093 quin-

2064 5105 2187 5145 aue.
2262 5106 2475 5145 omum.

2063 5105 2187 5160 que.
2220 5105 2246 5145 Ἰ
2262 5106 2475 5147 omsno.

2138 5180 2266 5255 Quis
2313 5182 2463 5255 enim
2480 5181 2759 5255 justitiam,
2793 5182 2892 5236 nisi
2932 5181 3101 5235 malus
3152 5182 3672 5255 persequaturfiPer

2054 5252 2317 5377 justitiaili;
2342 5252 2425 5333 ltic
2452 5252 2691 5322 intellige
2716 5263 2920 5323 justum
2943 5252 3221 5324 populoin,
3252 5254 3511 5323 p0pulum
3542 5254 3662 5320 Dei,

2062 5338 2249 5378 servos
2321 5338 2393 5377 et.

2133 5410 2412 5487 Provecttts
2438 5421 2562 5487 esset
2600 5414 2669 5467 ad
2697 5414 2829 5468 illud
2853 5415 3138 5485 principale
3167 5416 3447 5487 fastigium.
3479 5415 3551 5471 Et
3578 5415 3667 5473 in-

2056 5481 2161 5557 fra,
2191 5499 2256 5557 rc.
2310 5482 2397 5549 18,
2426 5483 2643 5557 sublime
2682 5481 2963 5557 fastigium,
3000 5481 3399 5557 imperatoriam
3452 5488 3667 5543 scilicet

2055 5555 2395 5626 dignitalettt.
2428 5555 2578 5610 Haud
2629 5555 2787 5612 secus
2809 5555 3091 5621 Lactant;
3123 5557 3236 5611 Div.
3272 5555 3447 5611 lnsdt.
3483 5559 3522 5612 l.
3557 5573 3657 5626 vit,

2053 5638 2105 5679 c.
2151 5624 2241 5687 26.
2271 5627 2337 5679 ad
2369 5624 2552 5698 linem,
2585 5627 2636 5681 in
2677 5630 2889 5698 epiIOgo
2918 5629 2984 5682 ad
3015 5630 3435 5683 Constantinum
3478 5624 3658 5698 impe4

2054 5708 2288 5752 ratorem
2322 5715 2333 5751 :
2370 5695 2441 5751 Te
2468 5695 2786 5766 providentia
2826 5695 3041 5754 summie
3075 5700 3358 5754 diuinitatis
3400 5699 3471 5756 ad
3492 5695 3651 5769 fasti-

359 5769 508 5853 ttibtts
526 5775 755 5871 extitit“,
772 5775 859 5851 qui
881 5778 1141 5850 pracipua
1168 5773 1366 5830 uirtutis
1393 5780 1443 5830 et
1463 5769 1752 5828 sanctitatis
1771 5783 1944 5827 ωηι-
2050 5769 2191 5843 gium
2236 5769 2519 5859 principale
2544 5770 2795 5845 prouexit.
2819 5769 2991 5845 Viden
3021 5770 3300 5843 utriusque
3330 5773 3515 5845 operis
3543 5784 3651 5829 sua
