3800 6250
152 256 247 316 201
1298 251 1499 308 LIBER
1543 250 1629 306 DE
1670 249 1735 306 Mt

1926 248 2313 307 PHIlSECUT.
3330 272 3437 328 203

147 387 264 431 rere
290 372 539 441 promtus
563 376 744 425 contra
785 367 953 423 Deum
1002 368 1189 437 cmpit,
1217 376 1274 422 ut
1304 368 1550 437 protinus
1570 365 1733 422 eade-
1763 368 1817 426 Α
1845 362 1941 418 Dei
1970 379 2185 436 semper
2228 365 2446 437 dignam
2474 370 2683 428 scelere
2712 388 2813 429 suo
2839 377 3085 447 recipere
3114 386 3439 441 mercedem.

80 520 97 537 ,
143 472 243 518 ret.
268 462 399 516 Nam
424 463 691 532 proiectus
712 459 975 517 adversus
1001 459 1228 532 Carpos,
1260 462 1349 531 qui
1375 470 1485 514 tum
1518 459 1730 515 Daciam
1837 454 1938 510 Hic
1964 467 2155 526 captus
2176 474 2204 511 a
2234 458 2437 524 Persis,
2467 477 2575 516 non
2603 464 2768 522 modo
2792 467 3099 539 imperium,
3133 488 3240 543 quo
3267 476 3444 534 fuerat

143 556 487 626 Messiamque
529 564 942 625 occupaverant,
992 554 1285 625 statimque
1334 555 1733 610 circumventus
1835 546 2141 605 insolenter
2165 565 2313 617 usus,
2346 552 2444 607 sed
2485 555 2648 609 etiam
2682 557 3009 627 libertatem,
3040 579 3201 633 quatn
3228 571 3439 625 caeteris

144 664 175 706 ³
200 650 456 715 barbaris,
484 660 543 705 ει
595 664 714 705 cum
766 649 1295 721 magnasexercilus
1326 657 1477 719 parte
1497 649 1727 713 deletus,
1831 639 2133 711 ademerat,
2169 644 2424 712 perdidit,
2457 646 2699 718 vixitque
2727 649 2781 705 in
2811 626 3075 710 servitute
3105 626 3697 727 turpissitttc.‘)m

146 757 241 798 nec
262 741 535 811 sepultura
562 740 776 811 quidem
803 742 980 811 potuit
1002 739 1260 796 honorari
1286 757 1299 793 :
1328 741 1429 796 sed
1449 749 1644 795 exutus
1665 754 1730 794 ac
1830 732 1964 789 Nam
2006 732 2124 790 Rex
2161 736 2445 793 Persarum
2473 738 2670 810 Sapor,
2719 741 2766 797 is
2809 747 2901 815 qui
2942 762 3067 802 eum
3115 763 3364 820 ceperat,
3393 756 3440 811 si
3477 753 3509 777 θ

147 833 333 902 “nam,
358 843 414 888 ιιι
443 834 653 890 hostem
677 834 771 890 Dei
792 833 1095 905 οροι-ιειηι,
1117 834 1370 904 pabulum
1392 832 1522 889 teris
1544 848 1608 888 ac
1636 849 1729 888 vo.
1828 827 2044 896 quando
2063 828 2279 884 libuerit
2305 840 2398 885 aut
2417 832 2718 889 vehiculum
2750 838 3069 905 ascendere,
3095 852 3190 898 aut
3211 859 3435 915 equum,

153 931 372 988 lucribus
393 929 583 1001 jacuit.

899 1060 966 1120 ν.

209 1198 319 1255 Non
353 1198 524 1253 multo
564 1208 687 1269 post
724 1197 1041 1255 Valerianus
1064 1212 1280 1270 quoque
1330 1213 1436 1254 non
1477 1198 1727 1257 dissimili

147 1290 314 1347 lurore
335 1301 640 1362 correptus,
675 1292 869 1363 impias
906 1306 1099 1348 manus
1124 1291 1178 1346 in
1211 1291 1379 1347 Deum
1410 1292 1722 1359 intentavit;

143 1395 195 1441 et
214 1385 451 1452 multum,
483 1386 733 1456 quamvis
777 1386 926 1442 brevi
958 1395 1237 1455 tempore,
1274 1386 1404 1454 justi
1450 1387 1728 1456 sanguinis

144 1475 287 1532 indit.
314 1475 386 1533 At
412 1477 564 1532 illum
598 1477 739 1537 Deus
766 1492 908 1533 novo
936 1491 1000 1532 ac
1029 1475 1289 1547 singulari
1315 1492 1490 1547 pinnae
1527 1493 1728 1548 genere

1836 919 2096 974 inclinare
2125 921 2229 976 sibi
2281 922 2583 980 Romanum
2611 925 2857 996 jubebat,
2889 944 2955 986 ac
2980 940 3131 1003 terga
3170 938 3435 1005 praebere,

1835 1018 1891 1066 et
1914 1011 2173 1082 imposito
2219 1015 2354 1084 pede
2403 1030 2566 1086 supra
2595 1019 2816 1075 dorsum
2860 1021 2998 1092 ejus,
3036 1024 3165 1082 illud
3194 1043 3319 1084 esse
3349 1046 3442 1087 ve-

1833 1119 1955 1158 rttm
2002 1104 2220 1160 dicebat
2266 1107 2549 1178 (triumphi
2597 1110 2790 1184 genus)
2832 1116 3168 1184 exprobrans
3213 1123 3259 1175 ei
3311 1136 3435 1184 cum

1833 1200 1965 1263 risu,
1997 1216 2105 1255 non
2137 1201 2277 1271 quod
2310 1203 2359 1255 in
2397 1204 2592 1260 tabulis
2621 1214 2714 1260 aut
2739 1208 3033 1277 parietibus
3059 1210 3289 1269 Romani
3321 1188 3437 1286 pin-

1832 1303 2041 1362 gerent.
2090 1295 2161 1348 lta
2194 1296 2285 1350 ille
2331 1296 2649 1365 dignissime
2696 1299 3093 1373 triumphatus,
3126 1306 3438 1377 aliquandiu

1834 1385 1986 1451 vixit,
2038 1394 2095 1439 ut
2122 1386 2214 1440 diu
2256 1386 2498 1442 barbaris
2541 1387 2846 1445 Romanum
2882 1408 3079 1450 nomen
3113 1397 3343 1453 ludibrio
3373 1418 3439 1456 ae

1834 1477 2032 1534 derisui
2061 1489 2225 1535 esset.
2261 1479 2440 1535 Etiam
2472 1480 2579 1537 hoc
2603 1482 2652 1537 ei
2671 1485 2903 1540 accessit
2930 1486 2998 1541 ad
3031 1502 3268 1557 plenam,
3292 1495 3436 1561 quod

146 1567 346 1637 affecit,
381 1575 440 1624 ut
476 1576 630 1625 esset
682 1570 916 1640 posteris
956 1567 1364 1637 documentum,
1396 1570 1734 1627 adversarios
1763 1565 1810 1626 B
1837 1588 1960 1629 cum
1989 1573 2153 1630 lilium
2184 1574 2409 1632 haberet
2428 1577 2839 1647 Imperatorem,
2868 1582 3196 1651 captivitatis
3219 1599 3331 1641 sua:
3356 1595 3437 1643 ta-

1492 1748 1853 1808 VABIORUM
1894 1750 2126 1808 NOTAE.

211 1910 472 1981 Profectus
494 1911 743 1964 adversus
756 1907 975 1980 Carpos,
991 1908 1077 1981 qui
1093 1918 1200 1962 tum
1218 1906 1436 1981 Daciam
1464 1908 1698 1964 Moesiam
1711 1942 1726 1952 -

149 2000 234 2048 que
258 1979 653 2052 occupaverant,
675 1991 783 2036 etc.
814 1979 1021 2050 Carpos
1052 1980 1104 2052 in
1141 1983 1241 2035 hoc
1295 1979 1553 2052 Lactantii
1587 1983 1727 2047 loco,

149 2053 369 2110 Francos
381 2049 441 2108 in
467 2053 742 2108 Chronico
764 2049 1052 2123 Paselt’ali._
1049 2049 1211 2107 Getas
1228 2052 1344 2106 sive
1361 2050 1568 2107 Gothos
1588 2055 1729 2123 apud

148 2124 477 2190 Jornandem,
508 2135 566 2179 et
592 2123 822 2195 Scythas
850 2125 988 2192 apud
1018 2121 1323 2195 Zozimum_.
1360 2125 1578 2195 eosdem
1610 2121 1731 2181 esse

149 2197 359 2252 ostendit
406 2197 478 2250 du
532 2191 771 2266 Cangius
825 2191 899 2248 ini
934 2195 1098 2262 natis,
1130 2210 1182 2264 p.
1240 2191 1345 2249 547
1373 2195 1443 2251 ad
1470 2194 1726 2252 Chronic.

148 2267 324 2324 Pasch.
353 2266 625 2323 TOINABD.
1202 2278 1205 2279 ν

210 2339 474 2393 Adversus.
506 2338 567 2392 In
600 2352 727 2401 tns.,
759 2337 994 2390 aduersu.

213 2408 414 2479 Carpos.
447 2408 689 2479 POpulos
733 2407 1221 2463 transdanuhianos
1249 2423 1314 2464 ex
1367 2407 1602 2463 Ptolom.
1636 2418 1729 2464 aut

152 2481 339 2545 Gallos,
363 2480 515 2551 juxta
538 2479 868 2551 Cedrenum.

216 2550 444 2619 Deletus,
474 2568 571 2606 nec
614 2550 876 2619 sepultura
903 2550 1103 2619 quidem
1132 2550 1294 2620 potuit
1324 2551 1585 2609 honorari.
1625 2552 1728 2605 Pro

154 2639 258 2686 nec,
277 2623 480 2678 mallem
511 2638 621 2677 ne:
643 2624 721 2676 sic
742 2636 925 2690 supra,
957 2636 1076 2689 cap.
1124 2619 1211 2676 11.
1250 2619 1319 2675 Ut
1357 2639 1417 2676 ne
1454 2624 1730 2692 sepultura:

156 2694 337 2763 quidem
357 2694 597 2748 locus....
630 2702 917 2763 appareret.
953 2692 1095 2748 Decii
1134 2708 1326 2747 necem
1371 2694 1561 2748 ultioni
1588 2711 1725 2763 quo-

156 2762 250 2835 que
271 2764 452 2819 divina:
475 2762 725 2820 tribuunt
752 2762 1230 2835 Cyprianttsiinitio
1258 2764 1380 2818 libri
1410 2765 1478 2819 de
1512 2762 1725 2834 Lapsis,

158 2834 206 2892 et
229 2836 288 2891 ad
320 2837 738 2899 Demetriauum,
775 2850 873 2906 nec
899 2849 1002 2888 non
1030 2834 1388 2906 Hieronymus
1413 2838 1465 2889 in
1497 2835 1724 2889 Zachar.

156 2920 253 2962 nv.
282 2906 419 2962 Inter
450 2908 674 2977 paludes
700 2905 842 2961 enim
871 2907 1066 2974 victus,
1093 2920 1215 2961 cum
1239 2905 1484 2962 exercitu
1518 2907 1729 2963 deletus

158 2986 247 3041 est,
286 2993 348 3034 ex
377 2977 600 3033 Aurelio
632 2977 862 3032 Victore.

227 3033 503 3104 Utbostem
546 3048 643 3101 Dei
673 3050 951 3117 oportebat.
986 3049 1213 3103 Locutio
1242 3047 1609 3114 Laelantiana,
1633 3047 1729 3104 lib.
1758 3033 1804 3096 Ο

160 3120 221 3191 de
243 3120 316 3174 lra
343 3121 453 3185 Dei,
481 3136 607 3188 cap.
642 3121 709 3174 19
734 3138 747 3172 ;
774 3119 835 3173 Si
864 3130 939 3174 est
966 3120 1228 3191 providus,
1256 3129 1309 3174 ut
1329 3130 1524 3190 oportet
1550 3120 1730 3176 Deum.

164 3190 437 3262 Utrobique
473 3192 670 3261 supple
693 3207 820 3262 esse.

229 3260 693 3331 Non—ntulto’post
748 3260 1067 3316 Valerianus.
1117 3265 1243 3317 Post
1290 3271 1494 3331 septem
1540 3279 1729 3318 annos.

164 3333 279 3389 Nam
300 3349 438 3390 anno
463 3334 671 3390 Christi
690 3333 796 3387 257
824 3334 1017 3400 SacViit,
1046 3334 1256 3403 imperii
1285 3337 1363 3387 sui
1388 3335 1443 3388 5.
1471 3334 1730 3390 'l‘omsnn.

227 3405 344 3461 Mira
367 3416 511 3470 sunt,
543 3420 666 3475 quae
689 3404 756 3459 de
786 3405 1050 3459 modestia
1083 3422 1146 3459 ac
1182 3407 1611 3466 mansuetudine.
1645 3424 1732 3462 re-

166 3476 405 3548 liquisque
449 3474 686 3532 summis
738 3475 1001 3548 Valeriani
1046 3474 1335 3531 virtutibus
1388 3477 1548 3530 tradit
1598 3477 1733 3533 Tre-

167 3547 339 3603 bellius
365 3547 538 3603 Pollio
572 3566 584 3602 :
609 3562 726 3617 qua:
752 3547 1140 3602 conﬁrmantur
1181 3548 1342 3601 etiam
1377 3548 1446 3601 ab
1472 3549 1729 3616 Eusebio,

167 3619 246 3689 qui
272 3620 357 3674 lib.
388 3636 457 3674 vn
488 3619 632 3674 Hist.
668 3619 897 3686 Eccles.,
931 3633 1050 3688 cap.
1095 3618 1191 3682 lo,
1225 3617 1372 3671 illum
1421 3619 1505 3673 vel
1554 3635 1621 3674 ex
1668 3635 1735 3675 eo

166 3691 375 3745 maxime
396 3691 758 3745 commendat.
788 3690 929 3759 quod
964 3689 1447 3755 mansuetissimus,
1488 3706 1551 3745 ac
1581 3692 1735 3746 beni-

166 3762 427 3831 gnissimus
468 3762 635 3817 fuerit
661 3776 785 3831 erga
824 3760 1191 3827 Christianos;
1218 3760 1489 3831 additque,
1524 3763 1729 3816 nullum

163 3835 471 3904 superiorum
534 3832 867 3904 Principum,
917 3847 983 3886 ne
1024 3833 1143 3888 illos
1172 3831 1388 3903 quidem
1405 3832 1615 3904 ipsos,
1643 3832 1735 3904 qui

161 3903 317 3972 palam
347 3904 637 3960 Christiani
687 3903 851 3958 fuisse
894 3901 1358 3969 dicuntum—tanta
1404 3901 1733 3960 humanitate

164 3988 219 4044 ac
253 3976 615 4032 benevolentia
663 3985 876 4028 nostros
915 3975 1253 4044 complexum
1296 3988 1449 4042 esse,
1480 3986 1731 4044 quantam

162 4043 454 4101 Valerianus
484 4062 601 4118 prae
633 4044 921 4118 seferebat
950 4043 1101 4118 initio
1132 4046 1463 4118 principatus
1499 4043 1613 4109 sui,
1648 4058 1731 4102 to-

162 4124 354 4188 tamque
380 4113 500 4188 ejus
548 4117 802 4172 familiam
842 4113 1165 4174 Christianis
1212 4113 1519 4172 hominibus
1564 4120 1733 4172 abun-

161 4187 321 4252 dasse,
351 4187 419 4244 ita
450 4200 510 4245 ut
533 4190 630 4245 Dei
662 4189 898 4243 Ecclesia
926 4201 1046 4243 esse
1077 4191 1370 4244 videretur.
1403 4188 1509 4243 Sed
1548 4199 1733 4257 postea

163 4257 457 4316 immensum
512 4270 750 4314 mutatus
792 4262 860 4314 ab
904 4259 1025 4327 illo,
1065 4261 1439 4316 crudelissime
1481 4261 1652 4312 szeviit
1681 4263 1732 4314 in

163 4328 501 4393 Christianos:
533 4346 600 4387 ac
633 4347 756 4385 mox
800 4341 982 4386 secuta
1026 4333 1118 4386 Dei
1165 4347 1377 4395 manus,
1420 4346 1540 4398 qua:
1583 4330 1732 4385 illunt

163 4403 372 4469 graviter
399 4404 614 4458 afﬂixit.
645 4404 845 4459 BsLuz.

226 4472 285 4525 In
309 4473 485 4529 Deum.
513 4477 641 4541 Ms.,
674 4476 739 4529 In
764 4474 894 4530 Deo.

231 4541 405 4619 Preme.
434 4547 562 4614 λίς»,
604 4547 777 4613 Pene;
806 4563 871 4602 ac
910 4547 1029 4602 ideo
1076 4547 1339 4604 Heuman.
1374 4548 1521 4619 legit,
1557 4547 1732 4619 singu-

167 4615 477 4689 lariprorsus
506 4634 669 4689 pinna:
693 4636 890 4689 genere.

231 4687 291 4742 Ut
315 4699 435 4744 esset
472 4687 1091 4759 pesteris‘documcntnm.
1136 4691 1267 4746 Vide
1306 4708 1467 4761 supra
1515 4707 1635 4759 cap.
1666 4692 1693 4745 1
1717 4729 1733 4752 ,

170 4755 422 4833 Distulerat
443 4755 618 4829 poenas
644 4778 816 4815 eorum
849 4762 1003 4828 Deus,
1052 4771 1107 4815 ut
1133 4763 1295 4816 ederet
1343 4755 1395 4816 in
1435 4780 1520 4817 eos
1550 4755 1736 4833 magna

167 4838 207 4879 ct
234 4830 470 4885 mirabilia
498 4835 749 4903 exentpln,
776 4834 955 4900 quibus
986 4834 1175 4903 posteri
1203 4834 1466 4898 discerent,
1500 4843 1545 4887 et
1576 4830 1737 4887 Deum

169 4912 447 4978 essentiam,
477 4913 525 4958 et
548 4904 777 4958 eumdem
802 4905 1049 4978 vindicem
1075 4904 1230 4974 digna
1270 4905 1500 4959 videlicet
1530 4906 1738 4974 suppli-

171 4971 241 5022 cia
257 4971 426 5045 impiis
455 4992 516 5028 ac
545 4976 943 5044 persecutoribus
969 4971 1226 5045 inrogare.

237 5041 554 5118 Adaei-sarias
592 5044 691 5100 Dei
726 5061 919 5116 semper
946 5041 1155 5118 dignam
1189 5044 1495 5118 sceleresuo
1521 5046 1742 5115 recipere

179 5117 446 5169 mercedem.
477 5117 711 5186 Semper,
745 5118 814 5170 ita
840 5133 939 5171 ms.
961 5116 1112 5188 legit,
1137 5116 1189 5172 id
1220 5126 1322 5181 est,
1355 5116 1571 5186 dignam
1604 5131 1741 5185 scm-

181 5198 264 5258 per
280 5199 368 5240 suo
391 5188 593 5243 scelere
616 5189 917 5243 mercedem
944 5187 1035 5243 Dei
1060 5193 1240 5243 hostes
1264 5189 1521 5258 recipere.
1544 5187 1744 5255 Quam-

185 5254 375 5329 visnon
403 5258 468 5313 de
494 5262 745 5315 omnibus
788 5260 1218 5328 persecutoribus
1248 5254 1386 5329 agat
1413 5254 1741 5324 Lactantius,

191 5325 274 5401 sed
298 5327 359 5382 de
376 5330 574 5401 multis,
598 5346 732 5400 quos
768 5325 996 5398 posteris
1029 5332 1081 5384 in
1109 5325 1535 5401 dignaa'ultionis
1567 5345 1747 5385 exent-

196 5395 703 5471 Plfttnadducere'ira
732 5395 909 5457 divina
944 5402 1128 5456 voluit.
1168 5395 1271 5457 i’ro
1307 5417 1503 5470 semper
1532 5401 1742 5471 antiqui

196 5463 308 5541 editi
336 5469 507 5541 legunt
540 5487 694 5541 ηερε,
727 5483 913 5527 contra
954 5472 1109 5528 ﬁdem
1148 5489 1249 5528 ms.

262 5536 521 5609 Quofbls”
553 5536 725 5609 Quod.

261 5609 430 5684 Sapor,
453 5613 498 5667 is
524 5616 610 5676 qui
627 5630 741 5667 eum
760 5622 977 5684 ceperat.
1012 5612 1085 5669 lla
1112 5630 1243 5671 mss.
1271 5615 1466 5672 Priscae
1489 5613 1753 5671 editiones

199 5678 371 5755 habent
394 5684 638 5755 Sapores,
668 5686 789 5753 qui;
817 5678 985 5741 male.

258 5749 498 5816 lnclinare
522 5749 630 5815 sibi
646 5749 951 5812 Romanum.
987 5755 1102 5813 Non
1125 5758 1372 5817 stratoris
1394 5756 1627 5825 ol’licium
1661 5773 1756 5818 ex—

658 5852 932 5916 Ριτιιοι.
977 5851 1090 5917 VII

1759 4431 1815 4494 D

1838 1910 2056 1999 bibebat
2085 1912 2637 1999 Saporinyalerianus
2666 1934 2679 1970 :
2706 1918 2801 1972 sed
2835 1918 2992 1988 plane
3035 1924 3209 1979 vicem
3251 1938 3435 1999 stape-

1834 1983 2062 2064 dis,_aut
2091 1984 2355 2064 scalzeilli
2390 1985 2445 2064 in
2475 2001 2674 2064 equum
2705 1983 3001 2064 ascensum
3042 1983 3353 2064 praestabat:
3378 1983 3437 2056 ut

1834 2053 2105 2134 colligitur
2139 2070 2215 2134 e_:_t_
2236 2055 2387 2134 Actis
2412 2056 2469 2111 S.
2498 2053 2674 2134 Pontii
2718 2054 2985 2134 Martyris,
3025 2053 3143 2134 (ἴθι).
3177 2067 3247 2122 ει
3279 2088 3292 2123 :
3334 2053 3437 2127 'vil

1834 2125 2061 2200 lerianus
2100 2126 2292 2200 scilicet
2322 2125 2616 2196 Imperator
2637 2130 2692 2183 in
2719 2125 3060 2200 captivitatem
3086 2125 3316 2194 ductusa
3337 2125 3440 2197 8a-

1835 2212 1978 2278 pore,
2004 2197 2141 2278 Rege
2168 2194 2469 2278 Persarum,
2498 2216 2601 2254 non
2621 2194 2819 2278 gladio,
2842 2209 2933 2259 sed
2955 2207 3180 2262 ludibrio
3205 2194 3439 2270 omnibus

1834 2268 2013 2354 diebus
2042 2273 2156 2322 vita:
2179 2284 2289 2354 stite
2326 2271 2505 2354 merita
2531 2268 2637 2341 pro'
2656 2268 2811 2343 factis
2830 2280 3092 2354 percepit;
3121 2281 3190 2332 ita
3212 2292 3276 2354 ut
3302 2268 3435 2354 quo:

1834 2340 2181 2417 tienscumque
2209 2339 2321 2394 Rea:
2347 2339 3101 2417 S_a_por‘equumiconscendere
3140 2339 3437 2417 vellet,'non

1833 2410 2069 2497 manibus
2095 2413 2249 2493 .ejus,
2292 2412 2381 2465 sed
2410 2410 2673 2497 incurvato
2717 2416 2988 2497 dlirs0,_et
3029 2422 3080 2473 in
3110 2410 3305 2478 cervice
3327 2410 3441 2497 ejus

1872 2481 2179 2567 edeposito,
2208 2483 2589 2567 equo‘rnembra
2619 2485 2827 2567 locaret.
2866 2488 3253 2567 Sittiiliahtr‘adit
3285 2481 3438 2567 mist.

1883 2552 2194 2634 lor-i‘acensis
2244 2554 2296 2634 in
2343 2556 2610 2634 Cit-ronicn
2648 2574 2662 2609 :
2704 2554 3007 2634 anet'ianus
3050 2561 3149 2616 Dei
3195 2552 3440 2634 prazsid’io

1836 2622 2127 2702 destitutus,
2158 2640 2192 2702 ᾳ
2232 2621 2370 2702 _Reqe
2409 2622 2684 2702 Persarum
2722 2625 2923 2698 Sapore
2969 2621 3242 2702 captus...”
3275 2621 3438 2693 donec

1836 2694 1982 2772 vixit,
2006 2694 2374 2772 hancinfamis
2400 2695 2550 2765 o/ﬁcii
2581 2713 2782 2767 poenam
2799 2694 3008 2772 semper
3033 2694 3168 2770 tulit,
3201 2716 3257 2760 ut
3281 2709 3438 2763 accli-

1834 2763 2302 2841 nis_hunti_Regem
2330 2763 2679 2836 escensurum,
2708 2785 2815 2822 non
2839 2763 3017 2841 manu,
3054 2775 3144 2829 sed
3155 2763 3325 2834 'dorso
3359 2790 3437 2835 at-

1836 2835 2054 2890 tolleret.
2091 2835 2288 2891 Bacuz.

1909 2906 2217 2961 Romanum.
2247 2908 2302 2962 lu
2329 2921 2458 2972 ms.,
2489 2906 2808 2978 Romanam;
2838 2914 3113 2973 mendose.

1910 2978 2177 3053 imposito.
2203 2979 2259 3033 ln
2292 2994 2394 3053 ms.
2427 2979 2700 3050 imposita;
2738 2984 2897 3038 male.

1913 3050 2085 3119 Supra
2107 3051 2335 3104 dorsum.
2372 3049 2442 3103 lta
2476 3049 2600 3117 ms.,
2635 3053 2727 3107 sed
2758 3053 3015 3112 breviatis
3042 3058 3255 3116 litteris.
3288 3063 3435 3122 lianc

1840 3120 2119 3175 historiam
2140 3122 2484 3176 Heumannus
2510 3124 2562 3177 in
2589 3124 2809 3179 dubium
2839 3139 3071 3183 revocat.
3096 3132 3291 3188 Prisca:
3319 3120 3436 3192 edi;

1839 3195 2019 3270 tiones
2041 3193 2238 3246 habent
2259 3209 2565 3270 *παρετ-..ιτ-
2590 3194 2838 3270 Imposito
2879 3201 3006 3269 pede
3033 3218 3189 3270 super
3224 3207 3436 3262 dorsum

1836 3266 1968 3348 ej‘us.
2001 3264 2055 3347 in
2082 3280 2216 3348 mss.
2251 3262 2449 3348 Supra.
2473 3262 2700 3348 l‘iurrius
2726 3286 2755 3348 :_
2772 3262 2899 3331 Quis
2931 3262 3154 3348 unquam
3174 3316 3190 3341 ,
3233 3278 3432 3348 inquit,

1838 3336 2046 3410 phrasin
2066 3337 2194 3410 [istic
2225 3336 2438 3410 similem
2477 3337 2695 3410 in_veris
2720 3336 2978 3394 Lactantii
3012 3336 3156 3399 libris
3177 3336 3438 3410 'animad;

1837 3408 2023 3461 vertit?
2063 3407 2176 3477 Ego
2208 3421 2337 3460 vero
2363 3407 2506 3472 diro,
2539 3406 2875 3463 Lactanttmn
2909 3428 3013 3468 non
3046 3406 3342 3475 abhorrere
3366 3422 3434 3475 ab

1836 3480 1977 3547 ston
2000 3481 2233 3546 antiqua:
2261 3480 2545 3541 versionis,
2590 3489 2643 3533 et
2686 3480 2904 3548 phrasin
2946 3482 3071 3540 huic
3117 3489 3347 3545 similent
3378 3492 3434 3547 in

1839 3549 2265 3633 veris-Laclatttii
2292 3548 2463 3633 .llibris
2493 3550 2875 3633 animadverti,
2906 3554 2999 3608 lib.
3039 3572 3092 3611 tv
3120 3557 3278 3624 Inst,
3309 3577 3431 3633 cap.

1934 3641 1946 3697 ξ
1976 3619 2234 3697 [inponite
2258 3618 2740 3697 cidarimmundam
2766 3640 2919 3693 super
2942 3637 3094 3687 caput
3136 3618 3335 3697 ipsius;
3375 3618 3437 3689 let

1838 3689 1969 3768 ibid,
2002 3689 2114 3768 :hEt
2151 3698 2429 3768 posuerunt
2449 3690 2662 3768 cidurim
2698 3689 2854 3768 super
2887 3707 3044 3762 caput
3064 3689 3196 3768 ejus.
3227 3689 3431 3758 Eodem

1839 3763 1998 3844 modo
2017 3760 2180 3834 Cypr.
2214 3762 2249 3813 Ι.
2276 3776 2330 3814 ll.
2363 3762 2577 3844 Quiriti.
2607 3760 2778 3844 calli,
2807 3760 3190 3844 Curt._lili_.'tx,
3214 3786 3333 3844 cap.
3359 3774 3389 3827 7
3416 3793 3429 3828 :

1837 3829 2030 3905 Pvilem
2064 3829 2218 3905 super
2247 3832 2485 3905 cervicem
2511 3834 2719 3899 iacentis
2750 3829 3009 3905 imposuit.
3051 3829 3178 3896 BUN.

1909 3903 2182 3985 Triumphi
2219 3902 2552 3985 genus..ch
2605 3902 2905 3985 addidimus
2951 3911 3112 3967 verba
3155 3923 3429 3985 tamquam

1838 3978 2164 4038 necessaria,
2196 3975 2443 4046 quamvis
2473 3991 2576 4028 non
2605 3976 2850 4046 legantur
2881 3978 2932 4033 in
2967 3996 3067 4035 ms.

1915 4046 2244 4118 Eaprobrans
2267 4045 2331 4098 ei.
2366 4045 2445 4099 lta
2475 4062 2576 4100 ms.
2608 4045 2673 4110 ei,
2698 4062 2805 4103 non
2833 4061 2897 4103 et.

1910 4117 1977 4172 In
2000 4117 2189 4197 tabulis
2220 4126 2307 4197 aut
2347 4118 2645 4197 parietibus.
2694 4117 2811 4197 Mos
2853 4122 2977 4197 olim
3005 4122 3104 4177 fuit
3131 4126 3434 4197 principum

1836 4204 1986 4263 gesta
2017 4190 2069 4263 in
2103 4188 2299 4263 tabulis
2320 4189 2472 4263 _p_ing_i
2519 4197 2571 4263 et
2600 4188 2653 4243 in
2699 4193 2997 4260 parietibus
3044 4188 3322 4251 illustrari:
3347 4202 3436 4255 Sic

1836 4257 2170 4333 Capitolinus
2222 4261 2272 4312 itt
2319 4257 2637 4333 Martialium,
2684 4257 2803 4331 cap.
2854 4264 2925 4318 1?.
2968 4282 2980 4317 :
3024 4265 3191 4321 Jussit
3233 4269 3434 4327 tubulas

1838 4329 1978 4407 pingi
2009 4334 2101 4407 ita,
2129 4339 2185 4384 ut
2208 4338 2323 4407 erat
2345 4329 2535 4407 bellum
2560 4331 2729 4407 ipsum
2752 4329 2990 4407 :gestum,
3019 4346 3066 4391 et
3094 4348 3211 4392 ante
3238 4344 3434 4396 curiam

1841 4403 2074 4476 proponi,
2106 4412 2164 4456 ut
2189 4406 2326 4476 facta
2367 4403 2476 4470 ejus
2518 4403 2717 4472 pictura
2746 4403 3035 4474 loqueretur
3055 4424 3075 4462 .'
3103 4409 3225 4466 vide
3266 4412 3430 4470 etiam

1840 4472 2224 4537 Herodianmn,
2257 4472 2349 4527 lib.
2381 4488 2461 4538 ut,
2490 4489 2610 4543 cap.
2641 4479 2695 4529 9.

1910 4552 1935 4603 l
1954 4549 2039 4602 lle.
2062 4546 2158 4599 Ms.
2191 4544 2338 4608 Illae,
2368 4543 2643 4600 mendose.

1912 4618 2219 4691 Dignissittte
2244 4616 2605 4681 triumphatas.
2628 4614 2969 4691 _.Dign_issime,
3002 4620 3207 4677 scilicet
3233 4633 3288 4678 ttt
3316 4641 3432 4683 me-

1841 4686 2095 4763 rebatur;
2120 4689 2465 4763 triumphatas
2498 4686 2730 4763 passive.
2765 4686 2948 4759 Itaque
2989 4706 3093 4744 non
3125 4694 3341 4763 mirum,
3385 4701 3430 4754 si

1842 4764 1998 4841 infra
2018 4760 2335 4829 triumphare
2374 4758 2611 4841 iunxerit
2635 4772 2779 4841 "cum
2797 4839 2805 4841 _
2820 4769 3013 4841 quarto
3057 4778 3229 4841 casu,
3253 4782 3301 4841 c.
3318 4758 3427 4841 7'16.

1842 4835 2085 4891 saeculum
2141 4848 2255 4885 cum
2312 4831 2419 4902 suis
2467 4829 2738 4882 terroribus
2789 4829 3134 4902 triumphasti.
3177 4829 3437 4897 Similiter

1844 4904 2151 4964 Lactantius
2181 4900 2386 4965 scribit,
2436 4909 2717 4953 catenatum
2742 4900 2954 4955 mortem
2999 4921 3115 4957 cum
3143 4908 3248 4962 suis
3274 4920 3436 4967 terra.

1843 4978 1985 5049 ribus
2028 4976 2382 5049 triumpharet,
2413 4972 2503 5049 lib.
2539 4986 2619 5049 tv,_
2648 4987 2699 5025 c.
2729 4972 2800 5049 ἐϋ
2834 4991 2860 5049 :_
2879 4972 3214 5049 Triumphato
3241 4984 3439 5049 seculo,

1848 5048 2079 5123 Ενίωηέ.
2111 5062 2160 5099 ο,
2185 5042 2283 5105 ⁷66,
2308 5043 2534 5123 captiuos
2555 5042 2901 5123 triumphauit,
2932 5060 2989 5123 (ξ.⁸
3134 5042 3441 5123 triumphari

1848 5114 1989 5182 deos,
2020 5117 2309 5178 Dwmonas,
2342 5130 2391 5168 c.
2436 5115 2525 5174 5|.
2559 5122 2744 5166 terram
2774 5114 3125 5183 triumpltabft.
3160 5114 3436 5180 Div.'l.tst.

1851 5192 1887 5245 Ι.
1922 5206 1974 5243 vr
2000 5232 2013 5248 .
2047 5204 2095 5242 ο.
2129 5187 2220 5241 23.
2257 5184 2519 5240 Valeriani
2546 5186 2777 5237 servitus
2810 5184 2909 5240 fuit
2938 5188 3121 5242 decent
3157 5208 3443 5252 annorum.

1924 5259 2053 5336 Cum
2079 5260 2243 5326 ﬁlium
2276 5257 2478 5336 haberet
2500 5255 2882 5336 Imperatorem
2914 5257 3218 5336 Gallienum
3252 5282 3446 5336 nempe

1852 5324 2146 5396 seniorem,
2169 5343 2325 5398 quem
2353 5327 2466 5399 jam
2495 5330 2562 5379 ab
2591 5341 2734 5380 anno
2758 5324 2958 5383 Christi
2986 5330 3085 5387 231
3118 5332 3314 5389 fecerat
3344 5324 3448 5391 ltit-

1857 5402 1990 5474 νει·ἱί
2018 5397 2581 5469 εοιιεοί·ιοιιι,⁷‹ιιιὶιμιθ
2608 5406 2780 5474 capto
2797 5410 2967 5469 patre,
2998 5404 3144 5474 solus
3174 5422 3267 5471 per
3310 5410 3451 5461 ιηηι-

1858 5471 1941 5531 ius
1965 5487 2135 5528 annos
2151 5485 2413 5526 summam
2439 5484 2615 5545 rerum
2641 5471 3067 5545 administrarit;
3099 5491 3195 5528 nec
3220 5493 3447 5545 unquam

1857 5562 1979 5600 eum
2012 5561 2039 5598 a
2069 5552 2427 5614 persecutore
2443 5542 2715 5596 vindicare
2752 5543 2936 5614 voluit,
2988 5544 3107 5598 licet
3154 5542 3453 5612 Bactriani,

1863 5611 2275 5676 HiberifAlbani
2306 5623 2352 5667 et
2387 5611 2757 5682 Tauroscytha:
2783 5613 2980 5683 auxilia
3005 5615 3193 5683 fuerint
3223 5611 3462 5682 polliciti,

1861 5689 1929 5742 ad
1976 5685 2301 5739 Valerianum
2348 5684 2410 5738 de
2461 5681 2755 5752 captivitate
2787 5681 3143 5751 liberandum,
3176 5681 3229 5739 ut
3276 5688 3467 5747 scribit

1862 5757 2162 5817 Trebellius
2193 5756 2365 5813 Pollio
2393 5756 2446 5814 in
2483 5752 2773 5812 Valeriano
2802 5754 3037 5809 seniore.

2970 5846 3008 5908 7
