3800 6250
164 378 270 438 209
1321 375 1525 433 LIBER
1565 374 1653 432 DE
1694 375 1738 432 Μ

1948 372 2330 433 PERSECUT.
2464 414 2467 416 -
2960 403 2973 415 κ
3372 380 3483 437 210

162 508 423 551 reversus
474 509 597 552 cum
648 491 830 565 praeda
877 497 932 548 et
973 491 1246 549 manubiis
1284 491 1621 562 ingentibus,
1669 488 1770 544 sibi
1798 491 1852 550 Α
1879 504 1975 559 pro
2004 490 2299 547 sceleribus
2326 490 2438 548 suis
2470 492 2603 548 nihil
2635 507 2741 548 non
2792 502 3118 561 mereretur,
3160 496 3362 551 tamdiu
3395 504 3480 551 ta-

160 588 339 643 attulit
383 588 732 659 superbiam,
786 587 1121 643 Diocletiano
1173 588 1444 642 timorem.
1497 586 1555 641 In
1597 593 1777 639 tantos
1881 595 2005 636 men
2036 596 2246 637 summa
2273 583 2529 639 felicitate
2557 586 2821 656 regnavit,
2856 586 3112 655 quamdiu
3142 600 3330 641 manus
3354 602 3483 644 suas

162 695 401 749 namque
429 681 600 735 fastus
627 687 751 751 post
793 679 933 735 hanc
978 679 1262 735 victoriam
1290 678 1530 734 elevatus
1567 685 1686 741 est,
1719 683 1779 730 ut
1876 673 2146 741 justorum
2177 675 2438 747 sanguine
2466 692 2576 732 non
2604 677 2929 747 inquinaret.
2972 677 3145 746 Quam
3185 692 3317 734 vero
3345 694 3476 734 cau-

89 781 113 799 ’
159 774 268 844 jam
294 771 641 829 detrectaret
663 770 897 827 Ctesaris
924 787 1148 829 nomen.
1184 772 1340 841 Quod
1367 786 1490 828 cum
1537 772 1590 825 in
1637 771 1778 826 litte-
1878 780 1992 820 sam
2027 767 2390 837 persequendi
2414 767 2695 835 habuerit,
2724 783 3014 840 exponam.

165 866 242 921 ris
274 864 341 920 ad
370 881 433 921 se
473 865 619 921 datis
666 865 938 933 audisset,
973 865 1115 922 truci
1145 865 1298 921 vultu
1340 880 1403 920 ac
1446 879 1581 921 voce
1617 865 1776 921 terri-
2648 860 2719 916 Χ.
3316 914 3325 921 .

1948 952 2082 1010 Cum
2112 964 2298 1026 ageret
2323 955 2376 1010 in
2413 955 2655 1026 partibus
2685 955 2925 1012 Orientis
2947 997 2961 1022 ,
3013 964 3066 1011 ut
3100 966 3218 1012 erat
3262 969 3363 1027 pro
3413 957 3481 1012 ti-

1876 1064 2031 1106 more
2056 1056 2324 1105 scrutator
2360 1064 2539 1105 rerum
2577 1049 2910 1116 futurarum,
2948 1049 3262 1106 immolabat
3309 1062 3472 1118 pecu—
3498 1055 3534 1071 ί

1876 1141 2005 1209 des,
2036 1150 2092 1197 et
2117 1141 2170 1195 in
2194 1141 2471 1211 jecoribus
2498 1156 2684 1197 earum
2733 1150 2960 1197 ventura
3007 1142 3305 1212 quaerebat.
3335 1142 3477 1198 Tum

1878 1233 2096 1305 quidam
2127 1234 2497 1289 ministrorum
2528 1235 2761 1290 scientes
2793 1234 3076 1290 Dominum
3096 1275 3110 1299 ,
3142 1250 3265 1291 cum
3304 1234 3480 1291 adsis-

1880 1335 2056 1382 terent
2098 1326 2440 1395 immolanti,
2479 1325 2852 1394 imposuerunt
2900 1325 3166 1382 frontibus
3213 1328 3326 1382 suis
3375 1330 3477 1384 im-

3497 1394 3531 1416 οξ

1872 1420 2104 1475 mortale
2134 1421 2369 1490 signum.
2397 1420 2515 1487 Quo
2535 1420 2676 1474 facto
2697 1461 2711 1485 ,
2755 1420 2951 1491 fugatis
2981 1420 3318 1477 dumonibus
3340 1463 3358 1489 ,
3386 1437 3476 1477 sa.
3497 1412 3527 1427 ⁷

1872 1526 1963 1567 cra
1993 1511 2206 1568 turbata
2231 1521 2376 1568 sunt.
2408 1511 2773 1583 Trepidabaut
2796 1513 3107 1582 aruspices,
3148 1528 3249 1568 nec
3284 1516 3476 1573 solitas

1871 1607 1924 1661 in
1952 1606 2093 1662 extis
2124 1615 2278 1661 notas
2306 1605 2589 1671 videbant;
2620 1615 2677 1662 et
2711 1606 2863 1677 quasi
2902 1621 3008 1662 non
3042 1606 3318 1674 litassent,
3361 1624 3473 1665 saa-

1872 1699 1993 1769 pius
2020 1698 2391 1754 immolabant.
2426 1697 2626 1754 Verum
2671 1699 2963 1756 identidem
2996 1708 3244 1756 mactata:
3276 1701 3470 1758 hostia

1870 1791 2007 1846 nihil
2055 1782 2441 1857 ostendebant,
2501 1791 2675 1848 donec
2721 1791 2978 1862 magister
3026 1792 3116 1848 ille
3158 1793 3475 1864 aruspicum

1520 1928 1880 1988 VARIORUM
1916 1930 2145 1989 NOTAE.

214 2037 460 2122 Eleuatus
498 2050 617 2122 est.
680 2041 1031 2099 Heumannus
1094 2043 1368 2099 existimat
1412 2042 1755 2102 Lactantium
1784 2053 1835 2114 Β
1861 2058 1978 2122 rent
1999 2047 2096 2122 Dei
2126 2050 2391 2122 templum.
2422 2049 2587 2122 Baluz

150 2112 427 2185 scripsisse
459 2112 633 2185 elatus
657 2123 753 2185 est.
1786 2112 1819 2114 ”
1939 2118 2168 2175 Scientes
2201 2112 2495 2175 Dominum.
2521 2120 2597 2175 lta
2618 2120 2949 2185 Lactantius,
2973 2120 3161 2176 lib.'vn
3187 2120 3307 2177 Div.
3329 2122 3474 2181 Inst.’

216 2180 557 2264 petrae-taret.
587 2184 665 2264 ita
698 2184 784 2264 hic
802 2198 914 2264 _ms.
948 2184 1154 2264 codex;
1179 2185 1313 2264 alibi
1342 2188 1690 2264 detractaret._
1864 2204 1987 2264 cap.
2028 2190 2102 2264 go
2133 2208 2161 2264 4:
2193 2190 2577 2264 iudicabuntur
2604 2208 2724 2264 ergo
2750 2193 2842 2264 qui
2868 2180 3034 2246 Deum
3062 2193 3321 2264 scierunt;
3350 2180 3464 2249 sci;

214 2250 278 2306 In
306 2254 598 2335 litterisad
624 2272 679 2335 se
708 2257 842 2335 dotis
869 2256 1112 2335 audisset.
1164 2257 1421 2335 Audisset
1468 2259 1758 2335 llioeletia-
1866 2250 1994 2335 licet
2017 2260 2331 2335 Gltristiaui.
2354 2292 2427 2303 —
2468 2250 2697 2319 Sciente}
2738 2250 3038 2335 Dominum.
3071 2250 3315 2335 Libslll,’
3341 2279 3466 2335 cap.

150 2326 1049 2403 nusex_l_i_tteris(ialerii.CELL.—
1076 2328 1190 2382 [mo
1217 2327 1464 2384 Galerius
1493 2330 1755 2397 audisset,
1863 2331 1976 2403 29.:
2011 2331 2114 2398 Qui
2145 2333 2308 2387 Deum
2342 2335 2538 2399 sciunt;
2566 2345 2623 2388 ut
2651 2335 2744 2388 lib.
2792 2349 2863 2388 νη
2914 2333 3069 2396 lust.,
3101 2348 3153 2389 c.
3180 2334 3252 2392 20
3291 2326 3305 2388 ἑ
3356 2326 3464 2403 Qui

144 2396 252 2473 sive
282 2396 705 2473 vidisset._Bun.
742 2471 753 2473 _
895 2471 903 2473 _
988 2472 995 2473 ί
1188 2472 1195 2473 ί
1301 2469 1327 2473 _
1372 2470 1384 2473 _
1456 2470 1464 2473 _
1866 2392 2146 2458 Dominum
2170 2405 2437 2469 scierunt,
2470 2392 2530 2458 id
2552 2412 2666 2473 est,
2702 2403 2927 2460 Fideles.
2961 2392 3093 2460 Buri.
3176 2452 3179 2455 λ

213 2464 495 2533 Quousque
544 2468 758 2525 Caesar?
788 2471 1075 2528 Ambiebat
1114 2472 1256 2526 enim
1289 2469 1535 2526 Galerius
1563 2470 1751 2527 vocari

213 2484 495 2592 quousque
544 2484 758 2525 cesar?
788 2484 1075 2528 AmbleDal
1114 2485 1256 2526 enun
1289 2484 1535 2526 ualerius
1563 2485 1749 2527 vocart

144 2546 194 2613 et
237 2553 355 2613 esse
426 2550 714 2613 mpera_tor
759 2551 815 2596 et
844 2545 1150 2613 Augustus,
1185 2541 1235 2595 id
1267 2554 1346 2597 εει
1384 2542 1615 2609 primum
1647 2546 1749 2597 ha-

144 2607 265 2733 bere
320 2607 551 2675 locuui;
599 2610 775 2667 Ctesor
821 2607 965 2669 enim
1012 2630 1117 2668 non
1166 2621 1313 2680 erat,
1364 2607 1466 2667 nisi
1508 2614 1752 2669 secundo

167 2693 281 2733 oco.

167 2693 281 2733 οεο.

218 2750 284 2832 ζΙι
309 2767 373 2832 ωε
400 2752 582 2832 M_arte
608 2771 662 2810 se
690 2765 1030 2832 procreatum.
1061 2755 1302 2832 Imitatus
1332 2754 1744 2832 Diocletianum,

148 2822 236 2903 qui
259 2837 318 2878 se
344 2821 946 2903 Jovipmget'alterum
980 2827 1386 2903 Maximianunt,
1419 2829 1510 2896 qui
1544 2821 1751 2903 Heroni-

145 2890 486 2968 l_iupt,gquasi
520 2912 550 2951 a
580 2890 683 2952 diis
711 2899 1145 2968 progenitoribus
1166 2939 1181 2963 ,
1213 2890 1636 2968 appellaverunt.
1671 2899 1747 2954 De

145 2960 355 3019 Galerio
378 2967 534 3034 Epit.
593 2960 840 3032 Victoris:
873 2984 996 3040 cap.
1041 2970 1110 3040 5']
1155 2960 1175 3023 ε’
1206 2960 1263 3023 ιᾶ
1287 2960 1566 3040 insolenter
1593 2969 1747 3038 affir-

146 3050 276 3111 mare
305 3052 485 3111 ausus
518 3050 620 3105 est,
653 3051 868 3095 matrem
896 3037 1038 3095 more
1068 3037 1392 3111 Olympiadis
1410 3079 1427 3105 ,
1456 3037 1744 3095 Alexandri

146 3103 657 3233 ﬂugiiiccreatricis,
706 3128 1050 3182 compressam
1094 3103 1317 3167 dracone
1335 3151 1350 3177 ,
1380 3103 1533 3165 semet
1561 3127 1744 3166 conce-
1766 3155 1812 3219 Ο

148 3191 286 3233 ause.
361 3196 492 3233 ELL.

148 3191 286 3244 pisse.
316 3191 492 3235 UELL.

169 957 261 1013 bili
287 957 632 1013 exclamabat
661 975 675 1011 :
708 958 997 1025 Quousque
1034 957 1267 1015 Cassa?
1294 955 1502 1013 Exinde
1536 957 1774 1013 insolen-

170 1049 372 1104 tissime
404 1064 578 1120 agere
606 1050 774 1121 coepit
794 1091 810 1118 ,
840 1058 900 1105 ut
926 1065 995 1105 ex
1016 1049 1186 1107 Marte
1214 1064 1274 1105 se
1300 1058 1638 1122 procreatum
1657 1090 1673 1118 ,
1717 1057 1775 1106 et

167 1140 330 1197 videri
353 1184 370 1209 ,
398 1150 461 1198 et
489 1142 600 1199 dici
627 1143 796 1199 vellet
814 1183 829 1207 ,
864 1151 1137 1214 tamquam
1165 1143 1398 1199 alterum
1446 1142 1769 1209 Romulum;

160 1232 458 1303 maluitque
512 1232 800 1289 Romulam
859 1243 1087 1290 matrem
1133 1244 1322 1304 stupro
1380 1233 1683 1301 infamare,
1714 1242 1776 1291 ut

156 1323 271 1394 ipse
308 1322 418 1378 diis
455 1325 724 1380 oriundus
760 1324 1056 1382 videretur.
1106 1325 1214 1382 Sed
1258 1325 1451 1383 diﬂ'ero
1494 1326 1563 1382 de
1611 1325 1768 1384 factis

153 1415 268 1484 ejus
296 1414 522 1483 dicere,
573 1432 642 1473 ne
684 1416 1013 1473 confundam
1067 1425 1330 1490 tempora.
1378 1417 1571 1474 Postea
1616 1417 1763 1475 enim

152 1522 307 1578 quam
337 1523 549 1566 nomen
574 1510 922 1581 imperatoris
942 1513 1181 1583 accepit,
1215 1522 1381 1568 exuto
1406 1527 1619 1579 socero,
1650 1524 1762 1570 tum

152 1598 368 1654 demum
413 1601 604 1658 furere
631 1602 833 1674 coepit,
863 1612 919 1659 et
940 1611 1291 1659 contemnere
1318 1605 1519 1659 omnia.
1554 1604 1767 1660 Diocles

153 1689 270 1764 (sic)
291 1692 443 1749 enim
474 1702 609 1750 ante
636 1694 925 1766 imperium
957 1695 1289 1751 vocabatur:
1319 1710 1442 1750 cum
1470 1695 1764 1768 rempubli-

150 1797 263 1838 cam
292 1784 504 1842 talibus
528 1787 773 1844 consiliis
798 1794 856 1844 et
882 1786 1078 1843 talibus
1118 1786 1284 1844 sociis
1308 1796 1610 1856 everteret,
1638 1802 1763 1844 cum

1922 2473 2225 2529 Immortule
2247 2475 2472 2546 signum.
2504 2475 2815 2531 Lactantius
2846 2476 2960 2530 Div.
3007 2474 3240 2530 lnstitut.
3268 2474 3362 2529 lib.
3399 2491 3460 2531 nr

1850 2559 1974 2616 cap.
2027 2546 2131 2611 27,
2173 2561 2308 2614 quos
2348 2548 2551 2616 signum
2593 2546 2881 2600 immortale
2923 2546 3162 2600 munierit
3209 2554 3457 2615 tanquam

1850 2615 2264 2686 inexpugnabilis
2294 2615 2499 2682 murus,
2533 2626 2638 2672 etc.
2676 2616 2773 2672 Ubi
2802 2617 3118 2671 miraculum
3150 2617 3456 2685 fugatorum

1853 2686 2160 2757 daemonum
2183 2689 2338 2757 signo
2361 2686 2549 2742 Crucis
2579 2687 2767 2742 iisdem
2800 2687 2913 2741 fere
2943 2688 3122 2742 verbis
3159 2686 3389 2743 refertur
3417 2704 3453 2744 a

1851 2756 2149 2813 Lactantio.
2182 2756 2259 2813 De
2288 2757 2447 2827 hujus
2471 2759 2607 2829 signi
2653 2757 2891 2826 potentia
2924 2757 3249 2829 SLCyrillus
3293 2757 3453 2829 Jeru-

1852 2831 2206 2900 solymitanus
2229 2829 2514 2898 episcopus
2537 2828 2819 2900 Cateches.
2855 2830 2954 2884 15:
2984 2827 3294 2898 Trophomm
3320 2827 3453 2884 Jesu

1850 2899 2119 2971 salutare,
2142 2899 2350 2954 Crux...
2384 2910 2532 2955 curat
2559 2899 2758 2971 morbos
2778 2900 3075 2971 ,_dtumones
3116 2904 3290 2971 fugat,
3338 2911 3449 2971 etc.

1849 2969 2052 3026 Eadem
2094 2970 2379 3042 Gateches.
2438 2972 2526 3026 15.
2560 2970 2691 3026 Cum
2717 2989 2749 3025 a
2779 2969 2888 3025 Deo
2932 2971 2999 3025 sit
3027 2969 3134 3024 haec
3162 2971 3325 3042 gratia
3355 2970 3446 3042 Si-

1847 3057 2007 3110 gnum
2037 3041 2300 3109 ﬁdelium,
2346 3052 2394 3096 et
2439 3043 2591 3096 timor
2618 3042 2939 3109 dwmonum;
2966 3054 3020 3095 et
3063 3040 3345 3096 Cateches.
3381 3040 3441 3098 4.

1848 3109 2127 3167 Crucem...
2159 3122 2215 3166 tu
2236 3112 2407 3183 palam
2433 3115 2502 3167 ad
2529 3114 2747 3184 frontem
2786 3114 3072 3184 obsignato,
3093 3122 3156 3184 ut
3185 3113 3443 3184 daemones

1845 3185 2042 3254 regium
2074 3185 2294 3254 Signum
2340 3182 2625 3252 intuentes,
2671 3184 2873 3237 tremuli
2900 3182 3101 3252 procul
3142 3183 3438 3254 aufugiam.

212 3246 512 3325 Romulam.
548 3251 673 3325 Haec
701 3261 817 3307 erat
844 3252 1045 3310 Galerii
1073 3262 1263 3320 mater,
1289 3268 1319 3306 a
1340 3268 1444 3324 qua
1471 3252 1742 3308 Romulia-
1848 3246 2011 3325 Signo
2035 3246 2204 3310 autém
2231 3256 2326 3308 isto
2347 3264 2489 3310 utere
2508 3246 2622 3309 tum
2642 3256 2794 3309 edens
2821 3272 2883 3308 ac
2911 3246 3103 3320 bibens,
3133 3246 3240 3325 tum
3261 3246 3442 3310 s'edens

149 3333 260 3394 nam
287 3322 549 3393 oppidum
587 3324 682 3378 fuit
711 3326 1062 3394 appellatum.

189 3388 393 3469 "Postea
423 3396 568 3448 enim
594 3388 768 3469 quam.
786 3388 895 3469 'Sic
923 3413 1045 3468 cap.
1078 3398 1112 3451 ὅ
1150 3413 1166 3452 :
1199 3395 1397 3469 Postea
1416 3412 1531 3450 vero
1559 3411 1736 3466 quam.

148 3459 254 3521 Lib.
283 3465 530 3590 thlusL,
570 3459 621 3521 οξ
666 3466 750 3522 15.
800 3459 1005 3522 Postca'
1028 3483 1145 3522 vero
1188 3467 1544 3521 animaduersa
1571 3459 1735 3533 sunt,

148 3548 304 3590 quain.
382 3552 473 3590 ωε.

146 3548 283 3600 quam
293 3575 304 3586 .
340 3548 449 3591 ﬂuat
460 3581 473 3590 .

212 3601 377 3660 Erato
404 3624 610 3662 socero.
663 3608 717 3663 Id
748 3620 827 3665 est
849 3652 862 3673 ,
899 3620 1178 3679 postquam
1212 3608 1576 3664 Diocletianus
1606 3624 1737 3678 pur-

150 3688 268 3741 pura
297 3689 456 3750 exuta
504 3694 562 3734 se
594 3680 822 3747 Imperio
848 3681 1151 3748 abdicavit,
1179 3691 1237 3737 et
1274 3680 1518 3736 Galerius
1562 3680 1740 3750 Impe-

147 3755 279 3821 rator
306 3746 484 3805 factus
509 3759 614 3805 est.
647 3746 847 3806 Eadem
889 3762 975 3808 est
1020 3746 1274 3821 loquendi
1302 3753 1438 3807 ratio
1467 3750 1606 3819 apud
1638 3746 1738 3805 nos

146 3813 347 3894 Gallos;
390 3821 629 3877 dicimus
674 3823 818 3894 enim
868 3824 1028 3894 vulgo
1057 3813 1206 3894 {Cet
1237 3813 1596 3894 hommeisiest
1642 3822 1738 3875 de-

150 3890 326 3957 pouillé
353 3910 497 3963 pour
522 3910 614 3947 son
644 3892 747 3963 ῥῶ.
784 3895 878 3950 Sic
903 3890 1121 3949 et‘iufra
1151 3909 1272 3964 cap.
1307 3893 1397 3948 10.
1434 3893 1526 3948 Vel
1556 3895 1737 3962 potius

148 3968 284 4035 exuto
309 3979 518 4026 socero,
552 3964 603 4019 id
626 3976 706 4020 est
725 4009 740 4032 ,
770 3978 1051 4035 postquam
1073 3965 1320 4022 Galerius
1345 3964 1736 4021 Diocletianum

149 4032 310 4100 coegit
338 4035 581 4107 imperio
622 4032 849 4103 cedere,
898 4032 956 4091 ut
1000 4037 1135 4091 infra
1165 4052 1217 4092 c.
1253 4036 1338 4090 18.
1374 4036 1561 4101 initio,
1591 4035 1735 4107 quod

148 4110 219 4153 est
248 4105 468 4160 rectius.

177 4240 188 4252 ο
217 4171 320 4226 Sic.
355 4176 511 4232 Hanc
541 4176 856 4244 particulam
890 4177 1432 4252 AsuppleVimusucum
1477 4173 1730 4252 Capeto.

151 4246 256 4296 sine
281 4260 383 4314 qua
430 4262 626 4318 manca
654 4257 738 4302 est
765 4246 1070 4303 oratio.'lta
1099 4263 1219 4318 cap.
1253 4248 1322 4304 19
1352 4246 1487 4302 infra
1532 4265 1546 4301 :
1598 4247 1737 4301 Huic

153 4328 418 4389 [qrpurom
475 4317 829 4373 Diocletianus
875 4320 1047 4389 injecit
1086 4317 1232 4374 suam
1254 4361 1268 4385 ,
1315 4336 1419 4389 qua
1464 4334 1517 4372 se
1561 4320 1734 4383 exuit;

152 4380 344 4463 Diocles
369 4390 564 4463 iterum
589 4394 751 4463 factus
777 4400 871 4446 est.

221 4453 600 4532 Persequendi.'
620 4461 769 4518 Adde
795 4472 893 4523 eos
909 4503 924 4528 ,
951 4462 1002 4517 id
1025 4471 1110 4517 est
1130 4461 1307 4532 iustos
1324 4501 1341 4529 ,
1363 4459 1506 4532 quod
1531 4475 1728 4515 nomen

152 4538 262 4598 In"!
296 4535 593 4598 prmcessit.

220 4596 385 4661 Quum
429 4613 619 4671 ageret.
662 4604 820 4659 Amat
867 4606 1003 4660 hanc
1048 4605 1374 4661 locutionem
1423 4603 1525 4658 hoc
1570 4618 1735 4658 sensu

155 4664 415 4744 baculi!»
449 4664 542 4740 ᾖ,
571 4690 688 4744 cap.
730 4675 820 4729 27.
864 4676 953 4731 ubi
995 4677 1182 4733 eadem
1223 4692 1347 4741 res,
1394 4685 1451 4731 et
1499 4675 1589 4731 lib.
1639 4690 1731 4741 tv,

155 4752 264 4809 cap.
291 4743 381 4799 23.
412 4745 547 4799 BDN.

160 4810 323 4930 dare
348 4816 549 4870 timore.
583 4816 819 4873 Emenda
850 4833 959 4888 prce
984 4818 1198 4883 timore,
1231 4817 1283 4873 id
1313 4826 1431 4880 est,
1464 4832 1572 4889 pro:
1598 4817 1736 4870 timi-

193 4897 206 4930 l
279 4902 323 4930 ε-

193 4892 324 4939 “die.

231 4954 449 5019 Quidam
496 4958 842 5013 ministrorum
865 5001 876 5020 .
910 4969 1086 5015 etc....
1134 4958 1201 5013 Et
1230 4958 1314 5013 hic
1343 4973 1555 5029 quoque
1584 4959 1738 5013 locus

162 5036 333 5093 aperte
378 5029 617 5085 ostendit
647 5031 838 5085 librtnn
873 5033 1033 5085 istum
1064 5045 1182 5084 esse
1212 5030 1498 5085 Lactantii.
1529 5030 1736 5084 Similia

162 5099 534 5170 enimpmuiuo
563 5101 677 5170 ipse
709 5101 873 5157 habet
917 5102 969 5155 iu
1020 5101 1155 5156 libro
1192 5116 1248 5156 tv
1290 5101 1520 5156 lustitut.
1557 5101 1733 5155 Dit’iu.

164 5180 272 5237 cap.
298 5168 364 5225 27
394 5188 406 5223 :
433 5168 718 5227 Nam—cum
746 5173 844 5227 diis
870 5174 979 5227 suis
1007 5172 1303 5237 immolant,
1334 5171 1378 5225 si
1406 5172 1617 5225 adsistat
1638 5171 1739 5224 ali-

166 5241 268 5308 quis
294 5241 538 5312 signatam
569 5246 787 5314 frontem
814 5261 991 5314 gerens
1013 5286 1028 5310 ,
1056 5261 1207 5298 sacra
1226 5243 1370 5298 nullo
1395 5242 1736 5314 ntodo‘litunt,

170 5324 252 5362 nec
278 5311 509 5382 responsa
562 5311 722 5380 potest
767 5311 1032 5370 consultus
1075 5315 1285 5369 reddere
1335 5323 1490 5369 vates.
1536 5311 1601 5368 Et
1630 5313 1739 5366 haec

173 5394 293 5456 stupe
332 5387 769 5456 causaiprwcipua
799 5387 1056 5455 justitiam
1083 5387 1413 5456 persequendi
1442 5385 1590 5438 malis
1637 5383 1740 5456 Re-

175 5451 308 5527 gibus
326 5457 439 5527 fuit.
474 5451 601 5511 Cum
630 5451 763 5510 enim
789 5451 1000 5527 quidam
1023 5451 1371 5512 ministrorum
1394 5457 1550 5511 nostri
1579 5455 1741 5509 sacri-

178 5519 424 5598 ﬁcantibus
453 5527 672 5582 dominis
701 5519 1042 5595 adsisterent,
1092 5528 1328 5594 imposito
1369 5526 1622 5598 frontibus
1657 5527 1737 5598 si-

175 5607 294 5672 gno,
322 5596 433 5650 deos
460 5600 668 5672 illorum
699 5601 1005 5672 fugaverunt
1024 5641 1040 5666 ,
1062 5616 1131 5672 ne
1160 5596 1433 5672 possentin
1465 5597 1742 5672 visceribus

178 5662 436 5740 hostiarum
483 5671 658 5740 futura
699 5662 991 5740 'de'pingere.
1026 5662 1194 5738 Ὠιιοᾶ
1242 5686 1359 5722 cum
1404 5669 1742 5739 intelligerent

176 5737 450 5804 aruspices.
482 5737 841 5810 instigantibus
857 5737 1044 5796 iisdem
1067 5737 1390 5796 dtemonibus
1413 5737 1595 5809 quibus
1622 5754 1741 5807 pro-

178 5816 368 5869 secant,
410 5821 763 5882 conquerentes
794 5813 1087 5882 prophanos
1130 5813 1358 5867 homines
1402 5811 1564 5866 sacris
1585 5811 1742 5864 inter-

180 5887 306 5942 esse,
336 5891 532 5949 egerunt
583 5880 852 5952 Principes
891 5880 1007 5941 suos
1036 5886 1087 5939 in
1117 5886 1373 5955 furorem,
1401 5892 1456 5937 ut
1481 5896 1742 5951 expugna-

1758 4559 1814 4619 D

1844 3324 2138 3380 accubans
2161 3367 2176 3391 ,
2208 3328 2271 3380 de
2300 3326 2428 3381 lecto
2470 3342 2684 3396 surgens
2707 3367 2723 3389 ,
2771 3326 2982 3395 loquens
3006 3366 3022 3390 ,
3054 3324 3361 3390 ambulans;
3392 3333 3442 3379 et

1843 3406 1900 3450 ut
1928 3397 2085 3452 semel
2111 3396 2318 3468 dicam,
2349 3398 2403 3451 in
2434 3400 2571 3468 omni
2597 3412 2650 3451 re
2677 3397 2917 3468 omnique
2945 3398 3162 3466 negotio.
3192 3398 3250 3451 ὃ.
3284 3400 3440 3468 lgna-

1844 3468 1948 3521 tius
1973 3468 2172 3540 Martyr
2198 3486 2211 3522 :
2241 3465 2420 3523 Crucis
2449 3467 2669 3539 Signum
2694 3465 2980 3536 trophwum
3000 3465 3075 3521 est
3095 3476 3271 3522 contra
3293 3465 3439 3535 prin-

1842 3540 1972 3611 cipis
2016 3540 2496 3611 mundi_virtutem,
2527 3540 2665 3611 quod
2693 3540 2867 3611 videns
2909 3542 3196 3611 expavescit
3219 3578 3243 3611 ,ν
3264 3547 3311 3591 et
3337 3555 3437 3591 au-

1841 3608 1984 3665 diens
2007 3612 2168 3664 timet.
2204 3609 2336 3664 Vide
2362 3610 2419 3665 S.
2454 3608 2677 3679 August.
2715 3610 2960 3679 Enarrat.
2993 3610 3026 3663 4
3054 3609 3105 3663 in
3130 3609 3270 3663 Psal.
3295 3624 3437 3673 xxx,

1840 3689 1896 3735 et
1925 3680 1976 3733 in
2023 3680 2168 3736 Psal.
2201 3696 2251 3735 ι..
2285 3697 2338 3733 n.
2374 3683 2394 3734 i
2448 3698 2460 3732 :
2499 3677 2651 3746 Quod
2680 3681 2724 3734 si
2754 3682 2885 3747 forte
2914 3677 3191 3733 Christiani
3236 3680 3291 3733 in
3318 3680 3433 3749 ipso

1840 3751 1977 3806 circo
1995 3751 2164 3821 aliqua
2193 3767 2257 3805 ea;
2280 3767 2436 3804 causa
2457 3759 2790 3820 expavescunt
2809 3792 2825 3816 ,
2857 3751 3101 3821 continuo
3125 3766 3178 3821 se
3201 3750 3427 3820 signant,

1840 3830 1889 3877 et
1928 3819 2211 3875 stant—illic
2241 3831 2496 3891 portantes
2523 3819 2578 3875 in
2605 3826 2798 3893 fronte,
2831 3821 2966 3893 unde
2984 3819 3340 3893 abscederent,
3390 3821 3438 3874 si

1841 3893 1936 3947 hoc
1965 3894 2018 3947 in
2062 3894 2214 3947 corde
2244 3902 2522 3961 portarent.
2570 3891 2638 3946 Et
2663 3892 2731 3947 de
2758 3891 2985 3947 Civitate
3015 3892 3129 3957 Dei,
3160 3891 3253 3945 lib.
3282 3905 3427 3955 xxn,

1840 3980 1894 4018 η.
1927 3966 1981 4021 '5.
2033 3965 2172 4033 Quin
2219 3962 2668 4019 etTheodoretus
2697 3964 2773 4018 ait
2822 3963 2917 4017 lib.
2960 3962 2995 4017 5
3025 3961 3160 4017 Hist.
3194 3961 3432 4033 Eccles.,

1839 4050 1959 4105 cap.
1988 4037 2022 4091 ὅ
2055 4032 2071 4090 Ξ
2093 4035 2223 4091 Cum
2251 4035 2334 4089 isti
2358 4052 2475 4089 vero
2503 4035 2761 4089 dwmones
2788 4034 2938 4088 solita
2967 4034 3135 4104 specie
3149 4032 3435 4105 Aapparnis-

1838 4102 1968 4171 sent,
1992 4108 2151 4178 coegit
2172 4105 2448 4178 Iulianum
2471 4108 2624 4161 timor
2650 4108 2907 4178 imponere
2946 4102 3314 4178 fronticrucis

1839 4194 2015 4246 gnum.
2053 4173 2128 4233 De
2146 4178 2318 4249 Signo
2342 4177 2564 4243 Crucis,
2599 4173 2820 4248 ejusque
2853 4177 2902 4230 vi
2946 4173 3005 4249 et
3042 4174 3285 4249 efficacia
3310 4173 3434 4249 vide

1842 4244 2106 4321 praeterea
2129 4244 2414 4321 origettem
2433 4293 2449 4316 ,
2481 4244 2872 4321 Tertt'tllia'unm
2898 4288 2913 4312 ,
2943 4246 3195 4301 Basilium
3215 4287 3229 4311 ,
3262 4244 3433 4321 Atha-

1839 4320 2048 4373 nasium
2077 4319 2144 4373 dc
2176 4317 2548 4376 [incarnatione
2578 4319 2738 4373 Verbi
2782 4318 2906 4384 Dei,
2940 4328 3068 4372 tom.
3096 4332 3145 4383 ι,
3176 4332 3296 4386 pag.
3325 4317 3430 4379 73,

1837 4389 2063 4459 Gregor.
2111 4390 2363 4447 Nazianz.
2413 4406 2580 4446 carm.
2626 4390 2723 4453 6i,
2761 4400 2888 4442 tom.
2936 4404 3008 4454 ιι,
3041 4402 3159 4459 pag.
3196 4387 3327 4459 142,
3375 4394 3434 4440 et

1837 4457 1988 4514 Orat.
2021 4461 2056 4514 5
2093 4461 2353 4517 adversus
2399 4461 2705 4523 lulianum,
2750 4476 2801 4527 p.
2853 4459 2993 4525 206;
3044 4457 3428 4522 Ambrosium,

1837 4529 2119 4584 Paulinum
2138 4573 2154 4598 ,
2185 4532 2425 4601 aliosque
2468 4533 2569 4588 SS.
2595 4533 2881 4601 Patres-5
2901 4528 3265 4597 Imposuerunt
3285 4530 3434 4601 [rant

1840 4602 1974 4673 tibus
2022 4596 2145 4673 suis
2176 4596 2464 4673 immortale
2500 4604 2733 4673 signum.
2792 4600 2908 4673 Vid.
2958 4596 3078 4669 qua:
3127 4597 3309 4673 [rotavi
3353 4596 3435 4673 at!

1838 4671 1989 4726 Laet.
2022 4672 2117 4727 lib.
2165 4688 2221 4726 tv
2244 4714 2258 4739 ,
2287 4688 2337 4727 c.
2374 4671 2465 4729 9-6.
2496 4667 2723 4727 Nurrius
2765 4672 2833 4726 ad
2875 4667 2990 4724 huc
3036 4668 3198 4739 verba
3226 4667 3435 4723 Grecilii

1837 4741 2046 4813 p.|183.
2074 4738 2249 4797 locum
2280 4743 2540 4797 Lactantii
2573 4744 2727 4811 plane
2758 4738 3308 4813 pervertit.—Utait,
3337 4746 3436 4794 aut;

1835 4811 2016 4868 verius
2067 4814 2207 4868 sicut
2247 4814 2476 4869 somniat
2524 4814 2921 4869 Buuemannus.
2961 4811 3125 4867 Miror
3173 4819 3438 4881 quantum

1840 4884 1942 4938 hoc
1989 4885 2109 4939 loco
2151 4888 2488 4956 exagitentur
2533 4884 2833 4956 Acatholici
2885 4883 3155 4956 :bieuim
3204 4882 3278 4937 nil
3324 4896 3439 4956 non

1839 4966 2060 5011 movent
2084 4965 2141 5010 ut
2156 4952 2437 5011 elimiueut
2455 4957 2559 5011 vim
2577 4956 2734 5025 hujus
2765 4955 3093 5025 Lactantiani
3118 4952 3435 5021 testimonii,

1838 5026 1982 5097 quod
2013 5028 2236 5098 multum
2272 5026 2395 5081 facit
2425 5024 2729 5098 iuigratiam
2754 5024 3198 5098 Orthodoxorum
3231 5025 3439 5098 rituum

1842 5095 2100 5153 Ecclesiae
2137 5097 2433 5153 catholicae.
2484 5095 2631 5152 Istud
2678 5097 2821 5152 enim
2870 5095 3172 5150 immortale
3219 5095 3439 5165 signum

1816 5164 1906 5222 'ad
1942 5167 2217 5224 Christum
2260 5167 2433 5223 solum
2482 5170 2649 5224 refert
2688 5167 3092 5223 Bunemannus.
3143 5166 3251 5222 Sed
3280 5164 3440 5235 legat

1839 5239 1954 5310 ipse
1988 5241 2201 5304 locum;
2231 5239 2370 5310 legat
2412 5248 2618 5310 attente
2664 5236 2970 5310 etrvidehit
2997 5250 3119 5310 non
3167 5246 3372 5292 tantum
3391 5251 3439 5310 Aa

1839 5308 2067 5381 Christo
2100 5325 2197 5381 per
2227 5306 2533 5375 impositum
2570 5308 2836 5365 frontibus
2880 5306 3313 5381 CltristianOt-utti
3358 5307 3441 5362 si-

1840 5396 2005 5451 gnum
2050 5378 2261 5452 fugatos
2289 5395 2411 5438 esse
2434 5381 2745 5448 dmmoues;
2767 5395 2951 5452 verum
2978 5378 3139 5434 etiam
3165 5379 3442 5452 ministros

1845 5450 2163 5528 Diocletiani
2181 5452 2729 5528 ,‘qui_fortasse_cum
2762 5450 3039 5528 sacrificiis
3083 5450 3403 5528 assistereut
3422 5487 3441 5512 ,

1843 5523 2066 5599 tuuc‘ab
2105 5524 2176 5599 iis
2200 5522 2522 5599 fuga‘bantur
2564 5522 2879 5599 daemones,
2907 5522 3088 5599 statim
3133 5530 3295 5599 atque
3338 5522 3447 5599 im:

1843 5594 2121 5669 ponebant
2164 5586 2289 5669 ipsi:
2310 5593 2575 5669 frontibus
2605 5595 2718 5669 suis
2768 5586 3074 5648 immortale
3104 5586 3352 5669 signum,
3386 5586 3445 5669 id

1843 5662 1960 5731 est,
1990 5662 2202 5737 signum
2249 5662 2441 5737 Crucis
2461 5708 2476 5731 ,
2509 5666 2663 5721 sicuti
2711 5679 2777 5719 eo
2804 5672 3046 5737 tempore
3071 5675 3199 5737 usus
3226 5666 3342 5713 erat
3388 5662 3447 5737 iu

1843 5729 2014 5810 veteri
2040 5729 2313 5810 Ecclesia.
2348 5729 2481 5794 Vide
2505 5753 2625 5810 qua:
2654 5729 3032 5810 stimulavimus.
3058 5731 3126 5786 ad
3150 5729 3261 5810 hoc
3281 5736 3445 5810 caput

1844 5808 1911 5890 de
1935 5808 2093 5867 Mort.
2125 5809 2404 5869 Persecut.
2441 5818 2497 5866 et
2522 5800 2591 5865 ad
2616 5818 2775 5879 caput
2796 5805 2886 5869 27,
2919 5801 3036 5859 libri
3064 5816 3117 5855 tv
3149 5800 3323 5856 Diviu.
3357 5802 3449 5856 lu-

1843 5889 1955 5936 ειη.
