3828 6262
178 332 254 388 217
1257 334 1457 392 LIBER
1501 335 1588 390 DE
1628 334 1836 393 MORT.
1877 334 2258 399 PERSECUT.

3309 352 3416 412 218

181 447 268 504 deos
292 445 534 501 adiretur.
566 445 747 502 Etiam
798 447 993 505 litterae
1019 449 1086 506 ad
1129 449 1509 507 Maximianum
1552 463 1711 522 atque
1739 463 1790 518 Α
1817 459 1938 512 cum
1971 459 2250 516 incidisses
2282 460 2336 516 in
2367 460 2675 521 Flaccinum
2707 461 3018 536 praelectum
3041 509 3056 534 ,
3108 482 3213 524 non
3248 470 3414 537 pusil-

179 541 485 598 Constantium
517 552 976 609 commeaverant,
1011 552 1066 597 ut
1089 544 1276 600 eadem
1309 545 1565 601 lacerent.
1598 545 1709 600 Eo-

177 651 258 690 rum
281 636 528 690 sententia
561 636 618 690 in
651 637 816 691 tantis
846 638 1008 692 rebus
1037 647 1318 709 expectata
1349 655 1453 694 non
1479 648 1616 695 erat.
1647 640 1717 695 Et

175 729 337 799 quidem
364 745 528 784 senex
551 728 912 785 Maximianus
954 730 1124 786 libens
1155 731 1326 801 paruit
1355 747 1449 802 per
1480 731 1709 801 Italiam,

175 823 294 880 homo
317 837 412 876 non
437 822 574 876 adeo
604 823 866 878 clemens.
908 822 1043 877 Nam
1087 822 1453 891 Constantius,
1489 841 1556 880 ne
1604 825 1717 880 dis-

175 919 329 972 sentire
354 931 379 970 a
401 915 666 984 majorum
691 918 976 986 praeceptis
1000 917 1290 984 videretur,
1318 918 1714 986 conventicula,

129 999 144 1010 ’
175 1012 214 1065 id
237 1021 317 1075 est,
343 1010 581 1078 parietes,
636 1010 729 1081 qui
771 1011 981 1066 restitui
1011 1021 1279 1080 poterant,
1328 1011 1469 1066 dirui
1525 1027 1716 1082 passus

112 1142 147 1151 ..
173 1114 263 1158 est:
289 1118 452 1156 rerum
477 1069 670 1158 autem.
685 1103 781 1159 Dei
813 1105 1092 1174 templum,
1124 1104 1266 1174 quod
1290 1113 1373 1160 est
1401 1106 1453 1159 in
1483 1069 1729 1160 homin:

172 1194 257 1260 bus,
279 1194 528 1249 incolume
553 1196 812 1250 servavit.

839 1288 979 1344 XVI.

220 1379 494 1434 Vexabatur
523 1395 656 1452 ergo
688 1381 934 1436 universa
981 1391 1143 1447 terra,
1175 1392 1229 1437 et
1259 1393 1455 1452 praeter
1485 1383 1711 1450 Gallias,

168 1472 219 1525 ab
239 1471 432 1526 Oriente
482 1488 651 1542 usque
681 1473 748 1528 ad
779 1488 1028 1528 occasum
1062 1485 1170 1529 tros
1199 1475 1565 1532 acerbissima:
1592 1477 1717 1533 bes-

169 1565 234 1619 tia:
257 1565 546 1620 saeviebant.

235 1679 324 1744 ljon
347 1679 453 1728 mihi
485 1679 526 1728 si
552 1679 733 1743 linguae
757 1687 955 1744 centum
975 1681 1075 1731 sint
1093 1694 1277 1744 oraque
1296 1689 1516 1741 centum,

236 1742 396 1808 lj'errea
419 1756 530 1799 vox,
555 1742 730 1790 omnes
749 1742 993 1792 scelerum
1014 1742 1371 1805 corupréndcre
1397 1743 1595 1808 formas,

237 1805 380 1853 Omnia
401 1818 648 1866 prunarum
674 1818 971 1868 percurrere
990 1808 1183 1857 nomina
1209 1808 1404 1868 possim,

161 1924 268 1976 quas
288 1909 477 1978 jmliccs
507 1927 602 1980 per
631 1913 1112 1984 provinciasjustis
1138 1924 1299 1986 atque
1331 1917 1710 1973 innocentibus

164 2000 434 2055 intulerunt.
475 2002 667 2057 Verum
698 2005 828 2073 quid
857 2021 991 2074 opus
1020 2015 1105 2061 est
1133 2007 1220 2062 illa
1253 2024 1493 2076 narrare,
1519 2009 1711 2079 pracci-

163 2108 244 2160 pne
271 2094 373 2158 tibi,
407 2095 604 2149 Donate
631 2098 932 2160 cariSsime,
965 2099 1056 2168 qui
1087 2109 1282 2170 prmter
1310 2110 1538 2157 caeteros
1567 2113 1708 2158 tem-

161 2197 379 2253 pestatem
432 2189 660 2244 turbidtc
701 2192 1094 2260 persecutionis
1133 2203 1390 2264 expertus
1430 2196 1526 2250 es?
1572 2195 1705 2251 Nunt

1819 551 1930 606 lum
1963 553 2307 622 homicidam,
2338 557 2532 615 deinde
2551 563 2604 615 in
2636 560 2937 618 Hieroclem
2957 578 3022 618 ex
3041 561 3254 618 Vicario
3274 565 3416 620 Prai-

1819 644 2013 714 sidem,
2044 649 2133 718 qui
2163 657 2319 704 autor
2345 660 2400 706 et
2427 653 2765 708 consiliarius
2794 655 2859 709 ad
2889 655 3189 711 faciendam
3222 672 3409 725 perse-

1819 741 2088 796 cutionem
2108 742 2226 809 fuit,
2259 754 2532 814 postremo
2564 747 2616 802 in
2632 748 3024 804 Priscillianum
3043 763 3413 806 successorem

1819 835 1956 902 ejus,
1989 835 2371 892 documentum
2401 839 2651 895 omnibus
2681 841 2894 896 invictae
2921 839 3252 897 fortitudinis
3283 857 3412 912 prte-

1818 927 2001 982 buisti.
2035 928 2226 985 Novies
2264 931 2406 986 enim
2448 933 2730 988 tormentis
2774 933 3208 1005 cruciatibusque
3250 934 3414 992 variis
3454 949 3470 959 ‘

1819 1020 2112 1089 subjectus,
2168 1022 2352 1078 novies
2395 1022 2762 1080 adversarium
2792 1026 3030 1096 gloriosa
3070 1025 3414 1083 confessione

1819 1114 2012 1169 vicisti.
2046 1115 2249 1171 Novem
2281 1117 2480 1187 praeliis
2508 1119 2758 1174 zabulum
2787 1135 2908 1174 cum
2940 1120 3258 1176 satellitibus
3297 1121 3413 1177 suis

1819 1205 2103 1263 debellasti
2128 1225 2141 1261 :
2176 1223 2370 1264 novem
2398 1210 2635 1266 victoriis
2663 1211 2907 1269 seculum
2935 1227 3059 1269 cum
3090 1213 3202 1269 suis
3233 1223 3412 1270 terro-

1820 1299 1966 1355 ribus
1997 1297 2358 1372 triumphas“.

1892 1459 2066 1526 Quam
2093 1459 2385 1543 jucundum
2435 1461 2565 1518 illud
2592 1466 2956 1536 spectaculum
2991 1467 3097 1522 Deo
3122 1467 3247 1532 luit,
3281 1483 3406 1526 cum

1818 1549 2075 1605 victorem
2104 1563 2154 1606 te
2181 1563 2446 1618 cerneret,
2479 1570 2584 1610 non
2616 1556 2870 1613 candidos
2896 1575 3084 1630 equos,
3117 1561 3413 1616 autimma~

1821 1657 1919 1697 nes
1950 1643 2287 1712 elephantos,
2317 1646 2414 1700 sed
2446 1647 2591 1715 ipsos
2627 1650 2962 1718 potissimum
2995 1651 3414 1722 triumphatores

1819 1738 1999 1792 currui
2053 1745 2143 1791 tuo
2176 1739 2708 1810 subjugantemﬂlic
2734 1753 2819 1798 est
2868 1759 3028 1800 verus
3084 1745 3410 1817 triumphus,

1819 1830 2333 1902 cunthglominatoﬂrcs
2359 1831 2725 1900 dominantur.
2758 1834 2890 1889 Victi
2929 1837 3074 1890 enim
3104 1846 3188 1892 tua
3218 1837 3416 1895 virtute

1815 1935 1879 1976 ac
1908 1921 2177 1992 subjugati
2230 1926 2844 1996 sunt;quaudoquidem
2892 1927 3120 1985 nefanda
3173 1929 3414 1998 jussione

1812 2024 2142 2086 contempta,
2181 2034 2369 2074 omnes
2396 2030 2684 2090 apparatus
2713 2037 2776 2076 ac
2809 2022 3092 2078 terriculas
3123 2025 3415 2094 tyrannicae

1815 2110 2096 2177 potestatis
2120 2111 2222 2166 lide
2243 2111 2423 2166 stabili
2463 2121 2518 2166 et
2547 2114 2746 2169 robore
2775 2115 2939 2169 animi
2977 2115 3290 2186 proﬂigasti.
3317 2117 3415 2172 Ni-

1811 2199 1886 2254 hil
1917 2202 2180 2258 adversus
2232 2212 2286 2260 te
2315 2207 2562 2276 verbera,
2589 2207 2726 2263 nihil
2780 2209 3017 2282 υιιευιω,
3061 2210 3199 2268 nihil
3251 2212 3414 2284 ignis,

1435 2309 1798 2369 VARIORUM
1838 2315 2069 2372 NOTAE.

218 2417 382 2496 Etiam.
412 2420 498 2476 Sic
523 2436 652 2496 ms_._;
683 2430 738 2475 at
763 2421 894 2477 editi
941 2422 1140 2480 habent
1187 2434 1241 2478 et
1259 2424 1395 2495 jam,
1428 2425 1571 2496 quod
1615 2426 1716 2481 mi-

154 2504 239 2542 nus
271 2490 392 2545 bene
423 2503 566 2561 putat
590 2493 898 2550 Heumann.

215 2577 466 2655 Expectata
509 2601 607 2638 non
651 2594 780 2638 erat.
827 2583 884 2637 Id
914 2593 1017 2650 est,
1073 2600 1179 2640 non
1211 2588 1616 2655 expectabatur.
1653 2589 1711 2644 ln

152 2665 241 2704 ms.
274 2654 443 2720 legitur
471 2665 716 2722 spectata.

213 2722 366 2778 Senex
389 2725 752 2780 Maximianus.
781 2726 1001 2781 Scilicet
1021 2726 1376 2782 Maximianus
1408 2729 1710 2785 llerculius.

218 2791 325 2848 Non
353 2798 470 2850 adeo
512 2798 751 2851 clemens.
791 2798 862 2850 Dc
898 2799 1194 2866 asperitate
1223 2809 1276 2853 et
1305 2800 1508 2854 smvitia
1540 2802 1709 2856 Maxi-

154 2863 294 2937 miani
326 2867 547 2921 Herculii
594 2870 714 2922 vide
746 2863 1057 2937 Eutropium
1092 2871 1242 2923 libris
1273 2887 1320 2924 ix
1351 2880 1405 2926 ct
1438 2887 1492 2925 χ.

212 2936 532 3010 Qamtantius.
566 2939 804 2994 Prmerat
855 2936 1040 2994 Galliis
1069 2951 1123 2995 et
1153 2941 1355 3010 Magnae
1389 2941 1702 2998 Britanniae.

213 3005 488 3063 Dissentire.
523 3010 620 3064 Ms.
658 3011 813 3066 habet
845 3011 1111 3065 deseruire.

220 3077 470 3158 illajorum.
502 3081 556 3136 ld
587 3093 689 3149 est,
723 3085 1119 3152 Augustorum,
1151 3081 1242 3153 qui
1272 3083 1574 3140 thsarihus
1615 3100 1708 3140 su-

148 3162 366 3216 pertores
392 3165 560 3208 erant.

212 3219 476 3294 (feriatas...
507 3225 644 3277 dirui
667 3241 848 3291 passus
877 3235 970 3278 est.
995 3225 1179 3294 Itaque
1203 3225 1471 3280 Ecclesias
1499 3229 1549 3280 in
1577 3245 1711 3282 non-

150 3290 293 3367 nullis
319 3293 596 3367 Galliarum
651 3290 781 3350 locis
823 3296 961 3349 dirui
1012 3290 1198 3363 pa§sus
1245 3308 1346 3357 est.
1383 3299 1526 3352 nullo
1551 3299 1712 3367 jussit

145 3363 320 3417 edicto.
349 3366 532 3437 Sicque
559 3367 820 3422 Eusebius
868 3367 1147 3422 Lactantio
1201 3383 1306 3422 non
1351 3363 1708 3437 Contradicit,

147 3441 197 3484 ut
221 3436 519 3507 existimavit
550 3439 816 3492 Bullinus.
855 3438 984 3493 Vide
1010 3438 1129 3491 Not.
1161 3438 1419 3507 ejusdem.

221 3501 386 3559 Verum
407 3519 572 3562 autrm
597 3508 689 3562 Dei
711 3511 971 3577 templum.
1004 3509 1057 3563 Id
1085 3501 1490 3576 esu-hominem
1537 3511 1711 3567 chris-

144 3574 348 3651 tianum.
378 3579 504 3634 Vide
525 3574 880 3642 Lactantiuin,
901 3581 1013 3633 Div.
1050 3574 1282 3635 lnstitul.
1311 3582 1404 3637 lib.
1435 3598 1486 3646 ν,
1510 3597 1628 3651 cap.
1654 3585 1708 3650 8,

141 3655 191 3698 et
217 3647 299 3702 lib.
325 3665 389 3714 vr,
419 3665 536 3720 cap.
566 3652 639 3705 23
664 3669 678 3705 :
709 3651 900 3706 Secum
927 3652 1141 3719 denique
1183 3652 1363 3706 habeat
1393 3653 1554 3706 Deum
1578 3647 1712 3708 sem;

140 3734 223 3782 per
257 3720 305 3772 in
330 3721 469 3776 corde
504 3740 598 3777 suo
644 3731 1026 3790 consecratum,
1055 3724 1295 3791 quoniam
1332 3724 1441 3794 ipse
1484 3735 1555 3779 est
1611 3725 1710 3780 DEI

141 3801 387 3846 TEIPLUI.

209 3859 438 3932 gnioersa
468 3874 625 3918 terra.
660 3863 716 3918 ld
745 3873 850 3928 est,
885 3865 1183 3919 Romanum
1216 3864 1526 3932 Imperium.

204 3929 317 3986 Tres
338 3936 668 3989 acerbissima:
691 3937 864 3989 bestia:
897 3935 1190 3990 swvirbant.
1217 3929 1455 4006 [ta—apud
1483 3938 1712 3994 Lactan-

140 4000 256 4076 tium
280 4005 409 4070 Div.,
430 4006 664 4062 lnstitul.
693 4008 790 4062 lib.
823 4023 900 4068 vr,
932 4022 1050 4076 cap.
1081 4007 1137 4071 6,
1158 4000 1545 4062 Dominationes
1567 4027 1710 4064 acer-

136 4071 310 4148 lne;et
334 4078 418 4132 lib.
451 4093 545 4142 vn,
571 4093 692 4148 cap.
725 4078 783 4140 9,
817 4079 986 4131 acerbi
1000 4071 1208 4133 census.
1241 4079 1361 4134 Ista:
1391 4090 1569 4134 autem
1609 4092 1711 4136 tres

134 4147 444 4218 acerbissima!
486 4149 658 4202 bestia:
692 4159 849 4204 erant
895 4150 1276 4213 Diocletianus,
1324 4150 1705 4218 Maximianus,

136 4212 426 4285 llercnlius,
482 4231 538 4274 et
589 4220 836 4276 Galerius
894 4212 1270 4274 Maximianus.
1326 4212 1706 4278 Constantium

133 4287 261 4342 enim
290 4289 469 4346 Galliis
512 4293 869 4360 imperantem
917 4306 1023 4346 non
1057 4294 1206 4360 ponit
1234 4293 1287 4346 in
1329 4308 1555 4347 numero
1587 4307 1708 4360 pcr-

133 4369 432 4428 s_ecutorunt.
467 4362 775 4418 Lactantius
819 4363 916 4417 lib.
952 4377 982 4414 ν
1005 4403 1020 4428 ,
1059 4377 1109 4416 c.
1141 4363 1216 4416 2:
1248 4361 1360 4417 Nec
1399 4364 1648 4418 immerito
1677 4381 1710 4418 (ι

134 4426 381 4500 Prophetis
395 4449 595 4489 assam:
611 4435 959 4488 nominantur.
970 4426 1012 4488 ,ζ
1035 4434 1574 4504 Aspernanturitaque
1591 4452 1706 4489 cor-

130 4516 241 4575 pora
260 4503 555 4568 belluarum,
571 4507 755 4575 quibus
769 4514 886 4559 sunt
909 4505 1003 4574 ipsi
1025 4519 1318 4560 sermones.
1347 4503 1558 4561 Nam...
1583 4522 1699 4572 qua:

132 4569 371 4642 Hyrcania
394 4569 787 4648 tumim'munes,
811 4569 937 4628 tam'
954 4579 1315 4646 sanguinarias
1337 4593 1563 4648 unquam
1585 4569 1707 4632 aes-

131 4656 235 4697 rus
255 4648 458 4701 aluit?..
493 4646 602 4702 Illa
629 4657 702 4701 est
743 4663 862 4701 vera
903 4661 1123 4707 ausus.
1147 4650 1298 4716 cujus
1338 4646 1442 4702 una
1476 4650 1707 4714 jussione

133 4716 346 4780 funditur
374 4730 482 4772 ater
524 4720 708 4790 ubique
748 4733 924 4782 cruor,
967 4729 1072 4772 etc.
1107 4718 1244 4774 Vide
1273 4734 1435 4789 supra
1463 4718 1587 4775 Νοι.
1637 4719 1705 4774 ad

132 4798 274 4855 caput
300 4792 351 4845 9.

195 4858 325 4913 .Von.
375 4860 559 4928 Virgil.
594 4878 670 4923 vt,
697 4859 944 4924 £neid.,
969 4874 1019 4912 v.
1054 4859 1183 4914 625.

195 4927 403 5003 Possim.
433 4933 523 4988 Sic
563 4934 774 4988 restitui
801 4948 866 4986 ex
899 4945 1000 5003 ms.
1033 4929 1368 4996 Cnlbertino,
1399 4938 1454 4986 et
1477 4930 1557 4988 sic
1585 4931 1704 5003 lego

134 5011 238 5074 cum
269 5001 502 5073 Virgilio,
532 5016 586 5074 et
615 5003 835 5074 quidem
862 5002 1139 5074 eleganter
1180 5017 1276 5071 pro
1305 5018 1524 5074 possem,
1557 5001 1703 5072 quod

139 5066 291 5142 lerunt
320 5066 506 5130 omnes
534 5066 797 5131 Lactantii
826 5066 1124 5132 editiones:
1151 5066 1382 5140 exempli
1405 5066 1599 5142 gratia,
1621 5075 1704 5129 hic

137 5141 172 5192 si
207 5147 284 5216 sis,
313 5144 456 5200 aliter
477 5150 687 5211 sentias,
721 5162 818 5216 pro
847 5147 928 5198 hic
968 5145 1012 5199 si
1050 5161 1206 5216 esses,
1248 5141 1664 5216 aliter’sentires.

199 5213 345 5280 Quos.
391 5217 486 5272 Ms.
513 5233 650 5288 quce,
679 5213 850 5278 male;
903 5231 1078 5288 neque
1118 5215 1262 5270 enim
1293 5213 1493 5288 referri
1529 5225 1708 5288 potest

142 5283 195 5334 ad
221 5289 424 5343 nomina.
458 5283 770 5360 Legendum
803 5283 1045 5358 prolecio
1072 5303 1223 5356 quas,
1250 5283 1540 5341 referendo
1560 5287 1625 5340 ad
1647 5288 1707 5344 τό

144 5368 371 5412 partarum
380 5403 391 5415 .

210 5424 390 5485 Donate.
436 5432 674 5486 Donatus
723 5429 817 5484 ille
855 5436 941 5484 est
966 5428 1232 5484 Lactantii
1261 5427 1432 5482 nostri
1477 5430 1702 5496 amicus,

142 5492 330 5578 illustris
352 5503 564 5578 Christi
601 5501 946 5578 conlessor,_
970 5500 1062 5570 qui
1085 5500 1193 5578 sub
1223 5499 1394 5554 tribus
1421 5492 1706 5578 Judicibus

143 5568 298 5640 novies
324 5582 504 5640 tortus,
533 5575 599 5632 de
628 5573 853 5630 diabolo
884 5568 1218 5640 triumphans
1248 5588 1277 5625 e
1307 5585 1528 5626 carcere
1557 5569 1696 5626 liber

143 5636 357 5700 dimimus
390 5656 486 5701 est.

206 5708 472 5789 l'Ilaccinum
491 5723 838 5789 ρναῖῖειῖιιιιηζ
854 5714 1070 5789 Scilicet
1091 5713 1378 5784 Bithynia}.

205 5781 472 5865 literocleiit.
491 5781 620 5846 ὐιιιὶ
628 5808 700 5860 yn
711 5797 778 5865 in:
811 5787 1102 5865 Prtcsidctn
1113 5827 1142 5865 ,Δ
1221 5781 1232 5784 ⁷
1518 5856 1527 5865 .

201 5852 360 5914 Auctor
396 5852 790 5921 etconsili'arius
845 5860 913 5912 ad
940 5858 1230 5929 faciendam
1280 5856 1699 5927 persecutionem.

1731 4540 1786 4600 D

1827 2432 2233 2513 Persecutionem
2261 2442 2443 2513 facere,
2478 2439 2689 2513 phrasis
2719 2440 2819 2496 fuit
2845 2441 3054 2498 illorum
3083 2452 3407 2513 temporum.

1819 2505 2130 2582 Lactantius
2160 2505 2316 2565 Iib.iv
2346 2505 2690 2578 Div.'lttstit.,
2719 2528 2840 2582 cap.
2889 2516 2974 2566 ll.
3005 2514 3150 2570 Alius
3181 2505 3412 2571 eamdem

1820 2579 2082 2653 materiam
2136 2583 2424 2636 mordacius
2453 2585 2684 2653 scripsit,
2717 2579 2802 2652 qui
2841 2594 2948 2638 erat
2991 2596 3098 2637 tum
3139 2603 3166 2638 e
3198 2603 3412 2641 numero

1807 2649 2089 2719 judicium,
2114 2662 2160 2706 et
2180 2668 2265 2717 om
2293 2668 2506 2708 aucron
2544 2649 2598 2707 in
2643 2649 2821 2724 primis
2849 2670 3122 2710 notemus:
3150 2673 3415 2714 PERSECU-

1818 2735 1993 2775 1'10le
2019 2738 2160 2776 FUIT.

1893 2790 2302 2848 Priscillianum.
2332 2795 2599 2852 Bithvuiac

2653 2796 2936 2866 praesidem
2987 2813 3055 2853 ex
3102 2800 3410 2872 menologio

1815 2860 2057 2921 Grarcor.
2082 2865 2148 2919 ad
2171 2865 2313 2921 diem
2352 2868 2414 2922 l2
2439 2860 2608 2922 Iunii.
2655 2860 2668 2866 ’
3116 2888 3122 2896 ν

1885 2933 2162 3008 zabulum.
2193 2937 2249 2992 ld
2276 2949 2378 3003 est,
2408 2940 2684 2992 diabolum.
2715 2937 2858 2992 Nihil
2896 2939 3164 3008 vulgatius
3191 2942 3243 2997 in
3269 2945 3412 2999 anti-

1814 3007 1935 3079 quis
1958 3005 2108 3079 libris
2127 3024 2268 3079 mss.
2301 3026 2458 3078 quam
2487 3025 2585 3063 vox
2615 3009 2806 3074 sabuli,
2837 3010 2915 3065 vel
2945 3005 3129 3077 zdboli,
3165 3027 3262 3079 pro
3286 3015 3409 3069 dia-

1816 3076 2220 3150 boli;sabolici,
2253 3076 2350 3150 pro
2376 3081 2634 3134 diabolici.
2668 3079 2744 3134 lta
2777 3083 2974 3149 passim
3003 3076 3142 3148 apud
3167 3076 3270 3140 'SS.
3310 3086 3414 3142 l’a-

1735 3149 1782 3212 C
1818 3155 1945 3218 tres.
1977 3149 2107 3203 Vide
2133 3149 2318 3205 Non?
2343 3152 2408 3206 ad
2443 3169 2633 3205 novam
2674 3153 2907 3218 Operum
2949 3153 3007 3210 S.
3049 3154 3256 3211 Paulini
3305 3156 3413 3213 No-

1815 3217 1921 3271 lani
1952 3219 2001 3272 J.
2030 3221 2090 3275 B.
2120 3223 2166 3276 le
2204 3223 2344 3276 Brun
2369 3224 2681 3288 editionem,
2713 3217 2884 3279 Paris.
2908 3240 2995 3280 an.
3029 3225 3189 3280 l685.

1887 3289 2133 3345 Seculum
2151 3310 2266 3347 cum
2287 3295 2677 3349 suisterroribus
2699 3296 3046 3365 triumphasti.
3069 3296 3414 3366 Triumphare

1814 3374 1934 3432 cum
1963 3374 2155 3431 quarto
2186 3381 2310 3418 casu
2343 3366 2501 3420 etiam
2534 3367 2879 3421 Luctantiana
2909 3368 3072 3422 dictio
3097 3381 3209 3432 est;
3241 3371 3332 3423 lib.
3357 3386 3415 3425 tv

1817 3431 1988 3485 lnstit.
2020 3452 2031 3486 :
2068 3432 2281 3508 dianam
2309 3454 2427 3491 cum
2453 3440 2558 3491 suis
2581 3437 2858 3491 terroribus
2905 3431 3278 3508 triumpharet;
3320 3442 3412 3496 lib.

1813 3517 1884 3578 vi,
1918 3519 2036 3578 cap.
2069 3505 2167 3578 25:
2191 3506 2292 3561 Hic
2320 3518 2508 3562 terram
2537 3510 2900 3576 triumphabit;
2933 3505 3190 3578 Epitbtn.,
3215 3528 3263 3566 c.
3297 3515 3366 3567 46
3395 3529 3410 3568 :

1813 3576 2144 3640 triumphubit
2171 3580 2437 3648 captivos;
2478 3580 2605 3634 ibid.
2625 3622 2637 3642 ,
2672 3594 2722 3633 c.
2756 3581 2815 3632 5i
2859 3598 2870 3632 :
2899 3576 3028 3633 Cum
3057 3582 3258 3635 uideant
3291 3583 3413 3638 deos

1811 3661 1932 3698 suos
1960 3664 2049 3721 per
2099 3649 2314 3721 Qrucem
2340 3651 2401 3703 ab
2452 3651 2736 3703 hominibus
2789 3652 3129 3721 triumphari;
3173 3655 3411 3721 tandem,

1812 3729 1929 3784 cap.
1959 3718 2028 3772 66
2063 3737 2075 3772 :
2104 3718 2438 3787 Triumphato
2469 3722 2672 3774 sarcula.

1887 3788 2054 3864 Quam
2087 3791 2376 3864 jocundum
2417 3791 2935 3864 illudnspectuculum
2987 3791 3096 3845 Deo
3139 3793 3258 3864 fuit.
3307 3792 3412 3864 Cy-

1814 3859 2053 3932 prianus,
2075 3859 2162 3932 ep.
2192 3866 2223 3916 9
2245 3880 2256 3915 :
2285 3863 2330 3916 0
2354 3864 2504 3932 quale
2528 3862 2659 3915 illud
2683 3863 2776 3932 fuit
2802 3859 3414 3931 spectaculuniDomino!

1887 3929 2218 3997 Elephantos.
2261 3929 2392 3988 Nam
2445 3945 2499 3988 et
2525 3929 2839 4001 elephantos
2869 3933 2934 3986 ad
2967 3950 3182 3988 currum
3209 3936 3412 4002 junxe-

1812 4011 1939 4076 runt
1962 4003 2188 4073 antiqui,
2221 4015 2277 4059 ut
2313 4016 2459 4076 patet
2486 4021 2554 4060 ex
2583 4005 2888 4070 Lampridio
2918 4005 2971 4059 in
3006 4005 3122 4060 Vita
3152 4005 3411 4062 Antonini

1814 4071 2164 4143 Heliogabali,
2196 4087 2250 4131 et
2276 4071 2338 4132 ei:
2370 4078 2489 4132 aliis
2517 4077 2670 4130 locis.
2703 4077 2905 4130 Auctor
2945 4087 3030 4132 est
3059 4077 3275 4132 Flavius
3311 4079 3414 4133 Vo.

1814 4144 1992 4218 piscus
2039 4146 2093 4200 in
2127 4148 2422 4217 triumpho,
2454 4165 2612 4218 quem
2663 4149 2983 4202 Aurelianus
3013 4150 3121 4218 egit
3144 4149 3211 4204 de
3241 4149 3416 4204 Zeno-

1812 4214 1897 4288 bia
1927 4227 1982 4271 et
2011 4218 2243 4278 'l‘etrico.
2275 4214 2592 4287 elephantos
2631 4219 2821 4288 viginti
2879 4214 3242 4288 praecessisse.
3282 4220 3414 4277 Vide

1813 4285 2170 4355 Bulengerunt
2205 4292 2257 4344 in
2292 4285 2425 4345 libro
2445 4291 2514 4346 de
2545 4285 3029 4358 Triutiiphis,'cap.
3062 4290 3156 4344 21.

1885 4359 2277 4434 subjugnntem.
2317 4402 2329 4414 .
2367 4402 2378 4414 .
2411 4363 2670 4434 subjugatt
2702 4375 2848 4434 sunt.
2911 4362 3034 4416 llaec
3082 4363 3243 4434 verba
3290 4379 3414 4434 qua:

1812 4432 2182 4485 eruditissimo
2226 4433 2342 4486 Nic.
2409 4431 2630 4488 Heinsio
2683 4432 3002 4500 displicent.
3063 4431 3412 4490 nihilominus

1815 4500 2156 4557 Lactantiana
2188 4513 2351 4569 sunt;
2401 4507 2478 4557 sic
2516 4508 2657 4558 enim
2691 4504 2812 4555 Div.
2844 4504 3014 4556 lnstit.
3069 4503 3161 4555 lib.
3195 4519 3266 4557 vn
3293 4505 3408 4558 ait:

1813 4571 2002 4626 Falsus
2056 4573 2212 4642 igitur
2243 4576 2556 4644 Aristippus,
2596 4575 2682 4643 qui
2707 4573 2962 4626 hominem
3009 4573 3280 4642 voluptati,
3312 4576 3410 4629 hoc

1810 4645 2072 4715 est_malo,
2101 4655 2346 4713 tanquam
2373 4647 2616 4715 pecudem
2645 4660 2988 4699 SUBJUGAVIT.

1881 4712 2007 4768 Cum
2031 4712 2382 4770 dominatores
2407 4718 2718 4770 dominatur.
2757 4716 2854 4768 llic
2883 4715 3142 4766 dominari
3173 4725 3257 4770 est
3287 4731 3411 4779 pas-

1807 4785 1920 4857 siva
1951 4787 2362 4856 signiﬁcatione,
2393 4797 2448 4841 ut
2476 4787 2614 4857 apud
2643 4786 2960 4840 Ciceronem
2989 4787 3040 4839 in
3073 4785 3210 4839 libro
3234 4802 3250 4840 ι
3271 4786 3410 4841 Olli-

1809 4856 2013 4912 ciorum
2047 4859 2124 4910 :(l
2151 4858 2335 4913 domus
2359 4856 2592 4928 antiqua,
2617 4860 2714 4911 heu
2736 4873 2892 4927 quam
2913 4858 3121 4926 dispare
3144 4857 3414 4916 dominare

1810 4928 2054 4983 donuno!

1885 5000 2131 5068 Nefanda
2153 5002 2398 5070 iussione.
2425 4997 2513 5055 Sic
2537 4999 2844 5054 Lactantius
2869 4998 2988 5054 Div.
3013 4997 3187 5054 lnstit.
3213 5001 3308 5056 lib.
3333 5019 3411 5070 tv,

1808 5087 1930 5139 cap.
1957 5072 2024 5126 15
2049 5092 2061 5127 :
2101 5071 2261 5126 Verbo
2281 5090 2340 5126 ac
2360 5086 2607 5127 sussm-va
2635 5071 2852 5140 faciebat
2874 5081 2929 5125 et
2953 5072 3044 5126 lih.
3074 5087 3129 5136 v,
3158 5087 3277 5139 cap.
3306 5076 3409 5132 l5:

1811 5143 1934 5197 Non
1977 5147 2270 5214 tyrannicas
2295 5158 2604 5205 sussrortt-zs;
2637 5152 2690 5196 et
2719 5141 2984 5210 ejusdem,
3015 5159 3133 5212 cap.
3172 5145 3232 5199 11
3267 5162 3280 5200 :
3309 5145 3413 5201 Illa

1805 5225 1881 5268 est
1903 5231 2019 5269 vera
2040 5217 2216 5281 bestia,
2242 5217 2390 5285 cujus
2412 5232 2516 5268 una
2548 5228 2789 5268 JUSSIONE
2831 5214 3068 5281 funditur
3090 5225 3197 5268 ater
3223 5218 3410 5285 ubique

1807 5302 1978 5340 cruor.
2009 5287 2076 5341 Et
2106 5287 2264 5354 paulo
2283 5297 2421 5356 post,
2445 5302 2571 5354 quos
2594 5287 2852 5338 ministros
2877 5288 3066 5354 furoris
3085 5287 3261 5350 aheni,
3282 5305 3412 5356 quos

1807 5357 2047 5411 satellites
2069 5359 2242 5426 impia:
2276 5371 2530 5415 JUSSIONIS
2553 5357 2822 5411 necessitas
2863 5366 2952 5409 aut
2989 5359 3195 5420 invenit,
3220 5369 3307 5412 aut
3329 5361 3410 5427 [e-

1809 5429 1899 5481 cit.
1923 5427 2183 5482 Jussiouis
2205 5445 2328 5494 vox,
2349 5432 2500 5500 juxta
2539 5428 2822 5497 Cangium,
2857 5429 3276 5497 praeceptionem
3304 5445 3410 5484 no-

1809 5509 1882 5554 tat
1881 5501 2141 5580 "manune
2171 5501 2452 5580 Principis.
2824 5568 2882 5580 Π
2924 5569 2935 5580 _
3061 5568 3093 5580 __

1880 5570 2190 5624 Terriculas.
2247 5573 2299 5624 Id
2353 5568 2457 5636 est,
2515 5579 2773 5626 terrores.
2823 5568 3004 5623 Livius
3061 5568 3153 5622 lib.
3215 5585 3404 5636 xsxtv,

1807 5657 1924 5710 cap.
1961 5643 2019 5696 l-l
2047 5659 2059 5694 :
2085 5640 2260 5697 Nullis
2281 5645 2452 5708 minis,
2496 5641 2656 5696 nullis
2698 5641 2950 5695 terriculis
2984 5655 3053 5710 se,
3087 5646 3268 5692 motos.
3324 5642 3404 5697 De

1811 5709 1908 5766 hac
1931 5729 2060 5768 voce
2089 5713 2172 5766 adi
2201 5713 2454 5768 Nonium.
3017 5709 3254 5762 Cowua.

1881 5783 2030 5862 Nihil
2053 5788 2273 5853 ungulae.
2311 5784 2552 5862 Ungulte,
2575 5799 2751 5862 genus.
2775 5779 3041 5862 quoddam
3068 5777 3256 5862 ferrea:
3288 5778 3403 5862 for-

1809 5855 1966 5926 cipis,
1999 5849 2140 5912 inter
2182 5849 2444 5914 tormenta
2494 5849 2620 5914 olim
2670 5851 2940 5907 adhibitte.
2973 5849 3224 5906 Formam
3279 5851 3404 5909 vide
