  <div class='ocr_page' id='page_1' title='image "/cluster/home/n/w/nwhite01/storage/ocr_20150623/7/uva.x000669785/117.png"; bbox 0 0 3800 6250; ppageno 0'>
   <div class='ocr_carea' id='block_1_1' title="bbox 397 274 504 332">
    <p class='ocr_par' dir='ltr' id='par_1_1' title="bbox 397 274 504 332">
     <span class='ocr_line' id='line_1_1' title="bbox 397 274 504 332; baseline 0.028 -3"><span class='ocrx_word' id='word_1_1' title='bbox 397 274 504 332; x_wconf 76' lang='grc'><strong>219</strong></span> 
     </span>
    </p>
   </div>
   <div class='ocr_carea' id='block_1_2' title="bbox 1779 257 2000 351">
    <p class='ocr_par' dir='ltr' id='par_1_2' title="bbox 1779 275 1968 334">
     <span class='ocr_line' id='line_1_2' title="bbox 1779 275 1968 334; baseline 0.005 -1"><span class='ocrx_word' id='word_1_2' title='bbox 1779 275 1968 334; x_wconf 80' lang='lat' dir='ltr'><strong>FIRMI</strong></span> 
     </span>
    </p>
   </div>
   <div class='ocr_carea' id='block_1_3' title="bbox 2120 257 3759 351">
    <p class='ocr_par' dir='ltr' id='par_1_3' title="bbox 2120 257 3759 351">
     <span class='ocr_line' id='line_1_3' title="bbox 2120 257 3759 351; baseline 0.008 -15"><span class='ocrx_word' id='word_1_3' title='bbox 2120 278 2374 338; x_wconf 73' lang='lat' dir='ltr'><strong>mura</strong></span> <span class='ocrx_word' id='word_1_4' title='bbox 2785 315 2791 322; x_wconf 90' lang='grc'><strong><em>-</em></strong></span> <span class='ocrx_word' id='word_1_5' title='bbox 3601 290 3683 351; x_wconf 74' lang='lat' dir='ltr'><strong>uo</strong></span> <span class='ocrx_word' id='word_1_6' title='bbox 3758 257 3759 264; x_wconf 10' lang='grc' dir='ltr'><strong><em>Ν</em></strong></span> 
     </span>
    </p>
   </div>
   <div class='ocr_carea' id='block_1_4' title="bbox 395 387 3677 474">
    <p class='ocr_par' dir='ltr' id='par_1_4' title="bbox 395 387 3677 474">
     <span class='ocr_line' id='line_1_4' title="bbox 395 387 3677 474; baseline 0.004 -29"><span class='ocrx_word' id='word_1_7' title='bbox 395 388 530 445; x_wconf 84' lang='lat' dir='ltr'><strong>nihil</strong></span> <span class='ocrx_word' id='word_1_8' title='bbox 560 387 785 457; x_wconf 79' lang='lat' dir='ltr'><strong>ferrum,</strong></span> <span class='ocrx_word' id='word_1_9' title='bbox 817 389 949 448; x_wconf 86' lang='lat' dir='ltr'><strong>nihil</strong></span> <span class='ocrx_word' id='word_1_10' title='bbox 981 390 1125 446; x_wconf 85' lang='lat' dir='ltr'><strong>varia</strong></span> <span class='ocrx_word' id='word_1_11' title='bbox 1156 396 1547 447; x_wconf 72' lang='lat' dir='ltr'><strong>tormentorum</strong></span> <span class='ocrx_word' id='word_1_12' title='bbox 1579 403 1776 460; x_wconf 81' lang='lat' dir='ltr'><strong>genera</strong></span> <span class='ocrx_word' id='word_1_13' title='bbox 1806 390 1994 446; x_wconf 90' lang='lat' dir='ltr'><strong>value-</strong></span> <span class='ocrx_word' id='word_1_14' title='bbox 2023 395 2246 474; x_wconf 67' lang='lat' dir='ltr'><strong>Arnum</strong></span> <span class='ocrx_word' id='word_1_15' title='bbox 2277 394 2593 452; x_wconf 73' lang='lat' dir='ltr'><strong>vehebatur.</strong></span> <span class='ocrx_word' id='word_1_16' title='bbox 2626 395 2716 454; x_wconf 87' lang='lat' dir='ltr'><strong>Sic</strong></span> <span class='ocrx_word' id='word_1_17' title='bbox 2748 405 2935 455; x_wconf 79' lang='lat' dir='ltr'><strong>testate</strong></span> <span class='ocrx_word' id='word_1_18' title='bbox 2961 407 3250 467; x_wconf 81' lang='lat' dir='ltr'><strong>transacta,</strong></span> <span class='ocrx_word' id='word_1_19' title='bbox 3286 415 3391 474; x_wconf 88' lang='lat' dir='ltr'><strong>per</strong></span> <span class='ocrx_word' id='word_1_20' title='bbox 3422 401 3677 463; x_wconf 82' lang='lat' dir='ltr'><strong>circuitum</strong></span> 
     </span>
    </p>
   </div>
   <div class='ocr_carea' id='block_1_5' title="bbox 397 482 2004 554">
    <p class='ocr_par' dir='ltr' id='par_1_5' title="bbox 397 482 2004 554">
     <span class='ocr_line' id='line_1_5' title="bbox 397 482 2004 554; baseline -0.002 -13"><span class='ocrx_word' id='word_1_21' title='bbox 397 496 548 541; x_wconf 91' lang='lat' dir='ltr'><strong>runt.</strong></span> <span class='ocrx_word' id='word_1_22' title='bbox 572 485 826 542; x_wconf 78' lang='lat' dir='ltr'><strong>Adimere</strong></span> <span class='ocrx_word' id='word_1_23' title='bbox 854 483 950 540; x_wconf 90' lang='lat' dir='ltr'><strong>tibi</strong></span> <span class='ocrx_word' id='word_1_24' title='bbox 982 483 1140 539; x_wconf 84' lang='lat' dir='ltr'><strong>tidem</strong></span> <span class='ocrx_word' id='word_1_25' title='bbox 1171 498 1234 538; x_wconf 88' lang='lat' dir='ltr'><strong>ac</strong></span> <span class='ocrx_word' id='word_1_26' title='bbox 1263 483 1601 539; x_wconf 90' lang='lat' dir='ltr'><strong>devotionem</strong></span> <span class='ocrx_word' id='word_1_27' title='bbox 1633 482 1779 537; x_wconf 89' lang='lat' dir='ltr'><strong>nulla</strong></span> <span class='ocrx_word' id='word_1_28' title='bbox 1802 484 1881 538; x_wconf 87' lang='lat' dir='ltr'><strong>vis</strong></span> <span class='ocrx_word' id='word_1_29' title='bbox 1910 497 2004 554; x_wconf 91' lang='lat' dir='ltr'><strong>po-</strong></span> 
     </span>
    </p>
   </div>
   <div class='ocr_carea' id='block_1_6' title="bbox 398 575 2000 647">
    <p class='ocr_par' dir='ltr' id='par_1_6' title="bbox 398 575 2000 647">
     <span class='ocr_line' id='line_1_6' title="bbox 398 575 2000 647; baseline -0.001 -14"><span class='ocrx_word' id='word_1_30' title='bbox 398 580 520 634; x_wconf 91' lang='lat' dir='ltr'><strong>tuit.</strong></span> <span class='ocrx_word' id='word_1_31' title='bbox 555 579 671 635; x_wconf 80' lang='lat' dir='ltr'><strong>Hoc</strong></span> <span class='ocrx_word' id='word_1_32' title='bbox 701 590 783 634; x_wconf 90' lang='lat' dir='ltr'><strong>est</strong></span> <span class='ocrx_word' id='word_1_33' title='bbox 834 593 954 632; x_wconf 89' lang='lat' dir='ltr'><strong>esse</strong></span> <span class='ocrx_word' id='word_1_34' title='bbox 1008 577 1327 647; x_wconf 80' lang='lat' dir='ltr'><strong>discipulum</strong></span> <span class='ocrx_word' id='word_1_35' title='bbox 1361 576 1455 632; x_wconf 85' lang='lat' dir='ltr'><strong>Dei</strong></span> <span class='ocrx_word' id='word_1_36' title='bbox 1483 597 1496 630; x_wconf 82' lang='lat'><strong>;</strong></span> <span class='ocrx_word' id='word_1_37' title='bbox 1521 575 1624 631; x_wconf 84' lang='lat' dir='ltr'><strong>hoc</strong></span> <span class='ocrx_word' id='word_1_38' title='bbox 1665 585 1749 633; x_wconf 90' lang='lat' dir='ltr'><strong>est</strong></span> <span class='ocrx_word' id='word_1_39' title='bbox 1777 576 2000 633; x_wconf 75' lang='lat' dir='ltr'><strong>militem</strong></span> 
     </span>
    </p>
   </div>
   <div class='ocr_carea' id='block_1_7' title="bbox 395 670 1998 743">
    <p class='ocr_par' dir='ltr' id='par_1_7' title="bbox 395 670 1998 743">
     <span class='ocr_line' id='line_1_7' title="bbox 395 670 1998 743; baseline -0.001 -15"><span class='ocrx_word' id='word_1_40' title='bbox 395 672 616 740; x_wconf 88' lang='lat' dir='ltr'><strong>Christi,</strong></span> <span class='ocrx_word' id='word_1_41' title='bbox 649 688 805 743; x_wconf 84' lang='lat' dir='ltr'><strong>quem</strong></span> <span class='ocrx_word' id='word_1_42' title='bbox 839 671 1014 726; x_wconf 85' lang='lat' dir='ltr'><strong>nullus</strong></span> <span class='ocrx_word' id='word_1_43' title='bbox 1057 673 1230 725; x_wconf 81' lang='lat' dir='ltr'><strong>hostis</strong></span> <span class='ocrx_word' id='word_1_44' title='bbox 1283 679 1575 741; x_wconf 82' lang='lat' dir='ltr'><strong>expugnet,</strong></span> <span class='ocrx_word' id='word_1_45' title='bbox 1625 670 1807 726; x_wconf 85' lang='lat' dir='ltr'><strong>nullus</strong></span> <span class='ocrx_word' id='word_1_46' title='bbox 1840 671 1998 742; x_wconf 90' lang='lat' dir='ltr'><strong>lupus</strong></span> 
     </span>
    </p>
   </div>
   <div class='ocr_carea' id='block_1_8' title="bbox 397 764 1999 835">
    <p class='ocr_par' dir='ltr' id='par_1_8' title="bbox 397 764 1999 835">
     <span class='ocr_line' id='line_1_8' title="bbox 397 764 1999 835; baseline -0.001 -15"><span class='ocrx_word' id='word_1_47' title='bbox 397 765 467 821; x_wconf 90' lang='lat' dir='ltr'><strong>de</strong></span> <span class='ocrx_word' id='word_1_48' title='bbox 500 767 694 821; x_wconf 76' lang='lat' dir='ltr'><strong>castris</strong></span> <span class='ocrx_word' id='word_1_49' title='bbox 720 765 1030 821; x_wconf 76' lang='lat' dir='ltr'><strong>etelestibus</strong></span> <span class='ocrx_word' id='word_1_50' title='bbox 1063 765 1256 835; x_wconf 83' lang='lat' dir='ltr'><strong>rapiat,</strong></span> <span class='ocrx_word' id='word_1_51' title='bbox 1287 765 1466 819; x_wconf 89' lang='lat' dir='ltr'><strong>nnllus</strong></span> <span class='ocrx_word' id='word_1_52' title='bbox 1506 764 1730 835; x_wconf 81' lang='lat' dir='ltr'><strong>laqueus</strong></span> <span class='ocrx_word' id='word_1_53' title='bbox 1760 764 1999 834; x_wconf 79' lang='lat' dir='ltr'><strong>inducat,</strong></span> 
     </span>
    </p>
   </div>
   <div class='ocr_carea' id='block_1_9' title="bbox 400 854 2001 928">
    <p class='ocr_par' dir='ltr' id='par_1_9' title="bbox 400 854 2001 928">
     <span class='ocr_line' id='line_1_9' title="bbox 400 854 2001 928; baseline -0.001 -17"><span class='ocrx_word' id='word_1_54' title='bbox 400 857 580 912; x_wconf 88' lang='lat' dir='ltr'><strong>nullus</strong></span> <span class='ocrx_word' id='word_1_55' title='bbox 626 856 785 911; x_wconf 87' lang='lat' dir='ltr'><strong>dolor</strong></span> <span class='ocrx_word' id='word_1_56' title='bbox 815 857 1018 921; x_wconf 84' lang='lat' dir='ltr'><strong>vincat,</strong></span> <span class='ocrx_word' id='word_1_57' title='bbox 1069 857 1246 912; x_wconf 85' lang='lat' dir='ltr'><strong>nullus</strong></span> <span class='ocrx_word' id='word_1_58' title='bbox 1271 857 1542 911; x_wconf 83' lang='lat' dir='ltr'><strong>cruciatus</strong></span> <span class='ocrx_word' id='word_1_59' title='bbox 1579 854 1803 928; x_wconf 74' lang='lat' dir='ltr'><strong>affligat.</strong></span> <span class='ocrx_word' id='word_1_60' title='bbox 1836 857 2001 911; x_wconf 90' lang='lat' dir='ltr'><strong>Deni-</strong></span> 
     </span>
    </p>
   </div>
   <div class='ocr_carea' id='block_1_10' title="bbox 397 941 2002 1020">
    <p class='ocr_par' dir='ltr' id='par_1_10' title="bbox 397 941 2002 1020">
     <span class='ocr_line' id='line_1_10' title="bbox 397 941 2002 1020; baseline 0 -17"><span class='ocrx_word' id='word_1_61' title='bbox 397 961 503 1020; x_wconf 86' lang='lat' dir='ltr'><strong>que</strong></span> <span class='ocrx_word' id='word_1_62' title='bbox 535 957 655 1018; x_wconf 91' lang='lat' dir='ltr'><strong>post</strong></span> <span class='ocrx_word' id='word_1_63' title='bbox 676 948 797 1003; x_wconf 88' lang='lat' dir='ltr'><strong>illas</strong></span> <span class='ocrx_word' id='word_1_64' title='bbox 825 963 1023 1003; x_wconf 78' lang='lat' dir='ltr'><strong>novem</strong></span> <span class='ocrx_word' id='word_1_65' title='bbox 1054 941 1474 1018; x_wconf 76' lang='lat' dir='ltr'><strong>gloriosissimas</strong></span> <span class='ocrx_word' id='word_1_66' title='bbox 1497 963 1722 1018; x_wconf 83' lang='lat' dir='ltr'><strong>pugnas,</strong></span> <span class='ocrx_word' id='word_1_67' title='bbox 1750 950 1942 1018; x_wconf 83' lang='lat' dir='ltr'><strong>quibus</strong></span> <span class='ocrx_word' id='word_1_68' title='bbox 1971 963 2002 1003; x_wconf 93' lang='lat' dir='ltr'><strong>a</strong></span> 
     </span>
    </p>
   </div>
   <div class='ocr_carea' id='block_1_11' title="bbox 397 1040 2001 1110">
    <p class='ocr_par' dir='ltr' id='par_1_11' title="bbox 397 1040 2001 1110">
     <span class='ocr_line' id='line_1_11' title="bbox 397 1040 2001 1110; baseline -0.001 -13"><span class='ocrx_word' id='word_1_69' title='bbox 397 1050 450 1097; x_wconf 91' lang='lat' dir='ltr'><strong>te</strong></span> <span class='ocrx_word' id='word_1_70' title='bbox 504 1040 728 1096; x_wconf 78' lang='lat' dir='ltr'><strong>zabulus</strong></span> <span class='ocrx_word' id='word_1_71' title='bbox 777 1041 949 1097; x_wconf 73' lang='lat' dir='ltr'><strong>victus</strong></span> <span class='ocrx_word' id='word_1_72' title='bbox 979 1041 1083 1110; x_wconf 85' lang='lat' dir='ltr'><strong>est,</strong></span> <span class='ocrx_word' id='word_1_73' title='bbox 1119 1055 1222 1096; x_wconf 90' lang='lat' dir='ltr'><strong>non</strong></span> <span class='ocrx_word' id='word_1_74' title='bbox 1251 1049 1335 1095; x_wconf 90' lang='lat' dir='ltr'><strong>est</strong></span> <span class='ocrx_word' id='word_1_75' title='bbox 1386 1055 1551 1095; x_wconf 88' lang='lat' dir='ltr'><strong>ausus</strong></span> <span class='ocrx_word' id='word_1_76' title='bbox 1597 1041 1822 1096; x_wconf 90' lang='lat' dir='ltr'><strong>ulterius</strong></span> <span class='ocrx_word' id='word_1_77' title='bbox 1869 1057 2001 1096; x_wconf 85' lang='lat' dir='ltr'><strong>con-</strong></span> 
     </span>
    </p>
   </div>
   <div class='ocr_carea' id='block_1_12' title="bbox 393 1131 2003 1206">
    <p class='ocr_par' dir='ltr' id='par_1_12' title="bbox 393 1131 2003 1206">
     <span class='ocr_line' id='line_1_12' title="bbox 393 1131 2003 1206; baseline 0.001 -18"><span class='ocrx_word' id='word_1_78' title='bbox 393 1133 543 1206; x_wconf 89' lang='lat' dir='ltr'><strong>gredi</strong></span> <span class='ocrx_word' id='word_1_79' title='bbox 570 1142 768 1200; x_wconf 88' lang='lat' dir='ltr'><strong>tecum,</strong></span> <span class='ocrx_word' id='word_1_80' title='bbox 800 1149 957 1203; x_wconf 83' lang='lat' dir='ltr'><strong>quem</strong></span> <span class='ocrx_word' id='word_1_81' title='bbox 993 1142 1069 1187; x_wconf 89' lang='lat' dir='ltr'><strong>tot</strong></span> <span class='ocrx_word' id='word_1_82' title='bbox 1095 1131 1296 1203; x_wconf 67' lang='lat' dir='ltr'><strong>prmliis</strong></span> <span class='ocrx_word' id='word_1_83' title='bbox 1317 1141 1573 1202; x_wconf 71' lang='lat' dir='ltr'><strong>eXpertus</strong></span> <span class='ocrx_word' id='word_1_84' title='bbox 1601 1142 1685 1187; x_wconf 91' lang='lat' dir='ltr'><strong>est</strong></span> <span class='ocrx_word' id='word_1_85' title='bbox 1715 1147 1818 1187; x_wconf 93' lang='lat' dir='ltr'><strong>non</strong></span> <span class='ocrx_word' id='word_1_86' title='bbox 1844 1149 2003 1203; x_wconf 85' lang='lat' dir='ltr'><strong>posse</strong></span> 
     </span>
    </p>
   </div>
   <div class='ocr_carea' id='block_1_13' title="bbox 395 1223 2002 1298">
    <p class='ocr_par' dir='ltr' id='par_1_13' title="bbox 395 1223 2002 1298">
     <span class='ocr_line' id='line_1_13' title="bbox 395 1223 2002 1298; baseline -0.001 -16"><span class='ocrx_word' id='word_1_87' title='bbox 395 1227 664 1298; x_wconf 80' lang='lat' dir='ltr'><strong>Superari.</strong></span> <span class='ocrx_word' id='word_1_88' title='bbox 698 1227 766 1281; x_wconf 85' lang='lat' dir='ltr'><strong>Et</strong></span> <span class='ocrx_word' id='word_1_89' title='bbox 787 1241 913 1281; x_wconf 89' lang='lat' dir='ltr'><strong>cum</strong></span> <span class='ocrx_word' id='word_1_90' title='bbox 933 1225 1028 1280; x_wconf 81' lang='lat' dir='ltr'><strong>tibi</strong></span> <span class='ocrx_word' id='word_1_91' title='bbox 1055 1233 1238 1296; x_wconf 88' lang='lat' dir='ltr'><strong>parata</strong></span> <span class='ocrx_word' id='word_1_92' title='bbox 1270 1235 1416 1280; x_wconf 85' lang='lat' dir='ltr'><strong>esset</strong></span> <span class='ocrx_word' id='word_1_93' title='bbox 1442 1223 1634 1280; x_wconf 83' lang='lat' dir='ltr'><strong>victrix</strong></span> <span class='ocrx_word' id='word_1_94' title='bbox 1659 1240 1880 1288; x_wconf 83' lang='lat' dir='ltr'><strong>corona,</strong></span> <span class='ocrx_word' id='word_1_95' title='bbox 1909 1226 2002 1281; x_wconf 91' lang='lat' dir='ltr'><strong>de-</strong></span> 
     </span>
    </p>
   </div>
   <div class='ocr_carea' id='block_1_14' title="bbox 394 1316 2006 1389">
    <p class='ocr_par' dir='ltr' id='par_1_14' title="bbox 394 1316 2006 1389">
     <span class='ocr_line' id='line_1_14' title="bbox 394 1316 2006 1389; baseline 0 -17"><span class='ocrx_word' id='word_1_96' title='bbox 394 1319 486 1373; x_wconf 91' lang='lat' dir='ltr'><strong>siit</strong></span> <span class='ocrx_word' id='word_1_97' title='bbox 515 1319 748 1387; x_wconf 86' lang='lat' dir='ltr'><strong>amplius</strong></span> <span class='ocrx_word' id='word_1_98' title='bbox 781 1332 1112 1389; x_wconf 86' lang='lat' dir='ltr'><strong>provocare,</strong></span> <span class='ocrx_word' id='word_1_99' title='bbox 1149 1332 1217 1372; x_wconf 92' lang='lat' dir='ltr'><strong>ne</strong></span> <span class='ocrx_word' id='word_1_100' title='bbox 1244 1317 1356 1387; x_wconf 88' lang='lat' dir='ltr'><strong>jam</strong></span> <span class='ocrx_word' id='word_1_101' title='bbox 1384 1331 1650 1372; x_wconf 86' lang='lat' dir='ltr'><strong>sumeres.</strong></span> <span class='ocrx_word' id='word_1_102' title='bbox 1679 1316 1850 1384; x_wconf 82' lang='lat' dir='ltr'><strong>Quam</strong></span> <span class='ocrx_word' id='word_1_103' title='bbox 1881 1318 2006 1372; x_wconf 89' lang='lat' dir='ltr'><strong>licet</strong></span> 
     </span>
    </p>
   </div>
   <div class='ocr_carea' id='block_1_15' title="bbox 396 1408 2005 1482">
    <p class='ocr_par' dir='ltr' id='par_1_15' title="bbox 396 1408 2005 1482">
     <span class='ocr_line' id='line_1_15' title="bbox 396 1408 2005 1482; baseline -0.002 -16"><span class='ocrx_word' id='word_1_104' title='bbox 396 1427 504 1466; x_wconf 91' lang='lat' dir='ltr'><strong>non</strong></span> <span class='ocrx_word' id='word_1_105' title='bbox 537 1410 887 1481; x_wconf 89' lang='lat' dir='ltr'><strong>acceperisin</strong></span> <span class='ocrx_word' id='word_1_106' title='bbox 911 1409 1189 1482; x_wconf 78' lang='lat' dir='ltr'><strong>prteseuti,</strong></span> <span class='ocrx_word' id='word_1_107' title='bbox 1210 1419 1390 1464; x_wconf 89' lang='lat' dir='ltr'><strong>tamen</strong></span> <span class='ocrx_word' id='word_1_108' title='bbox 1419 1409 1624 1479; x_wconf 80' lang='lat' dir='ltr'><strong>integra</strong></span> <span class='ocrx_word' id='word_1_109' title='bbox 1657 1408 1748 1461; x_wconf 85' lang='lat' dir='ltr'><strong>tibi</strong></span> <span class='ocrx_word' id='word_1_110' title='bbox 1775 1423 1872 1479; x_wconf 89' lang='lat' dir='ltr'><strong>pro</strong></span> <span class='ocrx_word' id='word_1_111' title='bbox 1895 1409 2005 1462; x_wconf 90' lang='lat' dir='ltr'><strong>vir-</strong></span> 
     </span>
    </p>
   </div>
   <div class='ocr_carea' id='block_1_16' title="bbox 392 1503 1999 1575">
    <p class='ocr_par' dir='ltr' id='par_1_16' title="bbox 392 1503 1999 1575">
     <span class='ocr_line' id='line_1_16' title="bbox 392 1503 1999 1575; baseline 0 -16"><span class='ocrx_word' id='word_1_112' title='bbox 392 1505 595 1560; x_wconf 90' lang='lat' dir='ltr'><strong>tutibus</strong></span> <span class='ocrx_word' id='word_1_113' title='bbox 623 1505 726 1559; x_wconf 89' lang='lat' dir='ltr'><strong>tuis</strong></span> <span class='ocrx_word' id='word_1_114' title='bbox 768 1515 823 1559; x_wconf 90' lang='lat' dir='ltr'><strong>et</strong></span> <span class='ocrx_word' id='word_1_115' title='bbox 854 1505 1059 1560; x_wconf 87' lang='lat' dir='ltr'><strong>meritis</strong></span> <span class='ocrx_word' id='word_1_116' title='bbox 1111 1504 1162 1558; x_wconf 91' lang='lat' dir='ltr'><strong>in</strong></span> <span class='ocrx_word' id='word_1_117' title='bbox 1196 1519 1363 1575; x_wconf 81' lang='lat' dir='ltr'><strong>regno</strong></span> <span class='ocrx_word' id='word_1_118' title='bbox 1395 1503 1614 1562; x_wconf 83' lang='lat' dir='ltr'><strong>Domini</strong></span> <span class='ocrx_word' id='word_1_119' title='bbox 1672 1513 1999 1559; x_wconf 78' lang='lat' dir='ltr'><strong>reservatur.</strong></span> 
     </span>
    </p>
   </div>
   <div class='ocr_carea' id='block_1_17' title="bbox 393 1598 1410 1688">
    <p class='ocr_par' dir='ltr' id='par_1_17' title="bbox 393 1598 1410 1655">
     <span class='ocr_line' id='line_1_17' title="bbox 393 1598 1410 1655; baseline -0.001 0"><span class='ocrx_word' id='word_1_120' title='bbox 393 1598 498 1655; x_wconf 89' lang='lat' dir='ltr'><strong>Sed</strong></span> <span class='ocrx_word' id='word_1_121' title='bbox 532 1599 813 1655; x_wconf 85' lang='lat' dir='ltr'><strong>redeamus</strong></span> <span class='ocrx_word' id='word_1_122' title='bbox 843 1599 909 1654; x_wconf 90' lang='lat' dir='ltr'><strong>ad</strong></span> <span class='ocrx_word' id='word_1_123' title='bbox 932 1598 1179 1655; x_wconf 87' lang='lat' dir='ltr'><strong>ordinem</strong></span> <span class='ocrx_word' id='word_1_124' title='bbox 1205 1615 1410 1654; x_wconf 91' lang='lat' dir='ltr'><strong>rerum.</strong></span> 
     </span>
    </p>
   </div>
   <div class='ocr_carea' id='block_1_18' title="bbox 1113 1688 1270 1746">
    <p class='ocr_par' dir='ltr' id='par_1_18' title="bbox 1113 1688 1270 1746">
     <span class='ocr_line' id='line_1_18' title="bbox 1113 1688 1270 1746; baseline -0.006 -2"><span class='ocrx_word' id='word_1_125' title='bbox 1113 1688 1270 1746; x_wconf 78' lang='lat' dir='ltr'><strong>XVII.</strong></span> 
     </span>
    </p>
   </div>
   <div class='ocr_carea' id='block_1_19' title="bbox 2107 486 3680 568">
    <p class='ocr_par' dir='ltr' id='par_1_19' title="bbox 2107 486 3680 568">
     <span class='ocr_line' id='line_1_19' title="bbox 2107 486 3680 568; baseline 0.01 -26"><span class='ocrx_word' id='word_1_126' title='bbox 2107 487 2238 557; x_wconf 73' lang='lat' dir='ltr'><strong>ripa:</strong></span> <span class='ocrx_word' id='word_1_127' title='bbox 2291 486 2494 545; x_wconf 84' lang='lat' dir='ltr'><strong>Istric:e</strong></span> <span class='ocrx_word' id='word_1_128' title='bbox 2542 487 2909 546; x_wconf 87' lang='lat' dir='ltr'><strong>Nicomediam</strong></span> <span class='ocrx_word' id='word_1_129' title='bbox 2941 494 3119 562; x_wconf 86' lang='lat' dir='ltr'><strong>venit,</strong></span> <span class='ocrx_word' id='word_1_130' title='bbox 3164 495 3364 551; x_wconf 87' lang='lat' dir='ltr'><strong>morbo</strong></span> <span class='ocrx_word' id='word_1_131' title='bbox 3405 495 3516 568; x_wconf 83' lang='lat' dir='ltr'><strong>jam</strong></span> <span class='ocrx_word' id='word_1_132' title='bbox 3563 503 3680 568; x_wconf 82' lang='lat' dir='ltr'><strong>gravi</strong></span> 
     </span>
    </p>
   </div>
   <div class='ocr_carea' id='block_1_20' title="bbox 2106 579 3681 658">
    <p class='ocr_par' dir='ltr' id='par_1_20' title="bbox 2106 579 3681 658">
     <span class='ocr_line' id='line_1_20' title="bbox 2106 579 3681 658; baseline 0.008 -24"><span class='ocrx_word' id='word_1_133' title='bbox 2106 579 2446 651; x_wconf 88' lang='lat' dir='ltr'><strong>lnsurgente.</strong></span> <span class='ocrx_word' id='word_1_134' title='bbox 2481 581 2830 654; x_wconf 87' lang='lat' dir='ltr'><strong>Quocumque</strong></span> <span class='ocrx_word' id='word_1_135' title='bbox 2880 600 2940 640; x_wconf 91' lang='lat' dir='ltr'><strong>se</strong></span> <span class='ocrx_word' id='word_1_136' title='bbox 2988 587 3158 656; x_wconf 86' lang='lat' dir='ltr'><strong>premi</strong></span> <span class='ocrx_word' id='word_1_137' title='bbox 3188 588 3425 652; x_wconf 83' lang='lat' dir='ltr'><strong>videret,</strong></span> <span class='ocrx_word' id='word_1_138' title='bbox 3480 592 3681 658; x_wconf 81' lang='lat' dir='ltr'><strong>prolatus</strong></span> 
     </span>
    </p>
   </div>
   <div class='ocr_carea' id='block_1_21' title="bbox 2105 675 3759 747">
    <p class='ocr_par' dir='ltr' id='par_1_21' title="bbox 2105 675 3759 747">
     <span class='ocr_line' id='line_1_21' title="bbox 2105 675 3759 747; baseline 0.01 -21"><span class='ocrx_word' id='word_1_139' title='bbox 2105 683 2189 726; x_wconf 84' lang='lat' dir='ltr'><strong>est</strong></span> <span class='ocrx_word' id='word_1_140' title='bbox 2217 681 2416 740; x_wconf 89' lang='lat' dir='ltr'><strong>tamen,</strong></span> <span class='ocrx_word' id='word_1_141' title='bbox 2450 684 2508 727; x_wconf 89' lang='lat' dir='ltr'><strong>ut</strong></span> <span class='ocrx_word' id='word_1_142' title='bbox 2535 675 2756 738; x_wconf 83' lang='lat' dir='ltr'><strong>circum,</strong></span> <span class='ocrx_word' id='word_1_143' title='bbox 2791 693 2950 747; x_wconf 86' lang='lat' dir='ltr'><strong>quem</strong></span> <span class='ocrx_word' id='word_1_144' title='bbox 3001 676 3224 746; x_wconf 79' lang='lat' dir='ltr'><strong>fecerat,</strong></span> <span class='ocrx_word' id='word_1_145' title='bbox 3253 679 3543 736; x_wconf 78' lang='lat' dir='ltr'><strong>dedicaret</strong></span> <span class='ocrx_word' id='word_1_146' title='bbox 3571 699 3681 742; x_wconf 80' lang='lat' dir='ltr'><strong>anno</strong></span> <span class='ocrx_word' id='word_1_147' title='bbox 3758 703 3759 732; x_wconf 75' lang='lat'>1</span> 
     </span>
    </p>
   </div>
   <div class='ocr_carea' id='block_1_22' title="bbox 2104 763 3759 843">
    <p class='ocr_par' dir='ltr' id='par_1_22' title="bbox 2104 763 3759 843">
     <span class='ocr_line' id='line_1_22' title="bbox 2104 763 3759 843; baseline 0.01 -28"><span class='ocrx_word' id='word_1_148' title='bbox 2104 771 2230 834; x_wconf 88' lang='lat' dir='ltr'><strong>post</strong></span> <span class='ocrx_word' id='word_1_149' title='bbox 2256 763 2552 819; x_wconf 80' lang='lat' dir='ltr'><strong>viceunalia</strong></span> <span class='ocrx_word' id='word_1_150' title='bbox 2584 767 2822 836; x_wconf 88' lang='lat' dir='ltr'><strong>repleto;</strong></span> <span class='ocrx_word' id='word_1_151' title='bbox 2855 767 3051 823; x_wconf 81' lang='lat' dir='ltr'><strong>deinde</strong></span> <span class='ocrx_word' id='word_1_152' title='bbox 3092 769 3165 824; x_wconf 88' lang='lat' dir='ltr'><strong>ita</strong></span> <span class='ocrx_word' id='word_1_153' title='bbox 3192 770 3462 841; x_wconf 81' lang='lat' dir='ltr'><strong>languore</strong></span> <span class='ocrx_word' id='word_1_154' title='bbox 3493 789 3681 843; x_wconf 87' lang='lat' dir='ltr'><strong>opprcs-</strong></span> <span class='ocrx_word' id='word_1_155' title='bbox 3758 797 3759 808; x_wconf 56' lang='grc' dir='ltr'><strong>π</strong></span> 
     </span>
    </p>
   </div>
   <div class='ocr_carea' id='block_1_23' title="bbox 2105 860 3684 936">
    <p class='ocr_par' dir='ltr' id='par_1_23' title="bbox 2105 860 3684 936">
     <span class='ocr_line' id='line_1_23' title="bbox 2105 860 3684 936; baseline 0.01 -27"><span class='ocrx_word' id='word_1_156' title='bbox 2105 873 2218 921; x_wconf 90' lang='lat' dir='ltr'><strong>sus,</strong></span> <span class='ocrx_word' id='word_1_157' title='bbox 2246 867 2302 911; x_wconf 92' lang='lat' dir='ltr'><strong>ut</strong></span> <span class='ocrx_word' id='word_1_158' title='bbox 2330 874 2426 928; x_wconf 91' lang='lat' dir='ltr'><strong>per</strong></span> <span class='ocrx_word' id='word_1_159' title='bbox 2453 874 2642 914; x_wconf 89' lang='lat' dir='ltr'><strong>omnes</strong></span> <span class='ocrx_word' id='word_1_160' title='bbox 2677 860 2810 916; x_wconf 92' lang='lat' dir='ltr'><strong>deos</strong></span> <span class='ocrx_word' id='word_1_161' title='bbox 2857 878 2956 934; x_wconf 87' lang='lat' dir='ltr'><strong>pro</strong></span> <span class='ocrx_word' id='word_1_162' title='bbox 2999 862 3106 917; x_wconf 90' lang='lat' dir='ltr'><strong>vita</strong></span> <span class='ocrx_word' id='word_1_163' title='bbox 3137 864 3251 936; x_wconf 91' lang='lat' dir='ltr'><strong>ejus</strong></span> <span class='ocrx_word' id='word_1_164' title='bbox 3283 876 3590 936; x_wconf 83' lang='lat' dir='ltr'><strong>rogaretur,</strong></span> <span class='ocrx_word' id='word_1_165' title='bbox 3613 871 3684 925; x_wconf 83' lang='lat' dir='ltr'><strong>do-</strong></span> 
     </span>
    </p>
   </div>
   <div class='ocr_carea' id='block_1_24' title="bbox 2107 950 3759 1033">
    <p class='ocr_par' dir='ltr' id='par_1_24' title="bbox 2107 950 3759 1033">
     <span class='ocr_line' id='line_1_24' title="bbox 2107 950 3759 1033; baseline 0.006 -27"><span class='ocrx_word' id='word_1_166' title='bbox 2107 965 2208 1006; x_wconf 90' lang='lat' dir='ltr'><strong>nec</strong></span> <span class='ocrx_word' id='word_1_167' title='bbox 2236 950 2419 1007; x_wconf 90' lang='lat' dir='ltr'><strong>Idibus</strong></span> <span class='ocrx_word' id='word_1_168' title='bbox 2464 952 2849 1010; x_wconf 87' lang='lat' dir='ltr'><strong>Decembribus</strong></span> <span class='ocrx_word' id='word_1_169' title='bbox 2892 955 3065 1011; x_wconf 78' lang='lat' dir='ltr'><strong>IUctus</strong></span> <span class='ocrx_word' id='word_1_170' title='bbox 3119 967 3346 1028; x_wconf 88' lang='lat' dir='ltr'><strong>repente</strong></span> <span class='ocrx_word' id='word_1_171' title='bbox 3403 960 3460 1014; x_wconf 92' lang='lat' dir='ltr'><strong>in</strong></span> <span class='ocrx_word' id='word_1_172' title='bbox 3492 963 3678 1033; x_wconf 83' lang='lat' dir='ltr'><strong>palatio,</strong></span> <span class='ocrx_word' id='word_1_173' title='bbox 3758 950 3759 992; x_wconf 47' lang='grc' dir='ltr'><em>θ</em></span> 
     </span>
    </p>
   </div>
   <div class='ocr_carea' id='block_1_25' title="bbox 2107 1044 3680 1122">
    <p class='ocr_par' dir='ltr' id='par_1_25' title="bbox 2107 1044 3680 1122">
     <span class='ocr_line' id='line_1_25' title="bbox 2107 1044 3680 1122; baseline 0.007 -24"><span class='ocrx_word' id='word_1_174' title='bbox 2107 1044 2361 1102; x_wconf 79' lang='lat' dir='ltr'><strong>mtestitia</strong></span> <span class='ocrx_word' id='word_1_175' title='bbox 2393 1054 2447 1100; x_wconf 92' lang='lat' dir='ltr'><strong>et</strong></span> <span class='ocrx_word' id='word_1_176' title='bbox 2502 1045 2772 1119; x_wconf 76' lang='lat' dir='ltr'><strong>lacrymae,</strong></span> <span class='ocrx_word' id='word_1_177' title='bbox 2813 1046 3054 1120; x_wconf 86' lang='lat' dir='ltr'><strong>judicum</strong></span> <span class='ocrx_word' id='word_1_178' title='bbox 3102 1049 3414 1122; x_wconf 87' lang='lat' dir='ltr'><strong>trepidatio,</strong></span> <span class='ocrx_word' id='word_1_179' title='bbox 3451 1063 3507 1106; x_wconf 91' lang='lat' dir='ltr'><strong>et</strong></span> <span class='ocrx_word' id='word_1_180' title='bbox 3549 1055 3680 1109; x_wconf 82' lang='lat' dir='ltr'><strong>silen-</strong></span> 
     </span>
    </p>
   </div>
   <div class='ocr_carea' id='block_1_26' title="bbox 2108 1135 3682 1210">
    <p class='ocr_par' dir='ltr' id='par_1_26' title="bbox 2108 1135 3682 1210">
     <span class='ocr_line' id='line_1_26' title="bbox 2108 1135 3682 1210; baseline 0.008 -19"><span class='ocrx_word' id='word_1_181' title='bbox 2108 1137 2263 1192; x_wconf 91' lang='lat' dir='ltr'><strong>tium.</strong></span> <span class='ocrx_word' id='word_1_182' title='bbox 2289 1135 2423 1192; x_wconf 85' lang='lat' dir='ltr'><strong>Tota</strong></span> <span class='ocrx_word' id='word_1_183' title='bbox 2442 1139 2656 1194; x_wconf 86' lang='lat' dir='ltr'><strong>civitate</strong></span> <span class='ocrx_word' id='word_1_184' title='bbox 2675 1139 2783 1210; x_wconf 88' lang='lat' dir='ltr'><strong>jam</strong></span> <span class='ocrx_word' id='word_1_185' title='bbox 2808 1156 2914 1195; x_wconf 93' lang='lat' dir='ltr'><strong>non</strong></span> <span class='ocrx_word' id='word_1_186' title='bbox 2937 1140 3096 1196; x_wconf 90' lang='lat' dir='ltr'><strong>modo</strong></span> <span class='ocrx_word' id='word_1_187' title='bbox 3115 1152 3418 1210; x_wconf 89' lang='lat' dir='ltr'><strong>mortuum,</strong></span> <span class='ocrx_word' id='word_1_188' title='bbox 3443 1144 3536 1199; x_wconf 91' lang='lat' dir='ltr'><strong>sed</strong></span> <span class='ocrx_word' id='word_1_189' title='bbox 3556 1147 3682 1203; x_wconf 77' lang='lat' dir='ltr'><strong>etiam</strong></span> 
     </span>
    </p>
   </div>
   <div class='ocr_carea' id='block_1_27' title="bbox 2106 1231 3684 1307">
    <p class='ocr_par' dir='ltr' id='par_1_27' title="bbox 2106 1231 3684 1307">
     <span class='ocr_line' id='line_1_27' title="bbox 2106 1231 3684 1307; baseline 0.007 -23"><span class='ocrx_word' id='word_1_190' title='bbox 2106 1231 2374 1300; x_wconf 92' lang='lat' dir='ltr'><strong>sepultum</strong></span> <span class='ocrx_word' id='word_1_191' title='bbox 2407 1231 2677 1298; x_wconf 83' lang='lat' dir='ltr'><strong>dicebant,</strong></span> <span class='ocrx_word' id='word_1_192' title='bbox 2709 1248 2830 1288; x_wconf 91' lang='lat' dir='ltr'><strong>cum</strong></span> <span class='ocrx_word' id='word_1_193' title='bbox 2863 1244 3086 1304; x_wconf 90' lang='lat' dir='ltr'><strong>repente</strong></span> <span class='ocrx_word' id='word_1_194' title='bbox 3116 1251 3276 1291; x_wconf 88' lang='lat' dir='ltr'><strong>mane</strong></span> <span class='ocrx_word' id='word_1_195' title='bbox 3301 1236 3567 1306; x_wconf 89' lang='lat' dir='ltr'><strong>postridie</strong></span> <span class='ocrx_word' id='word_1_196' title='bbox 3589 1256 3684 1307; x_wconf 86' lang='lat' dir='ltr'><strong>pcr-</strong></span> 
     </span>
    </p>
   </div>
   <div class='ocr_carea' id='block_1_28' title="bbox 2107 1322 3682 1399">
    <p class='ocr_par' dir='ltr' id='par_1_28' title="bbox 2107 1322 3682 1399">
     <span class='ocr_line' id='line_1_28' title="bbox 2107 1322 3682 1399; baseline 0.008 -24"><span class='ocrx_word' id='word_1_197' title='bbox 2107 1323 2291 1393; x_wconf 86' lang='lat' dir='ltr'><strong>vagari</strong></span> <span class='ocrx_word' id='word_1_198' title='bbox 2326 1322 2466 1377; x_wconf 81' lang='lat' dir='ltr'><strong>fama</strong></span> <span class='ocrx_word' id='word_1_199' title='bbox 2488 1324 2632 1394; x_wconf 90' lang='lat' dir='ltr'><strong>quod</strong></span> <span class='ocrx_word' id='word_1_200' title='bbox 2664 1325 2890 1391; x_wconf 88' lang='lat' dir='ltr'><strong>viveret,</strong></span> <span class='ocrx_word' id='word_1_201' title='bbox 2937 1325 3367 1382; x_wconf 90' lang='lat' dir='ltr'><strong>domesticorum</strong></span> <span class='ocrx_word' id='word_1_202' title='bbox 3397 1343 3461 1382; x_wconf 91' lang='lat' dir='ltr'><strong>ac</strong></span> <span class='ocrx_word' id='word_1_203' title='bbox 3480 1328 3682 1399; x_wconf 88' lang='lat' dir='ltr'><strong>judicum</strong></span> 
     </span>
    </p>
   </div>
   <div class='ocr_carea' id='block_1_29' title="bbox 2105 1414 3682 1491">
    <p class='ocr_par' dir='ltr' id='par_1_29' title="bbox 2105 1414 3682 1491">
     <span class='ocr_line' id='line_1_29' title="bbox 2105 1414 3682 1491; baseline 0.005 -23"><span class='ocrx_word' id='word_1_204' title='bbox 2105 1414 2286 1469; x_wconf 88' lang='lat' dir='ltr'><strong>vultus</strong></span> <span class='ocrx_word' id='word_1_205' title='bbox 2316 1415 2594 1470; x_wconf 82' lang='lat' dir='ltr'><strong>alacritate</strong></span> <span class='ocrx_word' id='word_1_206' title='bbox 2631 1417 2850 1470; x_wconf 90' lang='lat' dir='ltr'><strong>mutari.</strong></span> <span class='ocrx_word' id='word_1_207' title='bbox 2881 1415 3000 1473; x_wconf 90' lang='lat' dir='ltr'><strong>Non</strong></span> <span class='ocrx_word' id='word_1_208' title='bbox 3033 1417 3327 1474; x_wconf 82' lang='lat' dir='ltr'><strong>defuerunt</strong></span> <span class='ocrx_word' id='word_1_209' title='bbox 3356 1421 3449 1490; x_wconf 89' lang='lat' dir='ltr'><strong>qui</strong></span> <span class='ocrx_word' id='word_1_210' title='bbox 3478 1421 3682 1491; x_wconf 87' lang='lat' dir='ltr'><strong>suspica-</strong></span> 
     </span>
    </p>
   </div>
   <div class='ocr_carea' id='block_1_30' title="bbox 2105 1506 3682 1578">
    <p class='ocr_par' dir='ltr' id='par_1_30' title="bbox 2105 1506 3682 1578">
     <span class='ocr_line' id='line_1_30' title="bbox 2105 1506 3682 1578; baseline 0.003 -16"><span class='ocrx_word' id='word_1_211' title='bbox 2105 1515 2294 1562; x_wconf 87' lang='lat' dir='ltr'><strong>rentur</strong></span> <span class='ocrx_word' id='word_1_212' title='bbox 2319 1506 2483 1562; x_wconf 90' lang='lat' dir='ltr'><strong>celari</strong></span> <span class='ocrx_word' id='word_1_213' title='bbox 2514 1515 2741 1566; x_wconf 88' lang='lat' dir='ltr'><strong>mortem</strong></span> <span class='ocrx_word' id='word_1_214' title='bbox 2775 1508 2891 1578; x_wconf 87' lang='lat' dir='ltr'><strong>ejus</strong></span> <span class='ocrx_word' id='word_1_215' title='bbox 2914 1550 2928 1574; x_wconf 94' lang='lat'><strong>,</strong></span> <span class='ocrx_word' id='word_1_216' title='bbox 2971 1509 3145 1565; x_wconf 90' lang='lat' dir='ltr'><strong>donec</strong></span> <span class='ocrx_word' id='word_1_217' title='bbox 3173 1509 3366 1565; x_wconf 67' lang='lat' dir='ltr'><strong>Caisar</strong></span> <span class='ocrx_word' id='word_1_218' title='bbox 3399 1511 3610 1575; x_wconf 83' lang='lat' dir='ltr'><strong>veniret,</strong></span> <span class='ocrx_word' id='word_1_219' title='bbox 3633 1529 3682 1568; x_wconf 86' lang='lat' dir='ltr'><strong>ue</strong></span> 
     </span>
    </p>
   </div>
   <div class='ocr_carea' id='block_1_31' title="bbox 2106 1601 3682 1673">
    <p class='ocr_par' dir='ltr' id='par_1_31' title="bbox 2106 1601 3682 1673">
     <span class='ocr_line' id='line_1_31' title="bbox 2106 1601 3682 1673; baseline 0.004 -20"><span class='ocrx_word' id='word_1_220' title='bbox 2106 1601 2232 1672; x_wconf 89' lang='lat' dir='ltr'><strong>quid</strong></span> <span class='ocrx_word' id='word_1_221' title='bbox 2265 1602 2402 1657; x_wconf 84' lang='lat' dir='ltr'><strong>forte</strong></span> <span class='ocrx_word' id='word_1_222' title='bbox 2431 1618 2462 1656; x_wconf 87' lang='lat' dir='ltr'><strong>a</strong></span> <span class='ocrx_word' id='word_1_223' title='bbox 2501 1601 2763 1657; x_wconf 91' lang='lat' dir='ltr'><strong>militibus</strong></span> <span class='ocrx_word' id='word_1_224' title='bbox 2813 1614 3120 1658; x_wconf 89' lang='lat' dir='ltr'><strong>novaretur.</strong></span> <span class='ocrx_word' id='word_1_225' title='bbox 3151 1605 3285 1671; x_wconf 75' lang='lat' dir='ltr'><strong>Qua:</strong></span> <span class='ocrx_word' id='word_1_226' title='bbox 3338 1606 3574 1673; x_wconf 78' lang='lat' dir='ltr'><strong>suspicio</strong></span> <span class='ocrx_word' id='word_1_227' title='bbox 3594 1617 3682 1659; x_wconf 85' lang='lat' dir='ltr'><strong>tan-</strong></span> 
     </span>
    </p>
   </div>
   <div class='ocr_carea' id='block_1_32' title="bbox 2108 1695 3680 1766">
    <p class='ocr_par' dir='ltr' id='par_1_32' title="bbox 2108 1695 3680 1766">
     <span class='ocr_line' id='line_1_32' title="bbox 2108 1695 3680 1766; baseline 0.003 -18"><span class='ocrx_word' id='word_1_228' title='bbox 2108 1705 2220 1749; x_wconf 90' lang='lat' dir='ltr'><strong>tum</strong></span> <span class='ocrx_word' id='word_1_229' title='bbox 2248 1695 2430 1760; x_wconf 89' lang='lat' dir='ltr'><strong>valuit,</strong></span> <span class='ocrx_word' id='word_1_230' title='bbox 2456 1704 2514 1749; x_wconf 91' lang='lat' dir='ltr'><strong>ut</strong></span> <span class='ocrx_word' id='word_1_231' title='bbox 2537 1709 2696 1750; x_wconf 90' lang='lat' dir='ltr'><strong>nemo</strong></span> <span class='ocrx_word' id='word_1_232' title='bbox 2728 1695 2977 1751; x_wconf 88' lang='lat' dir='ltr'><strong>crederet</strong></span> <span class='ocrx_word' id='word_1_233' title='bbox 3005 1711 3128 1752; x_wconf 92' lang='lat' dir='ltr'><strong>eum</strong></span> <span class='ocrx_word' id='word_1_234' title='bbox 3159 1697 3368 1766; x_wconf 84' lang='lat' dir='ltr'><strong>vivere,</strong></span> <span class='ocrx_word' id='word_1_235' title='bbox 3402 1698 3504 1752; x_wconf 89' lang='lat' dir='ltr'><strong>nisi</strong></span> <span class='ocrx_word' id='word_1_236' title='bbox 3533 1696 3680 1753; x_wconf 81' lang='lat' dir='ltr'><strong>kalen-</strong></span> 
     </span>
    </p>
   </div>
   <div class='ocr_carea' id='block_1_33' title="bbox 471 1779 3710 1870">
    <p class='ocr_par' dir='ltr' id='par_1_33' title="bbox 471 1779 3710 1870">
     <span class='ocr_line' id='line_1_33' title="bbox 471 1779 3710 1870; baseline 0.001 -29"><span class='ocrx_word' id='word_1_237' title='bbox 471 1785 582 1841; x_wconf 91' lang='lat' dir='ltr'><strong>Iloc</strong></span> <span class='ocrx_word' id='word_1_238' title='bbox 608 1785 767 1857; x_wconf 83' lang='lat' dir='ltr'><strong>igitur</strong></span> <span class='ocrx_word' id='word_1_239' title='bbox 791 1783 996 1840; x_wconf 88' lang='lat' dir='ltr'><strong>scelere</strong></span> <span class='ocrx_word' id='word_1_240' title='bbox 1028 1795 1358 1856; x_wconf 85' lang='lat' dir='ltr'><strong>perpetrato,</strong></span> <span class='ocrx_word' id='word_1_241' title='bbox 1391 1785 1704 1841; x_wconf 86' lang='lat' dir='ltr'><strong>Diocletiani</strong></span> <span class='ocrx_word' id='word_1_242' title='bbox 1735 1801 1857 1842; x_wconf 91' lang='lat' dir='ltr'><strong>cum</strong></span> <span class='ocrx_word' id='word_1_243' title='bbox 1882 1787 1992 1856; x_wconf 79' lang='lat' dir='ltr'><strong>jam</strong></span> <span class='ocrx_word' id='word_1_244' title='bbox 2106 1787 2190 1843; x_wconf 93' lang='lat' dir='ltr'><strong>dis</strong></span> <span class='ocrx_word' id='word_1_245' title='bbox 2218 1788 2420 1842; x_wconf 87' lang='lat' dir='ltr'><strong>Martiis</strong></span> <span class='ocrx_word' id='word_1_246' title='bbox 2462 1788 2778 1859; x_wconf 87' lang='lat' dir='ltr'><strong>prodiisset,</strong></span> <span class='ocrx_word' id='word_1_247' title='bbox 2807 1791 2898 1843; x_wconf 81' lang='lat' dir='ltr'><strong>vix</strong></span> <span class='ocrx_word' id='word_1_248' title='bbox 2948 1789 3351 1859; x_wconf 79' lang='lat' dir='ltr'><strong>agnoscendus,</strong></span> <span class='ocrx_word' id='word_1_249' title='bbox 3384 1790 3578 1860; x_wconf 87' lang='lat' dir='ltr'><strong>quippe</strong></span> <span class='ocrx_word' id='word_1_250' title='bbox 3613 1792 3678 1858; x_wconf 85' lang='lat' dir='ltr'><strong>qui</strong></span> <span class='ocrx_word' id='word_1_251' title='bbox 3705 1843 3710 1853; x_wconf 71' lang='grc'><strong><em>,</em></strong></span> 
     </span>
    </p>
   </div>
   <div class='ocr_carea' id='block_1_34' title="bbox 395 1877 1990 1946">
    <p class='ocr_par' dir='ltr' id='par_1_34' title="bbox 395 1877 1990 1946">
     <span class='ocr_line' id='line_1_34' title="bbox 395 1877 1990 1946; baseline -0.001 -14"><span class='ocrx_word' id='word_1_252' title='bbox 395 1877 627 1932; x_wconf 82' lang='lat' dir='ltr'><strong>felicitas</strong></span> <span class='ocrx_word' id='word_1_253' title='bbox 679 1877 746 1932; x_wconf 89' lang='lat' dir='ltr'><strong>ab</strong></span> <span class='ocrx_word' id='word_1_254' title='bbox 783 1892 848 1932; x_wconf 91' lang='lat' dir='ltr'><strong>eo</strong></span> <span class='ocrx_word' id='word_1_255' title='bbox 888 1877 1230 1944; x_wconf 76' lang='lat' dir='ltr'><strong>recessisset,</strong></span> <span class='ocrx_word' id='word_1_256' title='bbox 1259 1878 1497 1946; x_wconf 78' lang='lat' dir='ltr'><strong>perrexit</strong></span> <span class='ocrx_word' id='word_1_257' title='bbox 1535 1878 1712 1932; x_wconf 84' lang='lat' dir='ltr'><strong>statim</strong></span> <span class='ocrx_word' id='word_1_258' title='bbox 1744 1879 1990 1946; x_wconf 77' lang='lat' dir='ltr'><strong>Romam,</strong></span> 
     </span>
    </p>
   </div>
   <div class='ocr_carea' id='block_1_35' title="bbox 399 1971 1994 2044">
    <p class='ocr_par' dir='ltr' id='par_1_35' title="bbox 399 1971 1994 2044">
     <span class='ocr_line' id='line_1_35' title="bbox 399 1971 1994 2044; baseline 0.002 -18"><span class='ocrx_word' id='word_1_259' title='bbox 399 1980 455 2026; x_wconf 91' lang='lat' dir='ltr'><strong>ut</strong></span> <span class='ocrx_word' id='word_1_260' title='bbox 475 1972 583 2027; x_wconf 90' lang='lat' dir='ltr'><strong>illic</strong></span> <span class='ocrx_word' id='word_1_261' title='bbox 613 1972 973 2028; x_wconf 81' lang='lat' dir='ltr'><strong>viccnnalium</strong></span> <span class='ocrx_word' id='word_1_262' title='bbox 1001 1972 1141 2025; x_wconf 89' lang='lat' dir='ltr'><strong>diem</strong></span> <span class='ocrx_word' id='word_1_263' title='bbox 1172 1971 1495 2039; x_wconf 87' lang='lat' dir='ltr'><strong>celebraret,</strong></span> <span class='ocrx_word' id='word_1_264' title='bbox 1526 1974 1614 2044; x_wconf 85' lang='lat' dir='ltr'><strong>qui</strong></span> <span class='ocrx_word' id='word_1_265' title='bbox 1643 1983 1758 2028; x_wconf 90' lang='lat' dir='ltr'><strong>erat</strong></span> <span class='ocrx_word' id='word_1_266' title='bbox 1785 1972 1994 2029; x_wconf 85' lang='lat' dir='ltr'><strong>futurus</strong></span> 
     </span>
    </p>
   </div>
   <div class='ocr_carea' id='block_1_36' title="bbox 399 2064 1990 2132">
    <p class='ocr_par' dir='ltr' id='par_1_36' title="bbox 399 2064 1990 2132">
     <span class='ocr_line' id='line_1_36' title="bbox 399 2064 1990 2132; baseline 0.001 -12"><span class='ocrx_word' id='word_1_267' title='bbox 399 2065 466 2120; x_wconf 90' lang='lat' dir='ltr'><strong>ad</strong></span> <span class='ocrx_word' id='word_1_268' title='bbox 496 2083 569 2120; x_wconf 84' lang='lat' dir='ltr'><strong>xu</strong></span> <span class='ocrx_word' id='word_1_269' title='bbox 609 2064 865 2120; x_wconf 86' lang='lat' dir='ltr'><strong>kalendas</strong></span> <span class='ocrx_word' id='word_1_270' title='bbox 898 2065 1238 2120; x_wconf 87' lang='lat' dir='ltr'><strong>Decembres.</strong></span> <span class='ocrx_word' id='word_1_271' title='bbox 1273 2065 1478 2132; x_wconf 81' lang='lat' dir='ltr'><strong>Quibus</strong></span> <span class='ocrx_word' id='word_1_272' title='bbox 1513 2067 1822 2121; x_wconf 88' lang='lat' dir='ltr'><strong>sulennibus</strong></span> <span class='ocrx_word' id='word_1_273' title='bbox 1847 2067 1990 2122; x_wconf 86' lang='lat' dir='ltr'><strong>cele-</strong></span> 
     </span>
    </p>
   </div>
   <div class='ocr_carea' id='block_1_37' title="bbox 399 2155 2007 2230">
    <p class='ocr_par' dir='ltr' id='par_1_37' title="bbox 399 2155 2007 2230">
     <span class='ocr_line' id='line_1_37' title="bbox 399 2155 2007 2230; baseline -0.001 -16"><span class='ocrx_word' id='word_1_274' title='bbox 399 2160 590 2225; x_wconf 87' lang='lat' dir='ltr'><strong>bratis,</strong></span> <span class='ocrx_word' id='word_1_275' title='bbox 623 2175 745 2214; x_wconf 91' lang='lat' dir='ltr'><strong>cum</strong></span> <span class='ocrx_word' id='word_1_276' title='bbox 795 2155 1098 2213; x_wconf 87' lang='lat' dir='ltr'><strong>libertatem</strong></span> <span class='ocrx_word' id='word_1_277' title='bbox 1131 2158 1312 2230; x_wconf 90' lang='lat' dir='ltr'><strong>populi</strong></span> <span class='ocrx_word' id='word_1_278' title='bbox 1348 2159 1573 2213; x_wconf 78' lang='lat' dir='ltr'><strong>Romani</strong></span> <span class='ocrx_word' id='word_1_279' title='bbox 1603 2159 1742 2216; x_wconf 80' lang='lat' dir='ltr'><strong>ferre</strong></span> <span class='ocrx_word' id='word_1_280' title='bbox 1771 2176 1875 2214; x_wconf 91' lang='lat' dir='ltr'><strong>non</strong></span> <span class='ocrx_word' id='word_1_281' title='bbox 1910 2176 2007 2230; x_wconf 84' lang='lat' dir='ltr'><strong>po—</strong></span> 
     </span>
    </p>
   </div>
   <div class='ocr_carea' id='block_1_38' title="bbox 328 2251 2006 2323">
    <p class='ocr_par' dir='ltr' id='par_1_38' title="bbox 328 2251 2006 2323">
     <span class='ocr_line' id='line_1_38' title="bbox 328 2251 2006 2323; baseline 0 -16"><span class='ocrx_word' id='word_1_282' title='bbox 328 2256 349 2268; x_wconf 77' lang='lat'>&quot;</span> <span class='ocrx_word' id='word_1_283' title='bbox 399 2261 562 2319; x_wconf 86' lang='lat' dir='ltr'><strong>terat,</strong></span> <span class='ocrx_word' id='word_1_284' title='bbox 589 2253 901 2323; x_wconf 84' lang='lat' dir='ltr'><strong>impatiens,</strong></span> <span class='ocrx_word' id='word_1_285' title='bbox 931 2264 983 2306; x_wconf 92' lang='lat' dir='ltr'><strong>et</strong></span> <span class='ocrx_word' id='word_1_286' title='bbox 1007 2267 1150 2322; x_wconf 80' lang='lat' dir='ltr'><strong>:eger</strong></span> <span class='ocrx_word' id='word_1_287' title='bbox 1170 2251 1359 2316; x_wconf 90' lang='lat' dir='ltr'><strong>animi,</strong></span> <span class='ocrx_word' id='word_1_288' title='bbox 1386 2253 1629 2321; x_wconf 90' lang='lat' dir='ltr'><strong>prorupit</strong></span> <span class='ocrx_word' id='word_1_289' title='bbox 1653 2269 1718 2307; x_wconf 87' lang='lat' dir='ltr'><strong>ex</strong></span> <span class='ocrx_word' id='word_1_290' title='bbox 1750 2253 1880 2308; x_wconf 90' lang='lat' dir='ltr'><strong>urbe</strong></span> <span class='ocrx_word' id='word_1_291' title='bbox 1908 2254 2006 2307; x_wconf 82' lang='lat' dir='ltr'><strong>im-</strong></span> 
     </span>
    </p>
   </div>
   <div class='ocr_carea' id='block_1_39' title="bbox 399 2343 2005 2416">
    <p class='ocr_par' dir='ltr' id='par_1_39' title="bbox 399 2343 2005 2416">
     <span class='ocr_line' id='line_1_39' title="bbox 399 2343 2005 2416; baseline -0.001 -16"><span class='ocrx_word' id='word_1_292' title='bbox 399 2345 764 2416; x_wconf 88' lang='lat' dir='ltr'><strong>pendentibus</strong></span> <span class='ocrx_word' id='word_1_293' title='bbox 817 2345 1062 2399; x_wconf 81' lang='lat' dir='ltr'><strong>kalendis</strong></span> <span class='ocrx_word' id='word_1_294' title='bbox 1107 2343 1408 2412; x_wconf 85' lang='lat' dir='ltr'><strong>Januariis,</strong></span> <span class='ocrx_word' id='word_1_295' title='bbox 1463 2345 1658 2415; x_wconf 88' lang='lat' dir='ltr'><strong>quibus</strong></span> <span class='ocrx_word' id='word_1_296' title='bbox 1707 2345 1783 2399; x_wconf 85' lang='lat' dir='ltr'><strong>illi</strong></span> <span class='ocrx_word' id='word_1_297' title='bbox 1833 2360 2005 2399; x_wconf 91' lang='lat' dir='ltr'><strong>nonus</strong></span> 
     </span>
    </p>
   </div>
   <div class='ocr_carea' id='block_1_40' title="bbox 402 2435 2000 2493">
    <p class='ocr_par' dir='ltr' id='par_1_40' title="bbox 402 2435 2000 2493">
     <span class='ocr_line' id='line_1_40' title="bbox 402 2435 2000 2493; baseline -0.001 -1"><span class='ocrx_word' id='word_1_298' title='bbox 402 2438 719 2493; x_wconf 74' lang='lat' dir='ltr'><strong>consulatus</strong></span> <span class='ocrx_word' id='word_1_299' title='bbox 760 2437 1128 2493; x_wconf 73' lang='lat' dir='ltr'><strong>deferebatur.</strong></span> <span class='ocrx_word' id='word_1_300' title='bbox 1157 2435 1442 2493; x_wconf 83' lang='lat' dir='ltr'><strong>Tredecim</strong></span> <span class='ocrx_word' id='word_1_301' title='bbox 1487 2436 1604 2492; x_wconf 86' lang='lat' dir='ltr'><strong>dies</strong></span> <span class='ocrx_word' id='word_1_302' title='bbox 1633 2438 1863 2492; x_wconf 84' lang='lat' dir='ltr'><strong>tolerare</strong></span> <span class='ocrx_word' id='word_1_303' title='bbox 1895 2452 2000 2490; x_wconf 90' lang='lat' dir='ltr'><strong>non</strong></span> 
     </span>
    </p>
   </div>
   <div class='ocr_carea' id='block_1_41' title="bbox 400 2527 2006 2602">
    <p class='ocr_par' dir='ltr' id='par_1_41' title="bbox 400 2527 2006 2602">
     <span class='ocr_line' id='line_1_41' title="bbox 400 2527 2006 2602; baseline 0.001 -19"><span class='ocrx_word' id='word_1_304' title='bbox 400 2529 592 2601; x_wconf 89' lang='lat' dir='ltr'><strong>potuit,</strong></span> <span class='ocrx_word' id='word_1_305' title='bbox 627 2537 684 2584; x_wconf 91' lang='lat' dir='ltr'><strong>ut</strong></span> <span class='ocrx_word' id='word_1_306' title='bbox 739 2529 924 2584; x_wconf 62' lang='lat' dir='ltr'><strong>Romae</strong></span> <span class='ocrx_word' id='word_1_307' title='bbox 955 2529 1132 2600; x_wconf 91' lang='lat' dir='ltr'><strong>potius</strong></span> <span class='ocrx_word' id='word_1_308' title='bbox 1164 2545 1322 2602; x_wconf 91' lang='lat' dir='ltr'><strong>quam</strong></span> <span class='ocrx_word' id='word_1_309' title='bbox 1371 2527 1643 2583; x_wconf 81' lang='lat' dir='ltr'><strong>Ravennae</strong></span> <span class='ocrx_word' id='word_1_310' title='bbox 1689 2528 2006 2597; x_wconf 87' lang='lat' dir='ltr'><strong>procederet</strong></span> 
     </span>
    </p>
   </div>
   <div class='ocr_carea' id='block_1_42' title="bbox 397 2619 2006 2694">
    <p class='ocr_par' dir='ltr' id='par_1_42' title="bbox 397 2619 2006 2694">
     <span class='ocr_line' id='line_1_42' title="bbox 397 2619 2006 2694; baseline -0.001 -17"><span class='ocrx_word' id='word_1_311' title='bbox 397 2620 622 2678; x_wconf 88' lang='lat' dir='ltr'><strong>Consul.</strong></span> <span class='ocrx_word' id='word_1_312' title='bbox 655 2619 764 2678; x_wconf 87' lang='lat' dir='ltr'><strong>Sed</strong></span> <span class='ocrx_word' id='word_1_313' title='bbox 810 2620 1080 2692; x_wconf 81' lang='lat' dir='ltr'><strong>profectus</strong></span> <span class='ocrx_word' id='word_1_314' title='bbox 1133 2622 1349 2694; x_wconf 84' lang='lat' dir='ltr'><strong>hyeme,</strong></span> <span class='ocrx_word' id='word_1_315' title='bbox 1380 2621 1638 2677; x_wconf 70' lang='lat' dir='ltr'><strong>saeviente</strong></span> <span class='ocrx_word' id='word_1_316' title='bbox 1691 2619 1895 2692; x_wconf 79' lang='lat' dir='ltr'><strong>frigore</strong></span> <span class='ocrx_word' id='word_1_317' title='bbox 1922 2631 2006 2676; x_wconf 88' lang='lat' dir='ltr'><strong>at-</strong></span> 
     </span>
    </p>
   </div>
   <div class='ocr_carea' id='block_1_43' title="bbox 399 2714 2005 2786">
    <p class='ocr_par' dir='ltr' id='par_1_43' title="bbox 399 2714 2005 2786">
     <span class='ocr_line' id='line_1_43' title="bbox 399 2714 2005 2786; baseline 0.002 -20"><span class='ocrx_word' id='word_1_318' title='bbox 399 2729 505 2786; x_wconf 90' lang='lat' dir='ltr'><strong>que</strong></span> <span class='ocrx_word' id='word_1_319' title='bbox 553 2715 816 2769; x_wconf 88' lang='lat' dir='ltr'><strong>imbribus</strong></span> <span class='ocrx_word' id='word_1_320' title='bbox 845 2715 1182 2781; x_wconf 81' lang='lat' dir='ltr'><strong>verberatus,</strong></span> <span class='ocrx_word' id='word_1_321' title='bbox 1217 2714 1465 2769; x_wconf 87' lang='lat' dir='ltr'><strong>morbum</strong></span> <span class='ocrx_word' id='word_1_322' title='bbox 1497 2714 1692 2778; x_wconf 88' lang='lat' dir='ltr'><strong>levem,</strong></span> <span class='ocrx_word' id='word_1_323' title='bbox 1723 2726 1779 2768; x_wconf 82' lang='lat' dir='ltr'><strong>at</strong></span> <span class='ocrx_word' id='word_1_324' title='bbox 1812 2729 2005 2783; x_wconf 75' lang='lat' dir='ltr'><strong>perpe-</strong></span> 
     </span>
    </p>
   </div>
   <div class='ocr_carea' id='block_1_44' title="bbox 403 2807 2004 2880">
    <p class='ocr_par' dir='ltr' id='par_1_44' title="bbox 403 2807 2004 2880">
     <span class='ocr_line' id='line_1_44' title="bbox 403 2807 2004 2880; baseline -0.001 -16"><span class='ocrx_word' id='word_1_325' title='bbox 403 2816 554 2864; x_wconf 90' lang='lat' dir='ltr'><strong>tuum</strong></span> <span class='ocrx_word' id='word_1_326' title='bbox 585 2809 780 2874; x_wconf 83' lang='lat' dir='ltr'><strong>traxit;</strong></span> <span class='ocrx_word' id='word_1_327' title='bbox 813 2816 1142 2879; x_wconf 79' lang='lat' dir='ltr'><strong>vexatusque</strong></span> <span class='ocrx_word' id='word_1_328' title='bbox 1172 2824 1266 2878; x_wconf 89' lang='lat' dir='ltr'><strong>per</strong></span> <span class='ocrx_word' id='word_1_329' title='bbox 1287 2823 1448 2862; x_wconf 90' lang='lat' dir='ltr'><strong>omne</strong></span> <span class='ocrx_word' id='word_1_330' title='bbox 1477 2809 1602 2873; x_wconf 91' lang='lat' dir='ltr'><strong>iter,</strong></span> <span class='ocrx_word' id='word_1_331' title='bbox 1633 2807 1818 2864; x_wconf 90' lang='lat' dir='ltr'><strong>lectica</strong></span> <span class='ocrx_word' id='word_1_332' title='bbox 1844 2808 2004 2880; x_wconf 83' lang='lat' dir='ltr'><strong>pluri-</strong></span> 
     </span>
    </p>
   </div>
   <div class='ocr_carea' id='block_1_45' title="bbox 2101 1878 3679 1951">
    <p class='ocr_par' dir='ltr' id='par_1_45' title="bbox 2101 1878 3679 1951">
     <span class='ocr_line' id='line_1_45' title="bbox 2101 1878 3679 1951; baseline 0.004 -19"><span class='ocrx_word' id='word_1_333' title='bbox 2101 1893 2244 1933; x_wconf 90' lang='lat' dir='ltr'><strong>anno</strong></span> <span class='ocrx_word' id='word_1_334' title='bbox 2304 1878 2416 1934; x_wconf 83' lang='lat' dir='ltr'><strong>fere</strong></span> <span class='ocrx_word' id='word_1_335' title='bbox 2452 1887 2564 1933; x_wconf 86' lang='lat' dir='ltr'><strong>tcto</strong></span> <span class='ocrx_word' id='word_1_336' title='bbox 2604 1879 2920 1951; x_wconf 81' lang='lat' dir='ltr'><strong>aegritudine</strong></span> <span class='ocrx_word' id='word_1_337' title='bbox 2973 1881 3254 1937; x_wconf 86' lang='lat' dir='ltr'><strong>tabuisset.</strong></span> <span class='ocrx_word' id='word_1_338' title='bbox 3291 1882 3364 1936; x_wconf 89' lang='lat' dir='ltr'><strong>Et</strong></span> <span class='ocrx_word' id='word_1_339' title='bbox 3426 1881 3515 1936; x_wconf 90' lang='lat' dir='ltr'><strong>ille</strong></span> <span class='ocrx_word' id='word_1_340' title='bbox 3540 1881 3679 1938; x_wconf 80' lang='lat' dir='ltr'><strong>idibus</strong></span> 
     </span>
    </p>
   </div>
   <div class='ocr_carea' id='block_1_46' title="bbox 2101 1965 3759 2048">
    <p class='ocr_par' dir='ltr' id='par_1_46' title="bbox 2101 1965 3759 2048">
     <span class='ocr_line' id='line_1_46' title="bbox 2101 1965 3759 2048; baseline 0.001 -22"><span class='ocrx_word' id='word_1_341' title='bbox 2101 1971 2486 2028; x_wconf 72' lang='lat' dir='ltr'><strong>Decembribus</strong></span> <span class='ocrx_word' id='word_1_342' title='bbox 2526 1975 2734 2043; x_wconf 88' lang='lat' dir='ltr'><strong>sopitus</strong></span> <span class='ocrx_word' id='word_1_343' title='bbox 2765 1975 2998 2028; x_wconf 88' lang='lat' dir='ltr'><strong>animam</strong></span> <span class='ocrx_word' id='word_1_344' title='bbox 3035 1983 3345 2046; x_wconf 86' lang='lat' dir='ltr'><strong>receperat,</strong></span> <span class='ocrx_word' id='word_1_345' title='bbox 3379 1989 3482 2029; x_wconf 91' lang='lat' dir='ltr'><strong>nec</strong></span> <span class='ocrx_word' id='word_1_346' title='bbox 3534 1984 3675 2028; x_wconf 69' lang='lat' dir='ltr'><strong>tamen</strong></span> 
     </span>
    </p>
   </div>
   <div class='ocr_carea' id='block_1_47' title="bbox 2102 2065 3710 2134">
    <p class='ocr_par' dir='ltr' id='par_1_47' title="bbox 2102 2065 3710 2134">
     <span class='ocr_line' id='line_1_47' title="bbox 2102 2065 3710 2134; baseline 0.002 -14"><span class='ocrx_word' id='word_1_347' title='bbox 2102 2074 2290 2122; x_wconf 89' lang='lat' dir='ltr'><strong>totam.</strong></span> <span class='ocrx_word' id='word_1_348' title='bbox 2345 2065 2575 2120; x_wconf 89' lang='lat' dir='ltr'><strong>Demens</strong></span> <span class='ocrx_word' id='word_1_349' title='bbox 2631 2066 2773 2122; x_wconf 87' lang='lat' dir='ltr'><strong>enim</strong></span> <span class='ocrx_word' id='word_1_350' title='bbox 2825 2066 2999 2122; x_wconf 87' lang='lat' dir='ltr'><strong>lactus</strong></span> <span class='ocrx_word' id='word_1_351' title='bbox 3029 2076 3134 2134; x_wconf 80' lang='lat' dir='ltr'><strong>est,</strong></span> <span class='ocrx_word' id='word_1_352' title='bbox 3173 2068 3250 2124; x_wconf 84' lang='lat' dir='ltr'><strong>ita</strong></span> <span class='ocrx_word' id='word_1_353' title='bbox 3285 2075 3352 2122; x_wconf 84' lang='lat' dir='ltr'><strong>ut</strong></span> <span class='ocrx_word' id='word_1_354' title='bbox 3379 2067 3540 2122; x_wconf 88' lang='lat' dir='ltr'><strong>certis</strong></span> <span class='ocrx_word' id='word_1_355' title='bbox 3561 2067 3710 2124; x_wconf 71' lang='lat' dir='ltr'><strong>boris.</strong></span> 
     </span>
    </p>
   </div>
   <div class='ocr_carea' id='block_1_48' title="bbox 2114 2158 2983 2228">
    <p class='ocr_par' dir='ltr' id='par_1_48' title="bbox 2114 2158 2983 2228">
     <span class='ocr_line' id='line_1_48' title="bbox 2114 2158 2983 2228; baseline 0 -16"><span class='ocrx_word' id='word_1_356' title='bbox 2114 2159 2394 2224; x_wconf 76' lang='lat' dir='ltr'><strong>insaniret,</strong></span> <span class='ocrx_word' id='word_1_357' title='bbox 2423 2159 2587 2214; x_wconf 88' lang='lat' dir='ltr'><strong>certis</strong></span> <span class='ocrx_word' id='word_1_358' title='bbox 2619 2158 2983 2228; x_wconf 84' lang='lat' dir='ltr'><strong>resipisceret.</strong></span> 
     </span>
    </p>
   </div>
   <div class='ocr_carea' id='block_1_49' title="bbox 2814 2251 3065 2306">
    <p class='ocr_par' dir='ltr' id='par_1_49' title="bbox 2814 2251 3065 2306">
     <span class='ocr_line' id='line_1_49' title="bbox 2814 2251 3065 2306; baseline -0.004 0"><span class='ocrx_word' id='word_1_359' title='bbox 2814 2251 3002 2306; x_wconf 84' lang='lat' dir='ltr'><strong>XVIII.</strong></span> <span class='ocrx_word' id='word_1_360' title='bbox 3054 2256 3065 2286; x_wconf 48' lang='lat'><strong>&quot;-5</strong></span> 
     </span>
    </p>
   </div>
   <div class='ocr_carea' id='block_1_50' title="bbox 2181 2341 3678 2412">
    <p class='ocr_par' dir='ltr' id='par_1_50' title="bbox 2181 2341 3678 2412">
     <span class='ocr_line' id='line_1_50' title="bbox 2181 2341 3678 2412; baseline 0.002 -16"><span class='ocrx_word' id='word_1_361' title='bbox 2181 2341 2290 2397; x_wconf 88' lang='lat' dir='ltr'><strong>Nec</strong></span> <span class='ocrx_word' id='word_1_362' title='bbox 2335 2343 2516 2396; x_wconf 91' lang='lat' dir='ltr'><strong>multis</strong></span> <span class='ocrx_word' id='word_1_363' title='bbox 2567 2352 2687 2412; x_wconf 90' lang='lat' dir='ltr'><strong>post</strong></span> <span class='ocrx_word' id='word_1_364' title='bbox 2739 2341 2927 2398; x_wconf 77' lang='lat' dir='ltr'><strong>diebus</strong></span> <span class='ocrx_word' id='word_1_365' title='bbox 2971 2342 3153 2399; x_wconf 74' lang='lat' dir='ltr'><strong>Caesar</strong></span> <span class='ocrx_word' id='word_1_366' title='bbox 3199 2343 3451 2409; x_wconf 87' lang='lat' dir='ltr'><strong>advenit,</strong></span> <span class='ocrx_word' id='word_1_367' title='bbox 3505 2361 3597 2399; x_wconf 88' lang='lat' dir='ltr'><strong>non</strong></span> <span class='ocrx_word' id='word_1_368' title='bbox 3635 2355 3678 2399; x_wconf 92' lang='lat' dir='ltr'><strong>ut</strong></span> 
     </span>
    </p>
   </div>
   <div class='ocr_carea' id='block_1_51' title="bbox 2108 2435 3720 2511">
    <p class='ocr_par' dir='ltr' id='par_1_51' title="bbox 2108 2435 3720 2511">
     <span class='ocr_line' id='line_1_51' title="bbox 2108 2435 3720 2511; baseline 0.001 -19"><span class='ocrx_word' id='word_1_369' title='bbox 2108 2438 2248 2506; x_wconf 74' lang='lat' dir='ltr'><strong>patri</strong></span> <span class='ocrx_word' id='word_1_370' title='bbox 2277 2437 2657 2506; x_wconf 80' lang='lat' dir='ltr'><strong>gratularetur,</strong></span> <span class='ocrx_word' id='word_1_371' title='bbox 2700 2435 2793 2491; x_wconf 91' lang='lat' dir='ltr'><strong>sed</strong></span> <span class='ocrx_word' id='word_1_372' title='bbox 2837 2447 2895 2491; x_wconf 90' lang='lat' dir='ltr'><strong>ut</strong></span> <span class='ocrx_word' id='word_1_373' title='bbox 2923 2453 3044 2492; x_wconf 90' lang='lat' dir='ltr'><strong>eum</strong></span> <span class='ocrx_word' id='word_1_374' title='bbox 3092 2449 3319 2508; x_wconf 88' lang='lat' dir='ltr'><strong>cogeret</strong></span> <span class='ocrx_word' id='word_1_375' title='bbox 3359 2438 3577 2511; x_wconf 85' lang='lat' dir='ltr'><strong>imperia</strong></span> <span class='ocrx_word' id='word_1_376' title='bbox 3608 2453 3674 2493; x_wconf 72' lang='grc' dir='ltr'><strong>σε·</strong></span> <span class='ocrx_word' id='word_1_377' title='bbox 3699 2466 3720 2482; x_wconf 75' lang='grc' dir='ltr'><strong>ι</strong></span> 
     </span>
    </p>
   </div>
   <div class='ocr_carea' id='block_1_52' title="bbox 2106 2526 3673 2600">
    <p class='ocr_par' dir='ltr' id='par_1_52' title="bbox 2106 2526 3673 2600">
     <span class='ocr_line' id='line_1_52' title="bbox 2106 2526 3673 2600; baseline 0.001 -17"><span class='ocrx_word' id='word_1_378' title='bbox 2106 2528 2257 2583; x_wconf 82' lang='lat' dir='ltr'><strong>dere.</strong></span> <span class='ocrx_word' id='word_1_379' title='bbox 2292 2527 2408 2582; x_wconf 80' lang='lat' dir='ltr'><strong>Jam</strong></span> <span class='ocrx_word' id='word_1_380' title='bbox 2439 2529 2759 2582; x_wconf 77' lang='lat' dir='ltr'><strong>conﬂixerat</strong></span> <span class='ocrx_word' id='word_1_381' title='bbox 2786 2543 2960 2599; x_wconf 89' lang='lat' dir='ltr'><strong>nuper</strong></span> <span class='ocrx_word' id='word_1_382' title='bbox 2995 2526 3163 2600; x_wconf 88' lang='lat' dir='ltr'><strong>(cum)</strong></span> <span class='ocrx_word' id='word_1_383' title='bbox 3194 2529 3522 2583; x_wconf 78' lang='lat' dir='ltr'><strong>Maximiano</strong></span> <span class='ocrx_word' id='word_1_384' title='bbox 3555 2545 3673 2595; x_wconf 72' lang='lat' dir='ltr'><strong>SCIIC,</strong></span> 
     </span>
    </p>
   </div>
   <div class='ocr_carea' id='block_1_53' title="bbox 2109 2605 3671 2689">
    <p class='ocr_par' dir='ltr' id='par_1_53' title="bbox 2109 2605 3671 2689">
     <span class='ocr_line' id='line_1_53' title="bbox 2109 2605 3671 2689; baseline 0.001 -15"><span class='ocrx_word' id='word_1_385' title='bbox 2109 2631 2338 2689; x_wconf 83' lang='lat' dir='ltr'><strong>eumque</strong></span> <span class='ocrx_word' id='word_1_386' title='bbox 2391 2629 2650 2674; x_wconf 77' lang='lat' dir='ltr'><strong>terruerat</strong></span> <span class='ocrx_word' id='word_1_387' title='bbox 2695 2621 2895 2689; x_wconf 89' lang='lat' dir='ltr'><strong>injecto</strong></span> <span class='ocrx_word' id='word_1_388' title='bbox 2934 2605 3212 2676; x_wconf 78' lang='lat' dir='ltr'><strong>armorum</strong></span> <span class='ocrx_word' id='word_1_389' title='bbox 3257 2620 3501 2678; x_wconf 85' lang='lat' dir='ltr'><strong>civilium</strong></span> <span class='ocrx_word' id='word_1_390' title='bbox 3543 2633 3671 2676; x_wconf 75' lang='lat' dir='ltr'><strong>Illelll.</strong></span> 
     </span>
    </p>
   </div>
   <div class='ocr_carea' id='block_1_54' title="bbox 2111 2714 3675 2784">
    <p class='ocr_par' dir='ltr' id='par_1_54' title="bbox 2111 2714 3675 2784">
     <span class='ocr_line' id='line_1_54' title="bbox 2111 2714 3675 2784; baseline 0.001 -18"><span class='ocrx_word' id='word_1_391' title='bbox 2111 2714 2412 2783; x_wconf 74' lang='lat' dir='ltr'><strong>Aggressus</strong></span> <span class='ocrx_word' id='word_1_392' title='bbox 2453 2722 2538 2768; x_wconf 90' lang='lat' dir='ltr'><strong>est</strong></span> <span class='ocrx_word' id='word_1_393' title='bbox 2574 2729 2703 2783; x_wconf 84' lang='lat' dir='ltr'><strong>ergo</strong></span> <span class='ocrx_word' id='word_1_394' title='bbox 2748 2714 3163 2780; x_wconf 84' lang='lat' dir='ltr'><strong>Diocletianum,</strong></span> <span class='ocrx_word' id='word_1_395' title='bbox 3207 2715 3448 2784; x_wconf 83' lang='lat' dir='ltr'><strong>primum</strong></span> <span class='ocrx_word' id='word_1_396' title='bbox 3484 2715 3675 2769; x_wconf 78' lang='lat' dir='ltr'><strong>molliter</strong></span> 
     </span>
    </p>
   </div>
   <div class='ocr_carea' id='block_1_55' title="bbox 2113 2807 3675 2878">
    <p class='ocr_par' dir='ltr' id='par_1_55' title="bbox 2113 2807 3675 2878">
     <span class='ocr_line' id='line_1_55' title="bbox 2113 2807 3675 2878; baseline -0.002 -17"><span class='ocrx_word' id='word_1_397' title='bbox 2113 2816 2170 2861; x_wconf 77' lang='lat' dir='ltr'><strong>et</strong></span> <span class='ocrx_word' id='word_1_398' title='bbox 2210 2807 2402 2873; x_wconf 89' lang='lat' dir='ltr'><strong>amice,</strong></span> <span class='ocrx_word' id='word_1_399' title='bbox 2443 2807 2554 2877; x_wconf 89' lang='lat' dir='ltr'><strong>jam</strong></span> <span class='ocrx_word' id='word_1_400' title='bbox 2587 2822 2774 2862; x_wconf 87' lang='lat' dir='ltr'><strong>senem</strong></span> <span class='ocrx_word' id='word_1_401' title='bbox 2808 2821 2930 2864; x_wconf 90' lang='lat' dir='ltr'><strong>esse</strong></span> <span class='ocrx_word' id='word_1_402' title='bbox 2969 2807 3175 2875; x_wconf 88' lang='lat' dir='ltr'><strong>dicens,</strong></span> <span class='ocrx_word' id='word_1_403' title='bbox 3213 2808 3326 2878; x_wconf 84' lang='lat' dir='ltr'><strong>jam</strong></span> <span class='ocrx_word' id='word_1_404' title='bbox 3370 2809 3542 2863; x_wconf 89' lang='lat' dir='ltr'><strong>minus</strong></span> <span class='ocrx_word' id='word_1_405' title='bbox 3576 2807 3675 2861; x_wconf 76' lang='lat' dir='ltr'><strong>tali-</strong></span> 
     </span>
    </p>
   </div>
   <div class='ocr_carea' id='block_1_56' title="bbox 1728 2940 2368 2998">
    <p class='ocr_par' dir='ltr' id='par_1_56' title="bbox 1728 2940 2368 2998">
     <span class='ocr_line' id='line_1_56' title="bbox 1728 2940 2368 2998; baseline -0.003 -3"><span class='ocrx_word' id='word_1_406' title='bbox 1728 2941 2096 2998; x_wconf 80' lang='lat' dir='ltr'><strong>VARlORUM</strong></span> <span class='ocrx_word' id='word_1_407' title='bbox 2135 2940 2368 2996; x_wconf 67' lang='lat' dir='ltr'><strong>NOTAE.</strong></span> 
     </span>
    </p>
   </div>
   <div class='ocr_carea' id='block_1_57' title="bbox 398 3080 3303 3155">
    <p class='ocr_par' dir='ltr' id='par_1_57' title="bbox 398 3080 3303 3155">
     <span class='ocr_line' id='line_1_57' title="bbox 398 3080 3303 3155; baseline -0.001 -17"><span class='ocrx_word' id='word_1_408' title='bbox 398 3084 534 3155; x_wconf 90' lang='lat' dir='ltr'><strong>apud</strong></span> <span class='ocrx_word' id='word_1_409' title='bbox 559 3083 882 3154; x_wconf 67' lang='lat' dir='ltr'><strong>Gallonium,</strong></span> <span class='ocrx_word' id='word_1_410' title='bbox 915 3084 1008 3139; x_wconf 78' lang='lat' dir='ltr'><strong>lib.</strong></span> <span class='ocrx_word' id='word_1_411' title='bbox 1038 3085 1106 3138; x_wconf 87' lang='lat' dir='ltr'><strong>de</strong></span> <span class='ocrx_word' id='word_1_412' title='bbox 1133 3084 1476 3137; x_wconf 82' lang='lat' dir='ltr'><strong>Cruciatibus</strong></span> <span class='ocrx_word' id='word_1_413' title='bbox 1503 3091 1796 3154; x_wconf 81' lang='lat' dir='ltr'><strong>martyrum</strong></span> <span class='ocrx_word' id='word_1_414' title='bbox 1817 3125 1830 3149; x_wconf 95' lang='lat'><strong>,</strong></span> <span class='ocrx_word' id='word_1_415' title='bbox 1860 3097 1912 3136; x_wconf 92' lang='lat' dir='ltr'><strong>c.</strong></span> <span class='ocrx_word' id='word_1_416' title='bbox 1942 3084 1996 3150; x_wconf 86' lang='lat'><strong>5,</strong></span> <span class='ocrx_word' id='word_1_417' title='bbox 2025 3080 2072 3150; x_wconf 84' lang='lat' dir='ltr'>C</span> <span class='ocrx_word' id='word_1_418' title='bbox 2105 3081 2395 3155; x_wconf 68' lang='lat' dir='ltr'><strong>fecerimus,</strong></span> <span class='ocrx_word' id='word_1_419' title='bbox 2431 3081 2602 3155; x_wconf 34' lang='lat' dir='ltr'><strong>libstv</strong></span> <span class='ocrx_word' id='word_1_420' title='bbox 2633 3081 2816 3135; x_wconf 85' lang='lat' dir='ltr'><strong>Divin.</strong></span> <span class='ocrx_word' id='word_1_421' title='bbox 2850 3081 3043 3155; x_wconf 73' lang='lat' dir='ltr'><strong>lnstit._,</strong></span> <span class='ocrx_word' id='word_1_422' title='bbox 3064 3096 3189 3155; x_wconf 75' lang='lat' dir='ltr'><strong>cap.</strong></span> <span class='ocrx_word' id='word_1_423' title='bbox 3215 3082 3303 3155; x_wconf 81' lang='lat'><strong>17.</strong></span> 
     </span>
    </p>
   </div>
   <div class='ocr_carea' id='block_1_58' title="bbox 398 3155 1578 3226">
    <p class='ocr_par' dir='ltr' id='par_1_58' title="bbox 398 3155 1578 3226">
     <span class='ocr_line' id='line_1_58' title="bbox 398 3155 1578 3226; baseline -0.002 -16"><span class='ocrx_word' id='word_1_424' title='bbox 398 3167 559 3225; x_wconf 88' lang='lat' dir='ltr'><strong>atque</strong></span> <span class='ocrx_word' id='word_1_425' title='bbox 589 3156 723 3210; x_wconf 84' lang='lat' dir='ltr'><strong>alios</strong></span> <span class='ocrx_word' id='word_1_426' title='bbox 751 3158 847 3225; x_wconf 82' lang='lat' dir='ltr'><strong>qui</strong></span> <span class='ocrx_word' id='word_1_427' title='bbox 879 3155 946 3208; x_wconf 78' lang='lat' dir='ltr'><strong>de</strong></span> <span class='ocrx_word' id='word_1_428' title='bbox 975 3155 1302 3225; x_wconf 82' lang='lat' dir='ltr'><strong>martyribus</strong></span> <span class='ocrx_word' id='word_1_429' title='bbox 1330 3166 1578 3226; x_wconf 85' lang='lat' dir='ltr'><strong>egerunt.</strong></span> 
     </span>
    </p>
   </div>
   <div class='ocr_carea' id='block_1_59' title="bbox 475 3224 2001 3294">
    <p class='ocr_par' dir='ltr' id='par_1_59' title="bbox 475 3224 2001 3294">
     <span class='ocr_line' id='line_1_59' title="bbox 475 3224 2001 3294; baseline 0 -13"><span class='ocrx_word' id='word_1_430' title='bbox 475 3224 588 3281; x_wconf 83' lang='lat' dir='ltr'><strong>Hoc</strong></span> <span class='ocrx_word' id='word_1_431' title='bbox 610 3237 704 3290; x_wconf 86' lang='lat' dir='ltr'><strong>est,</strong></span> <span class='ocrx_word' id='word_1_432' title='bbox 733 3224 942 3280; x_wconf 85' lang='lat' dir='ltr'><strong>militem</strong></span> <span class='ocrx_word' id='word_1_433' title='bbox 961 3224 1168 3279; x_wconf 73' lang='lat' dir='ltr'><strong>Christi.</strong></span> <span class='ocrx_word' id='word_1_434' title='bbox 1194 3227 1263 3279; x_wconf 83' lang='lat' dir='ltr'><strong>Ita</strong></span> <span class='ocrx_word' id='word_1_435' title='bbox 1293 3224 1391 3279; x_wconf 46' lang='lat' dir='ltr'><strong>ms‘.</strong></span> <span class='ocrx_word' id='word_1_436' title='bbox 1422 3226 1537 3280; x_wconf 72' lang='lat' dir='ltr'><strong>Mox</strong></span> <span class='ocrx_word' id='word_1_437' title='bbox 1571 3226 1867 3294; x_wconf 70' lang='lat' dir='ltr'><strong>praecessit,</strong></span> <span class='ocrx_word' id='word_1_438' title='bbox 1887 3224 2001 3282; x_wconf 85' lang='lat' dir='ltr'><strong>Hoc</strong></span> 
     </span>
    </p>
   </div>
   <div class='ocr_carea' id='block_1_60' title="bbox 399 3296 2000 3367">
    <p class='ocr_par' dir='ltr' id='par_1_60' title="bbox 399 3296 2000 3367">
     <span class='ocr_line' id='line_1_60' title="bbox 399 3296 2000 3367; baseline 0.001 -13"><span class='ocrx_word' id='word_1_439' title='bbox 399 3309 598 3354; x_wconf 81' lang='lat' dir='ltr'><strong>estesse</strong></span> <span class='ocrx_word' id='word_1_440' title='bbox 619 3296 934 3367; x_wconf 74' lang='lat' dir='ltr'><strong>discipulum</strong></span> <span class='ocrx_word' id='word_1_441' title='bbox 959 3297 1088 3350; x_wconf 87' lang='lat' dir='ltr'><strong>Dei:</strong></span> <span class='ocrx_word' id='word_1_442' title='bbox 1109 3299 1196 3352; x_wconf 88' lang='lat' dir='ltr'><strong>hic</strong></span> <span class='ocrx_word' id='word_1_443' title='bbox 1229 3313 1347 3367; x_wconf 91' lang='lat' dir='ltr'><strong>pro,</strong></span> <span class='ocrx_word' id='word_1_444' title='bbox 1379 3307 1474 3362; x_wconf 81' lang='lat' dir='ltr'><strong>est,</strong></span> <span class='ocrx_word' id='word_1_445' title='bbox 1506 3297 1722 3351; x_wconf 81' lang='lat' dir='ltr'><strong>mallem</strong></span> <span class='ocrx_word' id='word_1_446' title='bbox 1753 3312 1895 3361; x_wconf 81' lang='lat' dir='ltr'><strong>esse;</strong></span> <span class='ocrx_word' id='word_1_447' title='bbox 1917 3301 2000 3355; x_wconf 91' lang='lat' dir='ltr'><strong>vel</strong></span> 
     </span>
    </p>
   </div>
   <div class='ocr_carea' id='block_1_61' title="bbox 402 3371 962 3439">
    <p class='ocr_par' dir='ltr' id='par_1_61' title="bbox 402 3371 962 3439">
     <span class='ocr_line' id='line_1_61' title="bbox 402 3371 962 3439; baseline -0.011 -14"><span class='ocrx_word' id='word_1_448' title='bbox 402 3374 598 3439; x_wconf 86' lang='lat' dir='ltr'><strong>repeti.</strong></span> <span class='ocrx_word' id='word_1_449' title='bbox 628 3371 721 3422; x_wconf 76' lang='lat' dir='ltr'><strong>hoc</strong></span> <span class='ocrx_word' id='word_1_450' title='bbox 744 3379 814 3422; x_wconf 82' lang='lat' dir='ltr'><strong>est</strong></span> <span class='ocrx_word' id='word_1_451' title='bbox 836 3385 962 3422; x_wconf 83' lang='lat' dir='ltr'><strong>esse.</strong></span> 
     </span>
    </p>
   </div>
   <div class='ocr_carea' id='block_1_62' title="bbox 480 3439 2000 3508">
    <p class='ocr_par' dir='ltr' id='par_1_62' title="bbox 480 3439 2000 3508">
     <span class='ocr_line' id='line_1_62' title="bbox 480 3439 2000 3508; baseline 0.001 -15"><span class='ocrx_word' id='word_1_452' title='bbox 480 3439 668 3494; x_wconf 78' lang='lat' dir='ltr'><strong>Nullus</strong></span> <span class='ocrx_word' id='word_1_453' title='bbox 699 3443 908 3508; x_wconf 64' lang='lat' dir='ltr'><strong>lmﬁteus</strong></span> <span class='ocrx_word' id='word_1_454' title='bbox 955 3439 1181 3493; x_wconf 75' lang='lat' dir='ltr'><strong>indurat.</strong></span> <span class='ocrx_word' id='word_1_455' title='bbox 1243 3439 1444 3493; x_wconf 85' lang='lat' dir='ltr'><strong>Eadem</strong></span> <span class='ocrx_word' id='word_1_456' title='bbox 1493 3450 1576 3492; x_wconf 90' lang='lat' dir='ltr'><strong>est</strong></span> <span class='ocrx_word' id='word_1_457' title='bbox 1623 3439 1823 3492; x_wconf 87' lang='lat' dir='ltr'><strong>locutio</strong></span> <span class='ocrx_word' id='word_1_458' title='bbox 1861 3441 2000 3508; x_wconf 87' lang='lat' dir='ltr'><strong>apud</strong></span> 
     </span>
    </p>
   </div>
   <div class='ocr_carea' id='block_1_63' title="bbox 400 3511 1999 3580">
    <p class='ocr_par' dir='ltr' id='par_1_63' title="bbox 400 3511 1999 3580">
     <span class='ocr_line' id='line_1_63' title="bbox 400 3511 1999 3580; baseline -0.001 -13"><span class='ocrx_word' id='word_1_459' title='bbox 400 3512 738 3567; x_wconf 85' lang='lat' dir='ltr'><strong>Lactantium</strong></span> <span class='ocrx_word' id='word_1_460' title='bbox 769 3512 884 3563; x_wconf 93' lang='lat' dir='ltr'><strong>Div.</strong></span> <span class='ocrx_word' id='word_1_461' title='bbox 912 3511 1084 3565; x_wconf 86' lang='lat' dir='ltr'><strong>Instit.</strong></span> <span class='ocrx_word' id='word_1_462' title='bbox 1113 3513 1203 3563; x_wconf 80' lang='lat' dir='ltr'><strong>lib.</strong></span> <span class='ocrx_word' id='word_1_463' title='bbox 1235 3527 1306 3572; x_wconf 80' lang='lat' dir='ltr'><strong>vr,</strong></span> <span class='ocrx_word' id='word_1_464' title='bbox 1333 3527 1454 3580; x_wconf 85' lang='lat' dir='ltr'><strong>cap.</strong></span> <span class='ocrx_word' id='word_1_465' title='bbox 1479 3511 1570 3576; x_wconf 63' lang='grc' dir='ltr'><strong>Ἡ,</strong></span> <span class='ocrx_word' id='word_1_466' title='bbox 1599 3519 1716 3579; x_wconf 87' lang='lat' dir='ltr'><strong>post</strong></span> <span class='ocrx_word' id='word_1_467' title='bbox 1741 3513 1999 3580; x_wconf 75' lang='lat' dir='ltr'><strong>ttiedium,</strong></span> 
     </span>
    </p>
   </div>
   <div class='ocr_carea' id='block_1_64' title="bbox 400 3583 1340 3646">
    <p class='ocr_par' dir='ltr' id='par_1_64' title="bbox 400 3583 1340 3646">
     <span class='ocr_line' id='line_1_64' title="bbox 400 3583 1340 3646; baseline 0 -8"><span class='ocrx_word' id='word_1_468' title='bbox 400 3585 456 3638; x_wconf 85' lang='lat' dir='ltr'><strong>in</strong></span> <span class='ocrx_word' id='word_1_469' title='bbox 478 3583 682 3636; x_wconf 74' lang='lat' dir='ltr'><strong>eosdem</strong></span> <span class='ocrx_word' id='word_1_470' title='bbox 713 3597 948 3646; x_wconf 68' lang='lat' dir='ltr'><strong>mortuos</strong></span> <span class='ocrx_word' id='word_1_471' title='bbox 978 3597 1340 3638; x_wconf 64' lang='lat' dir='ltr'><strong>INDIYCANTUR.</strong></span> 
     </span>
    </p>
   </div>
   <div class='ocr_carea' id='block_1_65' title="bbox 476 3648 2000 3724">
    <p class='ocr_par' dir='ltr' id='par_1_65' title="bbox 476 3648 2000 3724">
     <span class='ocr_line' id='line_1_65' title="bbox 476 3648 2000 3724; baseline -0.002 -18"><span class='ocrx_word' id='word_1_472' title='bbox 476 3653 700 3708; x_wconf 81' lang='lat' dir='ltr'><strong>Domini.</strong></span> <span class='ocrx_word' id='word_1_473' title='bbox 735 3654 824 3710; x_wconf 84' lang='lat' dir='ltr'><strong>Sic</strong></span> <span class='ocrx_word' id='word_1_474' title='bbox 851 3655 902 3708; x_wconf 91' lang='lat' dir='ltr'><strong>in</strong></span> <span class='ocrx_word' id='word_1_475' title='bbox 931 3669 1035 3707; x_wconf 88' lang='lat' dir='ltr'><strong>ms.</strong></span> <span class='ocrx_word' id='word_1_476' title='bbox 1073 3653 1216 3722; x_wconf 85' lang='lat' dir='ltr'><strong>Dui;</strong></span> <span class='ocrx_word' id='word_1_477' title='bbox 1254 3653 1470 3724; x_wconf 88' lang='lat' dir='ltr'><strong>quando</strong></span> <span class='ocrx_word' id='word_1_478' title='bbox 1488 3668 1674 3708; x_wconf 77' lang='lat' dir='ltr'><strong>verum</strong></span> <span class='ocrx_word' id='word_1_479' title='bbox 1705 3648 1778 3708; x_wconf 76' lang='lat' dir='ltr'><strong>ibi</strong></span> <span class='ocrx_word' id='word_1_480' title='bbox 1799 3663 2000 3724; x_wconf 63' lang='lat' dir='ltr'><strong>beaten</strong></span> 
     </span>
    </p>
   </div>
   <div class='ocr_carea' id='block_1_66' title="bbox 402 3720 2004 3795">
    <p class='ocr_par' dir='ltr' id='par_1_66' title="bbox 402 3720 2004 3795">
     <span class='ocr_line' id='line_1_66' title="bbox 402 3720 2004 3795; baseline -0.001 -15"><span class='ocrx_word' id='word_1_481' title='bbox 402 3725 498 3780; x_wconf 89' lang='lat' dir='ltr'><strong>Dei</strong></span> <span class='ocrx_word' id='word_1_482' title='bbox 543 3727 811 3789; x_wconf 83' lang='lat' dir='ltr'><strong>scribitur,</strong></span> <span class='ocrx_word' id='word_1_483' title='bbox 848 3725 913 3778; x_wconf 88' lang='lat' dir='ltr'><strong>Di</strong></span> <span class='ocrx_word' id='word_1_484' title='bbox 953 3725 1030 3779; x_wconf 90' lang='lat' dir='ltr'><strong>sic</strong></span> <span class='ocrx_word' id='word_1_485' title='bbox 1063 3720 1288 3795; x_wconf 51' lang='lat' dir='ltr'><strong>legitur:</strong></span> <span class='ocrx_word' id='word_1_486' title='bbox 1311 3725 1506 3780; x_wconf 69' lang='lat' dir='ltr'><strong>Cazteri</strong></span> <span class='ocrx_word' id='word_1_487' title='bbox 1538 3735 1714 3779; x_wconf 87' lang='lat' dir='ltr'><strong>tamen</strong></span> <span class='ocrx_word' id='word_1_488' title='bbox 1745 3721 1874 3778; x_wconf 76' lang='lat' dir='ltr'><strong>editi</strong></span> <span class='ocrx_word' id='word_1_489' title='bbox 1907 3720 2004 3772; x_wconf 71' lang='lat' dir='ltr'><strong>ha—</strong></span> 
     </span>
    </p>
   </div>
   <div class='ocr_carea' id='block_1_67' title="bbox 401 3795 1189 3852">
    <p class='ocr_par' dir='ltr' id='par_1_67' title="bbox 401 3795 1189 3852">
     <span class='ocr_line' id='line_1_67' title="bbox 401 3795 1189 3852; baseline 0 0"><span class='ocrx_word' id='word_1_490' title='bbox 401 3797 528 3852; x_wconf 87' lang='lat' dir='ltr'><strong>bent</strong></span> <span class='ocrx_word' id='word_1_491' title='bbox 553 3795 648 3850; x_wconf 86' lang='lat' dir='ltr'><strong>Dei</strong></span> <span class='ocrx_word' id='word_1_492' title='bbox 678 3809 864 3851; x_wconf 86' lang='lat' dir='ltr'><strong>contra</strong></span> <span class='ocrx_word' id='word_1_493' title='bbox 898 3796 1057 3851; x_wconf 77' lang='lat' dir='ltr'><strong>[idem</strong></span> <span class='ocrx_word' id='word_1_494' title='bbox 1087 3813 1189 3852; x_wconf 77' lang='lat' dir='ltr'><strong>ius.</strong></span> 
     </span>
    </p>
   </div>
   <div class='ocr_carea' id='block_1_68' title="bbox 473 3867 1296 3924">
    <p class='ocr_par' dir='ltr' id='par_1_68' title="bbox 473 3867 1296 3924">
     <span class='ocr_line' id='line_1_68' title="bbox 473 3867 1296 3924; baseline 0 -4"><span class='ocrx_word' id='word_1_495' title='bbox 473 3867 797 3922; x_wconf 77' lang='lat' dir='ltr'><strong>Diocletiani.</strong></span> <span class='ocrx_word' id='word_1_496' title='bbox 863 3867 954 3924; x_wconf 84' lang='lat' dir='ltr'><strong>Sic</strong></span> <span class='ocrx_word' id='word_1_497' title='bbox 1011 3883 1116 3921; x_wconf 81' lang='lat' dir='ltr'><strong>ms.</strong></span> <span class='ocrx_word' id='word_1_498' title='bbox 1165 3869 1296 3922; x_wconf 83' lang='lat' dir='ltr'><strong>editi</strong></span> 
     </span>
    </p>
   </div>
   <div class='ocr_carea' id='block_1_69' title="bbox 411 3941 602 3993">
    <p class='ocr_par' dir='ltr' id='par_1_69' title="bbox 411 3941 602 3993">
     <span class='ocr_line' id='line_1_69' title="bbox 411 3941 602 3993; baseline -0.01 0"><span class='ocrx_word' id='word_1_499' title='bbox 411 3941 602 3993; x_wconf 79' lang='lat' dir='ltr'><strong>tiarius.</strong></span> 
     </span>
    </p>
   </div>
   <div class='ocr_carea' id='block_1_70' title="bbox 488 4007 2002 4077">
    <p class='ocr_par' dir='ltr' id='par_1_70' title="bbox 488 4007 2002 4077">
     <span class='ocr_line' id='line_1_70' title="bbox 488 4007 2002 4077; baseline 0.001 -19"><span class='ocrx_word' id='word_1_500' title='bbox 488 4009 892 4063; x_wconf 82' lang='lat' dir='ltr'><strong>Vinceuualium.</strong></span> <span class='ocrx_word' id='word_1_501' title='bbox 919 4008 1108 4076; x_wconf 80' lang='lat' dir='ltr'><strong>Magno</strong></span> <span class='ocrx_word' id='word_1_502' title='bbox 1123 4019 1339 4076; x_wconf 88' lang='lat' dir='ltr'><strong>sumptu</strong></span> <span class='ocrx_word' id='word_1_503' title='bbox 1362 4008 1785 4077; x_wconf 73' lang='lat' dir='ltr'><strong>quinquennalia,</strong></span> <span class='ocrx_word' id='word_1_504' title='bbox 1821 4007 2002 4060; x_wconf 77' lang='lat' dir='ltr'><strong>decen-</strong></span> 
     </span>
    </p>
   </div>
   <div class='ocr_carea' id='block_1_71' title="bbox 403 4079 1660 4148">
    <p class='ocr_par' dir='ltr' id='par_1_71' title="bbox 403 4079 1660 4148">
     <span class='ocr_line' id='line_1_71' title="bbox 403 4079 1660 4148; baseline -0.003 -14"><span class='ocrx_word' id='word_1_505' title='bbox 403 4081 570 4143; x_wconf 83' lang='lat' dir='ltr'><strong>nalia,</strong></span> <span class='ocrx_word' id='word_1_506' title='bbox 593 4080 876 4133; x_wconf 76' lang='lat' dir='ltr'><strong>vit-enuntio</strong></span> <span class='ocrx_word' id='word_1_507' title='bbox 905 4079 1250 4133; x_wconf 84' lang='lat' dir='ltr'><strong>celebrabant</strong></span> <span class='ocrx_word' id='word_1_508' title='bbox 1280 4080 1660 4148; x_wconf 68' lang='lat' dir='ltr'><strong>Imperatores.</strong></span> 
     </span>
    </p>
   </div>
   <div class='ocr_carea' id='block_1_72' title="bbox 476 4143 2002 4220">
    <p class='ocr_par' dir='ltr' id='par_1_72' title="bbox 476 4143 2002 4220">
     <span class='ocr_line' id='line_1_72' title="bbox 476 4143 2002 4220; baseline -0.003 -16"><span class='ocrx_word' id='word_1_509' title='bbox 476 4150 604 4204; x_wconf 85' lang='lat' dir='ltr'><strong>Cum</strong></span> <span class='ocrx_word' id='word_1_510' title='bbox 627 4151 906 4204; x_wconf 77' lang='lat' dir='ltr'><strong>libertatem</strong></span> <span class='ocrx_word' id='word_1_511' title='bbox 927 4150 1106 4220; x_wconf 82' lang='lat' dir='ltr'><strong>populi</strong></span> <span class='ocrx_word' id='word_1_512' title='bbox 1131 4143 1373 4202; x_wconf 46' lang='lat' dir='ltr'><strong>Romt&#39;rni&#39;</strong></span> <span class='ocrx_word' id='word_1_513' title='bbox 1387 4153 1518 4219; x_wconf 73' lang='lat' dir='ltr'><strong>ferre</strong></span> <span class='ocrx_word' id='word_1_514' title='bbox 1537 4166 1639 4203; x_wconf 81' lang='lat' dir='ltr'><strong>non</strong></span> <span class='ocrx_word' id='word_1_515' title='bbox 1665 4159 1876 4217; x_wconf 78' lang='lat' dir='ltr'><strong>poterat.</strong></span> <span class='ocrx_word' id='word_1_516' title='bbox 1907 4149 2002 4206; x_wconf 86' lang='lat' dir='ltr'><strong>Hic</strong></span> 
     </span>
    </p>
   </div>
   <div class='ocr_carea' id='block_1_73' title="bbox 405 4222 2002 4291">
    <p class='ocr_par' dir='ltr' id='par_1_73' title="bbox 405 4222 2002 4291">
     <span class='ocr_line' id='line_1_73' title="bbox 405 4222 2002 4291; baseline 0 -16"><span class='ocrx_word' id='word_1_517' title='bbox 405 4237 523 4275; x_wconf 84' lang='lat' dir='ltr'><strong>cum</strong></span> <span class='ocrx_word' id='word_1_518' title='bbox 543 4232 626 4276; x_wconf 82' lang='lat' dir='ltr'><strong>est</strong></span> <span class='ocrx_word' id='word_1_519' title='bbox 654 4237 750 4290; x_wconf 86' lang='lat' dir='ltr'><strong>pro</strong></span> <span class='ocrx_word' id='word_1_520' title='bbox 776 4224 1050 4291; x_wconf 78' lang='lat' dir='ltr'><strong>quoniam;</strong></span> <span class='ocrx_word' id='word_1_521' title='bbox 1094 4223 1322 4286; x_wconf 82' lang='lat' dir='ltr'><strong>ideoque</strong></span> <span class='ocrx_word' id='word_1_522' title='bbox 1377 4238 1481 4274; x_wconf 86' lang='lat' dir='ltr'><strong>non</strong></span> <span class='ocrx_word' id='word_1_523' title='bbox 1535 4223 1668 4290; x_wconf 82' lang='lat' dir='ltr'><strong>regit</strong></span> <span class='ocrx_word' id='word_1_524' title='bbox 1714 4222 2002 4290; x_wconf 86' lang='lat' dir='ltr'><strong>subjuncti-</strong></span> 
     </span>
    </p>
   </div>
   <div class='ocr_carea' id='block_1_74' title="bbox 405 4292 1649 4356">
    <p class='ocr_par' dir='ltr' id='par_1_74' title="bbox 405 4292 1649 4356">
     <span class='ocr_line' id='line_1_74' title="bbox 405 4292 1649 4356; baseline -0.003 -8"><span class='ocrx_word' id='word_1_525' title='bbox 405 4310 550 4348; x_wconf 89' lang='lat' dir='ltr'><strong>vum.</strong></span> <span class='ocrx_word' id='word_1_526' title='bbox 585 4292 889 4347; x_wconf 80' lang='lat' dir='ltr'><strong>Libertatem</strong></span> <span class='ocrx_word' id='word_1_527' title='bbox 917 4293 1008 4346; x_wconf 89' lang='lat' dir='ltr'><strong>:in</strong></span> <span class='ocrx_word' id='word_1_528' title='bbox 1043 4309 1169 4353; x_wconf 86' lang='lat' dir='ltr'><strong>ms.,</strong></span> <span class='ocrx_word' id='word_1_529' title='bbox 1203 4293 1465 4356; x_wconf 82' lang='lat' dir='ltr'><strong>libertate;</strong></span> <span class='ocrx_word' id='word_1_530' title='bbox 1491 4294 1649 4346; x_wconf 88' lang='lat' dir='ltr'><strong>male.</strong></span> 
     </span>
    </p>
   </div>
   <div class='ocr_carea' id='block_1_75' title="bbox 481 4362 2001 4433">
    <p class='ocr_par' dir='ltr' id='par_1_75' title="bbox 481 4362 2001 4433">
     <span class='ocr_line' id='line_1_75' title="bbox 481 4362 2001 4433; baseline -0.001 -15"><span class='ocrx_word' id='word_1_531' title='bbox 481 4363 720 4418; x_wconf 76' lang='lat' dir='ltr'><strong>Morbum</strong></span> <span class='ocrx_word' id='word_1_532' title='bbox 742 4366 917 4429; x_wconf 80' lang='lat' dir='ltr'><strong>levem,</strong></span> <span class='ocrx_word' id='word_1_533' title='bbox 942 4375 993 4416; x_wconf 88' lang='lat' dir='ltr'><strong>at</strong></span> <span class='ocrx_word' id='word_1_534' title='bbox 1018 4374 1317 4433; x_wconf 74' lang='lat' dir='ltr'><strong>perpetuum</strong></span> <span class='ocrx_word' id='word_1_535' title='bbox 1356 4366 1526 4417; x_wconf 71' lang='lat' dir='ltr'><strong>traxit.</strong></span> <span class='ocrx_word' id='word_1_536' title='bbox 1554 4364 1685 4417; x_wconf 70' lang='lat' dir='ltr'><strong>Cum</strong></span> <span class='ocrx_word' id='word_1_537' title='bbox 1718 4363 1843 4418; x_wconf 88' lang='lat' dir='ltr'><strong>viris</strong></span> <span class='ocrx_word' id='word_1_538' title='bbox 1868 4362 2001 4416; x_wconf 64' lang='lat' dir='ltr'><strong>duco</strong></span> 
     </span>
    </p>
   </div>
   <div class='ocr_carea' id='block_1_76' title="bbox 407 4434 1999 4504">
    <p class='ocr_par' dir='ltr' id='par_1_76' title="bbox 407 4434 1999 4504">
     <span class='ocr_line' id='line_1_76' title="bbox 407 4434 1999 4504; baseline -0.003 -13"><span class='ocrx_word' id='word_1_539' title='bbox 407 4437 475 4491; x_wconf 89' lang='lat' dir='ltr'><strong>tis</strong></span> <span class='ocrx_word' id='word_1_540' title='bbox 507 4437 710 4490; x_wconf 88' lang='lat' dir='ltr'><strong>criticis</strong></span> <span class='ocrx_word' id='word_1_541' title='bbox 762 4452 880 4504; x_wconf 86' lang='lat' dir='ltr'><strong>pro,</strong></span> <span class='ocrx_word' id='word_1_542' title='bbox 922 4452 1003 4498; x_wconf 80' lang='lat' dir='ltr'><strong>ac,</strong></span> <span class='ocrx_word' id='word_1_543' title='bbox 1054 4434 1196 4504; x_wconf 84' lang='lat' dir='ltr'><strong>quod</strong></span> <span class='ocrx_word' id='word_1_544' title='bbox 1226 4444 1308 4488; x_wconf 89' lang='lat' dir='ltr'><strong>est</strong></span> <span class='ocrx_word' id='word_1_545' title='bbox 1340 4437 1390 4487; x_wconf 88' lang='lat' dir='ltr'><strong>in</strong></span> <span class='ocrx_word' id='word_1_546' title='bbox 1424 4451 1550 4489; x_wconf 89' lang='lat' dir='ltr'><strong>mss.</strong></span> <span class='ocrx_word' id='word_1_547' title='bbox 1585 4436 1703 4504; x_wconf 78' lang='lat' dir='ltr'><strong>lego</strong></span> <span class='ocrx_word' id='word_1_548' title='bbox 1740 4446 1790 4487; x_wconf 88' lang='lat' dir='ltr'><strong>at</strong></span> <span class='ocrx_word' id='word_1_549' title='bbox 1825 4435 1999 4498; x_wconf 62' lang='lat' dir='ltr'><strong>traxit,</strong></span> 
     </span>
    </p>
   </div>
   <div class='ocr_carea' id='block_1_77' title="bbox 405 4506 1998 4576">
    <p class='ocr_par' dir='ltr' id='par_1_77' title="bbox 405 4506 1998 4576">
     <span class='ocr_line' id='line_1_77' title="bbox 405 4506 1998 4576; baseline -0.002 -14"><span class='ocrx_word' id='word_1_550' title='bbox 405 4515 489 4562; x_wconf 81' lang='lat' dir='ltr'><strong>est</strong></span> <span class='ocrx_word' id='word_1_551' title='bbox 516 4522 615 4576; x_wconf 78' lang='lat' dir='ltr'><strong>pro</strong></span> <span class='ocrx_word' id='word_1_552' title='bbox 641 4509 916 4560; x_wconf 71' lang='lat' dir='ltr'><strong>contraxit.</strong></span> <span class='ocrx_word' id='word_1_553' title='bbox 947 4506 1178 4560; x_wconf 83' lang='lat' dir='ltr'><strong>Verbum</strong></span> <span class='ocrx_word' id='word_1_554' title='bbox 1207 4507 1428 4574; x_wconf 79' lang='lat' dir='ltr'><strong>simplex</strong></span> <span class='ocrx_word' id='word_1_555' title='bbox 1462 4522 1557 4576; x_wconf 82' lang='lat' dir='ltr'><strong>pro</strong></span> <span class='ocrx_word' id='word_1_556' title='bbox 1578 4508 1911 4574; x_wconf 83' lang='lat' dir='ltr'><strong>composito;</strong></span> <span class='ocrx_word' id='word_1_557' title='bbox 1944 4516 1998 4559; x_wconf 89' lang='lat' dir='ltr'><strong>ut</strong></span> 
     </span>
    </p>
   </div>
   <div class='ocr_carea' id='block_1_78' title="bbox 405 4577 899 4634">
    <p class='ocr_par' dir='ltr' id='par_1_78' title="bbox 405 4577 899 4634">
     <span class='ocr_line' id='line_1_78' title="bbox 405 4577 899 4634; baseline -0.004 -1"><span class='ocrx_word' id='word_1_558' title='bbox 405 4579 543 4634; x_wconf 88' lang='lat' dir='ltr'><strong>solet</strong></span> <span class='ocrx_word' id='word_1_559' title='bbox 571 4577 899 4632; x_wconf 78' lang='lat' dir='ltr'><strong>Lactantius.</strong></span> 
     </span>
    </p>
   </div>
   <div class='ocr_carea' id='block_1_79' title="bbox 474 4648 1996 4718">
    <p class='ocr_par' dir='ltr' id='par_1_79' title="bbox 474 4648 1996 4718">
     <span class='ocr_line' id='line_1_79' title="bbox 474 4648 1996 4718; baseline 0.001 -17"><span class='ocrx_word' id='word_1_560' title='bbox 474 4649 572 4702; x_wconf 87' lang='lat' dir='ltr'><strong>Per</strong></span> <span class='ocrx_word' id='word_1_561' title='bbox 591 4650 865 4703; x_wconf 78' lang='lat' dir='ltr'><strong>circuitum</strong></span> <span class='ocrx_word' id='word_1_562' title='bbox 905 4651 1034 4714; x_wconf 67' lang='lat' dir='ltr'><strong>ripa:</strong></span> <span class='ocrx_word' id='word_1_563' title='bbox 1079 4648 1294 4704; x_wconf 63' lang='lat' dir='ltr'><strong>[stricta</strong></span> <span class='ocrx_word' id='word_1_564' title='bbox 1336 4648 1394 4702; x_wconf 88' lang='lat' dir='ltr'><strong>In</strong></span> <span class='ocrx_word' id='word_1_565' title='bbox 1451 4663 1574 4712; x_wconf 89' lang='lat' dir='ltr'><strong>ms.,</strong></span> <span class='ocrx_word' id='word_1_566' title='bbox 1613 4650 1744 4717; x_wconf 78' lang='lat' dir='ltr'><strong>ripa:</strong></span> <span class='ocrx_word' id='word_1_567' title='bbox 1789 4648 1996 4718; x_wconf 75' lang='lat' dir='ltr'><strong>Strigte.</strong></span> 
     </span>
    </p>
   </div>
   <div class='ocr_carea' id='block_1_80' title="bbox 330 4719 2000 4789">
    <p class='ocr_par' dir='ltr' id='par_1_80' title="bbox 330 4719 2000 4789">
     <span class='ocr_line' id='line_1_80' title="bbox 330 4719 2000 4789; baseline -0.001 -15"><span class='ocrx_word' id='word_1_568' title='bbox 330 4765 331 4768; x_wconf 55' lang='grc' dir='ltr'><strong>η</strong></span> <span class='ocrx_word' id='word_1_569' title='bbox 405 4721 554 4774; x_wconf 85' lang='lat' dir='ltr'><strong>Mulli</strong></span> <span class='ocrx_word' id='word_1_570' title='bbox 578 4722 672 4773; x_wconf 91' lang='lat' dir='ltr'><strong>viri</strong></span> <span class='ocrx_word' id='word_1_571' title='bbox 732 4719 878 4773; x_wconf 88' lang='lat' dir='ltr'><strong>docti</strong></span> <span class='ocrx_word' id='word_1_572' title='bbox 936 4720 1187 4774; x_wconf 76' lang='lat' dir='ltr'><strong>mendum</strong></span> <span class='ocrx_word' id='word_1_573' title='bbox 1243 4723 1585 4789; x_wconf 67' lang='lat' dir='ltr'><strong>susmoantur</strong></span> <span class='ocrx_word' id='word_1_574' title='bbox 1636 4722 1690 4772; x_wconf 88' lang='lat' dir='ltr'><strong>in</strong></span> <span class='ocrx_word' id='word_1_575' title='bbox 1736 4721 2000 4772; x_wconf 80' lang='lat' dir='ltr'><strong>vocabulo</strong></span> 
     </span>
    </p>
   </div>
   <div class='ocr_carea' id='block_1_81' title="bbox 407 4790 1998 4860">
    <p class='ocr_par' dir='ltr' id='par_1_81' title="bbox 407 4790 1998 4860">
     <span class='ocr_line' id='line_1_81' title="bbox 407 4790 1998 4860; baseline -0.003 -14"><span class='ocrx_word' id='word_1_576' title='bbox 407 4792 598 4860; x_wconf 73' lang='lat' dir='ltr'><strong>Strigae</strong></span> <span class='ocrx_word' id='word_1_577' title='bbox 623 4791 763 4858; x_wconf 84' lang='lat' dir='ltr'><strong>quod</strong></span> <span class='ocrx_word' id='word_1_578' title='bbox 794 4801 876 4843; x_wconf 87' lang='lat' dir='ltr'><strong>est</strong></span> <span class='ocrx_word' id='word_1_579' title='bbox 922 4792 971 4843; x_wconf 93' lang='lat' dir='ltr'><strong>in</strong></span> <span class='ocrx_word' id='word_1_580' title='bbox 1002 4806 1103 4844; x_wconf 86' lang='lat' dir='ltr'><strong>ms.</strong></span> <span class='ocrx_word' id='word_1_581' title='bbox 1138 4791 1345 4857; x_wconf 78' lang='lat' dir='ltr'><strong>Legunt</strong></span> <span class='ocrx_word' id='word_1_582' title='bbox 1381 4790 1596 4852; x_wconf 75' lang='lat' dir='ltr'><strong>Istricrc,</strong></span> <span class='ocrx_word' id='word_1_583' title='bbox 1641 4791 1692 4843; x_wconf 87' lang='lat' dir='ltr'><strong>id</strong></span> <span class='ocrx_word' id='word_1_584' title='bbox 1723 4799 1823 4852; x_wconf 86' lang='lat' dir='ltr'><strong>cst,</strong></span> <span class='ocrx_word' id='word_1_585' title='bbox 1851 4790 1998 4856; x_wconf 85' lang='lat' dir='ltr'><strong>juxta</strong></span> 
     </span>
    </p>
   </div>
   <div class='ocr_carea' id='block_1_82' title="bbox 407 4861 2000 4932">
    <p class='ocr_par' dir='ltr' id='par_1_82' title="bbox 407 4861 2000 4932">
     <span class='ocr_line' id='line_1_82' title="bbox 407 4861 2000 4932; baseline -0.003 -16"><span class='ocrx_word' id='word_1_586' title='bbox 407 4863 576 4930; x_wconf 87' lang='lat' dir='ltr'><strong>ripam</strong></span> <span class='ocrx_word' id='word_1_587' title='bbox 609 4861 780 4914; x_wconf 70' lang='lat' dir='ltr'><strong>Istritn</strong></span> <span class='ocrx_word' id='word_1_588' title='bbox 831 4863 1149 4930; x_wconf 67' lang='lat' dir='ltr'><strong>provincite,</strong></span> <span class='ocrx_word' id='word_1_589' title='bbox 1181 4879 1336 4930; x_wconf 82' lang='lat' dir='ltr'><strong>quam</strong></span> <span class='ocrx_word' id='word_1_590' title='bbox 1393 4875 1577 4932; x_wconf 86' lang='lat' dir='ltr'><strong>petere</strong></span> <span class='ocrx_word' id='word_1_591' title='bbox 1605 4863 1839 4916; x_wconf 83' lang='lat' dir='ltr'><strong>debebat</strong></span> <span class='ocrx_word' id='word_1_592' title='bbox 1874 4862 2000 4913; x_wconf 88' lang='lat' dir='ltr'><strong>Dio-</strong></span> 
     </span>
    </p>
   </div>
   <div class='ocr_carea' id='block_1_83' title="bbox 404 4932 2000 4996">
    <p class='ocr_par' dir='ltr' id='par_1_83' title="bbox 404 4932 2000 4996">
     <span class='ocr_line' id='line_1_83' title="bbox 404 4932 2000 4996; baseline -0.001 -9"><span class='ocrx_word' id='word_1_593' title='bbox 404 4935 688 4996; x_wconf 88' lang='lat' dir='ltr'><strong>cletianus,</strong></span> <span class='ocrx_word' id='word_1_594' title='bbox 723 4947 844 4986; x_wconf 92' lang='lat' dir='ltr'><strong>cum</strong></span> <span class='ocrx_word' id='word_1_595' title='bbox 878 4935 1059 4987; x_wconf 89' lang='lat' dir='ltr'><strong>relicta</strong></span> <span class='ocrx_word' id='word_1_596' title='bbox 1088 4934 1343 4989; x_wconf 85' lang='lat' dir='ltr'><strong>Ravenna</strong></span> <span class='ocrx_word' id='word_1_597' title='bbox 1368 4934 1732 4989; x_wconf 73' lang='lat' dir='ltr'><strong>Nicomediam</strong></span> <span class='ocrx_word' id='word_1_598' title='bbox 1768 4934 1885 4983; x_wconf 85' lang='lat' dir='ltr'><strong>iret.</strong></span> <span class='ocrx_word' id='word_1_599' title='bbox 1921 4932 2000 4985; x_wconf 68' lang='lat' dir='ltr'><strong>Ad</strong></span> 
     </span>
    </p>
   </div>
   <div class='ocr_carea' id='block_1_84' title="bbox 404 5002 1997 5076">
    <p class='ocr_par' dir='ltr' id='par_1_84' title="bbox 404 5002 1997 5076">
     <span class='ocr_line' id='line_1_84' title="bbox 404 5002 1997 5076; baseline -0.001 -20"><span class='ocrx_word' id='word_1_600' title='bbox 404 5005 531 5072; x_wconf 87' lang='lat' dir='ltr'><strong>quid</strong></span> <span class='ocrx_word' id='word_1_601' title='bbox 562 5003 706 5076; x_wconf 88' lang='lat' dir='ltr'><strong>enim</strong></span> <span class='ocrx_word' id='word_1_602' title='bbox 754 5003 963 5071; x_wconf 70' lang='lat' dir='ltr'><strong>longius</strong></span> <span class='ocrx_word' id='word_1_603' title='bbox 1008 5005 1109 5059; x_wconf 82' lang='lat' dir='ltr'><strong>iter</strong></span> <span class='ocrx_word' id='word_1_604' title='bbox 1150 5017 1399 5076; x_wconf 83' lang='lat' dir='ltr'><strong>carperet</strong></span> <span class='ocrx_word' id='word_1_605' title='bbox 1431 5019 1621 5059; x_wconf 77' lang='lat' dir='ltr'><strong>versus</strong></span> <span class='ocrx_word' id='word_1_606' title='bbox 1681 5002 1997 5076; x_wconf 75' lang='lat' dir='ltr'><strong>Danubium,</strong></span> 
     </span>
    </p>
   </div>
   <div class='ocr_carea' id='block_1_85' title="bbox 403 5074 2001 5141">
    <p class='ocr_par' dir='ltr' id='par_1_85' title="bbox 403 5074 2001 5141">
     <span class='ocr_line' id='line_1_85' title="bbox 403 5074 2001 5141; baseline -0.001 -12"><span class='ocrx_word' id='word_1_607' title='bbox 403 5090 526 5129; x_wconf 92' lang='lat' dir='ltr'><strong>cum</strong></span> <span class='ocrx_word' id='word_1_608' title='bbox 560 5075 775 5129; x_wconf 91' lang='lat' dir='ltr'><strong>brevius</strong></span> <span class='ocrx_word' id='word_1_609' title='bbox 806 5085 945 5130; x_wconf 83' lang='lat' dir='ltr'><strong>esset</strong></span> <span class='ocrx_word' id='word_1_610' title='bbox 973 5085 1027 5128; x_wconf 89' lang='lat' dir='ltr'><strong>et</strong></span> <span class='ocrx_word' id='word_1_611' title='bbox 1052 5074 1277 5140; x_wconf 68' lang='lat' dir='ltr'><strong>facilius,</strong></span> <span class='ocrx_word' id='word_1_612' title='bbox 1309 5079 1356 5131; x_wconf 89' lang='lat' dir='ltr'><strong>id</strong></span> <span class='ocrx_word' id='word_1_613' title='bbox 1406 5089 1507 5135; x_wconf 81' lang='lat' dir='ltr'><strong>est,</strong></span> <span class='ocrx_word' id='word_1_614' title='bbox 1536 5076 1684 5140; x_wconf 70' lang='lat' dir='ltr'><strong>juxta</strong></span> <span class='ocrx_word' id='word_1_615' title='bbox 1722 5075 1890 5141; x_wconf 77' lang='lat' dir='ltr'><strong>ripam</strong></span> <span class='ocrx_word' id='word_1_616' title='bbox 1921 5074 2001 5127; x_wconf 85' lang='lat' dir='ltr'><strong>Is-</strong></span> 
     </span>
    </p>
   </div>
   <div class='ocr_carea' id='block_1_86' title="bbox 407 5144 2002 5216">
    <p class='ocr_par' dir='ltr' id='par_1_86' title="bbox 407 5144 2002 5216">
     <span class='ocr_line' id='line_1_86' title="bbox 407 5144 2002 5216; baseline 0.001 -17"><span class='ocrx_word' id='word_1_617' title='bbox 407 5149 541 5212; x_wconf 69' lang='lat' dir='ltr'><strong>trize,</strong></span> <span class='ocrx_word' id='word_1_618' title='bbox 574 5157 626 5200; x_wconf 93' lang='lat' dir='ltr'><strong>et</strong></span> <span class='ocrx_word' id='word_1_619' title='bbox 659 5146 930 5200; x_wconf 72' lang='lat' dir='ltr'><strong>Dalmatia:</strong></span> <span class='ocrx_word' id='word_1_620' title='bbox 962 5149 1129 5216; x_wconf 88' lang='lat' dir='ltr'><strong>ipsius</strong></span> <span class='ocrx_word' id='word_1_621' title='bbox 1186 5149 1500 5203; x_wconf 80' lang='lat' dir='ltr'><strong>Diocletiani</strong></span> <span class='ocrx_word' id='word_1_622' title='bbox 1547 5144 1734 5214; x_wconf 69' lang='lat' dir='ltr'><strong>patriar</strong></span> <span class='ocrx_word' id='word_1_623' title='bbox 1765 5162 1776 5196; x_wconf 89' lang='lat'><strong>:</strong></span> <span class='ocrx_word' id='word_1_624' title='bbox 1806 5144 2002 5201; x_wconf 87' lang='lat' dir='ltr'><strong>deinde</strong></span> 
     </span>
    </p>
   </div>
   <div class='ocr_carea' id='block_1_87' title="bbox 407 5217 2001 5288">
    <p class='ocr_par' dir='ltr' id='par_1_87' title="bbox 407 5217 2001 5288">
     <span class='ocr_line' id='line_1_87' title="bbox 407 5217 2001 5288; baseline -0.004 -15"><span class='ocrx_word' id='word_1_625' title='bbox 407 5234 504 5286; x_wconf 88' lang='lat' dir='ltr'><strong>per</strong></span> <span class='ocrx_word' id='word_1_626' title='bbox 535 5218 772 5288; x_wconf 85' lang='lat' dir='ltr'><strong>lllyrimn</strong></span> <span class='ocrx_word' id='word_1_627' title='bbox 823 5218 911 5271; x_wconf 92' lang='lat' dir='ltr'><strong>ubi</strong></span> <span class='ocrx_word' id='word_1_628' title='bbox 968 5230 1122 5273; x_wconf 82' lang='lat' dir='ltr'><strong>erant</strong></span> <span class='ocrx_word' id='word_1_629' title='bbox 1150 5221 1197 5271; x_wconf 89' lang='lat' dir='ltr'><strong>vi</strong></span> <span class='ocrx_word' id='word_1_630' title='bbox 1221 5240 1250 5270; x_wconf 69' lang='grc' dir='ltr'>ιτ</span> <span class='ocrx_word' id='word_1_631' title='bbox 1281 5222 1562 5288; x_wconf 63' lang='lat' dir='ltr'><strong>militares,</strong></span> <span class='ocrx_word' id='word_1_632' title='bbox 1598 5231 1692 5284; x_wconf 84' lang='lat' dir='ltr'><strong>per</strong></span> <span class='ocrx_word' id='word_1_633' title='bbox 1733 5229 1868 5285; x_wconf 89' lang='lat' dir='ltr'><strong>quas</strong></span> <span class='ocrx_word' id='word_1_634' title='bbox 1899 5217 2001 5286; x_wconf 77' lang='lat' dir='ltr'><strong>By-</strong></span> 
     </span>
    </p>
   </div>
   <div class='ocr_carea' id='block_1_88' title="bbox 403 5287 2000 5353">
    <p class='ocr_par' dir='ltr' id='par_1_88' title="bbox 403 5287 2000 5353">
     <span class='ocr_line' id='line_1_88' title="bbox 403 5287 2000 5353; baseline -0.001 -10"><span class='ocrx_word' id='word_1_635' title='bbox 403 5287 637 5343; x_wconf 76' lang='lat' dir='ltr'><strong>zantium</strong></span> <span class='ocrx_word' id='word_1_636' title='bbox 670 5288 860 5349; x_wconf 88' lang='lat' dir='ltr'><strong>adiret,</strong></span> <span class='ocrx_word' id='word_1_637' title='bbox 894 5304 955 5344; x_wconf 86' lang='lat' dir='ltr'><strong>ac</strong></span> <span class='ocrx_word' id='word_1_638' title='bbox 1010 5290 1206 5345; x_wconf 83' lang='lat' dir='ltr'><strong>deinde</strong></span> <span class='ocrx_word' id='word_1_639' title='bbox 1259 5287 1623 5343; x_wconf 84' lang='lat' dir='ltr'><strong>Nicomediam</strong></span> <span class='ocrx_word' id='word_1_640' title='bbox 1648 5291 2000 5353; x_wconf 80' lang='lat' dir='ltr'><strong>pra-ternavi-</strong></span> 
     </span>
    </p>
   </div>
   <div class='ocr_carea' id='block_1_89' title="bbox 401 5358 1998 5430">
    <p class='ocr_par' dir='ltr' id='par_1_89' title="bbox 401 5358 1998 5430">
     <span class='ocr_line' id='line_1_89' title="bbox 401 5358 1998 5430; baseline 0 -17"><span class='ocrx_word' id='word_1_641' title='bbox 401 5361 591 5430; x_wconf 82' lang='lat' dir='ltr'><strong>garet?</strong></span> <span class='ocrx_word' id='word_1_642' title='bbox 615 5359 746 5412; x_wconf 90' lang='lat' dir='ltr'><strong>Dicit</strong></span> <span class='ocrx_word' id='word_1_643' title='bbox 777 5375 904 5413; x_wconf 86' lang='lat' dir='ltr'><strong>vero</strong></span> <span class='ocrx_word' id='word_1_644' title='bbox 932 5379 1020 5427; x_wconf 82' lang='lat' dir='ltr'><strong>per</strong></span> <span class='ocrx_word' id='word_1_645' title='bbox 1043 5363 1331 5420; x_wconf 79' lang='lat' dir='ltr'><strong>circuitum,</strong></span> <span class='ocrx_word' id='word_1_646' title='bbox 1352 5359 1474 5427; x_wconf 82' lang='lat' dir='ltr'><strong>quia</strong></span> <span class='ocrx_word' id='word_1_647' title='bbox 1505 5367 1562 5410; x_wconf 82' lang='lat' dir='ltr'><strong>nt</strong></span> <span class='ocrx_word' id='word_1_648' title='bbox 1591 5368 1799 5420; x_wconf 75' lang='lat' dir='ltr'><strong>peteret</strong></span> <span class='ocrx_word' id='word_1_649' title='bbox 1826 5358 1998 5424; x_wconf 84' lang='lat' dir='ltr'><strong>ripam</strong></span> 
     </span>
    </p>
   </div>
   <div class='ocr_carea' id='block_1_90' title="bbox 403 5431 1998 5500">
    <p class='ocr_par' dir='ltr' id='par_1_90' title="bbox 403 5431 1998 5500">
     <span class='ocr_line' id='line_1_90' title="bbox 403 5431 1998 5500; baseline -0.001 -15"><span class='ocrx_word' id='word_1_650' title='bbox 403 5432 602 5493; x_wconf 74' lang='lat' dir='ltr'><strong>Istriaz,</strong></span> <span class='ocrx_word' id='word_1_651' title='bbox 643 5432 871 5486; x_wconf 87' lang='lat' dir='ltr'><strong>circuire</strong></span> <span class='ocrx_word' id='word_1_652' title='bbox 906 5433 1141 5486; x_wconf 74' lang='lat' dir='ltr'><strong>debebat</strong></span> <span class='ocrx_word' id='word_1_653' title='bbox 1184 5432 1332 5500; x_wconf 81' lang='lat' dir='ltr'><strong>juxta</strong></span> <span class='ocrx_word' id='word_1_654' title='bbox 1367 5437 1568 5496; x_wconf 65' lang='lat' dir='ltr'><strong>mrtem</strong></span> <span class='ocrx_word' id='word_1_655' title='bbox 1599 5431 1998 5496; x_wconf 66' lang='lat' dir='ltr'><strong>septentriona-</strong></span> 
     </span>
    </p>
   </div>
   <div class='ocr_carea' id='block_1_91' title="bbox 405 5501 2003 5570">
    <p class='ocr_par' dir='ltr' id='par_1_91' title="bbox 405 5501 2003 5570">
     <span class='ocr_line' id='line_1_91' title="bbox 405 5501 2003 5570; baseline -0.001 -15"><span class='ocrx_word' id='word_1_656' title='bbox 405 5505 508 5557; x_wconf 89' lang='lat' dir='ltr'><strong>lem</strong></span> <span class='ocrx_word' id='word_1_657' title='bbox 538 5504 685 5555; x_wconf 88' lang='lat' dir='ltr'><strong>siuus</strong></span> <span class='ocrx_word' id='word_1_658' title='bbox 715 5501 992 5557; x_wconf 83' lang='lat' dir='ltr'><strong>Adriatici.</strong></span> <span class='ocrx_word' id='word_1_659' title='bbox 1025 5504 1124 5570; x_wconf 76' lang='lat' dir='ltr'><strong>Qui</strong></span> <span class='ocrx_word' id='word_1_660' title='bbox 1161 5505 1310 5570; x_wconf 87' lang='lat' dir='ltr'><strong>plura</strong></span> <span class='ocrx_word' id='word_1_661' title='bbox 1340 5501 1630 5560; x_wconf 59' lang='lat' dir='ltr'><strong>desideria,</strong></span> <span class='ocrx_word' id='word_1_662' title='bbox 1673 5503 1814 5569; x_wconf 80' lang='lat' dir='ltr'><strong>legat</strong></span> <span class='ocrx_word' id='word_1_663' title='bbox 1859 5502 2003 5554; x_wconf 81' lang='lat' dir='ltr'><strong>lien-</strong></span> 
     </span>
    </p>
   </div>
   <div class='ocr_carea' id='block_1_92' title="bbox 404 5571 2001 5642">
    <p class='ocr_par' dir='ltr' id='par_1_92' title="bbox 404 5571 2001 5642">
     <span class='ocr_line' id='line_1_92' title="bbox 404 5571 2001 5642; baseline 0 -15"><span class='ocrx_word' id='word_1_664' title='bbox 404 5576 498 5627; x_wconf 81' lang='lat' dir='ltr'><strong>rici</strong></span> <span class='ocrx_word' id='word_1_665' title='bbox 535 5575 791 5627; x_wconf 79' lang='lat' dir='ltr'><strong>Dodwelli</strong></span> <span class='ocrx_word' id='word_1_666' title='bbox 824 5574 1256 5627; x_wconf 66' lang='lat' dir='ltr'><strong>dissertatiomrm</strong></span> <span class='ocrx_word' id='word_1_667' title='bbox 1286 5571 1355 5624; x_wconf 89' lang='lat' dir='ltr'><strong>de</strong></span> <span class='ocrx_word' id='word_1_668' title='bbox 1409 5571 1542 5640; x_wconf 69' lang='lat' dir='ltr'><strong>ltipa</strong></span> <span class='ocrx_word' id='word_1_669' title='bbox 1574 5572 1746 5642; x_wconf 79' lang='lat' dir='ltr'><strong>Strlga</strong></span> <span class='ocrx_word' id='word_1_670' title='bbox 1801 5572 1864 5626; x_wconf 85' lang='lat' dir='ltr'><strong>ad</strong></span> <span class='ocrx_word' id='word_1_671' title='bbox 1893 5575 2001 5626; x_wconf 88' lang='lat' dir='ltr'><strong>cal-</strong></span> 
     </span>
    </p>
   </div>
   <div class='ocr_carea' id='block_1_93' title="bbox 403 5645 1042 5712">
    <p class='ocr_par' dir='ltr' id='par_1_93' title="bbox 403 5645 1042 5712">
     <span class='ocr_line' id='line_1_93' title="bbox 403 5645 1042 5712; baseline -0.005 -13"><span class='ocrx_word' id='word_1_672' title='bbox 403 5659 518 5699; x_wconf 88' lang='lat' dir='ltr'><strong>cem</strong></span> <span class='ocrx_word' id='word_1_673' title='bbox 554 5646 711 5712; x_wconf 85' lang='lat' dir='ltr'><strong>hujus</strong></span> <span class='ocrx_word' id='word_1_674' title='bbox 734 5645 1042 5698; x_wconf 79' lang='lat' dir='ltr'><strong>voluminis.</strong></span> 
     </span>
    </p>
   </div>
   <div class='ocr_carea' id='block_1_94' title="bbox 477 5713 1998 5784">
    <p class='ocr_par' dir='ltr' id='par_1_94' title="bbox 477 5713 1998 5784">
     <span class='ocr_line' id='line_1_94' title="bbox 477 5713 1998 5784; baseline 0.001 -16"><span class='ocrx_word' id='word_1_675' title='bbox 477 5716 810 5784; x_wconf 80' lang='lat' dir='ltr'><strong>Quocumque</strong></span> <span class='ocrx_word' id='word_1_676' title='bbox 850 5732 901 5768; x_wconf 83' lang='lat' dir='ltr'><strong>se</strong></span> <span class='ocrx_word' id='word_1_677' title='bbox 947 5715 1106 5783; x_wconf 88' lang='lat' dir='ltr'><strong>premi</strong></span> <span class='ocrx_word' id='word_1_678' title='bbox 1136 5713 1343 5767; x_wconf 85' lang='lat' dir='ltr'><strong>videret.</strong></span> <span class='ocrx_word' id='word_1_679' title='bbox 1381 5715 1546 5780; x_wconf 81' lang='lat' dir='ltr'><strong>Bene,</strong></span> <span class='ocrx_word' id='word_1_680' title='bbox 1582 5731 1676 5784; x_wconf 86' lang='lat' dir='ltr'><strong>per</strong></span> <span class='ocrx_word' id='word_1_681' title='bbox 1729 5716 1998 5770; x_wconf 85' lang='lat' dir='ltr'><strong>metathe-</strong></span> 
     </span>
    </p>
   </div>
   <div class='ocr_carea' id='block_1_95' title="bbox 405 5785 1998 5857">
    <p class='ocr_par' dir='ltr' id='par_1_95' title="bbox 405 5785 1998 5857">
     <span class='ocr_line' id='line_1_95' title="bbox 405 5785 1998 5857; baseline -0.001 -14"><span class='ocrx_word' id='word_1_682' title='bbox 405 5788 505 5843; x_wconf 77' lang='lat' dir='ltr'><strong>sim</strong></span> <span class='ocrx_word' id='word_1_683' title='bbox 537 5803 632 5857; x_wconf 89' lang='lat' dir='ltr'><strong>pro</strong></span> <span class='ocrx_word' id='word_1_684' title='bbox 663 5801 862 5857; x_wconf 83' lang='lat' dir='ltr'><strong>quoque</strong></span> <span class='ocrx_word' id='word_1_685' title='bbox 899 5801 1014 5838; x_wconf 86' lang='lat' dir='ltr'><strong>cum</strong></span> <span class='ocrx_word' id='word_1_686' title='bbox 1052 5802 1105 5840; x_wconf 80' lang='lat' dir='ltr'><strong>se</strong></span> <span class='ocrx_word' id='word_1_687' title='bbox 1127 5787 1286 5854; x_wconf 82' lang='lat' dir='ltr'><strong>promi</strong></span> <span class='ocrx_word' id='word_1_688' title='bbox 1309 5787 1516 5841; x_wconf 76' lang='lat' dir='ltr'><strong>videret.</strong></span> <span class='ocrx_word' id='word_1_689' title='bbox 1553 5787 1717 5853; x_wconf 85' lang='lat' dir='ltr'><strong>Idem,</strong></span> <span class='ocrx_word' id='word_1_690' title='bbox 1742 5788 1864 5841; x_wconf 88' lang='lat' dir='ltr'><strong>satis</strong></span> <span class='ocrx_word' id='word_1_691' title='bbox 1888 5785 1998 5841; x_wconf 85' lang='lat' dir='ltr'><strong>Deo</strong></span> 
     </span>
    </p>
   </div>
   <div class='ocr_carea' id='block_1_96' title="bbox 1360 3864 2000 3920">
    <p class='ocr_par' dir='ltr' id='par_1_96' title="bbox 1360 3864 2000 3920">
     <span class='ocr_line' id='line_1_96' title="bbox 1360 3864 2000 3920; baseline -0.005 -2"><span class='ocrx_word' id='word_1_692' title='bbox 1360 3881 1490 3920; x_wconf 88' lang='lat' dir='ltr'><strong>vero</strong></span> <span class='ocrx_word' id='word_1_693' title='bbox 1542 3865 1743 3920; x_wconf 87' lang='lat' dir='ltr'><strong>habent</strong></span> <span class='ocrx_word' id='word_1_694' title='bbox 1796 3864 2000 3919; x_wconf 86' lang='lat' dir='ltr'><strong>Diocle-</strong></span> 
     </span>
    </p>
   </div>
   <div class='ocr_carea' id='block_1_97' title="bbox 2027 4472 2080 4534">
    <p class='ocr_par' dir='ltr' id='par_1_97' title="bbox 2027 4472 2080 4534">
     <span class='ocr_line' id='line_1_97' title="bbox 2027 4472 2080 4534; baseline 0 -2"><span class='ocrx_word' id='word_1_695' title='bbox 2027 4472 2080 4534; x_wconf 94' lang='lat' dir='ltr'><strong>D</strong></span> 
     </span>
    </p>
   </div>
   <div class='ocr_carea' id='block_1_98' title="bbox 2177 3152 3670 3276">
    <p class='ocr_par' dir='ltr' id='par_1_98' title="bbox 2177 3152 3670 3276">
     <span class='ocr_line' id='line_1_98' title="bbox 2177 3152 3670 3276; baseline 0 -69"><span class='ocrx_word' id='word_1_696' title='bbox 2177 3152 2488 3276; x_wconf 56' lang='grc' dir='ltr'><strong>ίξξρρνεδειιις.</strong></span> <span class='ocrx_word' id='word_1_697' title='bbox 2520 3154 2737 3223; x_wconf 89' lang='lat' dir='ltr'><strong>Supple,</strong></span> <span class='ocrx_word' id='word_1_698' title='bbox 2771 3164 2860 3218; x_wconf 87' lang='lat' dir='ltr'><strong>est,</strong></span> <span class='ocrx_word' id='word_1_699' title='bbox 2895 3152 3036 3221; x_wconf 93' lang='lat' dir='ltr'><strong>quod</strong></span> <span class='ocrx_word' id='word_1_700' title='bbox 3064 3152 3381 3209; x_wconf 87' lang='lat' dir='ltr'><strong>Lactantius</strong></span> <span class='ocrx_word' id='word_1_701' title='bbox 3413 3168 3550 3223; x_wconf 64' lang='lat' dir='ltr'><strong>saepe</strong></span> <span class='ocrx_word' id='word_1_702' title='bbox 3574 3153 3670 3207; x_wconf 72' lang='lat' dir='ltr'><strong>sul)-</strong></span> 
     </span>
     <span class='ocr_line' id='line_1_99' title="bbox 2219 3237 2272 3276; baseline 0.019 -1"><span class='ocrx_word' id='word_1_703' title='bbox 2219 3237 2272 3276; x_wconf 83' lang='grc' dir='ltr'>ιι.</span> 
     </span>
    </p>
   </div>
   <div class='ocr_carea' id='block_1_99' title="bbox 2107 3237 2272 3277">
    <p class='ocr_par' dir='ltr' id='par_1_99' title="bbox 2107 3237 2272 3277">
     <span class='ocr_line' id='line_1_100' title="bbox 2107 3237 2272 3277; baseline 0.006 -1"><span class='ocrx_word' id='word_1_704' title='bbox 2107 3237 2250 3276; x_wconf 74' lang='grc' dir='ltr'>ιιιιιιι</span> <span class='ocrx_word' id='word_1_705' title='bbox 2261 3265 2272 3277; x_wconf 92' lang='grc'>.</span> 
     </span>
    </p>
   </div>
   <div class='ocr_carea' id='block_1_100' title="bbox 2178 3295 3027 3360">
    <p class='ocr_par' dir='ltr' id='par_1_100' title="bbox 2178 3295 3027 3360">
     <span class='ocr_line' id='line_1_101' title="bbox 2178 3295 3027 3360; baseline 0.001 -12"><span class='ocrx_word' id='word_1_706' title='bbox 2178 3296 2270 3349; x_wconf 82' lang='lat' dir='ltr'><strong>Ac.</strong></span> <span class='ocrx_word' id='word_1_707' title='bbox 2300 3296 2396 3350; x_wconf 79' lang='lat' dir='ltr'><strong>Ms.</strong></span> <span class='ocrx_word' id='word_1_708' title='bbox 2433 3295 2597 3350; x_wconf 89' lang='lat' dir='ltr'><strong>habet</strong></span> <span class='ocrx_word' id='word_1_709' title='bbox 2625 3296 2713 3360; x_wconf 85' lang='lat' dir='ltr'><strong>ad,</strong></span> <span class='ocrx_word' id='word_1_710' title='bbox 2747 3295 3027 3349; x_wconf 87' lang='lat' dir='ltr'><strong>mendose.</strong></span> 
     </span>
    </p>
   </div>
   <div class='ocr_carea' id='block_1_101' title="bbox 2181 3366 3249 3436">
    <p class='ocr_par' dir='ltr' id='par_1_101' title="bbox 2181 3366 3249 3436">
     <span class='ocr_line' id='line_1_102' title="bbox 2181 3366 3249 3436; baseline 0 -18"><span class='ocrx_word' id='word_1_711' title='bbox 2181 3366 2395 3420; x_wconf 73' lang='lat' dir='ltr'><strong>Mutari.</strong></span> <span class='ocrx_word' id='word_1_712' title='bbox 2433 3368 2734 3421; x_wconf 67' lang='lat' dir='ltr'><strong>Hermann.</strong></span> <span class='ocrx_word' id='word_1_713' title='bbox 2768 3368 2869 3436; x_wconf 75' lang='lat' dir='ltr'><strong>legi</strong></span> <span class='ocrx_word' id='word_1_714' title='bbox 2904 3368 3015 3419; x_wconf 79' lang='lat' dir='ltr'><strong>vult</strong></span> <span class='ocrx_word' id='word_1_715' title='bbox 3043 3367 3249 3419; x_wconf 84' lang='lat' dir='ltr'><strong>mutati.</strong></span> 
     </span>
    </p>
   </div>
   <div class='ocr_carea' id='block_1_102' title="bbox 2181 3437 3467 3492">
    <p class='ocr_par' dir='ltr' id='par_1_102' title="bbox 2181 3437 3467 3492">
     <span class='ocr_line' id='line_1_103' title="bbox 2181 3437 3467 3492; baseline 0.001 -3"><span class='ocrx_word' id='word_1_716' title='bbox 2181 3437 2351 3491; x_wconf 83' lang='lat' dir='ltr'><strong>Donec</strong></span> <span class='ocrx_word' id='word_1_717' title='bbox 2382 3438 2572 3492; x_wconf 60' lang='lat' dir='ltr'><strong>Cesar.</strong></span> <span class='ocrx_word' id='word_1_718' title='bbox 2607 3438 2852 3492; x_wconf 86' lang='lat' dir='ltr'><strong>Galerius</strong></span> <span class='ocrx_word' id='word_1_719' title='bbox 2874 3437 3230 3491; x_wconf 78' lang='lat' dir='ltr'><strong>Maximianus</strong></span> <span class='ocrx_word' id='word_1_720' title='bbox 3253 3439 3467 3492; x_wconf 82' lang='lat' dir='ltr'><strong>veniret.</strong></span> 
     </span>
    </p>
   </div>
   <div class='ocr_carea' id='block_1_103' title="bbox 2177 3508 3120 3571">
    <p class='ocr_par' dir='ltr' id='par_1_103' title="bbox 2177 3508 3120 3571">
     <span class='ocr_line' id='line_1_104' title="bbox 2177 3508 3120 3571; baseline 0.002 -12"><span class='ocrx_word' id='word_1_721' title='bbox 2177 3509 2326 3561; x_wconf 80' lang='lat' dir='ltr'><strong>Toto.</strong></span> <span class='ocrx_word' id='word_1_722' title='bbox 2364 3509 2458 3562; x_wconf 83' lang='lat' dir='ltr'><strong>Ms.</strong></span> <span class='ocrx_word' id='word_1_723' title='bbox 2495 3510 2656 3563; x_wconf 79' lang='lat' dir='ltr'><strong>habet</strong></span> <span class='ocrx_word' id='word_1_724' title='bbox 2686 3520 2810 3571; x_wconf 87' lang='lat' dir='ltr'><strong>tota,</strong></span> <span class='ocrx_word' id='word_1_725' title='bbox 2844 3508 3120 3563; x_wconf 85' lang='lat' dir='ltr'><strong>mendose.</strong></span> 
     </span>
    </p>
   </div>
   <div class='ocr_carea' id='block_1_104' title="bbox 2181 3580 3665 3652">
    <p class='ocr_par' dir='ltr' id='par_1_104' title="bbox 2181 3580 3665 3652">
     <span class='ocr_line' id='line_1_105' title="bbox 2181 3580 3665 3652; baseline -0.002 -18"><span class='ocrx_word' id='word_1_726' title='bbox 2181 3581 2408 3647; x_wconf 74' lang='lat' dir='ltr'><strong>Sonitus.</strong></span> <span class='ocrx_word' id='word_1_727' title='bbox 2442 3580 2496 3634; x_wconf 91' lang='lat' dir='ltr'><strong>ln</strong></span> <span class='ocrx_word' id='word_1_728' title='bbox 2525 3581 2682 3634; x_wconf 82' lang='lat' dir='ltr'><strong>editis</strong></span> <span class='ocrx_word' id='word_1_729' title='bbox 2707 3581 3041 3649; x_wconf 71' lang='lat' dir='ltr'><strong>pnemissum</strong></span> <span class='ocrx_word' id='word_1_730' title='bbox 3069 3589 3358 3652; x_wconf 81' lang='lat' dir='ltr'><strong>estmortc,</strong></span> <span class='ocrx_word' id='word_1_731' title='bbox 3383 3580 3522 3652; x_wconf 83' lang='lat' dir='ltr'><strong>quod</strong></span> <span class='ocrx_word' id='word_1_732' title='bbox 3548 3580 3665 3634; x_wconf 81' lang='lat' dir='ltr'><strong>deest</strong></span> 
     </span>
    </p>
   </div>
   <div class='ocr_carea' id='block_1_105' title="bbox 2107 3651 3660 3722">
    <p class='ocr_par' dir='ltr' id='par_1_105' title="bbox 2107 3651 3660 3722">
     <span class='ocr_line' id='line_1_106' title="bbox 2107 3651 3660 3722; baseline 0.001 -19"><span class='ocrx_word' id='word_1_733' title='bbox 2107 3651 2159 3722; x_wconf 80' lang='lat' dir='ltr'><strong>in</strong></span> <span class='ocrx_word' id='word_1_734' title='bbox 2186 3667 2286 3705; x_wconf 89' lang='lat' dir='ltr'><strong>ms.</strong></span> <span class='ocrx_word' id='word_1_735' title='bbox 2313 3654 2401 3704; x_wconf 70' lang='lat' dir='ltr'><strong>alii</strong></span> <span class='ocrx_word' id='word_1_736' title='bbox 2426 3652 2631 3704; x_wconf 82' lang='lat' dir='ltr'><strong>inalunt</strong></span> <span class='ocrx_word' id='word_1_737' title='bbox 2656 3654 2827 3717; x_wconf 80' lang='lat' dir='ltr'><strong>morti,</strong></span> <span class='ocrx_word' id='word_1_738' title='bbox 2858 3652 3011 3704; x_wconf 83' lang='lat' dir='ltr'><strong>alteri</strong></span> <span class='ocrx_word' id='word_1_739' title='bbox 3043 3651 3256 3718; x_wconf 80' lang='lat' dir='ltr'><strong>morbo;</strong></span> <span class='ocrx_word' id='word_1_740' title='bbox 3279 3654 3377 3707; x_wconf 82' lang='lat' dir='ltr'><strong>sed</strong></span> <span class='ocrx_word' id='word_1_741' title='bbox 3403 3651 3660 3722; x_wconf 79' lang='lat' dir='ltr'><strong>perperam.</strong></span> 
     </span>
    </p>
   </div>
   <div class='ocr_carea' id='block_1_106' title="bbox 2105 3721 3664 3790">
    <p class='ocr_par' dir='ltr' id='par_1_106' title="bbox 2105 3721 3664 3790">
     <span class='ocr_line' id='line_1_107' title="bbox 2105 3721 3664 3790; baseline -0.001 -17"><span class='ocrx_word' id='word_1_742' title='bbox 2105 3721 2236 3777; x_wconf 70' lang='lat' dir='ltr'><strong>Nam</strong></span> <span class='ocrx_word' id='word_1_743' title='bbox 2280 3735 2333 3775; x_wconf 87' lang='lat' dir='ltr'><strong>ut</strong></span> <span class='ocrx_word' id='word_1_744' title='bbox 2370 3734 2515 3776; x_wconf 86' lang='lat' dir='ltr'><strong>recte</strong></span> <span class='ocrx_word' id='word_1_745' title='bbox 2545 3723 2829 3775; x_wconf 70' lang='lat' dir='ltr'><strong>adornavit</strong></span> <span class='ocrx_word' id='word_1_746' title='bbox 2858 3722 3202 3778; x_wconf 83' lang='lat' dir='ltr'><strong>doctissimus</strong></span> <span class='ocrx_word' id='word_1_747' title='bbox 3243 3721 3509 3786; x_wconf 70' lang='lat' dir='ltr'><strong>Graevius,</strong></span> <span class='ocrx_word' id='word_1_748' title='bbox 3549 3723 3664 3790; x_wconf 78' lang='lat' dir='ltr'><strong>sapiti</strong></span> 
     </span>
    </p>
   </div>
   <div class='ocr_carea' id='block_1_107' title="bbox 2107 3793 3660 3866">
    <p class='ocr_par' dir='ltr' id='par_1_107' title="bbox 2107 3793 3660 3866">
     <span class='ocr_line' id='line_1_108' title="bbox 2107 3793 3660 3866; baseline 0 -19"><span class='ocrx_word' id='word_1_749' title='bbox 2107 3793 2374 3866; x_wconf 79' lang='lat' dir='ltr'><strong>dicuntur,</strong></span> <span class='ocrx_word' id='word_1_750' title='bbox 2406 3795 2491 3862; x_wconf 87' lang='lat' dir='ltr'><strong>qui</strong></span> <span class='ocrx_word' id='word_1_751' title='bbox 2527 3793 2764 3862; x_wconf 84' lang='lat' dir='ltr'><strong>deliquio</strong></span> <span class='ocrx_word' id='word_1_752' title='bbox 2787 3795 2948 3846; x_wconf 84' lang='lat' dir='ltr'><strong>animi</strong></span> <span class='ocrx_word' id='word_1_753' title='bbox 2975 3795 3218 3862; x_wconf 87' lang='lat' dir='ltr'><strong>corporis</strong></span> <span class='ocrx_word' id='word_1_754' title='bbox 3241 3810 3460 3866; x_wconf 89' lang='lat' dir='ltr'><strong>quoque</strong></span> <span class='ocrx_word' id='word_1_755' title='bbox 3486 3809 3660 3866; x_wconf 61' lang='lat' dir='ltr'><strong>sensum</strong></span> 
     </span>
    </p>
   </div>
   <div class='ocr_carea' id='block_1_108' title="bbox 2106 3863 3658 3935">
    <p class='ocr_par' dir='ltr' id='par_1_108' title="bbox 2106 3863 3658 3935">
     <span class='ocr_line' id='line_1_109' title="bbox 2106 3863 3658 3935; baseline -0.003 -17"><span class='ocrx_word' id='word_1_756' title='bbox 2106 3865 2172 3918; x_wconf 81' lang='lat' dir='ltr'><strong>ad</strong></span> <span class='ocrx_word' id='word_1_757' title='bbox 2221 3874 2431 3935; x_wconf 86' lang='lat' dir='ltr'><strong>tempus</strong></span> <span class='ocrx_word' id='word_1_758' title='bbox 2479 3869 2747 3926; x_wconf 76' lang='lat' dir='ltr'><strong>amittunt,</strong></span> <span class='ocrx_word' id='word_1_759' title='bbox 2797 3875 2853 3916; x_wconf 90' lang='lat' dir='ltr'><strong>ut</strong></span> <span class='ocrx_word' id='word_1_760' title='bbox 2897 3880 2994 3933; x_wconf 89' lang='lat' dir='ltr'><strong>pro</strong></span> <span class='ocrx_word' id='word_1_761' title='bbox 3038 3863 3268 3918; x_wconf 80' lang='lat' dir='ltr'><strong>mortuis</strong></span> <span class='ocrx_word' id='word_1_762' title='bbox 3301 3863 3529 3935; x_wconf 74' lang='lat' dir='ltr'><strong>jaceant.</strong></span> <span class='ocrx_word' id='word_1_763' title='bbox 3573 3863 3658 3917; x_wconf 85' lang='lat' dir='ltr'><strong>Liv.</strong></span> 
     </span>
    </p>
   </div>
   <div class='ocr_carea' id='block_1_109' title="bbox 2103 3934 3759 4003">
    <p class='ocr_par' dir='ltr' id='par_1_109' title="bbox 2103 3934 3759 4003">
     <span class='ocr_line' id='line_1_110' title="bbox 2103 3934 3759 4003; baseline -0.002 -16"><span class='ocrx_word' id='word_1_764' title='bbox 2103 3936 2201 3988; x_wconf 72' lang='lat' dir='ltr'><strong>illi.</strong></span> <span class='ocrx_word' id='word_1_765' title='bbox 2228 3951 2245 3987; x_wconf 86' lang='grc' dir='ltr'><strong>ι</strong></span> <span class='ocrx_word' id='word_1_766' title='bbox 2269 3952 2282 3986; x_wconf 85' lang='lat'>:</span> <span class='ocrx_word' id='word_1_767' title='bbox 2311 3934 2570 4002; x_wconf 77' lang='lat' dir='ltr'><strong>Populum</strong></span> <span class='ocrx_word' id='word_1_768' title='bbox 2591 3935 2849 4003; x_wconf 78' lang='lat' dir='ltr'><strong>Tanaquil</strong></span> <span class='ocrx_word' id='word_1_769' title='bbox 2879 3936 3178 4002; x_wconf 73' lang='lat' dir='ltr'><strong>alloquitur,</strong></span> <span class='ocrx_word' id='word_1_770' title='bbox 3200 3934 3347 4002; x_wconf 78' lang='lat' dir='ltr'><strong>jubet</strong></span> <span class='ocrx_word' id='word_1_771' title='bbox 3380 3938 3506 3989; x_wconf 71' lang='lat' dir='ltr'><strong>bona</strong></span> <span class='ocrx_word' id='word_1_772' title='bbox 3530 3936 3663 3987; x_wconf 79' lang='lat' dir='ltr'><strong>animo</strong></span> <span class='ocrx_word' id='word_1_773' title='bbox 3758 3934 3759 4003; x_wconf 48' lang='grc' dir='ltr'>ᾗ</span> 
     </span>
    </p>
   </div>
   <div class='ocr_carea' id='block_1_110' title="bbox 2108 4005 3662 4079">
    <p class='ocr_par' dir='ltr' id='par_1_110' title="bbox 2108 4005 3662 4079">
     <span class='ocr_line' id='line_1_111' title="bbox 2108 4005 3662 4079; baseline -0.005 -19"><span class='ocrx_word' id='word_1_774' title='bbox 2108 4023 2214 4079; x_wconf 78' lang='lat' dir='ltr'><strong>csse</strong></span> <span class='ocrx_word' id='word_1_775' title='bbox 2244 4023 2261 4079; x_wconf 85' lang='lat'><strong>.&#39;</strong></span> <span class='ocrx_word' id='word_1_776' title='bbox 2289 4007 2514 4075; x_wconf 74' lang='lat' dir='ltr'><strong>sopitum</strong></span> <span class='ocrx_word' id='word_1_777' title='bbox 2553 4008 2712 4076; x_wconf 75' lang='lat' dir='ltr'><strong>fuisse</strong></span> <span class='ocrx_word' id='word_1_778' title='bbox 2745 4006 2934 4076; x_wconf 72' lang='lat' dir='ltr'><strong>[legem</strong></span> <span class='ocrx_word' id='word_1_779' title='bbox 2965 4007 3127 4059; x_wconf 81' lang='lat' dir='ltr'><strong>subito</strong></span> <span class='ocrx_word' id='word_1_780' title='bbox 3171 4007 3314 4072; x_wconf 77' lang='lat' dir='ltr'><strong>ictu;</strong></span> <span class='ocrx_word' id='word_1_781' title='bbox 3343 4011 3530 4079; x_wconf 65' lang='lat' dir='ltr'><strong>fenum</strong></span> <span class='ocrx_word' id='word_1_782' title='bbox 3557 4005 3662 4057; x_wconf 73' lang='lat' dir='ltr'><strong>hand</strong></span> 
     </span>
    </p>
   </div>
   <div class='ocr_carea' id='block_1_111' title="bbox 2105 4078 3661 4147">
    <p class='ocr_par' dir='ltr' id='par_1_111' title="bbox 2105 4078 3661 4147">
     <span class='ocr_line' id='line_1_112' title="bbox 2105 4078 3661 4147; baseline 0.001 -20"><span class='ocrx_word' id='word_1_783' title='bbox 2105 4078 2208 4130; x_wconf 72' lang='lat' dir='ltr'><strong>alte</strong></span> <span class='ocrx_word' id='word_1_784' title='bbox 2234 4078 2286 4130; x_wconf 79' lang='lat' dir='ltr'><strong>in</strong></span> <span class='ocrx_word' id='word_1_785' title='bbox 2307 4093 2493 4144; x_wconf 82' lang='lat' dir='ltr'><strong>corpus</strong></span> <span class='ocrx_word' id='word_1_786' title='bbox 2515 4079 2849 4143; x_wconf 69' lang='lat' dir='ltr'><strong>descendisse,</strong></span> <span class='ocrx_word' id='word_1_787' title='bbox 2873 4079 2990 4147; x_wconf 71' lang='lat' dir='ltr'><strong>jam</strong></span> <span class='ocrx_word' id='word_1_788' title='bbox 3022 4079 3088 4130; x_wconf 79' lang='lat' dir='ltr'><strong>ad</strong></span> <span class='ocrx_word' id='word_1_789' title='bbox 3112 4095 3166 4131; x_wconf 82' lang='lat' dir='ltr'><strong>se</strong></span> <span class='ocrx_word' id='word_1_790' title='bbox 3193 4078 3406 4133; x_wconf 74' lang='lat' dir='ltr'><strong>redisse.</strong></span> <span class='ocrx_word' id='word_1_791' title='bbox 3432 4079 3523 4147; x_wconf 79' lang='lat' dir='ltr'><strong>Qui</strong></span> <span class='ocrx_word' id='word_1_792' title='bbox 3550 4079 3661 4131; x_wconf 79' lang='lat' dir='ltr'><strong>locus</strong></span> 
     </span>
    </p>
   </div>
   <div class='ocr_carea' id='block_1_112' title="bbox 2109 4147 3658 4216">
    <p class='ocr_par' dir='ltr' id='par_1_112' title="bbox 2109 4147 3658 4216">
     <span class='ocr_line' id='line_1_113' title="bbox 2109 4147 3658 4216; baseline -0.003 -15"><span class='ocrx_word' id='word_1_793' title='bbox 2109 4147 2221 4201; x_wconf 81' lang='lat' dir='ltr'><strong>fere</strong></span> <span class='ocrx_word' id='word_1_794' title='bbox 2252 4148 2511 4202; x_wconf 84' lang='lat' dir='ltr'><strong>Lactantii</strong></span> <span class='ocrx_word' id='word_1_795' title='bbox 2541 4149 2786 4216; x_wconf 68' lang='lat' dir='ltr'><strong>geminus</strong></span> <span class='ocrx_word' id='word_1_796' title='bbox 2817 4159 2918 4201; x_wconf 83' lang='lat' dir='ltr'><strong>est.</strong></span> <span class='ocrx_word' id='word_1_797' title='bbox 2970 4151 3203 4202; x_wconf 77' lang='lat' dir='ltr'><strong>Animam</strong></span> <span class='ocrx_word' id='word_1_798' title='bbox 3228 4162 3517 4216; x_wconf 73' lang='lat' dir='ltr'><strong>receperat,</strong></span> <span class='ocrx_word' id='word_1_799' title='bbox 3548 4148 3658 4200; x_wconf 82' lang='lat' dir='ltr'><strong>idem</strong></span> 
     </span>
    </p>
   </div>
   <div class='ocr_carea' id='block_1_113' title="bbox 2109 4216 3661 4287">
    <p class='ocr_par' dir='ltr' id='par_1_113' title="bbox 2109 4216 3661 4287">
     <span class='ocr_line' id='line_1_114' title="bbox 2109 4216 3661 4287; baseline -0.003 -14"><span class='ocrx_word' id='word_1_800' title='bbox 2109 4229 2192 4273; x_wconf 82' lang='lat' dir='ltr'><strong>est</strong></span> <span class='ocrx_word' id='word_1_801' title='bbox 2221 4235 2284 4273; x_wconf 80' lang='lat' dir='ltr'><strong>ae</strong></span> <span class='ocrx_word' id='word_1_802' title='bbox 2313 4221 2380 4271; x_wconf 76' lang='lat' dir='ltr'><strong>aut</strong></span> <span class='ocrx_word' id='word_1_803' title='bbox 2421 4236 2476 4272; x_wconf 82' lang='lat' dir='ltr'><strong>se</strong></span> <span class='ocrx_word' id='word_1_804' title='bbox 2512 4221 2681 4272; x_wconf 71' lang='lat' dir='ltr'><strong>rediit.</strong></span> <span class='ocrx_word' id='word_1_805' title='bbox 2726 4222 2826 4285; x_wconf 78' lang='lat' dir='ltr'><strong>Qui</strong></span> <span class='ocrx_word' id='word_1_806' title='bbox 2869 4235 3058 4274; x_wconf 70' lang='grc' dir='ltr'>ειςιιηιιο</span> <span class='ocrx_word' id='word_1_807' title='bbox 3103 4221 3406 4287; x_wconf 82' lang='lat' dir='ltr'><strong>sopiuntur,</strong></span> <span class='ocrx_word' id='word_1_808' title='bbox 3454 4230 3538 4274; x_wconf 83' lang='lat' dir='ltr'><strong>aut</strong></span> <span class='ocrx_word' id='word_1_809' title='bbox 3573 4216 3661 4270; x_wconf 79' lang='lat' dir='ltr'><strong>vul-</strong></span> 
     </span>
    </p>
   </div>
   <div class='ocr_carea' id='block_1_114' title="bbox 2107 4287 3662 4359">
    <p class='ocr_par' dir='ltr' id='par_1_114' title="bbox 2107 4287 3662 4359">
     <span class='ocr_line' id='line_1_115' title="bbox 2107 4287 3662 4359; baseline -0.002 -17"><span class='ocrx_word' id='word_1_810' title='bbox 2107 4305 2258 4355; x_wconf 85' lang='lat' dir='ltr'><strong>nere,</strong></span> <span class='ocrx_word' id='word_1_811' title='bbox 2291 4299 2380 4343; x_wconf 84' lang='lat' dir='ltr'><strong>aut</strong></span> <span class='ocrx_word' id='word_1_812' title='bbox 2423 4292 2634 4355; x_wconf 85' lang='lat' dir='ltr'><strong>morbo,</strong></span> <span class='ocrx_word' id='word_1_813' title='bbox 2681 4291 2962 4359; x_wconf 81' lang='lat' dir='ltr'><strong>evigilant,</strong></span> <span class='ocrx_word' id='word_1_814' title='bbox 3006 4303 3056 4345; x_wconf 88' lang='lat' dir='ltr'><strong>et</strong></span> <span class='ocrx_word' id='word_1_815' title='bbox 3103 4293 3171 4344; x_wconf 82' lang='lat' dir='ltr'><strong>ad</strong></span> <span class='ocrx_word' id='word_1_816' title='bbox 3213 4307 3276 4345; x_wconf 88' lang='lat' dir='ltr'><strong>se</strong></span> <span class='ocrx_word' id='word_1_817' title='bbox 3315 4292 3559 4353; x_wconf 74' lang='lat' dir='ltr'><strong>redemit;</strong></span> <span class='ocrx_word' id='word_1_818' title='bbox 3591 4287 3662 4355; x_wconf 78' lang='lat' dir='ltr'><strong>qui</strong></span> 
     </span>
    </p>
   </div>
   <div class='ocr_carea' id='block_1_115' title="bbox 2109 4361 3655 4431">
    <p class='ocr_par' dir='ltr' id='par_1_115' title="bbox 2109 4361 3655 4431">
     <span class='ocr_line' id='line_1_116' title="bbox 2109 4361 3655 4431; baseline -0.003 -18"><span class='ocrx_word' id='word_1_819' title='bbox 2109 4373 2284 4418; x_wconf 84' lang='lat' dir='ltr'><strong>morte</strong></span> <span class='ocrx_word' id='word_1_820' title='bbox 2321 4363 2624 4431; x_wconf 86' lang='lat' dir='ltr'><strong>sopiuntur,</strong></span> <span class='ocrx_word' id='word_1_821' title='bbox 2657 4376 2909 4415; x_wconf 79' lang='lat' dir='ltr'><strong>somnum</strong></span> <span class='ocrx_word' id='word_1_822' title='bbox 2943 4361 3178 4416; x_wconf 74' lang='lat' dir='ltr'><strong>ferreum</strong></span> <span class='ocrx_word' id='word_1_823' title='bbox 3209 4363 3362 4417; x_wconf 82' lang='lat' dir='ltr'><strong>illum</strong></span> <span class='ocrx_word' id='word_1_824' title='bbox 3405 4362 3655 4421; x_wconf 82' lang='lat' dir='ltr'><strong>dormiunt,</strong></span> 
     </span>
    </p>
   </div>
   <div class='ocr_carea' id='block_1_116' title="bbox 2107 4433 3631 4503">
    <p class='ocr_par' dir='ltr' id='par_1_116' title="bbox 2107 4433 3631 4503">
     <span class='ocr_line' id='line_1_117' title="bbox 2107 4433 3631 4503; baseline 0 -17"><span class='ocrx_word' id='word_1_825' title='bbox 2107 4447 2171 4486; x_wconf 72' lang='lat' dir='ltr'><strong>ex</strong></span> <span class='ocrx_word' id='word_1_826' title='bbox 2201 4449 2312 4503; x_wconf 86' lang='lat' dir='ltr'><strong>quo</strong></span> <span class='ocrx_word' id='word_1_827' title='bbox 2341 4447 2610 4502; x_wconf 80' lang='lat' dir='ltr'><strong>nunquam</strong></span> <span class='ocrx_word' id='word_1_828' title='bbox 2637 4433 2946 4486; x_wconf 81' lang='lat' dir='ltr'><strong>excitantur</strong></span> <span class='ocrx_word' id='word_1_829' title='bbox 2972 4434 3023 4486; x_wconf 90' lang='lat' dir='ltr'><strong>iu</strong></span> <span class='ocrx_word' id='word_1_830' title='bbox 3057 4433 3140 4488; x_wconf 75' lang='lat' dir='ltr'><strong>his</strong></span> <span class='ocrx_word' id='word_1_831' title='bbox 3170 4435 3352 4488; x_wconf 69' lang='lat' dir='ltr'><strong>terris.</strong></span> <span class='ocrx_word' id='word_1_832' title='bbox 3387 4435 3631 4491; x_wconf 64' lang='lat' dir='ltr'><strong>Gemens.</strong></span> 
     </span>
    </p>
   </div>
   <div class='ocr_carea' id='block_1_117' title="bbox 2181 4503 3658 4573">
    <p class='ocr_par' dir='ltr' id='par_1_117' title="bbox 2181 4503 3658 4573">
     <span class='ocr_line' id='line_1_118' title="bbox 2181 4503 3658 4573; baseline -0.002 -17"><span class='ocrx_word' id='word_1_833' title='bbox 2181 4503 2455 4559; x_wconf 72' lang='lat' dir='ltr'><strong>Insaniret.</strong></span> <span class='ocrx_word' id='word_1_834' title='bbox 2485 4504 2650 4573; x_wconf 66' lang='lat' dir='ltr'><strong>Hujus</strong></span> <span class='ocrx_word' id='word_1_835' title='bbox 2673 4505 2894 4559; x_wconf 61' lang='lat' dir='ltr'><strong>insaniat</strong></span> <span class='ocrx_word' id='word_1_836' title='bbox 2918 4507 3070 4560; x_wconf 87' lang='lat' dir='ltr'><strong>testis</strong></span> <span class='ocrx_word' id='word_1_837' title='bbox 3084 4513 3170 4559; x_wconf 81' lang='lat' dir='ltr'><strong>est</strong></span> <span class='ocrx_word' id='word_1_838' title='bbox 3192 4505 3456 4562; x_wconf 72' lang='lat' dir='ltr'><strong>Eusebius</strong></span> <span class='ocrx_word' id='word_1_839' title='bbox 3475 4507 3558 4560; x_wconf 79' lang='lat' dir='ltr'><strong>lib.</strong></span> <span class='ocrx_word' id='word_1_840' title='bbox 3572 4515 3658 4562; x_wconf 76' lang='lat' dir='ltr'><strong>Vtu,</strong></span> 
     </span>
    </p>
   </div>
   <div class='ocr_carea' id='block_1_118' title="bbox 2111 4575 2701 4645">
    <p class='ocr_par' dir='ltr' id='par_1_118' title="bbox 2111 4575 2701 4645">
     <span class='ocr_line' id='line_1_119' title="bbox 2111 4575 2701 4645; baseline -0.002 -16"><span class='ocrx_word' id='word_1_841' title='bbox 2111 4575 2247 4629; x_wconf 70' lang='lat' dir='ltr'><strong>Hist.</strong></span> <span class='ocrx_word' id='word_1_842' title='bbox 2280 4576 2423 4629; x_wconf 80' lang='lat' dir='ltr'><strong>Eccl.</strong></span> <span class='ocrx_word' id='word_1_843' title='bbox 2457 4590 2576 4645; x_wconf 77' lang='lat' dir='ltr'><strong>cap.</strong></span> <span class='ocrx_word' id='word_1_844' title='bbox 2613 4575 2701 4628; x_wconf 70' lang='lat' dir='ltr'><strong>l5.</strong></span> 
     </span>
    </p>
   </div>
   <div class='ocr_carea' id='block_1_119' title="bbox 2178 4646 3049 4701">
    <p class='ocr_par' dir='ltr' id='par_1_119' title="bbox 2178 4646 3049 4701">
     <span class='ocr_line' id='line_1_120' title="bbox 2178 4646 3049 4701; baseline 0.002 -2"><span class='ocrx_word' id='word_1_845' title='bbox 2178 4647 2367 4699; x_wconf 67' lang='lat' dir='ltr'><strong>Cmam.</strong></span> <span class='ocrx_word' id='word_1_846' title='bbox 2401 4646 2646 4701; x_wconf 83' lang='lat' dir='ltr'><strong>Galerius</strong></span> <span class='ocrx_word' id='word_1_847' title='bbox 2679 4646 3049 4701; x_wconf 76' lang='lat' dir='ltr'><strong>Maximianus.</strong></span> 
     </span>
    </p>
   </div>
   <div class='ocr_carea' id='block_1_120' title="bbox 2181 4715 3656 4788">
    <p class='ocr_par' dir='ltr' id='par_1_120' title="bbox 2181 4715 3656 4788">
     <span class='ocr_line' id='line_1_121' title="bbox 2181 4715 3656 4788; baseline -0.001 -18"><span class='ocrx_word' id='word_1_848' title='bbox 2181 4717 2304 4770; x_wconf 77' lang='lat' dir='ltr'><strong>Non</strong></span> <span class='ocrx_word' id='word_1_849' title='bbox 2347 4727 2404 4771; x_wconf 80' lang='lat' dir='ltr'><strong>ut</strong></span> <span class='ocrx_word' id='word_1_850' title='bbox 2452 4725 2586 4785; x_wconf 75' lang='lat' dir='ltr'><strong>patri</strong></span> <span class='ocrx_word' id='word_1_851' title='bbox 2623 4717 2990 4788; x_wconf 76' lang='lat' dir='ltr'><strong>gratularetur.</strong></span> <span class='ocrx_word' id='word_1_852' title='bbox 3039 4719 3353 4774; x_wconf 83' lang='lat' dir='ltr'><strong>Diocletiani</strong></span> <span class='ocrx_word' id='word_1_853' title='bbox 3395 4729 3506 4776; x_wconf 85' lang='lat' dir='ltr'><strong>erat</strong></span> <span class='ocrx_word' id='word_1_854' title='bbox 3550 4715 3656 4788; x_wconf 64' lang='lat' dir='ltr'><strong>tilias</strong></span> 
     </span>
    </p>
   </div>
   <div class='ocr_carea' id='block_1_121' title="bbox 2106 4784 3657 4859">
    <p class='ocr_par' dir='ltr' id='par_1_121' title="bbox 2106 4784 3657 4859">
     <span class='ocr_line' id='line_1_122' title="bbox 2106 4784 3657 4859; baseline -0.002 -21"><span class='ocrx_word' id='word_1_855' title='bbox 2106 4786 2421 4855; x_wconf 86' lang='lat' dir='ltr'><strong>adoptivus;</strong></span> <span class='ocrx_word' id='word_1_856' title='bbox 2468 4784 2640 4858; x_wconf 70' lang='lat' dir='ltr'><strong>atque</strong></span> <span class='ocrx_word' id='word_1_857' title='bbox 2665 4789 2827 4842; x_wconf 88' lang='lat' dir='ltr'><strong>etiam</strong></span> <span class='ocrx_word' id='word_1_858' title='bbox 2881 4805 3068 4858; x_wconf 88' lang='lat' dir='ltr'><strong>gener.</strong></span> <span class='ocrx_word' id='word_1_859' title='bbox 3113 4805 3231 4859; x_wconf 86' lang='lat' dir='ltr'><strong>cap.</strong></span> <span class='ocrx_word' id='word_1_860' title='bbox 3286 4792 3340 4845; x_wconf 92' lang='lat'><strong>9.</strong></span> <span class='ocrx_word' id='word_1_861' title='bbox 3388 4784 3657 4846; x_wconf 76' lang='lat' dir='ltr'><strong>Diocletiani</strong></span> 
     </span>
    </p>
   </div>
   <div class='ocr_carea' id='block_1_122' title="bbox 2106 4859 3654 4983">
    <p class='ocr_par' dir='ltr' id='par_1_122' title="bbox 2106 4859 3654 4983">
     <span class='ocr_line' id='line_1_123' title="bbox 2106 4859 3654 4983; baseline 0 -70"><span class='ocrx_word' id='word_1_862' title='bbox 2106 4861 2247 4983; x_wconf 45' lang='lat' dir='ltr'><strong>gnim</strong></span> <span class='ocrx_word' id='word_1_863' title='bbox 2307 4861 2466 4914; x_wconf 86' lang='lat' dir='ltr'><strong>tiliam</strong></span> <span class='ocrx_word' id='word_1_864' title='bbox 2522 4859 2783 4914; x_wconf 76' lang='lat' dir='ltr'><strong>Galeriam</strong></span> <span class='ocrx_word' id='word_1_865' title='bbox 2840 4859 3102 4915; x_wconf 77' lang='lat' dir='ltr'><strong>Valeriam</strong></span> <span class='ocrx_word' id='word_1_866' title='bbox 3144 4862 3379 4918; x_wconf 71' lang='lat' dir='ltr'><strong>duxerat</strong></span> <span class='ocrx_word' id='word_1_867' title='bbox 3431 4859 3654 4920; x_wconf 67' lang='lat' dir='ltr'><strong>Galerius.</strong></span> 
     </span>
     <span class='ocr_line' id='line_1_124' title="bbox 2151 4947 2367 4983; baseline 0 0"><span class='ocrx_word' id='word_1_868' title='bbox 2151 4947 2367 4983; x_wconf 70' lang='grc' dir='ltr'>οιισιΑιιι).</span> 
     </span>
    </p>
   </div>
   <div class='ocr_carea' id='block_1_123' title="bbox 2151 4947 2367 4986">
    <p class='ocr_par' dir='ltr' id='par_1_123' title="bbox 2151 4947 2367 4986">
     <span class='ocr_line' id='line_1_125' title="bbox 2151 4947 2367 4986; baseline -0.005 -1"><span class='ocrx_word' id='word_1_869' title='bbox 2151 4947 2367 4986; x_wconf 69' lang='grc' dir='ltr'>οιιιιΑιιι).</span> 
     </span>
    </p>
   </div>
   <div class='ocr_carea' id='block_1_124' title="bbox 2175 5001 3656 5073">
    <p class='ocr_par' dir='ltr' id='par_1_124' title="bbox 2175 5001 3656 5073">
     <span class='ocr_line' id='line_1_126' title="bbox 2175 5001 3656 5073; baseline -0.001 -17"><span class='ocrx_word' id='word_1_870' title='bbox 2175 5002 2387 5072; x_wconf 72' lang='lat' dir='ltr'><strong>(legeret</strong></span> <span class='ocrx_word' id='word_1_871' title='bbox 2415 5004 2629 5073; x_wconf 80' lang='lat' dir='ltr'><strong>imperia</strong></span> <span class='ocrx_word' id='word_1_872' title='bbox 2671 5003 2862 5056; x_wconf 78' lang='lat' dir='ltr'><strong>cedere.</strong></span> <span class='ocrx_word' id='word_1_873' title='bbox 2897 5002 2995 5056; x_wconf 70' lang='lat' dir='ltr'><strong>Ms.</strong></span> <span class='ocrx_word' id='word_1_874' title='bbox 3029 5013 3086 5058; x_wconf 87' lang='lat' dir='ltr'><strong>nt</strong></span> <span class='ocrx_word' id='word_1_875' title='bbox 3127 5014 3184 5060; x_wconf 90' lang='lat' dir='ltr'><strong>et</strong></span> <span class='ocrx_word' id='word_1_876' title='bbox 3223 5004 3364 5060; x_wconf 80' lang='lat' dir='ltr'><strong>infra</strong></span> <span class='ocrx_word' id='word_1_877' title='bbox 3387 5046 3402 5071; x_wconf 94' lang='lat'><strong>,</strong></span> <span class='ocrx_word' id='word_1_878' title='bbox 3432 5001 3656 5070; x_wconf 74' lang='lat' dir='ltr'><strong>imperim</strong></span> 
     </span>
    </p>
   </div>
   <div class='ocr_carea' id='block_1_125' title="bbox 2105 5075 2329 5128">
    <p class='ocr_par' dir='ltr' id='par_1_125' title="bbox 2105 5075 2329 5128">
     <span class='ocr_line' id='line_1_127' title="bbox 2105 5075 2329 5128; baseline -0.004 0"><span class='ocrx_word' id='word_1_879' title='bbox 2105 5075 2329 5128; x_wconf 77' lang='lat' dir='ltr'><strong>credere.</strong></span> 
     </span>
    </p>
   </div>
   <div class='ocr_carea' id='block_1_126' title="bbox 2171 5143 3651 5217">
    <p class='ocr_par' dir='ltr' id='par_1_126' title="bbox 2171 5143 3651 5217">
     <span class='ocr_line' id='line_1_128' title="bbox 2171 5143 3651 5217; baseline -0.004 -16"><span class='ocrx_word' id='word_1_880' title='bbox 2171 5146 2488 5217; x_wconf 61' lang='lat' dir='ltr'><strong>Conﬂixerat</strong></span> <span class='ocrx_word' id='word_1_881' title='bbox 2512 5143 2675 5212; x_wconf 78' lang='lat' dir='ltr'><strong>(cum)</strong></span> <span class='ocrx_word' id='word_1_882' title='bbox 2699 5143 3016 5217; x_wconf 58' lang='lat' dir='ltr'><strong>Maximiano</strong></span> <span class='ocrx_word' id='word_1_883' title='bbox 3038 5161 3176 5202; x_wconf 79' lang='lat' dir='ltr'><strong>une.</strong></span> <span class='ocrx_word' id='word_1_884' title='bbox 3199 5147 3450 5202; x_wconf 79' lang='lat' dir='ltr'><strong>Herculio</strong></span> <span class='ocrx_word' id='word_1_885' title='bbox 3465 5144 3651 5217; x_wconf 40' lang='lat' dir='ltr'><strong>scilicet.</strong></span> 
     </span>
    </p>
   </div>
   <div class='ocr_carea' id='block_1_127' title="bbox 2105 5215 3649 5288">
    <p class='ocr_par' dir='ltr' id='par_1_127' title="bbox 2105 5215 3649 5288">
     <span class='ocr_line' id='line_1_129' title="bbox 2105 5215 3649 5288; baseline -0.001 -16"><span class='ocrx_word' id='word_1_886' title='bbox 2105 5217 2234 5272; x_wconf 79' lang='lat' dir='ltr'><strong>Cum</strong></span> <span class='ocrx_word' id='word_1_887' title='bbox 2262 5215 2414 5271; x_wconf 85' lang='lat' dir='ltr'><strong>deest</strong></span> <span class='ocrx_word' id='word_1_888' title='bbox 2437 5216 2487 5269; x_wconf 92' lang='lat' dir='ltr'><strong>in</strong></span> <span class='ocrx_word' id='word_1_889' title='bbox 2509 5232 2618 5288; x_wconf 76' lang='lat' dir='ltr'><strong>ms.</strong></span> <span class='ocrx_word' id='word_1_890' title='bbox 2646 5215 2742 5269; x_wconf 85' lang='lat' dir='ltr'><strong>sed</strong></span> <span class='ocrx_word' id='word_1_891' title='bbox 2764 5215 3100 5288; x_wconf 73' lang='lat' dir='ltr'><strong>Lactantinm</strong></span> <span class='ocrx_word' id='word_1_892' title='bbox 3119 5216 3649 5288; x_wconf 54' lang='lat' dir='ltr'><strong>&#39;susp&#39;tcor&#39;scr-ipsisse.</strong></span> 
     </span>
    </p>
   </div>
   <div class='ocr_carea' id='block_1_128' title="bbox 2104 5285 2877 5344">
    <p class='ocr_par' dir='ltr' id='par_1_128' title="bbox 2104 5285 2877 5344">
     <span class='ocr_line' id='line_1_130' title="bbox 2104 5285 2877 5344; baseline -0.003 -3"><span class='ocrx_word' id='word_1_893' title='bbox 2104 5303 2168 5344; x_wconf 84' lang='lat' dir='ltr'><strong>ac</strong></span> <span class='ocrx_word' id='word_1_894' title='bbox 2198 5289 2324 5343; x_wconf 89' lang='lat' dir='ltr'><strong>inde</strong></span> <span class='ocrx_word' id='word_1_895' title='bbox 2350 5300 2540 5342; x_wconf 82' lang='lat' dir='ltr'><strong>sensus</strong></span> <span class='ocrx_word' id='word_1_896' title='bbox 2572 5285 2624 5338; x_wconf 84' lang='lat' dir='ltr'><strong>lit</strong></span> <span class='ocrx_word' id='word_1_897' title='bbox 2657 5287 2877 5339; x_wconf 81' lang='lat' dir='ltr'><strong>clarior.</strong></span> 
     </span>
    </p>
   </div>
   <div class='ocr_carea' id='block_1_129' title="bbox 2177 5357 3646 5432">
    <p class='ocr_par' dir='ltr' id='par_1_129' title="bbox 2177 5357 3646 5432">
     <span class='ocr_line' id='line_1_131' title="bbox 2177 5357 3646 5432; baseline -0.005 -19"><span class='ocrx_word' id='word_1_898' title='bbox 2177 5361 2546 5432; x_wconf 74' lang='lat' dir='ltr'><strong>Aggressusest</strong></span> <span class='ocrx_word' id='word_1_899' title='bbox 2565 5373 2684 5427; x_wconf 83' lang='lat' dir='ltr'><strong>ergo</strong></span> <span class='ocrx_word' id='word_1_900' title='bbox 2710 5357 3104 5422; x_wconf 86' lang='lat' dir='ltr'><strong>Diocletianum,</strong></span> <span class='ocrx_word' id='word_1_901' title='bbox 3122 5361 3236 5430; x_wconf 86' lang='lat' dir='ltr'><strong>jam</strong></span> <span class='ocrx_word' id='word_1_902' title='bbox 3257 5377 3425 5413; x_wconf 82' lang='lat' dir='ltr'><strong>senem</strong></span> <span class='ocrx_word' id='word_1_903' title='bbox 3440 5373 3552 5432; x_wconf 66' lang='lat' dir='ltr'><strong>esse,</strong></span> <span class='ocrx_word' id='word_1_904' title='bbox 3569 5361 3646 5432; x_wconf 73' lang='lat' dir='ltr'><strong>etc.</strong></span> 
     </span>
    </p>
   </div>
   <div class='ocr_carea' id='block_1_130' title="bbox 2104 5429 3648 5498">
    <p class='ocr_par' dir='ltr' id='par_1_130' title="bbox 2104 5429 3648 5498">
     <span class='ocr_line' id='line_1_132' title="bbox 2104 5429 3648 5498; baseline -0.003 -12"><span class='ocrx_word' id='word_1_905' title='bbox 2104 5431 2202 5486; x_wconf 84' lang='lat' dir='ltr'><strong>Hic</strong></span> <span class='ocrx_word' id='word_1_906' title='bbox 2233 5431 2416 5498; x_wconf 83' lang='lat' dir='ltr'><strong>incipit</strong></span> <span class='ocrx_word' id='word_1_907' title='bbox 2443 5429 2684 5498; x_wconf 79' lang='lat' dir='ltr'><strong>dialogus</strong></span> <span class='ocrx_word' id='word_1_908' title='bbox 2725 5433 2865 5483; x_wconf 78' lang='lat' dir='ltr'><strong>inter</strong></span> <span class='ocrx_word' id='word_1_909' title='bbox 2905 5429 3291 5485; x_wconf 76' lang='lat' dir='ltr'><strong>Diocletianum</strong></span> <span class='ocrx_word' id='word_1_910' title='bbox 3319 5443 3378 5486; x_wconf 81' lang='lat' dir='ltr'><strong>et</strong></span> <span class='ocrx_word' id='word_1_911' title='bbox 3421 5429 3648 5484; x_wconf 61' lang='lat' dir='ltr'><strong>Masilam-</strong></span> 
     </span>
    </p>
   </div>
   <div class='ocr_carea' id='block_1_131' title="bbox 2104 5499 3650 5572">
    <p class='ocr_par' dir='ltr' id='par_1_131' title="bbox 2104 5499 3650 5572">
     <span class='ocr_line' id='line_1_133' title="bbox 2104 5499 3650 5572; baseline -0.006 -16"><span class='ocrx_word' id='word_1_912' title='bbox 2104 5518 2232 5557; x_wconf 80' lang='lat' dir='ltr'><strong>num</strong></span> <span class='ocrx_word' id='word_1_913' title='bbox 2262 5499 2572 5564; x_wconf 81' lang='lat' dir='ltr'><strong>Galerium,</strong></span> <span class='ocrx_word' id='word_1_914' title='bbox 2604 5502 2712 5555; x_wconf 83' lang='lat' dir='ltr'><strong>isto</strong></span> <span class='ocrx_word' id='word_1_915' title='bbox 2752 5514 3001 5554; x_wconf 78' lang='lat' dir='ltr'><strong>socerum</strong></span> <span class='ocrx_word' id='word_1_916' title='bbox 3046 5513 3269 5572; x_wconf 77' lang='lat' dir='ltr'><strong>urgente</strong></span> <span class='ocrx_word' id='word_1_917' title='bbox 3310 5504 3377 5556; x_wconf 81' lang='lat' dir='ltr'><strong>ad</strong></span> <span class='ocrx_word' id='word_1_918' title='bbox 3419 5504 3650 5568; x_wconf 75' lang='lat' dir='ltr'><strong>deponen-</strong></span> 
     </span>
    </p>
   </div>
   <div class='ocr_carea' id='block_1_132' title="bbox 2104 5571 3650 5642">
    <p class='ocr_par' dir='ltr' id='par_1_132' title="bbox 2104 5571 3650 5642">
     <span class='ocr_line' id='line_1_134' title="bbox 2104 5571 3650 5642; baseline -0.003 -15"><span class='ocrx_word' id='word_1_919' title='bbox 2104 5575 2231 5628; x_wconf 85' lang='lat' dir='ltr'><strong>dum</strong></span> <span class='ocrx_word' id='word_1_920' title='bbox 2280 5574 2584 5638; x_wconf 73' lang='lat' dir='ltr'><strong>imperium,</strong></span> <span class='ocrx_word' id='word_1_921' title='bbox 2618 5573 2796 5626; x_wconf 61' lang='lat' dir='ltr'><strong>altera</strong></span> <span class='ocrx_word' id='word_1_922' title='bbox 2820 5571 3171 5642; x_wconf 74' lang='lat' dir='ltr'><strong>repugnante.</strong></span> <span class='ocrx_word' id='word_1_923' title='bbox 3205 5574 3359 5640; x_wconf 80' lang='lat' dir='ltr'><strong>Quod</strong></span> <span class='ocrx_word' id='word_1_924' title='bbox 3405 5571 3650 5642; x_wconf 63' lang='lat' dir='ltr'><strong>Valdeme</strong></span> 
     </span>
    </p>
   </div>
   <div class='ocr_carea' id='block_1_133' title="bbox 2104 5641 3653 5700">
    <p class='ocr_par' dir='ltr' id='par_1_133' title="bbox 2104 5641 3653 5700">
     <span class='ocr_line' id='line_1_135' title="bbox 2104 5641 3653 5700; baseline -0.003 0"><span class='ocrx_word' id='word_1_925' title='bbox 2104 5643 2546 5700; x_wconf 83' lang='lat' dir='ltr'><strong>madvertendam</strong></span> <span class='ocrx_word' id='word_1_926' title='bbox 2598 5654 2700 5698; x_wconf 88' lang='lat' dir='ltr'><strong>est.</strong></span> <span class='ocrx_word' id='word_1_927' title='bbox 2754 5641 3020 5697; x_wconf 81' lang='lat' dir='ltr'><strong>Hactenus</strong></span> <span class='ocrx_word' id='word_1_928' title='bbox 3075 5647 3218 5698; x_wconf 91' lang='lat' dir='ltr'><strong>enim</strong></span> <span class='ocrx_word' id='word_1_929' title='bbox 3277 5641 3653 5699; x_wconf 58' lang='lat' dir='ltr'><strong>existimavimus</strong></span> 
     </span>
    </p>
   </div>
   <div class='ocr_carea' id='block_1_134' title="bbox 2106 5713 3650 5791">
    <p class='ocr_par' dir='ltr' id='par_1_134' title="bbox 2106 5713 3650 5791">
     <span class='ocr_line' id='line_1_136' title="bbox 2106 5713 3650 5791; baseline -0.002 -26"><span class='ocrx_word' id='word_1_930' title='bbox 2106 5724 2458 5791; x_wconf 41' lang='lat' dir='ltr'><strong>spontaneum</strong></span> <span class='ocrx_word' id='word_1_931' title='bbox 2492 5715 2659 5791; x_wconf 63' lang='lat' dir='ltr'><strong>[uisse</strong></span> <span class='ocrx_word' id='word_1_932' title='bbox 2693 5715 3003 5791; x_wconf 80' lang='lat' dir='ltr'><strong>Diocletiani</strong></span> <span class='ocrx_word' id='word_1_933' title='bbox 3028 5716 3437 5791; x_wconf 78' lang='lat' dir='ltr'><strong>abdicationem,</strong></span> <span class='ocrx_word' id='word_1_934' title='bbox 3459 5724 3505 5768; x_wconf 89' lang='lat' dir='ltr'><strong>et</strong></span> <span class='ocrx_word' id='word_1_935' title='bbox 3527 5713 3650 5791; x_wconf 48' lang='lat' dir='ltr'><strong>longi!</strong></span> 
     </span>
    </p>
   </div>
   <div class='ocr_carea' id='block_1_135' title="bbox 2095 5775 3654 5858">
    <p class='ocr_par' dir='ltr' id='par_1_135' title="bbox 2095 5775 3654 5858">
     <span class='ocr_line' id='line_1_137' title="bbox 2095 5775 3654 5858; baseline -0.006 -15"><span class='ocrx_word' id='word_1_936' title='bbox 2095 5775 2354 5858; x_wconf 55' lang='lat' dir='ltr'><strong>ieiunare</strong></span> <span class='ocrx_word' id='word_1_937' title='bbox 2383 5785 2692 5841; x_wconf 88' lang='lat' dir='ltr'><strong>meditatam</strong></span> <span class='ocrx_word' id='word_1_938' title='bbox 2725 5802 2738 5838; x_wconf 91' lang='lat'><strong>:</strong></span> <span class='ocrx_word' id='word_1_939' title='bbox 2771 5786 2912 5854; x_wconf 85' lang='lat' dir='ltr'><strong>quod</strong></span> <span class='ocrx_word' id='word_1_940' title='bbox 2942 5796 3093 5842; x_wconf 90' lang='lat' dir='ltr'><strong>certe</strong></span> <span class='ocrx_word' id='word_1_941' title='bbox 3123 5775 3520 5843; x_wconf 87' lang='lat' dir='ltr'><strong>evidentissime</strong></span> <span class='ocrx_word' id='word_1_942' title='bbox 3538 5775 3654 5834; x_wconf 79' lang='lat' dir='ltr'><strong>colli-</strong></span> 
     </span>
    </p>
   </div>
  </div>
