3800 6250
98 244 202 301 2ὶὸ

1238 242 1441 303 LIBER
1474 247 1562 304 DE
1595 244 1804 306 MORT.
1848 246 2229 309 PERSECUT.

3255 263 3360 323 226

99 367 211 437 quia
273 361 619 419 Maximianus
696 357 859 416 lidem
919 374 1126 416 summa
1195 362 1455 435 religione
1520 364 2119 436 prae-Ablaximianus
2147 369 2262 440 ipse
2293 383 2584 441 purpuram
2608 380 3031 442 sumpserat;et
3060 376 3131 432 ibi
3157 379 3361 436 colum-

100 456 276 513 Stabat.

164 547 221 602 D.
247 544 369 613 Quis
388 552 469 600 est
492 544 607 612 hic,
634 557 791 615 quem
824 542 954 599 mibi
985 544 1195 601 offers?

167 639 226 697 ϐ.
251 638 393 694 Meus
415 680 429 705 ,
459 638 663 709 inquit,
690 635 887 693 affinis.

166 737 223 790 D.
264 732 324 789 At
362 732 449 788 ille
494 731 865 803 gemebundus
909 749 921 784 :
966 731 1084 787 Non
1137 731 1360 787 idoneos
1407 730 1656 788 homines

101 831 223 889 mibi
246 828 367 893 das,
390 825 584 895 quibus
610 825 771 882 tutela
797 825 1128 895 Reipublictc
1163 825 1423 881 committi
1465 825 1655 895 possit.

170 926 232 986 G.
250 924 453 982 Probavi
478 937 575 978 eos
595 964 610 989 ,
639 922 832 991 inquit.

172 1020 229 1075 Ι).
274 1016 343 1073 'l'tt
371 1014 563 1070 videris
588 1056 603 1080 ,
630 1014 719 1086 qui
763 1012 1005 1084 regimen
1048 1013 1260 1085 imperii
1313 1022 1663 1082 suscepturus

107 1131 176 1172 es.
207 1113 302 1183 Ego
327 1109 453 1165 satis
486 1108 758 1173 laboravi,
804 1118 857 1162 et
908 1107 1118 1177 providi
1167 1106 1618 1177 quemadmodum
1644 1147 1659 1169 .

102 1221 177 1262 me
198 1205 473 1274 imperante
493 1244 509 1268 ,
555 1199 878 1271 Respublica
919 1209 1087 1254 staret
1111 1199 1416 1255 incolumis.
1449 1198 1504 1255 Si
1533 1197 1661 1269 quid

104 1296 355 1354 accesserit
379 1293 593 1349 adversi
619 1334 635 1360 ,
661 1307 779 1347 mea
808 1292 960 1360 culpa
990 1307 1094 1346 non
1119 1294 1243 1346 erit.

775 1383 920 1439 XIX.
944 1378 945 1381 “

159 1480 274 1537 Cum
299 1478 406 1534 haec
428 1485 613 1534 essent
630 1478 937 1543 constituta,
959 1477 1198 1547 procedit
1220 1476 1460 1534 kalendis
1484 1478 1652 1533 Maiis.

103 1574 468 1631 Constantinum
508 1586 701 1627 omnes
731 1571 1095 1625 intuebantur.
1143 1571 1292 1646 Nulla
1332 1582 1447 1627 erat
1501 1571 1656 1626 dubi-

105 1666 229 1722 tatio.
253 1663 431 1719 Milites
455 1661 547 1732 qui
579 1661 836 1726 aderant,
863 1671 916 1715 et
944 1663 1148 1731 priores
1175 1661 1402 1716 militum
1457 1661 1615 1717 electi
1637 1703 1653 1727 ,

1761 471 1828 512 na
1859 457 2035 513 fuerat
2063 468 2243 513 erecta
2274 473 2396 513 cum
2421 459 2571 517 lovis
2620 464 2792 534 signo.
2824 465 2903 520 Eo
2926 467 3184 538 pergitur.
3216 469 3363 526 Con-

1761 546 1847 602 cio
1876 548 2103 603 militum
2133 560 2476 605 convocatur.
2521 550 2696 623 lnquit
2723 570 2892 611 senex
2919 572 3040 613 cum
3070 558 3323 633 lacrymis
3342 601 3417 628 ,ν

1760 640 2055 711 alloquitur
2077 643 2274 698 milites
2306 659 2319 696 :
2352 657 2411 698 se
2439 643 2732 701 invalidum
2765 662 2884 704 esse
2906 690 2921 716 ,
2955 652 3195 720 requiem
3236 663 3360 723 post

1760 732 1974 790 labores
2005 744 2188 806 petere
2211 777 2224 800 ,
2257 736 2541 805 imperium
2563 738 2916 797 validioribus
2958 744 3205 813 tradere,
3228 746 3365 803 alios

1763 823 2007 882 Cmsares
2036 827 2352 898 subrogare.
2395 829 2614 884 Summa
2643 831 2882 886 omnium
2915 838 3214 905 expectatio
3234 839 3362 908 quid

1763 919 2003 975 afferret.
2033 919 2183 975 Tunc
2212 929 2435 989 repente
2483 923 2791 991 pronuntiat
2816 923 3073 981 Severum
3100 936 3155 982 et
3190 928 3362 985 Maxi-

1765 1011 1968 1066 minum
2015 1009 2277 1067 Caesares.
2320 1012 2704 1083 Obstupeliunt
2758 1032 2948 1073 omnes
2995 1018 3049 1072 in
3077 1020 3355 1076 tribunali.

1763 1101 2147 1159 Constantinus
2171 1103 2379 1158 astabat
2404 1119 2592 1161 susum
2618 1124 2631 1159 :
2657 1107 2906 1165 haesitare
2927 1109 3068 1166 inter
3112 1127 3203 1181 se,
3233 1130 3358 1170 num

1764 1197 2098 1255 Constantini
2129 1200 2463 1253 immutatum
2517 1215 2712 1257 nomen
2752 1213 2932 1270 esset,
2994 1220 3114 1260 cum
3145 1206 3197 1261 in
3229 1223 3361 1264 con-

1762 1300 1953 1361 Spectu
1977 1290 2217 1344 omnium
2230 1288 2582 1345 Maximianus
2610 1306 2826 1347 manum
2850 1303 3146 1352 retrorsum
3172 1310 3360 1355 exten-

1758 1383 1895 1439 dens
1921 1424 1934 1449 ,
1964 1382 2227 1454 protraxit
2254 1398 2281 1435 a
2304 1393 2457 1452 tergo
2489 1383 2671 1439 Daiam
2699 1427 2714 1451 ,
2736 1384 3092 1445 Constantino
3117 1396 3354 1463 repulso,

1757 1485 1815 1531 et
1838 1484 2055 1531 exutum
2092 1485 2294 1530 vestem
2325 1477 2627 1544 privatam,
2660 1480 2936 1534 constituit
2985 1481 3037 1535 in
3089 1485 3349 1542 medium.

1758 1566 1935 1622 Mirari
1963 1581 2153 1622 omnes
2180 1567 2268 1636 qui
2296 1576 2475 1634 esset,
2501 1567 2643 1623 unde
2672 1578 2834 1624 esset.
2860 1569 3029 1626 Nemo
3056 1583 3232 1630 tamen
3271 1592 3360 1631 re-

1759 1660 1994 1716 clamare
2022 1674 2185 1714 ausus
2214 1668 2336 1727 est,
2386 1660 2593 1714 cunctis
2646 1660 2936 1731 inSperataa
2979 1665 3217 1723 novitate
3273 1670 3350 1725 rei

102 1757 295 1815 “acciti
322 1772 382 1811 ex
414 1754 718 1825 legionibus
737 1795 753 1822 ,
780 1754 834 1809 in
866 1753 1006 1808 hunc
1036 1770 1199 1808 unum
1238 1754 1425 1809 intenti
1454 1753 1657 1824 gaude-
1683 1722 1733 1782 Β
1762 1750 2005 1807 turbatis.
2041 1750 2176 1806 Huic
2205 1765 2496 1821 purpuram
2554 1751 2919 1809 Diocletianus
2949 1756 3132 1827 injecit
3162 1775 3313 1815 suam
3339 1803 3357 1830 ,

102 1847 532 1921 bant,optabant,
566 1858 623 1902 et
665 1855 789 1902 vota
819 1846 1109 1902 faciebant.
1157 1845 1286 1902 Erat
1336 1846 1485 1902 locus
1512 1846 1652 1902 altus

102 1952 227 2002 extra
250 1944 506 1999 civitatem
546 1941 615 1996 ad
642 1938 812 1996 millia
851 1940 964 1997 fere
992 1939 1090 1996 tria
1111 1981 1127 2006 ,
1160 1939 1213 1994 in
1257 1938 1411 2010 cujus
1438 1952 1653 1994 summo

1755 1857 1860 1913 qua
1906 1857 1965 1897 se
1995 1841 2179 1906 exuit,
2221 1850 2275 1895 et
2307 1840 2518 1896 Diocles
2544 1841 2735 1897 iterum
2758 1843 2932 1900 factus
2970 1857 3070 1902 est.
3100 1847 3235 1904 Tum
3262 1851 3359 1908 de-

1754 1932 2064 1999 scenditur;
2096 1942 2150 1988 et
2176 1932 2342 1988 rlteda
2374 1948 2471 2004 per
2506 1932 2777 1991 civitatein
2808 1949 3098 1997 veteranus
3127 1941 3244 1999 Rex
3278 1942 3362 2000 fo-

1397 2068 1758 2128 VARIORUM
1793 2068 2028 2126 NOTAE.

102 2216 166 2256 sa.
187 2196 275 2254 Ms.
301 2193 554 2257 Hominis,
583 2190 869 2247 mendose.
897 2188 1031 2244 Cum
1047 2190 1177 2245 viris
1203 2188 1377 2244 doctis
1405 2186 1617 2258 Cnpero
1638 2228 1654 2255 ,

103 2269 364 2335 Toinardo,
392 2264 623 2335 aliisque
650 2262 1059 2335 scriboominis.
1108 2263 1245 2335 Dicit
1271 2270 1449 2335 autem
1471 2260 1657 2335 ominis

102 2358 248 2406 causa,
284 2332 397 2409 quia
423 2333 927 2409 (inqtiit)_sperabat
952 2348 1073 2409 eum
1103 2332 1205 2387 sibi
1238 2343 1344 2386 tam
1378 2332 1540 2409 fidum
1570 2332 1656 2409 fu-

102 2401 249 2468 turum
277 2401 333 2465 ac
359 2401 473 2464 erat
518 2401 913 2473 Maximianus,
945 2404 1100 2475 cujus
1129 2418 1326 2458 nomen
1370 2402 1525 2458 alteri
1556 2401 1655 2456 da-

101 2482 202 2546 bal,
229 2479 513 2536 Herculius.

160 2544 498 2607 Maximianus.
533 2547 618 2603 ιω
672 2561 774 2601 ms.
835 2545 885 2601 Is
924 2556 1041 2602 erat
1091 2560 1257 2602 senex
1294 2544 1656 2600 Maximianus

104 2625 363 2681 Herculius.

164 2696 275 2764 Quis
293 2704 358 2750 est
381 2693 484 2758 hic,
511 2706 670 2763 quem
696 2689 824 2744 milii
851 2685 1009 2756 offers
1026 2688 1053 2742 .’
1079 2686 1255 2745 Verba
1286 2697 1414 2743 sunt
1445 2685 1660 2743 Diocle-

105 2769 231 2823 tiani.

165 2838 331 2910 litauit.
361 2836 585 2910 Scilicet
613 2832 879 2910 Galerius.

163 2902 344 2977 Affinis.
371 2909 498 2977 Quia
523 2905 732 2977 Galerii
759 2902 962 2977 sororis
988 2902 1128 2957 ﬁlius
1151 2909 1287 2957 erat.

164 2975 252 3052 Ille
270 2975 627 3052 gemebundus.
664 2975 1047 3052 Dioclelionus.

1756 2185 2005 2269 primores
2020 2184 2274 2269 militum,
2303 2185 2443 2269 sicut
2473 2187 2723 2269 primores
2744 2189 3026 2269 civitatom,
3068 2194 3356 2269 infrakcap.

1756 2256 1954 2336 21._At
1979 2267 2205 2336 utraque
2230 2257 2390 2311 lectio
2416 2258 2575 2313 bona.
2611 2258 2743 2315 Vide
2769 2270 2882 2318 not.
2913 2256 3110 2336 Cuperi
3131 2275 3187 2324 et
3200 2256 3361 2325 Glos-

1761 2328 1964 2383 sarium
1994 2326 2205 2397 Cangii.

1834 2397 2000 2470 Extra
2027 2400 2301 2452 civitatem.
2335 2398 2511 2470 Prope
2537 2400 2926 2458 Nicomediam.

1840 2469 1904 2522 In
1927 2471 2073 2540 cujus
2101 2486 2298 2540 summo
2318 2469 2696 2540 Maximianus,
2724 2484 2828 2529 etc.
2852 2474 3101 2531 Galerius
3146 2481 3360 2537 scilicet

1766 2539 2141 2622 ﬂorentarius.
2173 2539 2620 2622 —._d!aximian_us
2643 2544 3044 2622 ipse.__Nurr.__p.
3093 2549 3201 2606 258
3228 2564 3358 2622 etp.

1769 2612 1876 2667 279
1906 2626 2027 2667 cum
2059 2610 2330 2665 nonnullis
2378 2614 2597 2683 exponit
2644 2614 2713 2670 de
2759 2615 2904 2670 Max.
2943 2610 3188 2676 Herculio
3214 2639 3233 2677 :
3257 2610 3353 2678 sed

1770 2683 1970 2738 rectius
2015 2684 2223 2736 videtur
2278 2684 2414 2736 sumi
2467 2684 2530 2737 de
2560 2683 2708 2740 Max.
2741 2685 2947 2742 Galerio
2976 2705 2996 2744 :
3036 2706 3157 2746 nam
3187 2693 3254 2747 de
3296 2708 3362 2750 eo

1771 2753 1875 2835 hoc
1906 2755 2082 2835 capite
2109 2769 2288 2835 sermo
2319 2752 2455 2835 infra
2477 2757 2678 2835 ,_et‘ita-
2702 2773 2997 2835 pronomen
3025 2763 3152 2835 ipse
3179 2766 3362 2835 requi-

1767 2826 1836 2880 rit
1862 2867 1876 2892 ,
1902 2825 2045 2896 quod
2073 2825 2264 2881 eodem
2294 2825 2453 2880 modo
2479 2826 2547 2882 de
2578 2825 2786 2883 Galerio
2816 2825 3156 2896 Maximiano,
3188 2825 3358 2891 c318.

1840 2967 2028 3022 Concio
2080 2968 2300 3043 militum
2345 2979 2671 3023 convocatur.
2705 2969 2880 3043 lnquit
2919 2905 3316 3033 senemFulTocus
3343 3020 3358 3043 ,

167 3030 498 3106 Mnasias;
539 3047 649 3102 Ms.
680 3045 842 3100 habet
863 3044 1005 3098 ideas
1027 3086 1042 3111 ,
1100 3059 1222 3099 cum
1269 3042 1459 3099 calami
1496 3041 1662 3099 ductu
1690 3030 1736 3094 C
1768 3049 1825 3116 ut
1853 3047 2081 3110 putant,
2113 3040 2423 3116 mendosus.
2466 3043 2535 3094 At
2562 3030 2819 3116 ttts._legit
2842 3045 3004 3115 inquit
3022 3030 3209 3101 senex;
3230 3030 3363 3116 Qui;

109 3124 200 3178 sive
219 3123 392 3176 lineola
419 3135 592 3191 super
611 3121 692 3191 de.

164 3194 357 3249 Probavi
381 3187 500 3247 σοι’
515 3189 785 3259 Loquitur
812 3187 1075 3259 Galerius.

167 3264 233 3319 Tit
252 3265 439 3319 videris.
469 3256 732 3318 Forniula
759 3258 1198 3328 improbantium.
1232 3256 1357 3312 Haec
1381 3267 1434 3312 et
1459 3263 1658 3312 caetera

108 3352 248 3407 usque
270 3335 328 3389 ad
355 3335 544 3405 capitis
598 3330 973 3407 linegm,_verbla
1026 3339 1153 3407 sunt
1202 3328 1537 3407 Diocletiani.
1577 3356 1660 3407 _—-

110 3398 465 3462 Tu'rideris...'..
496 3421 610 3459 non
637 3405 748 3457 erit.
778 3401 1039 3471 Loquitur
1083 3399 1442 3461 Diocletianus
1462 3440 1476 3458 .
1506 3398 1660 3468 cujus

108 3479 256 3535 verbis
279 3478 580 3534 Lactantius
625 3474 728 3529 hoc
753 3473 1077 3541 colloquium
1108 3471 1403 3541 concludit.
1455 3471 1512 3525 ltt
1550 3471 1654 3525 hoc

106 3565 213 3606 vero
235 3551 481 3622 colloquio
507 3547 736 3602 doctiss.
771 3540 1140 3622 Nurr._tantas
1168 3540 1518 3622 difficultates
1536 3555 1658 3596 esse

139 3624 307 3687 utavit,
336 3613 392 3676 ui
412 3620 529 3675 sine
556 3630 757 3687 magna
782 3615 957 3687 janimi
987 3615 1339 3687 contentione
1358 3620 1452 3687 ,_et
1476 3613 1659 3680 singu-

125 3693 161 3746 is
179 3684 447 3763 quibusque
471 3684 678 3757 dialogi
700 3686 885 3763 hujus
912 3684 1092 3763 verbis
1122 3684 1431 3763 ponderatis
1451 3724 1465 3748 ,
1497 3697 1658 3763 [ιριηο

111 3708 161 3746 IIS
212 3708 447 3763 mnusque
471 3708 677 3757 (llalogl
723 3708 885 3757 uujus
913 3708 1092 3740 verum
1124 3708 1431 3753 puuucraua
1451 3724 1465 3748 ,
1497 3708 1656 3737 "cum

108 3708 237 3820 facile
253 3777 530 3835 agnoscere
561 3759 775 3835 possit,
798 3771 919 3835 quae
946 3773 976 3810 a
1021 3756 1354 3835 Diocletiano
1381 3766 1471 3835 aut
1493 3752 1656 3835 Gale-

109 3836 175 3889 rio
198 3825 322 3891 dicta
348 3836 483 3900 sint;
510 3825 680 3906 alque
707 3832 777 3884 ob
817 3825 927 3906 bas
969 3835 1147 3906 tantas
1199 3825 1543 3906 difficultates
1571 3826 1656 3879 itt-

110 3914 333 3976 terpretes
356 3897 527 3961 certas
557 3897 771 3976 litteras
814 3900 1234 3976 colloquentium
1265 3897 1444 3976 verbis
1472 3897 1655 3950 diver-

108 3968 436 4033 sis'addidisse
455 3976 598 4032 dicit
631 3993 645 4031 :
672 3973 924 4027 debuisse
960 3984 1088 4024 vero
1117 3969 1289 4036 ipsum
1317 3968 1656 4037 Scriptorem
1709 3968 1714 3973 ’

108 4048 332 4117 ejusmodi
358 4063 509 4103 nctas
534 4043 840 4117 praefigere.
865 4041 1068 4117 Deinde
1096 4041 1416 4117 interpretes
1437 4081 1451 4105 ,
1484 4038 1529 4093 si
1568 4052 1656 4117 res

110 4111 195 4173 tam
219 4120 430 4175 difﬁcilis
459 4111 901 4181 fuiSset,'forsan
942 4113 993 4166 in
1025 4111 1363 4180 assignandis
1413 4112 1658 4180 personis

110 4189 181 4244 bic
202 4190 324 4261 lapsi
350 4199 529 4246 essent
560 4209 578 4241 :
605 4180 708 4261 sed
740 4200 902 4261 quum
921 4193 1128 4261 pneter
1152 4196 1317 4261 unum
1348 4180 1655 4261 Daoldrium

110 4252 270 4316 omnes
287 4267 436 4318 verba
469 4252 784 4315 Diocletiani
815 4266 872 4311 et
920 4254 1223 4309 Maximiani
1277 4252 1474 4308 Galerii
1507 4261 1656 4306 recte

108 4331 451 4395 indicaverint,
485 4347 548 4387 ea
582 4335 694 4399 ipsa
725 4328 1097 4399 convenientia
1146 4332 1371 4399 testatur
1401 4324 1471 4399 de
1496 4323 1656 4399 hujus

1763 3111 1885 3165 dam
1918 3111 2286 3181 reponendum
2308 3126 2430 3167 esse
2458 3123 2646 3181 putant
2670 3114 2724 3166 in
2751 3111 2864 3184 qua
2895 3111 3082 3181 senex;
3114 3119 3207 3173 alii
3237 3111 3361 3175 con-

1763 3183 2377 3259 oocetur,__inquitsenea:.
2412 3184 2518 3259 Sed
2564 3184 2650 3238 vel
2690 3183 2836 3254 legas
2876 3188 3135 3259 inquietus
3172 3207 3359 3259 senes,

1760 3252 1908 3322 juxta
1932 3253 2142 3319 editos,
2176 3258 2259 3310 vel
2287 3255 2449 3325 inquit
2479 3271 2633 3309 senem
2653 3296 2667 3319 ,
2698 3252 2792 3310 aut
2816 3252 2976 3312 etiam
3022 3262 3199 3315 concio
3225 3252 3363 3317 mili;

1760 3334 1868 3449 éum
1891 3333 2210 3388 convocetur,
2241 3327 2400 3395 inquit
2423 3341 2594 3391 senex,
2630 3341 2745 3379 cum
2771 3327 3032 3399 lacrytnis,
3057 3342 3188 3402 etc.,
3220 3333 3363 3390 idem

1784 3410 1877 3449 crc
1901 3403 2005 3448 cst.

1784 3403 1877 3449 'crc
1901 3403 2005 3448 est.

1837 3465 2201 3544 ιῦιᾳπςξηιὶηιυιιἶ
2236 3466 2755 3544 ScilicetDaiam._ltt
2792 3484 2894 3524 ms.
2922 3486 3135 3544 semper
3163 3474 3362 3532 dicitur

1763 3535 2143 3616 yaeiniiaims._
2163 3537 2228 3591 Et
2252 3537 2424 3592 Graeci
2452 3538 2701 3616 et_Latini
2721 3554 2875 3616 _s_a:pe
2915 3535 3199 3616 utruinque
3224 3561 3360 3603 con-

1760 3606 2011 3690 fott‘dunt.
2044 3606 2254 3690 [ibique
2313 3612 2655 3690 reposuimus
2709 3606 3204 3683 Madiminumfne
3252 3636 3358 3690 qua

1759 3678 2050 3749 difficultas
2075 3681 2329 3734 lectorem
2359 3681 2620 3735 remorari
2656 3691 2861 3749 posset.

1832 3748 2227 3827 Constantinus_
2255 3750 2478 3827 astabat.
2528 3751 2596 3806 Ut
2650 3748 3016 3827 protectorum
3062 3757 3350 3827 tribunus,

1758 3834 1821 3876 ac
1848 3823 2033 3893 munia
2052 3836 2145 3874 sua
2176 3821 2405 3886 obiens;
2436 3839 2540 3893 qua
2584 3823 2728 3878 enim
2778 3826 2983 3881 ratione
3034 3821 3350 3886 abfuisseta

1762 3901 1871 3946 tam
1902 3892 2101 3947 celebri
2134 3893 2390 3948 actione?

1832 3964 2047 4018 Susum.
2101 3963 2482 4036 Prosursum,
2531 3974 2614 4020 est
2673 3965 2817 4036 apud
2867 3967 3119 4026 Plautum
3167 3970 3352 4030 Cislcl.

1757 4033 1879 4089 Act.
1910 4051 1945 4089 ιι
1973 4076 1988 4100 ,
2014 4050 2162 4089 scen.
2193 4035 2248 4102 5,
2282 4052 2334 4089 v.
2360 4037 2448 4091 78.

1836 4104 2110 4182 stitare.
2140 4106 2193 4160 In
2210 4121 2311 4161 ms.
2342 4116 2478 4162 stare
2509 4123 2528 4161 :
2556 4106 2650 4182 sed
2681 4109 2732 4162 in
2761 4111 3002 4182 margine
3023 4113 3210 4169 eadem
3243 4131 3358 4171 ma-

1758 4192 1831 4232 nu
1857 4179 2158 4252 eodemque
2190 4188 2493 4252 atramento
2535 4180 2744 4252 esitare,
2793 4179 2936 4252 quod
2965 4200 3069 4239 non
3100 4194 3183 4240 est
3210 4187 3356 4243 aliud

1758 4264 1930 4320 quam
1962 4250 2226 4313 Inesitare,
2280 4251 2423 4320 quod
2471 4258 2679 4305 rectum
2726 4250 2890 4308 habet
2934 4268 3174 4310 sensum.
3215 4257 3355 4313 Editi

1757 4334 1888 4375 vero
1918 4319 2119 4375 habent
2168 4319 2455 4385 sciscitari,
2488 4325 2626 4376 bono
2657 4324 2817 4376 etiam
2876 4340 3060 4380 sensu.
3122 4326 3351 4384 Doctiss.

110 4404 324 4488 ιριιοίιυίί
379 4390 1654 4488 vei-spissime;insidiae;ﬁciens;
1681 4427 1737 4488 ι)
1761 4391 1928 4488 itit:
1963 4390 3355 4488 Buccis???‘39“:ficiis":93°.egressae!

112 4467 343 4545 Cuperus,
375 4467 459 4529 alii
486 4467 667 4528 nullas
688 4467 1656 4545 notaspersonarumcolloquenoum

112 4535 434 4615 opposuerunt
464 4564 478 4600 :
505 4545 651 4615 quod
678 4542 766 4596 ubi
797 4555 826 4594 a
849 4539 1152 4615 'l‘oinardo,
1196 4536 1426 4615 Cellario
1448 4580 1462 4604 ,
1514 4535 1661 4590 Wal-

114 4562 135 4595 ἲι
170 4562 434 4614 posuerunt
464 4564 478 4600 :
505 4562 651 4615 quou
678 4562 766 4596 uIJI
797 4562 826 4594 a
860 4562 1152 4603 IOIIIIII'UU,
1196 4562 1426 4592 ucunnu
1448 4580 1462 4604 ,
1524 4562 1659 4590 "au-

114 4562 216 4669 (ﬁt!)
239 4629 288 4670 et
313 4619 460 4672 nobis
490 4620 688 4669 factum
715 4654 730 4677 ,
755 4628 861 4668 non
894 4620 1053 4664 tanta:
1077 4610 1424 4665 obscuritatis
1454 4622 1612 4661 causa
1642 4647 1659 4673 ,

114 4686 378 4743 scdeorum
410 4688 461 4741 in
490 4688 719 4757 gratiam
746 4692 829 4757 est
858 4682 1088 4748 factum,
1122 4679 1210 4757 qui
1249 4690 1335 4732 ant
1368 4678 1660 4757 festinant,

114 4766 190 4810 aut
216 4758 407 4814 hebetis
434 4752 596 4812 nimis
622 4754 819 4825 ingenii
847 4762 1008 4825 sunt,
1040 4753 1211 4825 autin
1248 4764 1344 4825 sua
1396 4752 1664 4825 sententia

114 4826 313 4884 libenter
336 4830 401 4883 ab
444 4829 562 4884 aliis
614 4821 923 4882 confirmari
972 4823 1176 4877 volunt.
1232 4822 1285 4876 Si
1318 4821 1559 4889 quasdam
1587 4823 1665 4873 vi-

116 4899 283 4954 dentur
312 4902 484 4956 minus
510 4902 695 4964 clara,
741 4912 807 4953 eo
857 4896 1086 4961 accidit,
1136 4892 1278 4962 quod
1323 4893 1461 4964 istud
1508 4891 1666 4946 collo-

114 4970 274 5044 qniutn
300 4973 414 5027 aliis
450 4962 723 5044 historicis
748 4968 996 5044 omnibus
1027 4966 1267 5044 ignotum
1294 4971 1397 5044 est.
1416 4962 1664 5044 _l.actan-

116 5033 209 5096 tius
232 5058 382 5108 vero,
414 5055 469 5097 ut
504 5051 648 5097 recte
697 5040 937 5095 Baluzins
983 5033 1234 5101 censuit,
1265 5034 1357 5108 qni
1412 5033 1665 5089 Nicome-

118 5110 240 5167 diam
265 5130 291 5166 a
322 5113 641 5169 Diocletiano
665 5112 838 5165 fuerat
860 5110 1063 5163 accitus
1087 5149 1101 5171 ,
1135 5108 1222 5175 qui
1275 5108 1527 5174 frequens
1551 5114 1667 5159 erat

118 5181 166 5235 in
190 5184 401 5245 Palatio.
432 5185 626 5240 melius
649 5183 784 5236 lianc
811 5182 1085 5234 historiam
1116 5182 1254 5235 scire
1273 5179 1445 5248 potuit
1462 5218 1479 5240 ,
1506 5191 1666 5245 quam

120 5253 215 5325 illi,
236 5256 315 5323 qui
345 5265 521 5325 postea
550 5255 806 5321 animum,
834 5252 903 5308 ad
930 5251 1244 5306 scribendas
1277 5247 1548 5305 historias
1567 5261 1668 5316 ap-

118 5324 358 5391 pulerunt.
390 5328 518 5383 BDN.

187 5394 449 5453 Accesserit.
488 5399 564 5453 lta
608 5412 708 5452 ms.
765 5395 903 5461 Non,
941 5393 1207 5454 acciderit;
1257 5388 1498 5459 quamvis
1527 5388 1671 5444 Heu-

121 5479 326 5537 mannns
348 5485 459 5522 cntu
483 5469 648 5524 Galeo
668 5476 878 5537 optaret
909 5466 1011 5534 legi
1032 5463 1290 5537 acciderit.

190 5536 413 5594 Kalendis
452 5541 625 5593 Maiis.
670 5531 805 5593 Hinc
856 5531 1070 5592 constat
1121 5532 1367 5588 kalendis
1394 5531 1515 5585 Maii
1545 5533 1668 5586 anni

124 5604 233 5662 505.
258 5610 626 5667 Diocletianum
650 5621 706 5665 et
730 5610 1104 5666 Maxintiantnn
1128 5607 1433 5661 Herculium
1471 5619 1670 5673 purpu-

125 5693 223 5753 ram
249 5681 572 5752 deposuisse.

191 5746 380 5812 Priora
434 5756 668 5814 militum.
722 5754 796 5815 Ita
855 5767 960 5810 ms.
1019 5750 1247 5824 Quidam
1311 5746 1510 5806 vellent
1560 5749 1668 5829 legi

1763 4472 1847 4516 est
1879 4463 1928 4514 in
1962 4477 2062 4515 ms.
2095 4472 2149 4516 et
2187 4463 2371 4516 esitare
2404 4464 2453 4517 in
2504 4465 2746 4532 margine
2767 4507 2780 4529 ,
2828 4463 2923 4532 pro
2970 4463 3256 4523 htesitare}
3300 4480 3357 4525 at

1763 4534 2007 4610 eruditus
2030 4533 2115 4610 vir
2144 4533 2337 4610 Paulus
2363 4534 2575 4588 Bauldri
2601 4574 2616 4600 ,
2649 4550 2745 4602 pro
2773 4552 2947 4590 susum
2975 4550 3146 4604 stare,
3179 4541 3357 4610 suspi-

1763 4605 1987 4684 cabatur
2029 4604 2315 4673 legendum
2356 4619 2477 4659 esse
2528 4621 2840 4684 suisui-rare;-
2886 4612 3030 4678 quod
3079 4610 3204 4665 huic
3232 4604 3353 4666 loco

1764 4676 2054 4730 Convenire
2084 4682 2297 4744 potest,
2320 4691 2472 4743 reque
2498 4689 2560 4729 ac
2589 4676 2859 4730 sciscitari.

1837 4744 1983 4799 Inter
2010 4761 2082 4798 se.
2107 4744 2370 4816 lntellige,
2399 4756 2700 4816 qurerentes.

1839 4816 2210 4871 Maximianus.
2244 4813 2517 4871 Galerius.

1840 4888 2088 4943 Exutum.
2119 4888 2304 4942 Daiam
2339 4890 2446 4942 :ita
2482 4890 2788 4944 emendavit
2817 4891 2956 4947 inter
2990 4903 3167 4948 errata
3201 4894 3360 4949 Balu-

1768 4960 1881 5014 zius
1903 5001 1918 5026 ,
1945 4970 1993 5015 et
2012 4962 2095 5030 ita
2123 4961 2299 5028 poscit
2326 4959 2465 5013 ratio
2506 4968 2796 5030 syntaxeos
2817 5005 2831 5028 ,
2864 4979 2971 5017 non
3000 4975 3153 5018 exuto
3174 5006 3188 5030 ,
3216 4975 3271 5019 nt
3302 4967 3354 5022 iit

1769 5045 1872 5085 ms.
1905 5060 1976 5069 —
1997 5029 2228 5085 Emittam
2257 5040 2437 5083 vestem
2460 5029 2727 5102 privatam.
2759 5033 2952 5102 Spark.
2989 5045 3044 5091 et
3076 5029 3358 5094 Bauldrius

1770 5102 2014 5174 malunt,
2042 5111 2175 5174 veste
2204 5103 2421 5174 prioata.
2451 5101 2558 5157 Sed
2588 5102 2727 5157 fatua
2759 5101 2918 5161 lectio
2945 5122 3047 5161 ms.
3093 5110 3234 5174 qttod
3261 5107 3354 5163 ha-

1770 5172 1861 5227 bet
1888 5182 2055 5226 exuto.
2079 5171 2217 5226 Noto
2245 5172 2310 5226 ad
2346 5174 2491 5228 Lact.
2529 5174 2619 5227 lib.
2651 5189 2705 5227 tv
2735 5216 2749 5242 ,
2777 5191 2826 5231 c.
2861 5179 2926 5234 14
2959 5197 2971 5233 :
3000 5171 3224 5233 Indutus
3250 5196 3360 5235 ves-

1771 5243 1977 5297 timenta
2003 5243 2231 5296 sordida.
2260 5244 2389 5298 Bon.

1847 5312 2105 5389 Orientem
2135 5316 2462 5370 calcandum.
2491 5316 2602 5371 Cic.
2626 5333 2685 5389 ιι.
2719 5318 2948 5389 Philipp.
2971 5336 3019 5375 c.
3039 5321 3111 5375 25
3140 5339 3154 5376 :
3189 5322 3360 5389 Quum

1773 5384 1943 5440 Caesar
1968 5387 2157 5439 huic...
2190 5390 2592 5442 conculcandam
2613 5388 2822 5444 Italiam
2853 5384 3170 5447 tradidisset.
3194 5384 3355 5448 [πει.

1775 5457 1868 5532 lib:
1895 5474 1946 5512 vi
1974 5499 1987 5521 ,
2011 5473 2132 5526 cap.
2166 5459 2231 5511 18
2263 5475 2275 5510 :
2306 5458 2543 5513 Dolorem
2565 5472 2874 5532 mortemque
2914 5464 3191 5517 calcamus.
3225 5465 3355 5519 Buu.

1844 5528 2133 5595 Insperattc
2163 5532 2381 5582 novitate
2423 5532 2541 5584 rei:
2588 5531 2679 5586 Sic
2722 5528 2816 5586 fuit
2859 5533 3272 5589 emendandum.
3302 5534 3360 5590 In

1773 5603 2137 5668 manuscripto
2169 5613 2249 5653 eSt
2276 5618 2290 5653 :
2322 5602 2871 5669 inspirattcnovitatem
2894 5607 2999 5669 rei;
3042 5607 3317 5659 mendose.

1848 5670 1986 5725 Huic
2010 5688 2292 5741 purpuram
2314 5671 2661 5728 Diocletianus
2684 5676 2855 5743 injecit
2875 5691 3044 5729 suam.
3078 5677 3363 5731 Diocletia-

1775 5759 1878 5807 nus
1898 5760 1993 5803 sua
2021 5754 2171 5803 veste
2195 5759 2464 5821 purpurea
2486 5746 2864 5819 Maximianum
2889 5746 3072 5820 patiam
3091 5745 3365 5811 Caesarem
