3800 6250
73 5368 81 5403 l

123 214 228 277 955

794 327 984 384 XXIV.
1068 348 1081 361 ο

196 424 311 479 lam
358 421 728 494 prepinquavit
765 420 846 475 illi
893 421 1150 492 judicium
1207 423 1326 490 Dei,
1359 432 1709 495 secutumque

121 526 326 586 tempus
354 523 458 582 est,
489 529 593 586 quo
621 527 710 571 res
763 511 884 583 ejus
922 512 1090 568 dilabi
1113 528 1177 571 ac
1204 513 1703 586 ﬂuere'cmperunt.

122 607 357 664 Nondum
402 606 641 661 animum
693 603 1000 661 intenderat
1025 604 1095 660 ad
1125 607 1475 663 evertendum
1502 607 1707 679 pellen-

124 699 311 757 dumve
358 695 751 754 Constantium.
784 696 923 753 Dum
951 706 1035 754 est
1061 708 1354 769 occupatus
1390 698 1479 754 his
1521 698 1706 765 rebus,

126 805 252 861 quas
278 788 527 857 superius
554 787 803 857 exposui,
845 796 901 843 et
927 788 1248 859 expectabat
1289 788 1493 845 obitum
1541 788 1662 858 ejus
1690 806 1705 844 :

128 884 220 940 sed
266 890 368 938 tam
419 880 668 936 celeriter
711 895 820 936 non
867 882 1092 952 putabat
1137 882 1429 938 obiturum.
1454 882 1707 951 Quicum

129 976 348 1047 graviter
367 973 661 1038 laboraret,
691 973 916 1029 miserat
952 973 1189 1040 litteras,
1219 984 1278 1029 ut
1326 974 1497 1042 lilium
1545 990 1701 1030 suum

128 1069 522 1127 Constantinum
574 1069 876 1123 remitteret
902 1067 1005 1123 sibi
1039 1067 1373 1137 .videndum,
1401 1076 1459 1123 et
1484 1068 1703 1138 quidem

123 1161 442 1234 jamdudum.
467 1159 562 1216 Ille
589 1175 721 1216 vero
749 1159 883 1215 nihil
931 1158 1110 1214 minus
1137 1158 1371 1216 volebat.
1409 1158 1545 1214 Nam
1574 1169 1629 1216 et
1650 1160 1704 1215 in

129 1254 320 1312 insidiis
347 1266 493 1324 saepe
528 1251 782 1322 juvenem
811 1252 1186 1322 appetiverat;
1214 1252 1338 1321 quia
1368 1251 1544 1321 palam
1573 1250 1706 1307 nihil

73 1402 91 1415 ,
128 1345 362 1411 audebat,
395 1358 464 1399 ne
491 1351 683 1400 contra
711 1357 772 1398 se
792 1357 943 1398 arma
964 1342 1166 1408 civilia,
1192 1351 1269 1407 et,
1300 1342 1443 1413 quod
1472 1342 1710 1398 maxime

131 1436 421 1503 verebatur,
439 1434 565 1489 odia
580 1434 811 1489 militum
829 1434 1150 1489 concitaret.
1168 1433 1281 1489 Sub
1309 1432 1533 1489 obtentu
1554 1449 1709 1489 eser-

133 1528 234 1584 citii
250 1542 312 1583 ac
335 1527 485 1582 lusus
506 1524 639 1581 feris
666 1525 815 1581 illum
844 1524 1119 1595 objecerat
1144 1542 1157 1579 :
1185 1524 1282 1581 sed
1308 1523 1545 1591 frustra;
1576 1539 1712 1596 quo-

132 1623 261 1680 niam
284 1620 374 1675 Dei
412 1634 610 1674 manus
649 1620 923 1675 hominem
955 1619 1291 1691 protegebat,
1321 1619 1413 1691 qui
1459 1619 1612 1676 illum
1640 1619 1710 1677 de

1253 213 1344 269 AD
1385 208 1718 271 nonnon
1755 210 2277 272 consessonsu.
2777 285 2785 291 δ

1732 336 1788 397 Α
1811 346 1989 399 mane,
2021 332 2257 402 acceptis
2286 332 2573 399 mandatis,
2600 333 3055 404 proﬁcisceretur,
3080 335 3164 391 vel
3193 337 3309 407 ipse
3341 341 3407 394 il.

3300 222 3409 281 254

1807 423 1917 478 lum
1944 424 2227 480 occasione
2254 424 2428 495 aliqua
2458 432 2854 493 retentaturus,
2890 425 2980 481 vel
3031 429 3411 497 prtemissurus

1809 516 2016 575 litteras
2046 528 2106 574 ut
2145 533 2175 573 a
2205 518 2410 575 Severo
2439 527 2736 577 teneretur.
2766 520 2900 589 Quae
2926 534 3051 578 cum
3077 522 3169 580 ille
3199 527 3413 596 prospi-

1809 621 1980 679 ceret,
2012 612 2323 683 quiescente
2358 613 2472 683 jam
2516 613 2862 684 imperatore,
2890 625 3014 688 post
3040 631 3255 673 caenam
3287 634 3416 690 pru-

1808 703 2019 774 peravit
2037 704 2207 770 exire,
2234 704 2569 777 sublatisque
2599 721 2696 777 per
2722 706 3034 763 mansiones
3060 709 3260 765 multas
3288 724 3408 765 om-

1809 795 1968 851 nibus
1996 797 2149 867 equis
2208 796 2456 868 publicis,
2489 798 2739 854 evolavit.
2796 797 3063 856 Postridie
3090 800 3410 872 imperator,

1813 901 1935 942 eum
1964 887 2214 943 consulto
2233 880 2301 943 ad
2324 888 2562 944 medium
2601 889 2744 945 diem
2774 904 2946 960 usque
2973 892 3281 960 dormisset,
3313 908 3410 950 vo-

1812 978 1921 1032 cari
1950 992 2073 1034 eum
2119 978 2292 1049 jubet.
2344 980 2549 1036 Dicitur
2575 982 2628 1037 ei
2674 992 2798 1053 post
2824 996 3039 1039 cmuam
3070 985 3251 1042 statim
3282 1001 3409 1057 pro-

1811 1070 2002 1126 iectus.
2037 1070 2305 1142 lndignari
2335 1087 2400 1127 ac
2432 1074 2677 1130 lremere
2714 1075 2898 1147 cmpit.
2924 1075 3190 1134 Poscebat
3235 1094 3409 1151 equos

1812 1160 2094 1232 publicos,
2147 1171 2207 1217 ut
2254 1178 2379 1220 eum
2448 1165 2652 1222 retrahi
2735 1166 2956 1224 faceret.
3028 1168 3271 1226 Nudatus
3353 1174 3405 1227 ei

1814 1271 2005 1312 cursus
2046 1257 2293 1328 publicus
2322 1260 2617 1316 nuntiatur.
2647 1259 3047 1331 Vix.lacrymas
3076 1265 3313 1320 tenebat.
3334 1265 3407 1320 At

1811 1348 1903 1405 ille
1931 1350 2691 1421 incredibiliceleritateusus,
2710 1356 2959 1425 pervenit
2979 1357 3045 1410 ad
3067 1368 3271 1427 patrem
3293 1358 3407 1429 jam

1811 1442 2173 1512 deiicientem,
2191 1446 2283 1517 qui
2307 1446 2377 1511 ei,
2400 1446 2664 1503 militibus
2689 1446 3091 1516 commendato,
3123 1450 3411 1521 imperium

1810 1548 1910 1604 per
1948 1550 2139 1591 manus
2184 1535 2443 1602 tradidit;
2478 1547 2639 1607 atque
2664 1538 2737 1594 ita
2766 1539 2821 1593 in
2872 1539 3014 1594 lecto
3039 1554 3139 1594 suo
3164 1540 3410 1609 requiem

1811 1627 1961 1695 vitas,
1991 1627 2128 1683 sicut
2153 1628 2392 1699 optabat,
2421 1629 2651 1699 accepit.
2680 1629 2945 1701 Suscepto
2989 1631 3237 1702 imperio,
3267 1631 3404 1687 COD-

102 1714 361 1774 -manibus
388 1712 512 1783 ejus
540 1712 794 1768 liberavit
820 1712 876 1766 in
916 1686 1036 1782 ipso
1064 1686 1306 1769 cardine.
1329 1686 1570 1784 Namque
1599 1727 1708 1769 sae-
1738 1686 1788 1747 Β
1813 1686 2084 1775 ειειιίίιιιιε
2131 1686 2403 1788 Augustus
2447 1686 2583 1775 nihil
2626 1721 2737 1792 egit
2766 1686 2935 1792 prius,
2967 1686 3127 1793 qua-tn
3157 1686 3413 1779 christia-

133 1808 241 1880 pius
260 1821 375 1862 eum
423 1804 639 1877 jamdiu
690 1820 883 1862 necare
914 1819 1020 1861 non
1051 1813 1257 1875 posset,
1287 1805 1436 1862 dedit
1457 1807 1537 1862 illi
1558 1805 1708 1878 sigil-

134 1898 578 1968 lum,.incliuante
628 1899 738 1971 jam
785 1897 915 1967 die,
952 1899 1317 1971 praecepitque
1365 1909 1422 1957 ut
1449 1901 1714 1972 postridie

1813 1823 1914 1865 nos
1935 1808 2104 1865 cultui
2132 1825 2197 1866 ac
2225 1810 2338 1867 Deo
2386 1824 2486 1867 suo
2534 1811 2786 1869 reddere.
2815 1812 2942 1870 Haec
2968 1812 3066 1869 luit
3094 1814 3264 1886 prima
3294 1814 3469 1886 ejus"

1815 1903 2025 1960 sanetio
2050 1912 2254 1960 sanctae
2282 1903 2564 1975 religionis
2587 1905 2873 1967 restitutae.

1370 2034 1741 2099 VABIOBUM
1766 2036 2000 2095 NOTAE.

135 2160 247 2227 tius,
274 2157 388 2212 Div.
420 2156 587 2222 lnst.,
616 2157 653 2211 Ι.
678 2171 733 2212 v.
771 2172 820 2215 c.
846 2148 922 2213 ’19
952 2172 967 2211 :
998 2154 1065 2210 In
1090 2156 1220 2211 iisne
1260 2156 1400 2211 mala
1430 2172 1571 2211 mens
1617 2166 1713 2223 est,

134 2240 295 2286 contra
341 2230 424 2299 ius
446 2228 814 2299 humanitatis,
862 2238 1040 2283 contra
1066 2227 1146 2297 {us
1177 2244 1329 2293 omne
1382 2228 1715 2292 lacerantur;

136 2311 245 2357 etc.
270 2300 370 2354 εἰς
404 2298 517 2354 Nec
549 2300 777 2354 alienum
806 2300 1086 2369 quidquam
1115 2299 1452 2367 concupiscit,
1476 2315 1539 2354 ne
1565 2315 1715 2369 quem

137 2381 296 2427 contra
313 2371 403 2441 jus
422 2371 762 2425 humanitatis
785 2370 939 2425 tradat
967 2370 1133 2441 oratio
1154 2386 1171 2435 ;
1198 2369 1235 2423 l.
1255 2385 1329 2435 vt,
1354 2385 1405 2426 c.
1434 2370 1541 2441 107:
1572 2369 1717 2440 Ergo

140 2461 221 2513 pro
249 2440 420 2497 belluis
446 2442 909 2513 immanibussunt
934 2440 1155 2513 [labendi
1184 2441 1271 2511 qui
1298 2440 1721 2513 ltominibusrno-

141 2512 258 2579 cent,
283 2513 367 2582 qui
394 2520 583 2585 contra
621 2515 714 2585 jus
758 2512 1090 2585 humanitatis
1107 2519 1170 2585 et
1195 2513 1275 2585 [as
1302 2527 1449 2585 omne
1473 2512 1720 2585 spoliant,

142 2581 370 2651 cruciant,
398 2581 667 2651 occidunt,
723 2582 1084 2639 exterminant.
1107 2581 1247 2639 Vide
1285 2584 1450 2639 etiam
1477 2594 1600 2653 cap.
1625 2581 1717 2650 20,

142 2657 185 2712 si
208 2658 362 2712 lubet.
1648 2705 1655 2715 ι

204 2725 315 2781 1am
342 2726 710 2796 propinquavit
739 2725 824 2780 illi
837 2724 1099 2796 judicium
1132 2723 1249 2796 Dei.
1280 2722 1507 2781 Videtur
1532 2733 1723 2796 auctor

148 2798 195 2854 in
231 2795 402 2854 mente
430 2795 697 2853 habuisse
745 2795 877 2851 illud
913 2795 960 2851 ll
1011 2795 1284 2862 Machab.,
1317 2810 1366 2850 c.
1414 2812 1492 2862 ιι,
1518 2811 1576 2851 v.
1608 2795 1675 2851 18
1707 2812 1721 2849 :

147 2869 497 2938 Supervenerat
528 2868 668 2922 enim
705 2869 760 2921 in
787 2884 902 2922 eum
918 2869 1122 2935 justum
1165 2866 1263 2920 Dei
1282 2866 1560 2938 judicium.
1583 2865 1722 2938 Ver-

1898 2156 2192 2235 Teneretur.
2220 2157 2412 2235 Id_e_st,
2435 2161 2776 2235 retineretur
2803 2176 2833 2216 a
2882 2162 3106 2235 Severo.
3137 2162 3348 2235 Quippe
3382 2182 3418 2222 e

1822 2228 2301 2304 Nicomediaeuuti
2331 2231 2394 2304 in
2424 2230 2649 2304 Galliam
2678 2232 3008 2304 pergendum
3037 2228 3295 2304 erat'pér'
3315 2236 3418 2293 lla-

1821 2300 1969 2369 liam,
2005 2301 2357 2373 ubiSeverus
2385 2300 2746 2373 imperitabat.
2767 2302 3152 2373 Fragmentum
3178 2300 3246 2360 de
3273 2305 3418 2363 Con—

1823 2374 2023 2427 stantio
2049 2370 2272 2437 Chloro,
2303 2389 2357 2443 p.
2389 2370 2490 2428 471
2532 2388 2547 2426 :
2575 2373 2678 2441 Qui
2703 2382 2761 2427 ut
2789 2370 3037 2428 Seuerum
3083 2393 3173 2444 per
3197 2375 3414 2433 Italiam

1826 2444 2079 2526 transiens
2116 2444 2299 2529 pitaret
2321 2485 2337 2509 ,
2367 2460 2568 2498 summa
2615 2444 2940 2529 festinatione
2958 2447 3159 2529 peredis
3204 2460 3318 2529 post
3359 2452 3417 2505 se

1827 2516 2076 2567 truncatis
2096 2513 2251 2585 Alpes
2264 2513 2627 2585 transgressus,
2647 2514 2715 2568 ad
2737 2523 2935 2585 patrem
2952 2513 3308 2573 Constantium
3328 2535 3422 2585 pe-

1827 2585 1903 2639 nit
1935 2586 2077 2653 apud
2106 2583 2420 2639 Bononiam.

1901 2655 2152 2732 Sublatis.
2182 2655 2444 2732 _Zuzimus_
2473 2655 2524 2730 in
2546 2655 2685 2711 libro
2711 2668 2752 2732 ιι
2805 2666 2989 2732 narrat
3020 2656 3416 2732 Constantium,

1826 2726 2058 2801 veritum
2086 2741 2154 2781 ne
2177 2726 2316 2782 forte
2338 2725 2548 2801 fugiens
2564 2727 3082 2801 apprehenderetur,
3114 2745 3284 2801 equos
3312 2725 3422 2788 sta:-

1827 2796 2067 2880 bularios
2088 2812 2244 2880 ‘quos
2288 2796 2810 2880 respublicaalebat
2831 2840 2846 2864 ,
2879 2815 3004 2880 cum
3026 2796 3285 2880 primum
3319 2805 3439 2880 alio

1829 2868 1974 2938 quod
2004 2868 2273 2923 stabulum
2305 2868 2595 2938 attigisset,
2638 2869 2916 2926 mutilasse
2946 2879 2998 2926 et
3024 2868 3244 2927 inutiles
3292 2875 3422 2929 reli-

145 2934 256 2995 buin
281 2950 451 2995 autem
482 2940 835 3011 propinquare
862 2934 1132 3011 poeticum
1176 2934 1356 3011 estex
1383 2937 1556 2992 Plauti
1579 2936 1719 3011 Tgru-
1747 2934 1792 2998 C
1825 2934 2028 3009 quisse,
2056 2954 2288 3011 cumque
2319 2939 2373 2994 id
2409 2934 2626 2995 deloco
2650 2939 2706 2993 in
2735 2940 2910 2994 locum
2935 2956 3165 3011 pergens
3192 2942 3419 3011 faceret,

148 3013 362 3076 culento,
391 3021 500 3067 act.
532 3025 598 3077 ιι,
621 3024 770 3063 scen.
791 3009 845 3076 6,
862 3019 953 3064 aut
974 3025 1041 3064 ex
1066 3009 1286 3078 Virgilio
1310 3026 1326 3075 ;
1349 3019 1540 3079 estque
1560 3008 1721 3063 etiam

151 3081 273 3136 infra
321 3081 494 3148 initio,
554 3096 606 3134 ο.
637 3081 726 3135 46.
756 3080 854 3135 Est
890 3090 949 3135 et
978 3079 1120 3150 apud
1174 3079 1537 3147 Lactantiuin,
1597 3080 1714 3133 Div.

149 3151 288 3218 lnst.,
316 3152 355 3207 l.
384 3167 444 3220 ιι,
470 3166 523 3207 c.
554 3152 591 3205 8
625 3169 637 3203 :
668 3150 1015 3222 Corruptibile
1058 3153 1355 3219 incorrupto
1383 3153 1726 3221 propinquare

150 3237 239 3277 non
280 3231 434 3294 potest
463 3237 484 3288 ;
512 3222 617 3278 lib.
646 3237 740 3287 vu,
771 3237 821 3277 c.
854 3222 945 3294 14,
979 3222 1335 3294 cujusjudicii
1382 3222 1727 3294 prapinquare

154 3292 326 3363 tempus
377 3295 687 3358 ostendam;
739 3302 795 3349 et
847 3293 1008 3359 infra,
1049 3292 1240 3347 eodem
1296 3292 1391 3347 lib;
1422 3292 1719 3355 vn,c.24:

153 3362 211 3447 ει
225 3362 328 3436 jam
348 3364 738 3447 _pr0pinquare'
774 3380 1030 3447 summum
1081 3363 1258 3446 illum.
1269 3362 1610 3447 conclusionis
1638 3377 1727 3416 ex-

153 3434 303 3490 treime
327 3434 497 3502 diem;
534 3446 592 3490 et
614 3435 654 3489 1.
686 3440 744 3504 ιι,
766 3450 816 3490 c.
847 3434 903 3502 9,
936 3449 1149 3490 necnon
1174 3435 1425 3503 epitom.,
1451 3450 1500 3488 c.
1525 3434 1615 3504 7t.

215 3505 307 3562 Res
330 3508 436 3577 eius
460 3506 629 3561 dilabi
656 3503 923 3576 ac'ﬂuerc.
954 3505 1198 3577 Respicit
1234 3513 1422 3560 notum
1441 3503 1575 3559 illud
1606 3503 1728 3560 Vir-

154 3576 251 3648 gilii
271 3619 288 3648 ,
325 3576 570 3644 1Eueid.,
605 3577 703 3633 lib.
733 3593 792 3644 ιι,
823 3592 877 3633 v.
905 3577 1049 3634 169:

314 3688 387 3754 Ex
408 3688 495 3754 ill9
516 3690 706 3754 liuere,
732 3702 789 3741 ac
806 3696 945 3741 retro
966 3688 1197 3753 sublapsa
1215 3687 1397 3741 referri
1452 3698 1455 3705 '

315 3751 442 3816 Spes
454 3751 703 3806 Danaum.

220 3857 504 3915 Laboraret.
531 3859 689 3916 Adde
707 3860 905 3915 morbo.

229 3927 290 3984 Et
307 3933 507 4001 quidem
522 3932 859 4002 jamdudum.
876 3929 1226 4003 Approbante
1250 3930 1563 4003 doctissimo
1585 3931 1725 3999 viro,

164 4014 252 4069 pro
275 4017 437 4071 quem,
471 4017 741 4073 reponere
768 4004 934 4058 malui
964 4003 1166 4073 quidem
1192 4002 1380 4057 leviori
1408 4003 1726 4065 mutatione.

160 4085 301 4146 quam
333 4073 530 4146 addere
560 4072 673 4129 duo
702 4075 863 4131 verba
890 4072 1084 4146 [rustra
1111 4074 1403 4145 repetierat,
1424 4087 1546 4129 cum
1576 4073 1721 4129 nulla

158 4140 220 4196 sit
237 4144 290 4219 in
310 4158 410 4199 ms.
436 4144 657 4219 lacuna.
828 4214 862 4219 _
890 4140 901 4146 ’
1054 4215 1066 4219 ,
1097 4215 1109 4219 _
1168 4140 1191 4219 ’.

221 4212 352 4337 (imm
394 4223 441 4270 et
472 4217 531 4270 in
555 4215 784 4272 insidiis.
828 4212 1276 4286 Prmposition'em
1320 4215 1375 4269 in
1428 4214 1592 4270 habet
1621 4229 1723 4271 ms.

161 4295 333 4339 οοαει.
560 4337 565 4341 .

222 4353 310 4410 Dei
330 4372 513 4429 manus
545 4357 799 4429 hominem
852 4357 1164 4429 protegebat.
1217 4356 1366 4413 ldem
1398 4356 1574 4421 Lact.,
1606 4356 1725 4429 Div.

162 4422 300 4491 lnst.,
330 4425 369 4500 l.
398 4443 460 4498 ιι,
488 4444 542 4486 c.
570 4429 639 4486 15
669 4446 685 4484 :
714 4422 863 4496 Quos
879 4426 980 4484 Dei
997 4422 1184 4484 manus
1229 4437 1410 4500 potens
1452 4437 1501 4483 et
1534 4426 1734 4482 excelsa

220 4499 380 4552 oteait.

165 4512 419 4641 ῗῗιῖᾝξο
448 4569 677 4625 cardine.
711 4568 769 4625 ld
795 4579 899 4637 est,
935 4571 986 4624 in
1019 4570 1137 4641 ipso
1159 4569 1388 4626 articulo
1417 4568 1503 4625 vel
1540 4568 1592 4622 in
1616 4567 1734 4641 ipsa

172 4637 488 4696 liberationis
517 4642 956 4711 opportunitate;
1003 4637 1056 4696 iii
1104 4641 1292 4696 ultimo
1335 4649 1389 4696 et
1434 4639 1736 4696 decretorio

170 4722 443 4782 mo_mento.
472 4710 733 4768 Bavium.
771 4714 851 4767 Ex
874 4712 1089 4782 Virgil.,
1119 4729 1137 4767 ι
1181 4711 1426 4775 Aiueid.,
1452 4726 1507 4766 v.
1535 4710 1661 4766 676.

186 4790 194 4802 '
234 4778 292 4834 In
313 4782 422 4849 ipso
440 4785 671 4839 cardine.
715 4784 805 4840 Sic
831 4778 1162 4848 Lactantius,
1193 4784 1313 4837 Div.
1344 4784 1495 4846 lnst.,
1526 4782 1564 4836 ι.
1594 4798 1654 4847 ιι,
1684 4796 1734 4835 c.

176 4849 205 4903 8
225 4850 373 4925 tullio
396 4866 470 4925 est
492 4869 614 4925 ergo
643 4857 800 4908 cardo
823 4871 1013 4919 rerum,
1042 4856 1125 4907 hic
1145 4864 1405 4908 bertuntur
1427 4853 1617 4925 omnia.
1651 4853 1738 4907 Si-

177 4921 355 4978 militer
396 4924 489 4980 lib.
517 4921 598 4989 in,
621 4940 672 4980 c.
698 4926 754 4992 ’1,
780 4935 838 4980 et
864 4925 1003 4980 libro
1039 4928 1108 4979 de
1142 4926 1218 4979 Ira
1247 4924 1366 4991 Dei,
1396 4940 1446 4981 c.
1478 4925 1512 4979 6
1544 4941 1557 4978 :
1585 4923 1656 4978 In
1684 4940 1741 4977 ea

177 4993 294 5046 enim
316 5011 513 5068 summa
536 4996 699 5051 omnis
726 5006 774 5052 et
801 4996 958 5051 cardo
982 4996 1248 5068 religionis
1279 4996 1580 5066 pietatisque
1624 5011 1739 5050 uer-

178 5072 320 5116 satur.
367 5064 600 5122 COLUIIB.

244 5133 470 5207 Namque
493 5143 676 5209 scepius
701 5154 816 5192 cum
836 5138 1043 5210 jamdiu
1068 5154 1249 5194 necare
1266 5154 1372 5192 non
1393 5145 1577 5207 posset.
1610 5135 1745 5210 Nul-

184 5203 282 5275 lum
305 5203 518 5265 autumo
540 5203 859 5266 vecabulum
914 5209 1218 5265 addendum
1247 5226 1262 5275 ;
1304 5203 1403 5264 nec
1430 5207 1745 5263 mutandum

188 5273 269 5327 diu
286 5277 334 5331 in
378 5279 583 5353 diutius,
628 5297 809 5336 necare
847 5281 899 5336 in
929 5297 1132 5353 negare.
1166 5273 1403 5353 Iamdiu
1433 5280 1582 5335 illum
1600 5278 1748 5353 clam

191 5350 647 5423 necarevoluisset,
680 5366 781 5408 nec
808 5348 1037 5423 poterat,
1067 5351 1209 5407 nulla
1252 5352 1435 5407 habita
1463 5348 1750 5407 occasione

191 5422 534 5493 apta_;_palam
562 5422 704 5477 enim
766 5439 871 5477 non
910 5423 1165 5490 audebat;
1204 5438 1385 5493 supra.

229 5486 500 5568 __Sigillu_m_.
522 5493 583 5568 Id
602 5502 708 5568 est,
736 5494 1018 5568 epistolam
1045 5486 1406 5549 dimissoi'iam
1428 5490 1605 5563 sigillo
1634 5506 1753 5545 mu-

195 5561 363 5636 nitam.
398 5561 526 5636 Vide
546 5561 740 5636 Caugii
757 5561 1096 5636 g'loissarium.

256 5629 471 5707 Acceptis
514 5629 786 5707 mandans:
821 5635 952 5701 Qua:
981 5635 1064 5707 (ut
1115 5632 1405 5707 existimo),
1448 5631 1516 5690 ad
1542 5642 1753 5705 patrem

193 5695 539 5762 Conﬂahtium
569 5706 758 5762 ferret.

604 5798 1032 5869 PATROL.V".

1825 3011 2121 3084 exclusisse
2164 3010 2534 3084 ab_ulteriore
2583 3010 2959 3084 progressione
3003 3010 3417 3084 persequentes.

1824 3079 2027 3136 Eadem
2050 3081 2222 3136 ferme
2244 3081 2492 3151 leguntur
2522 3081 2575 3135 in
2599 3079 2835 3150 epitome
2861 3079 3116 3138 Victoris.

1898 3152 2149 3225 Evalauit.
2175 3151 2361 3225 Scribe
2381 3167 2503 3225 eum
2524 3151 2840 3225 Heumanno
2860 3153 3101 3225 avolavit,
3126 3170 3234 3225 quo
3254 3157 3424 3214 verbo

1826 3224 1993 3277 utitur
2020 3224 2210 3279 Cicero
2237 3222 2334 3278 lib.
2363 3239 2381 3279 ι
2410 3222 2701 3279 Tusculan.
2732 3237 2852 3294 cap.
2881 3224 2971 3290 45,
2992 3241 3073 3280 me
3095 3222 3216 3281 hinc
3238 3232 3418 3284 auola-

1827 3304 2020 3364 turum,
2052 3295 2246 3364 inquit.

1901 3363 2141 3419 Nudatus
2167 3365 2213 3419 ei
2256 3381 2435 3420 cursus
2462 3363 2712 3434 publicus.
2764 3365 2841 3419 lta
2889 3380 2992 3422 ms.
3025 3366 3081 3431 id
3125 3378 3229 3433 est,
3281 3371 3415 3427 nulli

1827 3445 1982 3510 erant
2002 3437 2057 3491 in
2087 3436 2605 3510 mansionibusequi
2649 3435 2847 3507 publici
2888 3438 3099 3494 cursuri
3121 3479 3137 3507 ,
3162 3441 3287 3510 quia
3315 3456 3414 3499 eos

1826 3507 2168 3562 mutilaverat
2199 3506 2604 3561 Constantinus.

1899 3576 1966 3629 Ei
1995 3577 2051 3631 In
2082 3592 2181 3631 ms.
2214 3578 2307 3641 eis,
2338 3578 2614 3632 mendose.

2026 3647 2332 3722 :{imperium
2355 3662 2656 3722 per_ma_nus
2680 3648 2914 3722 tradidit.
2933 3648 3241 3722 Lactantius
3255 3651 3347 3709 lib.
3364 3669 3424 3722 ιι,

1830 3718 2003 3773 Divin.
2026 3716 2256 3773 Institut..
2287 3716 2407 3787 cap.
2437 3718 2472 3771 4
2498 3735 2509 3770 :
2553 3716 2691 3790 Vixit
2721 3719 2854 3772 enim
2877 3736 3046 3790 usque
3073 3721 3143 3774 ad
3180 3716 3414 3779 senecta;

1829 3799 1945 3849 tem,
1976 3805 2284 3859 regnumque
2304 3805 2393 3859 per
2418 3804 2600 3843 manus
2632 3788 2741 3858 ﬁlio
2764 3788 3001 3845 tradidit.
3340 3854 3359 3859 _
3424 3826 3427 3833 ι

1903 3854 2154 3916 Militibus
2178 3854 2549 3915 contuiendalo.
2590 3854 2724 3915 Nam
2774 3870 2830 3915 et
2872 3862 3040 3930 patris
3060 3854 3423 3923 voluntate'et

1831 3932 2059 3987 militum
2114 3946 2219 3986 una
2273 3945 2542 3987 consensu
2599 3932 2882 4002 imperium
2940 3943 3024 3989 est
3073 3947 3421 3993 consecutus.

3106 4005 3276 4062 CELL.

1905 4072 2123 4130 Iniecta
2161 4090 2262 4146 suo,
2304 4074 2540 4146 requiem
2570 4074 2686 4129 vita:
2732 4075 2946 4146 accepit.
3003 4075 3150 4131 Fasti
3193 4078 3421 4134 ldatiani

1830 4146 2147 4202 Constantio
2196 4145 2264 4200 \‘l
2311 4145 2379 4202 et
2411 4145 2730 4200 Maximiano
2781 4145 2860 4201 Vl
2894 4146 3219 4203 Cunsulibus
3263 4167 3276 4203 :
3326 4149 3427 4206 llis

1832 4216 2136 4287 Consulibus
2165 4216 2301 4271 diem
2326 4216 2530 4287 functus
2559 4215 2909 4287 Constantius,
2932 4228 2981 4271 et
3022 4228 3194 4287 postea
3233 4220 3427 4276 levatus

1752 4322 1808 4383 D
1833 4285 3421 4383 ‘5?!E9?fffil'f‘"f‘i‘fl“.lfﬂft9533529933?“29339531?l3

1833 4358 2196 4428 Constantius,
2224 4368 2366 4413 sexto
2394 4359 2590 4413 decimo
2632 4360 2835 4428 imperii
2875 4374 3011 4415 anno
3050 4359 3185 4413 diem
3222 4362 3343 4415 obiit
3370 4362 3426 4415 in

1834 4428 2124 4495 Britannia,
2158 4427 2415 4494 Eboraci;
2447 4427 2752 4497 ibidemque
2774 4430 3019 4499 sepultus
3047 4440 3130 4484 est
3150 4471 3165 4496 ,
3206 4432 3250 4485 si
3293 4446 3420 4485 vera

1834 4507 1961 4555 sunt
1986 4513 2107 4569 quae
2128 4499 2196 4554 de
2216 4500 2332 4568 ejus
2355 4500 2561 4554 tumqu
2586 4508 2871 4569 narrantur
2908 4514 2936 4552 a
2965 4500 3279 4554 doctissimo
3308 4502 3425 4556 viro

1837 4568 2121 4641 Guillelmo
2148 4569 2442 4641 Czundeuo,
2470 4570 2657 4640 pagina
2695 4568 2800 4623 572
2839 4569 3148 4641 Britannia}.
3181 4570 3420 4641 Contigit

1838 4640 1979 4697 istud
2009 4655 2150 4695 anno
2174 4640 2369 4694 Christi
2396 4639 2568 4703 cccvt,
2601 4648 2657 4694 ut
2686 4648 2833 4694 recte
2858 4639 3117 4695 adversus
3141 4639 3420 4696 Patavium

1800 4714 2114 4767 ~cuntendit
2154 4710 2399 4766 Valesius
2430 4713 2481 4763 in
2506 4710 2939 4765 annotationibus
2985 4711 3048 4764 ad
3098 4711 3423 4779 Eusebium;

1841 4795 1896 4839 et
1924 4783 2136 4850 quidem
2165 4782 2251 4836 die
2273 4796 2368 4836 vin
2387 4780 2603 4836 kalend.
2635 4782 2864 4849 augusti.
2899 4781 3101 4838 BALUZ.

1917 4853 2066 4909 Nihil
2086 4854 2182 4924 egit
2214 4854 2372 4924 prius,
2405 4869 2557 4925 quam
2588 4851 2903 4907 Christianos
2918 4852 3084 4925 cultui
3112 4869 3171 4906 ac
3199 4853 3306 4907 Deo
3335 4871 3429 4909 suo
3453 4918 3459 4925 ,

1842 4926 2073 4981 reddere.
2098 4923 2173 4980 Ita
2201 4923 2304 4981 ius.
2324 4939 2419 4995 per
2441 4923 2846 4995 Hellenismum.
2871 4924 3117 4995 Alioquin
3142 4925 3432 4995 legendum

1844 5006 2011 5062 esset,
2038 5013 2189 5066 quam
2213 4993 2340 5050 ut..I
2376 4994 2626 5066 redderet.
2662 4993 2972 5066 Lactantius
3012 4993 3081 5066 in_
3113 4993 3431 5062 praelatione

1845 5069 2004 5124 librit
2037 5064 2151 5122 Div.
2186 5067 2418 5122 Institut.
2451 5066 2515 5121 ad
2542 5064 2950 5122 Constantinum
2984 5081 2999 5119 :
3030 5064 3172 5119 Nam
3197 5084 3311 5121 cum
3339 5068 3431 5122 ille

1847 5140 1954 5194 dies
1995 5140 2317 5210 felicissimus
2344 5138 2453 5193 orbi
2476 5147 2725 5210 terrarum
2748 5137 3165 5210 illuxissehquo
3203 5148 3251 5192 te
3296 5137 3438 5194 Deus

1846 5208 2072 5267 summus
2099 5209 2167 5264 ad
2206 5208 2409 5264 beatum
2436 5208 2647 5280 Imperii
2673 5208 2874 5262 culmen
2910 5209 3073 5280 euexit
3092 5249 3108 5273 ,
3156 5209 3432 5264 salutarem

1850 5281 2096 5336 uniuersis
2122 5289 2169 5334 et
2195 5280 2466 5349 optabilem
2504 5278 2847 5351 principatum
2890 5278 3142 5350 prteclaro
3167 5280 3312 5333 initio
3336 5295 3435 5351 au-

1850 5353 2075 5422 spicatus
2100 5367 2186 5422 es,
2210 5367 2328 5404 cum
2366 5367 2596 5405 euersam
2637 5350 2984 5422 sublatumque
3002 5351 3258 5420 justitiam
3287 5350 3442 5403 redu-

1851 5421 1987 5487 cens,
2021 5421 2328 5476 teterrimum
2353 5422 2576 5476 aliorum
2605 5423 2805 5492 facinus
2830 5421 3070 5488 expiasti.

1910 5493 2085 5546 Prima
2098 5494 2209 5562 ejus
2223 5493 2435 5557 sanatio,
2452 5490 2641 5547 sancta:
2658 5492 2935 5562 Religionis
2947 5494 3206 5545 restitutw.
3223 5490 3313 5544 Sic
3337 5505 3440 5562 ms.

1852 5561 2127 5628 restitutw,’
2171 5577 2267 5633 pro
2303 5563 2571 5617 restitutio.
2619 5563 2695 5617 Ita
2717 5561 2909 5618 dicitur
2930 5562 3104 5628 missa,
3122 5576 3217 5633 pro
3235 5561 3441 5627 missio;

1853 5635 2037 5696 relata.
2058 5650 2153 5703 pro
2175 5632 2630 5699 relatio;Ascensu,
2661 5648 2762 5703 pro
2794 5634 3063 5698 Ascensio;
3095 5632 3452 5703 defensaepro

1861 5701 2108 5785 defensio;
2134 5720 2354 5775 accessa,
2382 5720 2480 5781 pro
2505 5701 2760 5768 accessio;
2781 5703 3028 5777 exposita,
3052 5715 3149 5777 pro
3163 5701 3461 5781 expositio;

2711 5793 2757 5874 8
