  <div class='ocr_page' id='page_1' title='image "/cluster/home/n/w/nwhite01/storage/ocr_20150623/7/uva.x000669785/126.png"; bbox 0 0 3800 6250; ppageno 0'>
   <div class='ocr_carea' id='block_1_1' title="bbox 174 299 280 359">
    <p class='ocr_par' dir='ltr' id='par_1_1' title="bbox 174 299 280 359">
     <span class='ocr_line' id='line_1_1' title="bbox 174 299 280 359; baseline -0.009 0"><span class='ocrx_word' id='word_1_1' title='bbox 174 299 280 359; x_wconf 67' lang='lat'><strong>237</strong></span> 
     </span>
    </p>
   </div>
   <div class='ocr_carea' id='block_1_2' title="bbox 168 507 1751 579">
    <p class='ocr_par' dir='ltr' id='par_1_2' title="bbox 168 507 1751 579">
     <span class='ocr_line' id='line_1_2' title="bbox 168 507 1751 579; baseline 0.004 -17"><span class='ocrx_word' id='word_1_2' title='bbox 168 508 285 579; x_wconf 85' lang='lat' dir='ltr'><strong>jure</strong></span> <span class='ocrx_word' id='word_1_3' title='bbox 332 507 655 563; x_wconf 60' lang='lat' dir='ltr'><strong>hereditatis</strong></span> <span class='ocrx_word' id='word_1_4' title='bbox 692 516 961 577; x_wconf 64' lang='lat' dir='ltr'><strong>paternos,</strong></span> <span class='ocrx_word' id='word_1_5' title='bbox 998 508 1198 565; x_wconf 85' lang='lat' dir='ltr'><strong>milites</strong></span> <span class='ocrx_word' id='word_1_6' title='bbox 1257 511 1538 569; x_wconf 69' lang='lat' dir='ltr'><strong>traducere</strong></span> <span class='ocrx_word' id='word_1_7' title='bbox 1576 513 1643 568; x_wconf 86' lang='lat' dir='ltr'><strong>ad</strong></span> <span class='ocrx_word' id='word_1_8' title='bbox 1691 529 1751 572; x_wconf 83' lang='lat' dir='ltr'><strong>se</strong></span> 
     </span>
    </p>
   </div>
   <div class='ocr_carea' id='block_1_3' title="bbox 170 601 1751 673">
    <p class='ocr_par' dir='ltr' id='par_1_3' title="bbox 170 601 1751 673">
     <span class='ocr_line' id='line_1_3' title="bbox 170 601 1751 673; baseline 0.004 -17"><span class='ocrx_word' id='word_1_9' title='bbox 170 610 364 673; x_wconf 81' lang='lat' dir='ltr'><strong>posset,</strong></span> <span class='ocrx_word' id='word_1_10' title='bbox 392 601 628 671; x_wconf 71' lang='lat' dir='ltr'><strong>cogitans</strong></span> <span class='ocrx_word' id='word_1_11' title='bbox 649 607 828 656; x_wconf 88' lang='lat' dir='ltr'><strong>tamen</strong></span> <span class='ocrx_word' id='word_1_12' title='bbox 858 601 974 659; x_wconf 82' lang='lat' dir='ltr'><strong>iieri</strong></span> <span class='ocrx_word' id='word_1_13' title='bbox 997 616 1178 672; x_wconf 86' lang='lat' dir='ltr'><strong>posse.</strong></span> <span class='ocrx_word' id='word_1_14' title='bbox 1200 610 1258 657; x_wconf 85' lang='lat' dir='ltr'><strong>ut</strong></span> <span class='ocrx_word' id='word_1_15' title='bbox 1284 603 1637 663; x_wconf 76' lang='lat' dir='ltr'><strong>Maximianus</strong></span> <span class='ocrx_word' id='word_1_16' title='bbox 1660 621 1751 663; x_wconf 82' lang='lat' dir='ltr'><strong>so-</strong></span> 
     </span>
    </p>
   </div>
   <div class='ocr_carea' id='block_1_4' title="bbox 169 687 1745 770">
    <p class='ocr_par' dir='ltr' id='par_1_4' title="bbox 169 687 1745 770">
     <span class='ocr_line' id='line_1_4' title="bbox 169 687 1745 770; baseline 0.002 -18"><span class='ocrx_word' id='word_1_17' title='bbox 169 711 257 752; x_wconf 84' lang='lat' dir='ltr'><strong>cer</strong></span> <span class='ocrx_word' id='word_1_18' title='bbox 276 695 498 764; x_wconf 85' lang='lat' dir='ltr'><strong>idipsum</strong></span> <span class='ocrx_word' id='word_1_19' title='bbox 521 700 767 750; x_wconf 85' lang='lat' dir='ltr'><strong>metuens</strong></span> <span class='ocrx_word' id='word_1_20' title='bbox 791 695 1051 752; x_wconf 81' lang='lat' dir='ltr'><strong>Severum</strong></span> <span class='ocrx_word' id='word_1_21' title='bbox 1074 696 1125 751; x_wconf 89' lang='lat' dir='ltr'><strong>in</strong></span> <span class='ocrx_word' id='word_1_22' title='bbox 1150 695 1368 768; x_wconf 82' lang='lat' dir='ltr'><strong>Illyrico</strong></span> <span class='ocrx_word' id='word_1_23' title='bbox 1396 687 1745 770; x_wconf 82' lang='lat' dir='ltr'><strong>relinqueret,</strong></span> 
     </span>
    </p>
   </div>
   <div class='ocr_carea' id='block_1_5' title="bbox 169 784 1746 858">
    <p class='ocr_par' dir='ltr' id='par_1_5' title="bbox 169 784 1746 858">
     <span class='ocr_line' id='line_1_5' title="bbox 169 784 1746 858; baseline 0.003 -18"><span class='ocrx_word' id='word_1_24' title='bbox 169 795 320 855; x_wconf 83' lang='lat' dir='ltr'><strong>atque</strong></span> <span class='ocrx_word' id='word_1_25' title='bbox 365 784 480 853; x_wconf 89' lang='lat' dir='ltr'><strong>ipse</strong></span> <span class='ocrx_word' id='word_1_26' title='bbox 527 798 645 839; x_wconf 92' lang='lat' dir='ltr'><strong>cum</strong></span> <span class='ocrx_word' id='word_1_27' title='bbox 694 799 794 839; x_wconf 84' lang='lat' dir='ltr'><strong>suo</strong></span> <span class='ocrx_word' id='word_1_28' title='bbox 841 786 1085 840; x_wconf 77' lang='lat' dir='ltr'><strong>exercitu</strong></span> <span class='ocrx_word' id='word_1_29' title='bbox 1124 786 1192 840; x_wconf 85' lang='lat' dir='ltr'><strong>ad</strong></span> <span class='ocrx_word' id='word_1_30' title='bbox 1227 801 1287 840; x_wconf 89' lang='lat' dir='ltr'><strong>se</strong></span> <span class='ocrx_word' id='word_1_31' title='bbox 1333 789 1746 858; x_wconf 81' lang='lat' dir='ltr'><strong>oppugnandum</strong></span> 
     </span>
    </p>
   </div>
   <div class='ocr_carea' id='block_1_6' title="bbox 170 876 1748 951">
    <p class='ocr_par' dir='ltr' id='par_1_6' title="bbox 170 876 1748 951">
     <span class='ocr_line' id='line_1_6' title="bbox 170 876 1748 951; baseline 0.004 -18"><span class='ocrx_word' id='word_1_32' title='bbox 170 879 381 943; x_wconf 86' lang='lat' dir='ltr'><strong>veniret,</strong></span> <span class='ocrx_word' id='word_1_33' title='bbox 406 876 680 947; x_wconf 69' lang='lat' dir='ltr'><strong>quaerebat</strong></span> <span class='ocrx_word' id='word_1_34' title='bbox 709 885 975 947; x_wconf 76' lang='lat' dir='ltr'><strong>quatenus</strong></span> <span class='ocrx_word' id='word_1_35' title='bbox 1001 892 1062 934; x_wconf 85' lang='lat' dir='ltr'><strong>se</strong></span> <span class='ocrx_word' id='word_1_36' title='bbox 1079 894 1110 933; x_wconf 88' lang='lat' dir='ltr'><strong>a</strong></span> <span class='ocrx_word' id='word_1_37' title='bbox 1136 879 1375 949; x_wconf 87' lang='lat' dir='ltr'><strong>periculo</strong></span> <span class='ocrx_word' id='word_1_38' title='bbox 1404 881 1748 951; x_wconf 83' lang='lat' dir='ltr'><strong>impendente</strong></span> 
     </span>
    </p>
   </div>
   <div class='ocr_carea' id='block_1_7' title="bbox 172 968 1749 1041">
    <p class='ocr_par' dir='ltr' id='par_1_7' title="bbox 172 968 1749 1041">
     <span class='ocr_line' id='line_1_7' title="bbox 172 968 1749 1041; baseline 0.002 -15"><span class='ocrx_word' id='word_1_39' title='bbox 172 970 407 1027; x_wconf 90' lang='lat' dir='ltr'><strong>muniret.</strong></span> <span class='ocrx_word' id='word_1_40' title='bbox 437 968 578 1023; x_wconf 82' lang='lat' dir='ltr'><strong>Patri</strong></span> <span class='ocrx_word' id='word_1_41' title='bbox 600 984 698 1024; x_wconf 86' lang='lat' dir='ltr'><strong>suo</strong></span> <span class='ocrx_word' id='word_1_42' title='bbox 728 979 851 1038; x_wconf 88' lang='lat' dir='ltr'><strong>post</strong></span> <span class='ocrx_word' id='word_1_43' title='bbox 878 970 1178 1039; x_wconf 84' lang='lat' dir='ltr'><strong>depositum</strong></span> <span class='ocrx_word' id='word_1_44' title='bbox 1203 970 1486 1041; x_wconf 90' lang='lat' dir='ltr'><strong>imperium</strong></span> <span class='ocrx_word' id='word_1_45' title='bbox 1514 973 1567 1027; x_wconf 92' lang='lat' dir='ltr'><strong>in</strong></span> <span class='ocrx_word' id='word_1_46' title='bbox 1593 975 1749 1029; x_wconf 59' lang='lat' dir='ltr'><strong>Cain-</strong></span> 
     </span>
    </p>
   </div>
   <div class='ocr_carea' id='block_1_8' title="bbox 110 1062 1745 1135">
    <p class='ocr_par' dir='ltr' id='par_1_8' title="bbox 110 1062 1745 1135">
     <span class='ocr_line' id='line_1_8' title="bbox 110 1062 1745 1135; baseline 0.002 -18"><span class='ocrx_word' id='word_1_47' title='bbox 110 1064 151 1086; x_wconf 58' lang='grc' dir='ltr'><em>ί</em></span> <span class='ocrx_word' id='word_1_48' title='bbox 174 1063 316 1134; x_wconf 83' lang='lat' dir='ltr'><strong>pania</strong></span> <span class='ocrx_word' id='word_1_49' title='bbox 336 1062 565 1117; x_wconf 86' lang='lat' dir='ltr'><strong>moranti</strong></span> <span class='ocrx_word' id='word_1_50' title='bbox 592 1077 886 1132; x_wconf 81' lang='lat' dir='ltr'><strong>purpuram</strong></span> <span class='ocrx_word' id='word_1_51' title='bbox 912 1062 1094 1130; x_wconf 82' lang='lat' dir='ltr'><strong>mittit,</strong></span> <span class='ocrx_word' id='word_1_52' title='bbox 1120 1070 1175 1119; x_wconf 90' lang='lat' dir='ltr'><strong>et</strong></span> <span class='ocrx_word' id='word_1_53' title='bbox 1200 1062 1282 1119; x_wconf 90' lang='lat' dir='ltr'><strong>bis</strong></span> <span class='ocrx_word' id='word_1_54' title='bbox 1319 1065 1615 1135; x_wconf 77' lang='lat' dir='ltr'><strong>Augustum</strong></span> <span class='ocrx_word' id='word_1_55' title='bbox 1646 1081 1745 1121; x_wconf 65' lang='lat' dir='ltr'><strong>nov</strong></span> 
     </span>
    </p>
   </div>
   <div class='ocr_carea' id='block_1_9' title="bbox 166 1153 1746 1229">
    <p class='ocr_par' dir='ltr' id='par_1_9' title="bbox 166 1153 1746 1229">
     <span class='ocr_line' id='line_1_9' title="bbox 166 1153 1746 1229; baseline 0.003 -20"><span class='ocrx_word' id='word_1_56' title='bbox 166 1156 343 1229; x_wconf 75' lang='lat' dir='ltr'><strong>miunt.</strong></span> <span class='ocrx_word' id='word_1_57' title='bbox 383 1153 481 1208; x_wconf 87' lang='lat' dir='ltr'><strong>llle</strong></span> <span class='ocrx_word' id='word_1_58' title='bbox 501 1168 631 1210; x_wconf 81' lang='lat' dir='ltr'><strong>vero</strong></span> <span class='ocrx_word' id='word_1_59' title='bbox 670 1164 741 1209; x_wconf 83' lang='lat' dir='ltr'><strong>et&#39;</strong></span> <span class='ocrx_word' id='word_1_60' title='bbox 764 1170 947 1209; x_wconf 87' lang='lat' dir='ltr'><strong>rerum</strong></span> <span class='ocrx_word' id='word_1_61' title='bbox 988 1170 1248 1211; x_wconf 87' lang='lat' dir='ltr'><strong>novarum</strong></span> <span class='ocrx_word' id='word_1_62' title='bbox 1288 1156 1535 1225; x_wconf 86' lang='lat' dir='ltr'><strong>cupidus,</strong></span> <span class='ocrx_word' id='word_1_63' title='bbox 1563 1166 1620 1211; x_wconf 90' lang='lat' dir='ltr'><strong>et</strong></span> <span class='ocrx_word' id='word_1_64' title='bbox 1654 1157 1746 1228; x_wconf 91' lang='lat' dir='ltr'><strong>qui</strong></span> 
     </span>
    </p>
   </div>
   <div class='ocr_carea' id='block_1_10' title="bbox 107 1248 1743 1318">
    <p class='ocr_par' dir='ltr' id='par_1_10' title="bbox 107 1248 1743 1318">
     <span class='ocr_line' id='line_1_10' title="bbox 107 1248 1743 1318; baseline 0.001 -14"><span class='ocrx_word' id='word_1_65' title='bbox 107 1260 129 1273; x_wconf 88' lang='lat'><strong><em>&#39;</em></strong></span> <span class='ocrx_word' id='word_1_66' title='bbox 164 1249 473 1318; x_wconf 75' lang='lat' dir='ltr'><strong>deposuerat</strong></span> <span class='ocrx_word' id='word_1_67' title='bbox 493 1249 717 1315; x_wconf 83' lang='lat' dir='ltr'><strong>invitus,</strong></span> <span class='ocrx_word' id='word_1_68' title='bbox 744 1249 977 1305; x_wconf 82' lang='lat' dir='ltr'><strong>libenter</strong></span> <span class='ocrx_word' id='word_1_69' title='bbox 995 1249 1243 1318; x_wconf 79' lang='lat' dir='ltr'><strong>arripuit.</strong></span> <span class='ocrx_word' id='word_1_70' title='bbox 1265 1248 1501 1305; x_wconf 84' lang='lat' dir='ltr'><strong>Severus</strong></span> <span class='ocrx_word' id='word_1_71' title='bbox 1530 1250 1743 1307; x_wconf 84' lang='lat' dir='ltr'><strong>interim</strong></span> 
     </span>
    </p>
   </div>
   <div class='ocr_carea' id='block_1_11' title="bbox 165 1340 1745 1407">
    <p class='ocr_par' dir='ltr' id='par_1_11' title="bbox 165 1340 1745 1407">
     <span class='ocr_line' id='line_1_11' title="bbox 165 1340 1745 1407; baseline 0.003 -13"><span class='ocrx_word' id='word_1_72' title='bbox 165 1340 317 1407; x_wconf 86' lang='lat' dir='ltr'><strong>vadit,</strong></span> <span class='ocrx_word' id='word_1_73' title='bbox 340 1349 393 1396; x_wconf 89' lang='lat' dir='ltr'><strong>et</strong></span> <span class='ocrx_word' id='word_1_74' title='bbox 414 1340 483 1395; x_wconf 86' lang='lat' dir='ltr'><strong>ad</strong></span> <span class='ocrx_word' id='word_1_75' title='bbox 506 1355 693 1395; x_wconf 90' lang='lat' dir='ltr'><strong>muros</strong></span> <span class='ocrx_word' id='word_1_76' title='bbox 722 1340 884 1397; x_wconf 91' lang='lat' dir='ltr'><strong>Urbis</strong></span> <span class='ocrx_word' id='word_1_77' title='bbox 902 1350 1144 1396; x_wconf 81' lang='lat' dir='ltr'><strong>armatus</strong></span> <span class='ocrx_word' id='word_1_78' title='bbox 1162 1340 1392 1398; x_wconf 90' lang='lat' dir='ltr'><strong>accedit.</strong></span> <span class='ocrx_word' id='word_1_79' title='bbox 1425 1341 1617 1399; x_wconf 85' lang='lat' dir='ltr'><strong>Statim</strong></span> <span class='ocrx_word' id='word_1_80' title='bbox 1644 1345 1745 1400; x_wconf 90' lang='lat' dir='ltr'><strong>mi-</strong></span> 
     </span>
    </p>
   </div>
   <div class='ocr_carea' id='block_1_12' title="bbox 162 1432 1744 1506">
    <p class='ocr_par' dir='ltr' id='par_1_12' title="bbox 162 1432 1744 1506">
     <span class='ocr_line' id='line_1_12' title="bbox 162 1432 1744 1506; baseline 0.004 -20"><span class='ocrx_word' id='word_1_81' title='bbox 162 1432 293 1498; x_wconf 89' lang='lat' dir='ltr'><strong>lites,</strong></span> <span class='ocrx_word' id='word_1_82' title='bbox 316 1433 545 1488; x_wconf 82' lang='lat' dir='ltr'><strong>sublatis</strong></span> <span class='ocrx_word' id='word_1_83' title='bbox 575 1433 1015 1505; x_wconf 79' lang='lat' dir='ltr'><strong>signis,.abeunt,</strong></span> <span class='ocrx_word' id='word_1_84' title='bbox 1054 1445 1109 1491; x_wconf 90' lang='lat' dir='ltr'><strong>et</strong></span> <span class='ocrx_word' id='word_1_85' title='bbox 1145 1450 1205 1492; x_wconf 91' lang='lat' dir='ltr'><strong>se</strong></span> <span class='ocrx_word' id='word_1_86' title='bbox 1231 1444 1418 1491; x_wconf 88' lang='lat' dir='ltr'><strong>contra</strong></span> <span class='ocrx_word' id='word_1_87' title='bbox 1443 1452 1602 1506; x_wconf 91' lang='lat' dir='ltr'><strong>quem</strong></span> <span class='ocrx_word' id='word_1_88' title='bbox 1645 1453 1744 1494; x_wconf 85' lang='lat' dir='ltr'><strong>ve-</strong></span> 
     </span>
    </p>
   </div>
   <div class='ocr_carea' id='block_1_13' title="bbox 161 1524 1745 1598">
    <p class='ocr_par' dir='ltr' id='par_1_13' title="bbox 161 1524 1745 1598">
     <span class='ocr_line' id='line_1_13' title="bbox 161 1524 1745 1598; baseline 0.001 -15"><span class='ocrx_word' id='word_1_89' title='bbox 161 1533 356 1586; x_wconf 87' lang='lat' dir='ltr'><strong>nerant.</strong></span> <span class='ocrx_word' id='word_1_90' title='bbox 386 1524 627 1581; x_wconf 88' lang='lat' dir='ltr'><strong>tradunt.</strong></span> <span class='ocrx_word' id='word_1_91' title='bbox 654 1524 792 1592; x_wconf 88' lang='lat' dir='ltr'><strong>Quid</strong></span> <span class='ocrx_word' id='word_1_92' title='bbox 813 1527 1054 1583; x_wconf 80' lang='lat' dir='ltr'><strong>restabat</strong></span> <span class='ocrx_word' id='word_1_93' title='bbox 1072 1526 1311 1589; x_wconf 88' lang='lat' dir='ltr'><strong>deserto,</strong></span> <span class='ocrx_word' id='word_1_94' title='bbox 1335 1528 1439 1582; x_wconf 88' lang='lat' dir='ltr'><strong>nisi</strong></span> <span class='ocrx_word' id='word_1_95' title='bbox 1460 1526 1616 1598; x_wconf 78' lang='lat' dir='ltr'><strong>fuga?</strong></span> <span class='ocrx_word' id='word_1_96' title='bbox 1635 1528 1745 1585; x_wconf 87' lang='lat' dir='ltr'><strong>Sed</strong></span> 
     </span>
    </p>
   </div>
   <div class='ocr_carea' id='block_1_14' title="bbox 161 1611 1744 1692">
    <p class='ocr_par' dir='ltr' id='par_1_14' title="bbox 161 1611 1744 1692">
     <span class='ocr_line' id='line_1_14' title="bbox 161 1611 1744 1692; baseline 0.005 -21"><span class='ocrx_word' id='word_1_97' title='bbox 161 1616 464 1677; x_wconf 81' lang='lat' dir='ltr'><strong>occurrebat</strong></span> <span class='ocrx_word' id='word_1_98' title='bbox 477 1618 594 1688; x_wconf 90' lang='lat' dir='ltr'><strong>jam</strong></span> <span class='ocrx_word' id='word_1_99' title='bbox 622 1628 900 1689; x_wconf 89' lang='lat' dir='ltr'><strong>resumpto</strong></span> <span class='ocrx_word' id='word_1_100' title='bbox 920 1619 1149 1689; x_wconf 89' lang='lat' dir='ltr'><strong>imperio</strong></span> <span class='ocrx_word' id='word_1_101' title='bbox 1184 1611 1559 1687; x_wconf 76' lang='lat' dir='ltr'><strong>Maximianus,</strong></span> <span class='ocrx_word' id='word_1_102' title='bbox 1592 1621 1744 1692; x_wconf 81' lang='lat' dir='ltr'><strong>cujus</strong></span> 
     </span>
    </p>
   </div>
   <div class='ocr_carea' id='block_1_15' title="bbox 159 1708 1743 1787">
    <p class='ocr_par' dir='ltr' id='par_1_15' title="bbox 159 1708 1743 1787">
     <span class='ocr_line' id='line_1_15' title="bbox 159 1708 1743 1787; baseline 0.003 -22"><span class='ocrx_word' id='word_1_103' title='bbox 159 1710 372 1765; x_wconf 83' lang='lat' dir='ltr'><strong>adventu</strong></span> <span class='ocrx_word' id='word_1_104' title='bbox 414 1708 729 1765; x_wconf 74' lang='lat' dir='ltr'><strong>Ravennam</strong></span> <span class='ocrx_word' id='word_1_105' title='bbox 775 1709 1046 1787; x_wconf 73' lang='lat' dir='ltr'><strong>confugit,</strong></span> <span class='ocrx_word' id='word_1_106' title='bbox 1087 1711 1266 1781; x_wconf 88' lang='lat' dir='ltr'><strong>ibique</strong></span> <span class='ocrx_word' id='word_1_107' title='bbox 1305 1727 1365 1767; x_wconf 85' lang='lat' dir='ltr'><strong>se</strong></span> <span class='ocrx_word' id='word_1_108' title='bbox 1394 1726 1517 1767; x_wconf 92' lang='lat' dir='ltr'><strong>cum</strong></span> <span class='ocrx_word' id='word_1_109' title='bbox 1558 1713 1743 1782; x_wconf 83' lang='lat' dir='ltr'><strong>paucis</strong></span> 
     </span>
    </p>
   </div>
   <div class='ocr_carea' id='block_1_16' title="bbox 654 300 2363 385">
    <p class='ocr_par' dir='ltr' id='par_1_16' title="bbox 654 300 2363 385">
     <span class='ocr_line' id='line_1_16' title="bbox 654 300 2363 385; baseline 0.008 -33"><span class='ocrx_word' id='word_1_110' title='bbox 654 375 667 385; x_wconf 32' lang='lat'><em>.</em></span> <span class='ocrx_word' id='word_1_111' title='bbox 1306 300 1406 359; x_wconf 71' lang='lat' dir='ltr'><strong>an</strong></span> <span class='ocrx_word' id='word_1_112' title='bbox 1442 300 1773 364; x_wconf 68' lang='lat' dir='ltr'><strong>nonnon</strong></span> <span class='ocrx_word' id='word_1_113' title='bbox 1810 304 2363 369; x_wconf 59' lang='lat' dir='ltr'><strong>conressousn;</strong></span> 
     </span>
    </p>
   </div>
   <div class='ocr_carea' id='block_1_17' title="bbox 171 415 1833 488">
    <p class='ocr_par' dir='ltr' id='par_1_17' title="bbox 171 415 1833 488">
     <span class='ocr_line' id='line_1_17' title="bbox 171 415 1833 488; baseline 0.005 -12"><span class='ocrx_word' id='word_1_114' title='bbox 171 426 305 476; x_wconf 86' lang='lat' dir='ltr'><strong>rent.</strong></span> <span class='ocrx_word' id='word_1_115' title='bbox 345 416 642 474; x_wconf 75' lang='lat' dir='ltr'><strong>Maxentius</strong></span> <span class='ocrx_word' id='word_1_116' title='bbox 683 416 815 475; x_wconf 86' lang='lat' dir='ltr'><strong>tanti</strong></span> <span class='ocrx_word' id='word_1_117' title='bbox 858 415 1114 473; x_wconf 76' lang='lat' dir='ltr'><strong>facinoris</strong></span> <span class='ocrx_word' id='word_1_118' title='bbox 1153 417 1255 475; x_wconf 82' lang='lat' dir='ltr'><strong>sibi</strong></span> <span class='ocrx_word' id='word_1_119' title='bbox 1294 422 1579 488; x_wconf 86' lang='lat' dir='ltr'><strong>conscius,</strong></span> <span class='ocrx_word' id='word_1_120' title='bbox 1629 421 1754 480; x_wconf 91' lang='lat' dir='ltr'><strong>licet</strong></span> <span class='ocrx_word' id='word_1_121' title='bbox 1778 424 1833 485; x_wconf 78' lang='grc' dir='ltr'><strong>Α</strong></span> 
     </span>
    </p>
   </div>
   <div class='ocr_carea' id='block_1_18' title="bbox 3340 325 3453 386">
    <p class='ocr_par' dir='ltr' id='par_1_18' title="bbox 3340 325 3453 386">
     <span class='ocr_line' id='line_1_18' title="bbox 3340 325 3453 386; baseline 0.018 -2"><span class='ocrx_word' id='word_1_122' title='bbox 3340 325 3453 386; x_wconf 68' lang='grc'><strong>958</strong></span> 
     </span>
    </p>
   </div>
   <div class='ocr_carea' id='block_1_19' title="bbox 2546 514 2763 575">
    <p class='ocr_par' dir='ltr' id='par_1_19' title="bbox 2546 514 2763 575">
     <span class='ocr_line' id='line_1_19' title="bbox 2546 514 2763 575; baseline 0.009 -2"><span class='ocrx_word' id='word_1_123' title='bbox 2546 514 2763 575; x_wconf 72' lang='lat' dir='ltr'><strong>XXVII.</strong></span> 
     </span>
    </p>
   </div>
   <div class='ocr_carea' id='block_1_20' title="bbox 1914 695 3446 777">
    <p class='ocr_par' dir='ltr' id='par_1_20' title="bbox 1914 695 3446 777">
     <span class='ocr_line' id='line_1_20' title="bbox 1914 695 3446 777; baseline 0.008 -26"><span class='ocrx_word' id='word_1_124' title='bbox 1914 695 2389 761; x_wconf 57' lang='lat' dir='ltr'><strong>,Herculius&#39;vero</strong></span> <span class='ocrx_word' id='word_1_125' title='bbox 2428 712 2553 754; x_wconf 88' lang='lat' dir='ltr'><strong>cum</strong></span> <span class='ocrx_word' id='word_1_126' title='bbox 2590 696 2894 756; x_wconf 79' lang='lat' dir='ltr'><strong>Maximiani</strong></span> <span class='ocrx_word' id='word_1_127' title='bbox 2936 715 3120 760; x_wconf 86' lang='lat' dir='ltr'><strong>nosset</strong></span> <span class='ocrx_word' id='word_1_128' title='bbox 3163 704 3446 777; x_wconf 81' lang='lat' dir='ltr'><strong>insaniam,</strong></span> 
     </span>
    </p>
   </div>
   <div class='ocr_carea' id='block_1_21' title="bbox 1850 789 3450 863">
    <p class='ocr_par' dir='ltr' id='par_1_21' title="bbox 1850 789 3450 863">
     <span class='ocr_line' id='line_1_21' title="bbox 1850 789 3450 863; baseline 0.006 -16"><span class='ocrx_word' id='word_1_129' title='bbox 1850 790 2090 860; x_wconf 77' lang='lat' dir='ltr'><strong>cogitare</strong></span> <span class='ocrx_word' id='word_1_130' title='bbox 2123 790 2289 861; x_wconf 74' lang='lat' dir='ltr'><strong>cmpit</strong></span> <span class='ocrx_word' id='word_1_131' title='bbox 2326 790 2498 856; x_wconf 91' lang='lat' dir='ltr'><strong>illum,</strong></span> <span class='ocrx_word' id='word_1_132' title='bbox 2520 789 2702 846; x_wconf 89' lang='lat' dir='ltr'><strong>audita</strong></span> <span class='ocrx_word' id='word_1_133' title='bbox 2742 806 2876 850; x_wconf 84' lang='lat' dir='ltr'><strong>nece</strong></span> <span class='ocrx_word' id='word_1_134' title='bbox 2914 793 3125 863; x_wconf 84' lang='lat' dir='ltr'><strong>Severi,</strong></span> <span class='ocrx_word' id='word_1_135' title='bbox 3152 799 3450 856; x_wconf 87' lang='lat' dir='ltr'><strong>inﬂamma-</strong></span> 
     </span>
    </p>
   </div>
   <div class='ocr_carea' id='block_1_22' title="bbox 1850 884 3448 955">
    <p class='ocr_par' dir='ltr' id='par_1_22' title="bbox 1850 884 3448 955">
     <span class='ocr_line' id='line_1_22' title="bbox 1850 884 3448 955; baseline 0.005 -16"><span class='ocrx_word' id='word_1_136' title='bbox 1850 892 1964 939; x_wconf 90' lang='lat' dir='ltr'><strong>tum</strong></span> <span class='ocrx_word' id='word_1_137' title='bbox 1988 886 2087 949; x_wconf 91' lang='lat' dir='ltr'><strong>ira,</strong></span> <span class='ocrx_word' id='word_1_138' title='bbox 2116 899 2236 939; x_wconf 92' lang='lat' dir='ltr'><strong>cum</strong></span> <span class='ocrx_word' id='word_1_139' title='bbox 2259 884 2500 942; x_wconf 87' lang='lat' dir='ltr'><strong>exercitu</strong></span> <span class='ocrx_word' id='word_1_140' title='bbox 2540 899 2665 941; x_wconf 84' lang='lat' dir='ltr'><strong>esse</strong></span> <span class='ocrx_word' id='word_1_141' title='bbox 2684 895 2991 955; x_wconf 86' lang='lat' dir='ltr'><strong>venturum,</strong></span> <span class='ocrx_word' id='word_1_142' title='bbox 3017 897 3073 945; x_wconf 87' lang='lat' dir='ltr'><strong>et</strong></span> <span class='ocrx_word' id='word_1_143' title='bbox 3099 888 3330 947; x_wconf 80' lang='lat' dir='ltr'><strong>fortasse</strong></span> <span class='ocrx_word' id='word_1_144' title='bbox 3352 894 3448 947; x_wconf 86' lang='lat' dir='ltr'><strong>ad-</strong></span> 
     </span>
    </p>
   </div>
   <div class='ocr_carea' id='block_1_23' title="bbox 1845 976 3449 1053">
    <p class='ocr_par' dir='ltr' id='par_1_23' title="bbox 1845 976 3449 1053">
     <span class='ocr_line' id='line_1_23' title="bbox 1845 976 3449 1053; baseline 0.006 -23"><span class='ocrx_word' id='word_1_145' title='bbox 1845 977 2035 1049; x_wconf 86' lang='lat' dir='ltr'><strong>juncto</strong></span> <span class='ocrx_word' id='word_1_146' title='bbox 2058 977 2368 1043; x_wconf 77' lang='lat' dir='ltr'><strong>Maximino,</strong></span> <span class='ocrx_word' id='word_1_147' title='bbox 2407 992 2473 1033; x_wconf 89' lang='lat' dir='ltr'><strong>ac</strong></span> <span class='ocrx_word' id='word_1_148' title='bbox 2505 976 2791 1049; x_wconf 79' lang='lat' dir='ltr'><strong>duplicatis</strong></span> <span class='ocrx_word' id='word_1_149' title='bbox 2829 980 3018 1051; x_wconf 85' lang='lat' dir='ltr'><strong>copiis,</strong></span> <span class='ocrx_word' id='word_1_150' title='bbox 3047 983 3246 1053; x_wconf 83' lang='lat' dir='ltr'><strong>quibus</strong></span> <span class='ocrx_word' id='word_1_151' title='bbox 3269 985 3449 1040; x_wconf 84' lang='lat' dir='ltr'><strong>resisti</strong></span> 
     </span>
    </p>
   </div>
   <div class='ocr_carea' id='block_1_24' title="bbox 1849 1066 3450 1145">
    <p class='ocr_par' dir='ltr' id='par_1_24' title="bbox 1849 1066 3450 1145">
     <span class='ocr_line' id='line_1_24' title="bbox 1849 1066 3450 1145; baseline 0.005 -22"><span class='ocrx_word' id='word_1_152' title='bbox 1849 1068 2001 1124; x_wconf 88' lang='lat' dir='ltr'><strong>nullo</strong></span> <span class='ocrx_word' id='word_1_153' title='bbox 2038 1066 2201 1123; x_wconf 92' lang='lat' dir='ltr'><strong>modo</strong></span> <span class='ocrx_word' id='word_1_154' title='bbox 2235 1076 2456 1137; x_wconf 83' lang='lat' dir='ltr'><strong>posset:</strong></span> <span class='ocrx_word' id='word_1_155' title='bbox 2501 1068 2636 1125; x_wconf 88' lang='lat' dir='ltr'><strong>urbe</strong></span> <span class='ocrx_word' id='word_1_156' title='bbox 2674 1069 2911 1137; x_wconf 84' lang='lat' dir='ltr'><strong>munita,</strong></span> <span class='ocrx_word' id='word_1_157' title='bbox 2958 1082 3013 1128; x_wconf 89' lang='lat' dir='ltr'><strong>et</strong></span> <span class='ocrx_word' id='word_1_158' title='bbox 3051 1072 3218 1130; x_wconf 84' lang='lat' dir='ltr'><strong>rebus</strong></span> <span class='ocrx_word' id='word_1_159' title='bbox 3255 1076 3450 1145; x_wconf 66' lang='lat' dir='ltr'><strong>ereptis</strong></span> 
     </span>
    </p>
   </div>
   <div class='ocr_carea' id='block_1_25' title="bbox 1849 1158 3531 1232">
    <p class='ocr_par' dir='ltr' id='par_1_25' title="bbox 1849 1158 3531 1232">
     <span class='ocr_line' id='line_1_25' title="bbox 1849 1158 3531 1232; baseline 0.007 -20"><span class='ocrx_word' id='word_1_160' title='bbox 1849 1158 2081 1214; x_wconf 90' lang='lat' dir='ltr'><strong>inimicis</strong></span> <span class='ocrx_word' id='word_1_161' title='bbox 2118 1158 2405 1229; x_wconf 76' lang='lat' dir='ltr'><strong>diligenter</strong></span> <span class='ocrx_word' id='word_1_162' title='bbox 2441 1159 2750 1229; x_wconf 84' lang='lat' dir='ltr'><strong>instructis,</strong></span> <span class='ocrx_word' id='word_1_163' title='bbox 2789 1164 3174 1232; x_wconf 86' lang='lat' dir='ltr'><strong>prolisciscitur</strong></span> <span class='ocrx_word' id='word_1_164' title='bbox 3212 1166 3265 1221; x_wconf 92' lang='lat' dir='ltr'><strong>in</strong></span> <span class='ocrx_word' id='word_1_165' title='bbox 3310 1165 3445 1223; x_wconf 87' lang='lat' dir='ltr'><strong>Gal-</strong></span> <span class='ocrx_word' id='word_1_166' title='bbox 3528 1182 3531 1185; x_wconf 76' lang='lat'><em>&#39;</em></span> 
     </span>
    </p>
   </div>
   <div class='ocr_carea' id='block_1_26' title="bbox 1847 1250 3442 1323">
    <p class='ocr_par' dir='ltr' id='par_1_26' title="bbox 1847 1250 3442 1323">
     <span class='ocr_line' id='line_1_26' title="bbox 1847 1250 3442 1323; baseline 0.004 -16"><span class='ocrx_word' id='word_1_167' title='bbox 1847 1252 1997 1318; x_wconf 84' lang='lat' dir='ltr'><strong>liam,</strong></span> <span class='ocrx_word' id='word_1_168' title='bbox 2023 1260 2081 1307; x_wconf 90' lang='lat' dir='ltr'><strong>ut</strong></span> <span class='ocrx_word' id='word_1_169' title='bbox 2107 1250 2520 1307; x_wconf 88' lang='lat' dir='ltr'><strong>Constantinum</strong></span> <span class='ocrx_word' id='word_1_170' title='bbox 2548 1254 2790 1323; x_wconf 87' lang='lat' dir='ltr'><strong>partibus</strong></span> <span class='ocrx_word' id='word_1_171' title='bbox 2816 1255 2929 1310; x_wconf 86' lang='lat' dir='ltr'><strong>suis</strong></span> <span class='ocrx_word' id='word_1_172' title='bbox 2953 1258 3290 1323; x_wconf 84' lang='lat' dir='ltr'><strong>conciliaret,</strong></span> <span class='ocrx_word' id='word_1_173' title='bbox 3327 1275 3442 1314; x_wconf 74' lang='lat' dir='ltr'><strong>sine</strong></span> 
     </span>
    </p>
   </div>
   <div class='ocr_carea' id='block_1_27' title="bbox 1848 1343 3441 1419">
    <p class='ocr_par' dir='ltr' id='par_1_27' title="bbox 1848 1343 3441 1419">
     <span class='ocr_line' id='line_1_27' title="bbox 1848 1343 3441 1419; baseline 0.006 -21"><span class='ocrx_word' id='word_1_174' title='bbox 1848 1343 2073 1399; x_wconf 89' lang='lat' dir='ltr'><strong>minoris</strong></span> <span class='ocrx_word' id='word_1_175' title='bbox 2105 1343 2233 1399; x_wconf 79' lang='lat' dir='ltr'><strong>tiliae</strong></span> <span class='ocrx_word' id='word_1_176' title='bbox 2275 1344 2496 1415; x_wconf 87' lang='lat' dir='ltr'><strong>nuptiis.</strong></span> <span class='ocrx_word' id='word_1_177' title='bbox 2546 1345 2642 1401; x_wconf 88' lang='lat' dir='ltr'><strong>llle</strong></span> <span class='ocrx_word' id='word_1_178' title='bbox 2670 1346 2898 1415; x_wconf 88' lang='lat' dir='ltr'><strong>interea,</strong></span> <span class='ocrx_word' id='word_1_179' title='bbox 2945 1358 3134 1405; x_wconf 88' lang='lat' dir='ltr'><strong>coacto</strong></span> <span class='ocrx_word' id='word_1_180' title='bbox 3174 1353 3441 1419; x_wconf 82' lang='lat' dir='ltr'><strong>exercitu,</strong></span> 
     </span>
    </p>
   </div>
   <div class='ocr_carea' id='block_1_28' title="bbox 1847 1435 3445 1507">
    <p class='ocr_par' dir='ltr' id='par_1_28' title="bbox 1847 1435 3445 1507">
     <span class='ocr_line' id='line_1_28' title="bbox 1847 1435 3445 1507; baseline 0.006 -15"><span class='ocrx_word' id='word_1_181' title='bbox 1847 1436 2056 1492; x_wconf 79' lang='lat' dir='ltr'><strong>invadit</strong></span> <span class='ocrx_word' id='word_1_182' title='bbox 2080 1435 2307 1501; x_wconf 85' lang='lat' dir='ltr'><strong>Italiam,</strong></span> <span class='ocrx_word' id='word_1_183' title='bbox 2334 1436 2404 1492; x_wconf 87' lang='lat' dir='ltr'><strong>ad</strong></span> <span class='ocrx_word' id='word_1_184' title='bbox 2434 1435 2637 1494; x_wconf 88' lang='lat' dir='ltr'><strong>Urbem</strong></span> <span class='ocrx_word' id='word_1_185' title='bbox 2670 1439 2898 1507; x_wconf 88' lang='lat' dir='ltr'><strong>accedit,</strong></span> <span class='ocrx_word' id='word_1_186' title='bbox 2933 1440 3187 1498; x_wconf 86' lang='lat' dir='ltr'><strong>Senatum</strong></span> <span class='ocrx_word' id='word_1_187' title='bbox 3234 1446 3445 1501; x_wconf 81' lang='lat' dir='ltr'><strong>extinc-</strong></span> 
     </span>
    </p>
   </div>
   <div class='ocr_carea' id='block_1_29' title="bbox 1850 1528 3443 1598">
    <p class='ocr_par' dir='ltr' id='par_1_29' title="bbox 1850 1528 3443 1598">
     <span class='ocr_line' id='line_1_29' title="bbox 1850 1528 3443 1598; baseline 0.006 -13"><span class='ocrx_word' id='word_1_188' title='bbox 1850 1534 2021 1595; x_wconf 76' lang='lat' dir='ltr'><strong>turus,</strong></span> <span class='ocrx_word' id='word_1_189' title='bbox 2045 1528 2302 1598; x_wconf 85' lang='lat' dir='ltr'><strong>populum</strong></span> <span class='ocrx_word' id='word_1_190' title='bbox 2326 1530 2709 1592; x_wconf 82' lang='lat' dir='ltr'><strong>trucidaturus.</strong></span> <span class='ocrx_word' id='word_1_191' title='bbox 2735 1529 2934 1587; x_wconf 80' lang='lat' dir='ltr'><strong>Verum</strong></span> <span class='ocrx_word' id='word_1_192' title='bbox 2958 1533 3138 1589; x_wconf 87' lang='lat' dir='ltr'><strong>clausa</strong></span> <span class='ocrx_word' id='word_1_193' title='bbox 3160 1544 3214 1591; x_wconf 88' lang='lat' dir='ltr'><strong>et</strong></span> <span class='ocrx_word' id='word_1_194' title='bbox 3236 1540 3443 1594; x_wconf 88' lang='lat' dir='ltr'><strong>munita</strong></span> 
     </span>
    </p>
   </div>
   <div class='ocr_carea' id='block_1_30' title="bbox 1847 1618 3441 1700">
    <p class='ocr_par' dir='ltr' id='par_1_30' title="bbox 1847 1618 3441 1700">
     <span class='ocr_line' id='line_1_30' title="bbox 1847 1618 3441 1700; baseline 0.007 -25"><span class='ocrx_word' id='word_1_195' title='bbox 1847 1621 2026 1677; x_wconf 90' lang='lat' dir='ltr'><strong>omnia</strong></span> <span class='ocrx_word' id='word_1_196' title='bbox 2066 1618 2324 1677; x_wconf 80' lang='lat' dir='ltr'><strong>oil&#39;endit.’</strong></span> <span class='ocrx_word' id='word_1_197' title='bbox 2350 1620 2504 1676; x_wconf 86' lang='lat' dir='ltr'><strong>Nulla</strong></span> <span class='ocrx_word' id='word_1_198' title='bbox 2537 1631 2654 1676; x_wconf 90' lang='lat' dir='ltr'><strong>erat</strong></span> <span class='ocrx_word' id='word_1_199' title='bbox 2691 1635 2819 1690; x_wconf 84' lang='lat' dir='ltr'><strong>spes</strong></span> <span class='ocrx_word' id='word_1_200' title='bbox 2862 1623 3194 1696; x_wconf 89' lang='lat' dir='ltr'><strong>irrumpendi</strong></span> <span class='ocrx_word' id='word_1_201' title='bbox 3222 1646 3235 1683; x_wconf 94' lang='lat'><strong>:</strong></span> <span class='ocrx_word' id='word_1_202' title='bbox 3267 1643 3441 1700; x_wconf 91' lang='lat' dir='ltr'><strong>oppu-</strong></span> 
     </span>
    </p>
   </div>
   <div class='ocr_carea' id='block_1_31' title="bbox 1846 1712 3447 1783">
    <p class='ocr_par' dir='ltr' id='par_1_31' title="bbox 1846 1712 3447 1783">
     <span class='ocr_line' id='line_1_31' title="bbox 1846 1712 3447 1783; baseline 0.004 -12"><span class='ocrx_word' id='word_1_203' title='bbox 1846 1712 2029 1783; x_wconf 74' lang='lat' dir='ltr'><strong>gnatio</strong></span> <span class='ocrx_word' id='word_1_204' title='bbox 2051 1712 2319 1778; x_wconf 80' lang='lat' dir='ltr'><strong>difﬁcilis;</strong></span> <span class='ocrx_word' id='word_1_205' title='bbox 2341 1713 2406 1767; x_wconf 89' lang='lat' dir='ltr'><strong>ad</strong></span> <span class='ocrx_word' id='word_1_206' title='bbox 2432 1713 2935 1770; x_wconf 86' lang='lat' dir='ltr'><strong>circutnsedendum</strong></span> <span class='ocrx_word' id='word_1_207' title='bbox 2959 1718 3157 1774; x_wconf 87' lang='lat' dir='ltr'><strong>moenia</strong></span> <span class='ocrx_word' id='word_1_208' title='bbox 3179 1734 3286 1775; x_wconf 88' lang='lat' dir='ltr'><strong>non</strong></span> <span class='ocrx_word' id='word_1_209' title='bbox 3315 1722 3447 1778; x_wconf 85' lang='lat' dir='ltr'><strong>satis</strong></span> 
     </span>
    </p>
   </div>
   <div class='ocr_carea' id='block_1_32' title="bbox 158 1802 3440 1881">
    <p class='ocr_par' dir='ltr' id='par_1_32' title="bbox 158 1802 3440 1881">
     <span class='ocr_line' id='line_1_32' title="bbox 158 1802 3440 1881; baseline 0.004 -25"><span class='ocrx_word' id='word_1_210' title='bbox 158 1802 398 1857; x_wconf 86' lang='lat' dir='ltr'><strong>militibus</strong></span> <span class='ocrx_word' id='word_1_211' title='bbox 426 1803 670 1857; x_wconf 88' lang='lat' dir='ltr'><strong>inclusit.</strong></span> <span class='ocrx_word' id='word_1_212' title='bbox 698 1803 798 1872; x_wconf 90' lang='lat' dir='ltr'><strong>Qui</strong></span> <span class='ocrx_word' id='word_1_213' title='bbox 825 1819 946 1859; x_wconf 94' lang='lat' dir='ltr'><strong>cum</strong></span> <span class='ocrx_word' id='word_1_214' title='bbox 969 1804 1180 1861; x_wconf 78' lang='lat' dir='ltr'><strong>videret</strong></span> <span class='ocrx_word' id='word_1_215' title='bbox 1200 1804 1460 1874; x_wconf 83' lang='lat' dir='ltr'><strong>futurum,</strong></span> <span class='ocrx_word' id='word_1_216' title='bbox 1492 1817 1552 1861; x_wconf 90' lang='lat' dir='ltr'><strong>ut</strong></span> <span class='ocrx_word' id='word_1_217' title='bbox 1579 1807 1742 1862; x_wconf 82' lang='lat' dir='ltr'><strong>Maxi-</strong></span> <span class='ocrx_word' id='word_1_218' title='bbox 1770 1820 1817 1881; x_wconf 82' lang='grc' dir='ltr'><strong>Β</strong></span> <span class='ocrx_word' id='word_1_219' title='bbox 1845 1806 2155 1874; x_wconf 82' lang='lat' dir='ltr'><strong>copiarum,</strong></span> <span class='ocrx_word' id='word_1_220' title='bbox 2212 1805 2410 1874; x_wconf 86' lang='lat' dir='ltr'><strong>quippe</strong></span> <span class='ocrx_word' id='word_1_221' title='bbox 2455 1804 2545 1874; x_wconf 92' lang='lat' dir='ltr'><strong>qui</strong></span> <span class='ocrx_word' id='word_1_222' title='bbox 2598 1820 2870 1875; x_wconf 83' lang='lat' dir='ltr'><strong>nunquam</strong></span> <span class='ocrx_word' id='word_1_223' title='bbox 2920 1807 3130 1865; x_wconf 86' lang='lat' dir='ltr'><strong>viderat</strong></span> <span class='ocrx_word' id='word_1_224' title='bbox 3174 1810 3401 1868; x_wconf 81' lang='lat' dir='ltr'><strong>Romam</strong></span> <span class='ocrx_word' id='word_1_225' title='bbox 3423 1854 3440 1879; x_wconf 91' lang='lat'><strong>,</strong></span> 
     </span>
    </p>
   </div>
   <div class='ocr_carea' id='block_1_33' title="bbox 156 1894 3511 1975">
    <p class='ocr_par' dir='ltr' id='par_1_33' title="bbox 156 1894 3511 1975">
     <span class='ocr_line' id='line_1_33' title="bbox 156 1894 3511 1975; baseline 0.004 -28"><span class='ocrx_word' id='word_1_226' title='bbox 156 1894 319 1963; x_wconf 86' lang='lat' dir='ltr'><strong>miano</strong></span> <span class='ocrx_word' id='word_1_227' title='bbox 340 1894 668 1964; x_wconf 84' lang='lat' dir='ltr'><strong>traderetur,</strong></span> <span class='ocrx_word' id='word_1_228' title='bbox 707 1894 855 1950; x_wconf 88' lang='lat' dir='ltr'><strong>dedit</strong></span> <span class='ocrx_word' id='word_1_229' title='bbox 881 1911 1002 1952; x_wconf 88' lang='lat' dir='ltr'><strong>sese</strong></span> <span class='ocrx_word' id='word_1_230' title='bbox 1026 1896 1161 1969; x_wconf 89' lang='lat' dir='ltr'><strong>ipse,</strong></span> <span class='ocrx_word' id='word_1_231' title='bbox 1205 1907 1520 1969; x_wconf 89' lang='lat' dir='ltr'><strong>vestemque</strong></span> <span class='ocrx_word' id='word_1_232' title='bbox 1540 1912 1741 1970; x_wconf 88' lang='lat' dir='ltr'><strong>purpu-</strong></span> <span class='ocrx_word' id='word_1_233' title='bbox 1841 1897 2244 1966; x_wconf 61' lang='lat' dir='ltr'><strong>aestimaretque</strong></span> <span class='ocrx_word' id='word_1_234' title='bbox 2271 1894 2418 1951; x_wconf 88' lang='lat' dir='ltr'><strong>illam</strong></span> <span class='ocrx_word' id='word_1_235' title='bbox 2453 1909 2561 1953; x_wconf 90' lang='lat' dir='ltr'><strong>non</strong></span> <span class='ocrx_word' id='word_1_236' title='bbox 2602 1896 2775 1953; x_wconf 89' lang='lat' dir='ltr'><strong>multo</strong></span> <span class='ocrx_word' id='word_1_237' title='bbox 2812 1911 2933 1954; x_wconf 86' lang='lat' dir='ltr'><strong>esse</strong></span> <span class='ocrx_word' id='word_1_238' title='bbox 2970 1900 3251 1970; x_wconf 86' lang='lat' dir='ltr'><strong>majorem,</strong></span> <span class='ocrx_word' id='word_1_239' title='bbox 3279 1919 3441 1975; x_wconf 88' lang='lat' dir='ltr'><strong>quam</strong></span> <span class='ocrx_word' id='word_1_240' title='bbox 3470 1898 3511 1921; x_wconf 80' lang='lat'><em>’</em></span> 
     </span>
    </p>
   </div>
   <div class='ocr_carea' id='block_1_34' title="bbox 155 1984 1735 2061">
    <p class='ocr_par' dir='ltr' id='par_1_34' title="bbox 155 1984 1735 2061">
     <span class='ocr_line' id='line_1_34' title="bbox 155 1984 1735 2061; baseline 0.004 -21"><span class='ocrx_word' id='word_1_241' title='bbox 155 2000 284 2043; x_wconf 87' lang='lat' dir='ltr'><strong>ream</strong></span> <span class='ocrx_word' id='word_1_242' title='bbox 322 1984 520 2054; x_wconf 85' lang='lat' dir='ltr'><strong>eidem,</strong></span> <span class='ocrx_word' id='word_1_243' title='bbox 566 2001 598 2041; x_wconf 90' lang='lat' dir='ltr'><strong>a</strong></span> <span class='ocrx_word' id='word_1_244' title='bbox 639 2002 746 2057; x_wconf 90' lang='lat' dir='ltr'><strong>quo</strong></span> <span class='ocrx_word' id='word_1_245' title='bbox 785 1996 1090 2056; x_wconf 86' lang='lat' dir='ltr'><strong>acceperat,</strong></span> <span class='ocrx_word' id='word_1_246' title='bbox 1121 1987 1370 2044; x_wconf 89' lang='lat' dir='ltr'><strong>reddidit.</strong></span> <span class='ocrx_word' id='word_1_247' title='bbox 1414 1989 1532 2059; x_wconf 89' lang='lat' dir='ltr'><strong>Quo</strong></span> <span class='ocrx_word' id='word_1_248' title='bbox 1571 1990 1735 2061; x_wconf 81' lang='lat' dir='ltr'><strong>facto,</strong></span> 
     </span>
    </p>
   </div>
   <div class='ocr_carea' id='block_1_35' title="bbox 153 2078 1739 2150">
    <p class='ocr_par' dir='ltr' id='par_1_35' title="bbox 153 2078 1739 2150">
     <span class='ocr_line' id='line_1_35' title="bbox 153 2078 1739 2150; baseline 0.001 -13"><span class='ocrx_word' id='word_1_249' title='bbox 153 2079 272 2137; x_wconf 87' lang='lat' dir='ltr'><strong>nihil</strong></span> <span class='ocrx_word' id='word_1_250' title='bbox 299 2078 440 2135; x_wconf 89' lang='lat' dir='ltr'><strong>aliud</strong></span> <span class='ocrx_word' id='word_1_251' title='bbox 466 2080 804 2150; x_wconf 88' lang='lat' dir='ltr'><strong>impetravit,</strong></span> <span class='ocrx_word' id='word_1_252' title='bbox 832 2080 938 2136; x_wconf 86' lang='lat' dir='ltr'><strong>nisi</strong></span> <span class='ocrx_word' id='word_1_253' title='bbox 964 2080 1161 2136; x_wconf 86' lang='lat' dir='ltr'><strong>bonam</strong></span> <span class='ocrx_word' id='word_1_254' title='bbox 1194 2089 1445 2137; x_wconf 88' lang='lat' dir='ltr'><strong>mortem.</strong></span> <span class='ocrx_word' id='word_1_255' title='bbox 1470 2081 1604 2137; x_wconf 90' lang='lat' dir='ltr'><strong>Nam</strong></span> <span class='ocrx_word' id='word_1_256' title='bbox 1645 2098 1739 2138; x_wconf 89' lang='lat' dir='ltr'><strong>ve-</strong></span> 
     </span>
    </p>
   </div>
   <div class='ocr_carea' id='block_1_36' title="bbox 150 2172 1739 2251">
    <p class='ocr_par' dir='ltr' id='par_1_36' title="bbox 150 2172 1739 2251">
     <span class='ocr_line' id='line_1_36' title="bbox 150 2172 1739 2251; baseline 0.003 -24"><span class='ocrx_word' id='word_1_257' title='bbox 150 2172 226 2227; x_wconf 88' lang='lat' dir='ltr'><strong>nis</strong></span> <span class='ocrx_word' id='word_1_258' title='bbox 252 2172 362 2245; x_wconf 84' lang='lat' dir='ltr'><strong>ejus</strong></span> <span class='ocrx_word' id='word_1_259' title='bbox 388 2172 603 2241; x_wconf 91' lang='lat' dir='ltr'><strong>incisis,</strong></span> <span class='ocrx_word' id='word_1_260' title='bbox 633 2172 830 2251; x_wconf 86' lang='lat' dir='ltr'><strong>leniter</strong></span> <span class='ocrx_word' id='word_1_261' title='bbox 864 2172 1005 2229; x_wconf 88' lang='lat' dir='ltr'><strong>mori</strong></span> <span class='ocrx_word' id='word_1_262' title='bbox 1025 2180 1241 2231; x_wconf 86' lang='lat' dir='ltr'><strong>coactus</strong></span> <span class='ocrx_word' id='word_1_263' title='bbox 1267 2182 1368 2232; x_wconf 87' lang='lat' dir='ltr'><strong>est.</strong></span> <span class='ocrx_word' id='word_1_264' title='bbox 1393 2174 1477 2230; x_wconf 84' lang='lat' dir='ltr'><strong>Ab</strong></span> <span class='ocrx_word' id='word_1_265' title='bbox 1499 2173 1602 2231; x_wconf 90' lang='lat' dir='ltr'><strong>hoc</strong></span> <span class='ocrx_word' id='word_1_266' title='bbox 1627 2188 1739 2231; x_wconf 77' lang='lat' dir='ltr'><strong>cte-</strong></span> 
     </span>
    </p>
   </div>
   <div class='ocr_carea' id='block_1_37' title="bbox 150 2264 654 2338">
    <p class='ocr_par' dir='ltr' id='par_1_37' title="bbox 150 2264 654 2338">
     <span class='ocr_line' id='line_1_37' title="bbox 150 2264 654 2338; baseline -0.006 -16"><span class='ocrx_word' id='word_1_267' title='bbox 150 2264 219 2337; x_wconf 87' lang='lat' dir='ltr'><strong>pit</strong></span> <span class='ocrx_word' id='word_1_268' title='bbox 234 2279 355 2323; x_wconf 86' lang='lat' dir='ltr'><strong>suos</strong></span> <span class='ocrx_word' id='word_1_269' title='bbox 376 2265 654 2338; x_wconf 86' lang='lat' dir='ltr'><strong>persequi.</strong></span> 
     </span>
    </p>
   </div>
   <div class='ocr_carea' id='block_1_38' title="bbox 1840 1987 3434 2065">
    <p class='ocr_par' dir='ltr' id='par_1_38' title="bbox 1840 1987 3434 2065">
     <span class='ocr_line' id='line_1_38' title="bbox 1840 1987 3434 2065; baseline 0.004 -19"><span class='ocrx_word' id='word_1_270' title='bbox 1840 2004 1976 2061; x_wconf 91' lang='lat' dir='ltr'><strong>quas</strong></span> <span class='ocrx_word' id='word_1_271' title='bbox 2048 1997 2271 2045; x_wconf 79' lang='lat' dir='ltr'><strong>noverat</strong></span> <span class='ocrx_word' id='word_1_272' title='bbox 2332 1987 2599 2045; x_wconf 87' lang='lat' dir='ltr'><strong>civitates.</strong></span> <span class='ocrx_word' id='word_1_273' title='bbox 2663 1988 2814 2046; x_wconf 88' lang='lat' dir='ltr'><strong>Tunc</strong></span> <span class='ocrx_word' id='word_1_274' title='bbox 2883 1992 3127 2061; x_wconf 66' lang='lat' dir='ltr'><strong>quaedam</strong></span> <span class='ocrx_word' id='word_1_275' title='bbox 3192 1995 3434 2065; x_wconf 79' lang='lat' dir='ltr'><strong>legiones</strong></span> 
     </span>
    </p>
   </div>
   <div class='ocr_carea' id='block_1_39' title="bbox 1841 2079 3435 2159">
    <p class='ocr_par' dir='ltr' id='par_1_39' title="bbox 1841 2079 3435 2159">
     <span class='ocr_line' id='line_1_39' title="bbox 1841 2079 3435 2159; baseline 0.002 -18"><span class='ocrx_word' id='word_1_276' title='bbox 1841 2081 2172 2141; x_wconf 88' lang='lat' dir='ltr'><strong>detestantes</strong></span> <span class='ocrx_word' id='word_1_277' title='bbox 2219 2079 2427 2149; x_wconf 89' lang='lat' dir='ltr'><strong>scelus,</strong></span> <span class='ocrx_word' id='word_1_278' title='bbox 2469 2080 2615 2152; x_wconf 89' lang='lat' dir='ltr'><strong>quod</strong></span> <span class='ocrx_word' id='word_1_279' title='bbox 2654 2095 2813 2137; x_wconf 89' lang='lat' dir='ltr'><strong>socer</strong></span> <span class='ocrx_word' id='word_1_280' title='bbox 2858 2098 3119 2154; x_wconf 83' lang='lat' dir='ltr'><strong>generum</strong></span> <span class='ocrx_word' id='word_1_281' title='bbox 3157 2102 3435 2159; x_wconf 84' lang='lat' dir='ltr'><strong>oppugna-</strong></span> 
     </span>
    </p>
   </div>
   <div class='ocr_carea' id='block_1_40' title="bbox 1839 2172 3433 2244">
    <p class='ocr_par' dir='ltr' id='par_1_40' title="bbox 1839 2172 3433 2244">
     <span class='ocr_line' id='line_1_40' title="bbox 1839 2172 3433 2244; baseline 0.005 -15"><span class='ocrx_word' id='word_1_282' title='bbox 1839 2181 1944 2242; x_wconf 87' lang='lat' dir='ltr'><strong>ret,</strong></span> <span class='ocrx_word' id='word_1_283' title='bbox 1971 2172 2193 2244; x_wconf 91' lang='lat' dir='ltr'><strong>etquod</strong></span> <span class='ocrx_word' id='word_1_284' title='bbox 2222 2172 2451 2229; x_wconf 85' lang='lat' dir='ltr'><strong>Romani</strong></span> <span class='ocrx_word' id='word_1_285' title='bbox 2498 2173 2696 2229; x_wconf 85' lang='lat' dir='ltr'><strong>milites</strong></span> <span class='ocrx_word' id='word_1_286' title='bbox 2729 2174 2990 2244; x_wconf 82' lang='lat' dir='ltr'><strong>Romam,</strong></span> <span class='ocrx_word' id='word_1_287' title='bbox 3041 2179 3317 2235; x_wconf 87' lang='lat' dir='ltr'><strong>translatis</strong></span> <span class='ocrx_word' id='word_1_288' title='bbox 3359 2182 3433 2238; x_wconf 87' lang='lat' dir='ltr'><strong>si-</strong></span> 
     </span>
    </p>
   </div>
   <div class='ocr_carea' id='block_1_41' title="bbox 1837 2266 3438 2338">
    <p class='ocr_par' dir='ltr' id='par_1_41' title="bbox 1837 2266 3438 2338">
     <span class='ocr_line' id='line_1_41' title="bbox 1837 2266 3438 2338; baseline 0.004 -16"><span class='ocrx_word' id='word_1_289' title='bbox 1837 2267 1977 2336; x_wconf 73' lang='lat' dir='ltr'><strong>gnis,</strong></span> <span class='ocrx_word' id='word_1_290' title='bbox 2009 2266 2296 2338; x_wconf 89' lang='lat' dir='ltr'><strong>imperium</strong></span> <span class='ocrx_word' id='word_1_291' title='bbox 2340 2266 2700 2337; x_wconf 89' lang='lat' dir='ltr'><strong>reliquerunt.</strong></span> <span class='ocrx_word' id='word_1_292' title='bbox 2750 2267 2813 2321; x_wconf 84' lang='lat' dir='ltr'><strong>Et</strong></span> <span class='ocrx_word' id='word_1_293' title='bbox 2853 2267 2966 2337; x_wconf 89' lang='lat' dir='ltr'><strong>jam</strong></span> <span class='ocrx_word' id='word_1_294' title='bbox 3012 2270 3195 2326; x_wconf 82' lang='lat' dir='ltr'><strong>caeteri</strong></span> <span class='ocrx_word' id='word_1_295' title='bbox 3234 2272 3438 2331; x_wconf 88' lang='lat' dir='ltr'><strong>milites</strong></span> 
     </span>
    </p>
   </div>
   <div class='ocr_carea' id='block_1_42' title="bbox 1482 2379 2116 2438">
    <p class='ocr_par' dir='ltr' id='par_1_42' title="bbox 1482 2379 2116 2438">
     <span class='ocr_line' id='line_1_42' title="bbox 1482 2379 2116 2438; baseline -0.002 -2"><span class='ocrx_word' id='word_1_296' title='bbox 1482 2379 1846 2438; x_wconf 80' lang='lat' dir='ltr'><strong>VARIORUM</strong></span> <span class='ocrx_word' id='word_1_297' title='bbox 1884 2379 2116 2436; x_wconf 66' lang='lat' dir='ltr'><strong>NOTAE.</strong></span> 
     </span>
    </p>
   </div>
   <div class='ocr_carea' id='block_1_43' title="bbox 160 2471 1731 2556">
    <p class='ocr_par' dir='ltr' id='par_1_43' title="bbox 160 2471 1731 2556">
     <span class='ocr_line' id='line_1_43' title="bbox 160 2471 1731 2556; baseline 0 -27"><span class='ocrx_word' id='word_1_298' title='bbox 160 2512 167 2515; x_wconf 52' lang='grc' dir='ltr'>ν</span> <span class='ocrx_word' id='word_1_299' title='bbox 210 2471 489 2556; x_wconf 59' lang='lat' dir='ltr'><strong>Maxentius</strong></span> <span class='ocrx_word' id='word_1_300' title='bbox 543 2474 671 2555; x_wconf 69' lang='lat' dir='ltr'><strong>tanti</strong></span> <span class='ocrx_word' id='word_1_301' title='bbox 709 2471 1099 2556; x_wconf 30' lang='lat' dir='ltr'><strong>facinoristibi</strong></span> <span class='ocrx_word' id='word_1_302' title='bbox 1138 2473 1397 2556; x_wconf 70' lang='lat' dir='ltr'><strong>conscius.</strong></span> <span class='ocrx_word' id='word_1_303' title='bbox 1453 2472 1567 2529; x_wconf 83' lang='lat' dir='ltr'><strong>Hoc</strong></span> <span class='ocrx_word' id='word_1_304' title='bbox 1612 2483 1731 2539; x_wconf 88' lang='lat' dir='ltr'><strong>est,</strong></span> 
     </span>
    </p>
   </div>
   <div class='ocr_carea' id='block_1_44' title="bbox 148 2544 1734 2615">
    <p class='ocr_par' dir='ltr' id='par_1_44' title="bbox 148 2544 1734 2615">
     <span class='ocr_line' id='line_1_44' title="bbox 148 2544 1734 2615; baseline -0.004 -10"><span class='ocrx_word' id='word_1_305' title='bbox 148 2555 354 2615; x_wconf 51' lang='lat' dir='ltr'><strong>Sumpta;</strong></span> <span class='ocrx_word' id='word_1_306' title='bbox 372 2546 492 2600; x_wconf 87' lang='lat' dir='ltr'><strong>sine</strong></span> <span class='ocrx_word' id='word_1_307' title='bbox 517 2544 752 2603; x_wconf 87' lang='lat' dir='ltr'><strong>senioris</strong></span> <span class='ocrx_word' id='word_1_308' title='bbox 775 2544 1000 2615; x_wconf 74' lang='lat' dir='ltr'><strong>Augusti</strong></span> <span class='ocrx_word' id='word_1_309' title='bbox 1023 2544 1253 2601; x_wconf 91' lang='lat' dir='ltr'><strong>consilio</strong></span> <span class='ocrx_word' id='word_1_310' title='bbox 1269 2559 1549 2615; x_wconf 65' lang='lat' dir='ltr'><strong>purpurae,</strong></span> <span class='ocrx_word' id='word_1_311' title='bbox 1575 2560 1734 2601; x_wconf 86' lang='lat' dir='ltr'><strong>usur-</strong></span> 
     </span>
    </p>
   </div>
   <div class='ocr_carea' id='block_1_45' title="bbox 148 2613 1734 2687">
    <p class='ocr_par' dir='ltr' id='par_1_45' title="bbox 148 2613 1734 2687">
     <span class='ocr_line' id='line_1_45' title="bbox 148 2613 1734 2687; baseline 0.001 -18"><span class='ocrx_word' id='word_1_312' title='bbox 148 2613 344 2687; x_wconf 79' lang='lat' dir='ltr'><strong>patique</strong></span> <span class='ocrx_word' id='word_1_313' title='bbox 373 2616 542 2687; x_wconf 88' lang='lat' dir='ltr'><strong>simul</strong></span> <span class='ocrx_word' id='word_1_314' title='bbox 580 2615 746 2670; x_wconf 71' lang='lat' dir='ltr'><strong>Italia:</strong></span> <span class='ocrx_word' id='word_1_315' title='bbox 777 2614 1015 2687; x_wconf 81' lang='lat' dir='ltr'><strong>Imperii,</strong></span> <span class='ocrx_word' id='word_1_316' title='bbox 1063 2616 1205 2687; x_wconf 92' lang='lat' dir='ltr'><strong>quod</strong></span> <span class='ocrx_word' id='word_1_317' title='bbox 1253 2613 1500 2671; x_wconf 87' lang='lat' dir='ltr'><strong>Galerius</strong></span> <span class='ocrx_word' id='word_1_318' title='bbox 1527 2615 1734 2672; x_wconf 86' lang='lat' dir='ltr'><strong>Severo</strong></span> 
     </span>
    </p>
   </div>
   <div class='ocr_carea' id='block_1_46' title="bbox 147 2685 1156 2742">
    <p class='ocr_par' dir='ltr' id='par_1_46' title="bbox 147 2685 1156 2742">
     <span class='ocr_line' id='line_1_46' title="bbox 147 2685 1156 2742; baseline 0 -1"><span class='ocrx_word' id='word_1_319' title='bbox 147 2685 254 2741; x_wconf 85' lang='lat' dir='ltr'><strong>cum</strong></span> <span class='ocrx_word' id='word_1_320' title='bbox 279 2685 575 2742; x_wconf 84' lang='lat' dir='ltr'><strong>Occidente</strong></span> <span class='ocrx_word' id='word_1_321' title='bbox 606 2685 868 2741; x_wconf 73' lang='lat' dir='ltr'><strong>cesserat.</strong></span> <span class='ocrx_word' id='word_1_322' title='bbox 897 2685 1156 2742; x_wconf 65' lang='lat' dir='ltr'><strong>Bassum.</strong></span> 
     </span>
    </p>
   </div>
   <div class='ocr_carea' id='block_1_47' title="bbox 170 2755 1736 2883">
    <p class='ocr_par' dir='ltr' id='par_1_47' title="bbox 170 2755 1736 2883">
     <span class='ocr_line' id='line_1_47' title="bbox 170 2755 1736 2883; baseline 0.001 -70"><span class='ocrx_word' id='word_1_323' title='bbox 170 2828 179 2839; x_wconf 41' lang='lat'><strong>.</strong></span> <span class='ocrx_word' id='word_1_324' title='bbox 211 2757 581 2883; x_wconf 55' lang='lat' dir='ltr'><strong>Matrimianus.</strong></span> <span class='ocrx_word' id='word_1_325' title='bbox 613 2756 826 2814; x_wconf 89' lang='lat' dir='ltr'><strong>Scilicet</strong></span> <span class='ocrx_word' id='word_1_326' title='bbox 852 2758 1120 2826; x_wconf 86' lang='lat' dir='ltr'><strong>Galerius,</strong></span> <span class='ocrx_word' id='word_1_327' title='bbox 1146 2759 1301 2829; x_wconf 85' lang='lat' dir='ltr'><strong>cujus</strong></span> <span class='ocrx_word' id='word_1_328' title='bbox 1328 2755 1490 2812; x_wconf 76' lang='lat' dir='ltr'><strong>tiliam</strong></span> <span class='ocrx_word' id='word_1_329' title='bbox 1515 2756 1736 2814; x_wconf 80' lang='lat' dir='ltr'><strong>Maxen-</strong></span> 
     </span>
     <span class='ocr_line' id='line_1_48' title="bbox 170 2838 502 2883; baseline 0 -1"><span class='ocrx_word' id='word_1_330' title='bbox 170 2844 239 2883; x_wconf 86' lang='lat' dir='ltr'><strong>ius</strong></span> <span class='ocrx_word' id='word_1_331' title='bbox 295 2838 502 2883; x_wconf 87' lang='lat' dir='ltr'><strong>uxerat.</strong></span> 
     </span>
    </p>
   </div>
   <div class='ocr_carea' id='block_1_48' title="bbox 147 2836 502 2884">
    <p class='ocr_par' dir='ltr' id='par_1_48' title="bbox 147 2836 502 2884">
     <span class='ocr_line' id='line_1_49' title="bbox 147 2836 502 2884; baseline -0.006 0"><span class='ocrx_word' id='word_1_332' title='bbox 147 2836 239 2884; x_wconf 86' lang='lat' dir='ltr'><strong>tius</strong></span> <span class='ocrx_word' id='word_1_333' title='bbox 258 2836 502 2884; x_wconf 87' lang='lat' dir='ltr'><strong>duxerat.</strong></span> 
     </span>
    </p>
   </div>
   <div class='ocr_carea' id='block_1_49' title="bbox 210 2898 1732 2970">
    <p class='ocr_par' dir='ltr' id='par_1_49' title="bbox 210 2898 1732 2970">
     <span class='ocr_line' id='line_1_50' title="bbox 210 2898 1732 2970; baseline 0.002 -16"><span class='ocrx_word' id='word_1_334' title='bbox 210 2899 465 2966; x_wconf 68' lang='lat' dir='ltr'><strong>Qumrebat</strong></span> <span class='ocrx_word' id='word_1_335' title='bbox 511 2909 786 2969; x_wconf 81' lang='lat' dir='ltr'><strong>quatenus.</strong></span> <span class='ocrx_word' id='word_1_336' title='bbox 870 2898 1133 2967; x_wconf 81' lang='lat' dir='ltr'><strong>Quatenus</strong></span> <span class='ocrx_word' id='word_1_337' title='bbox 1180 2910 1264 2959; x_wconf 67' lang='grc' dir='ltr'><strong>εει</strong></span> <span class='ocrx_word' id='word_1_338' title='bbox 1309 2914 1406 2967; x_wconf 88' lang='lat' dir='ltr'><strong>pro</strong></span> <span class='ocrx_word' id='word_1_339' title='bbox 1445 2900 1732 2970; x_wconf 82' lang='lat' dir='ltr'><strong>quomodo.</strong></span> 
     </span>
    </p>
   </div>
   <div class='ocr_carea' id='block_1_50' title="bbox 147 2968 1730 3042">
    <p class='ocr_par' dir='ltr' id='par_1_50' title="bbox 147 2968 1730 3042">
     <span class='ocr_line' id='line_1_51' title="bbox 147 2968 1730 3042; baseline 0.001 -19"><span class='ocrx_word' id='word_1_340' title='bbox 147 2968 432 3025; x_wconf 80' lang='lat' dir='ltr'><strong>Lactantius</strong></span> <span class='ocrx_word' id='word_1_341' title='bbox 465 2968 647 3025; x_wconf 84' lang='lat' dir='ltr'><strong>Divin.</strong></span> <span class='ocrx_word' id='word_1_342' title='bbox 687 2971 920 3025; x_wconf 80' lang='lat' dir='ltr'><strong>lnstitut.</strong></span> <span class='ocrx_word' id='word_1_343' title='bbox 950 2972 1043 3028; x_wconf 88' lang='lat' dir='ltr'><strong>lib.</strong></span> <span class='ocrx_word' id='word_1_344' title='bbox 1079 2989 1093 3027; x_wconf 83' lang='grc' dir='ltr'><strong><em>ι</em></strong></span> <span class='ocrx_word' id='word_1_345' title='bbox 1124 2987 1243 3042; x_wconf 91' lang='lat' dir='ltr'><strong>cap.</strong></span> <span class='ocrx_word' id='word_1_346' title='bbox 1288 2972 1353 3029; x_wconf 71' lang='grc'><strong>21</strong></span> <span class='ocrx_word' id='word_1_347' title='bbox 1386 2989 1399 3027; x_wconf 90' lang='lat'><strong>:</strong></span> <span class='ocrx_word' id='word_1_348' title='bbox 1431 2968 1596 3026; x_wconf 79' lang='lat' dir='ltr'><strong>Isidis</strong></span> <span class='ocrx_word' id='word_1_349' title='bbox 1621 2971 1730 3026; x_wconf 69' lang='grc' dir='ltr'><strong>ΑΞ-</strong></span> 
     </span>
    </p>
   </div>
   <div class='ocr_carea' id='block_1_51' title="bbox 1835 2472 3442 2542">
    <p class='ocr_par' dir='ltr' id='par_1_51' title="bbox 1835 2472 3442 2542">
     <span class='ocr_line' id='line_1_52' title="bbox 1835 2472 3442 2542; baseline 0.007 -14"><span class='ocrx_word' id='word_1_350' title='bbox 1835 2472 1933 2528; x_wconf 88' lang='lat' dir='ltr'><strong>lib.</strong></span> <span class='ocrx_word' id='word_1_351' title='bbox 1967 2488 2041 2529; x_wconf 86' lang='lat' dir='ltr'><strong>vn</strong></span> <span class='ocrx_word' id='word_1_352' title='bbox 2094 2473 2216 2529; x_wconf 85' lang='lat' dir='ltr'><strong>Div.</strong></span> <span class='ocrx_word' id='word_1_353' title='bbox 2249 2472 2480 2530; x_wconf 91' lang='lat' dir='ltr'><strong>lnstitut.</strong></span> <span class='ocrx_word' id='word_1_354' title='bbox 2519 2489 2639 2539; x_wconf 81' lang='lat' dir='ltr'><strong>cap.</strong></span> <span class='ocrx_word' id='word_1_355' title='bbox 2673 2476 2741 2531; x_wconf 82' lang='grc'>17</span> <span class='ocrx_word' id='word_1_356' title='bbox 2772 2492 2785 2529; x_wconf 90' lang='lat'><strong>:</strong></span> <span class='ocrx_word' id='word_1_357' title='bbox 2812 2475 3188 2536; x_wconf 74' lang='lat' dir='ltr'><strong>luvuuunos</strong></span> <span class='ocrx_word' id='word_1_358' title='bbox 3216 2495 3340 2542; x_wconf 70' lang='lat' dir='ltr'><strong>uta:</strong></span> <span class='ocrx_word' id='word_1_359' title='bbox 3388 2493 3442 2539; x_wconf 91' lang='lat' dir='ltr'><strong>et</strong></span> 
     </span>
    </p>
   </div>
   <div class='ocr_carea' id='block_1_52' title="bbox 1836 2544 3386 2619">
    <p class='ocr_par' dir='ltr' id='par_1_52' title="bbox 1836 2544 3386 2619">
     <span class='ocr_line' id='line_1_53' title="bbox 1836 2544 3386 2619; baseline 0.006 -19"><span class='ocrx_word' id='word_1_360' title='bbox 1836 2544 2029 2619; x_wconf 80' lang='lat' dir='ltr'><strong>eodem</strong></span> <span class='ocrx_word' id='word_1_361' title='bbox 2057 2545 2152 2616; x_wconf 75' lang='lat' dir='ltr'><strong>lib.</strong></span> <span class='ocrx_word' id='word_1_362' title='bbox 2185 2561 2280 2619; x_wconf 75' lang='lat' dir='ltr'><strong>vii,</strong></span> <span class='ocrx_word' id='word_1_363' title='bbox 2314 2560 2435 2619; x_wconf 87' lang='lat' dir='ltr'><strong>cap.</strong></span> <span class='ocrx_word' id='word_1_364' title='bbox 2469 2548 2495 2601; x_wconf 76' lang='grc'><strong>1</strong></span> <span class='ocrx_word' id='word_1_365' title='bbox 2530 2561 2555 2619; x_wconf 57' lang='grc' dir='ltr'><strong>ί</strong></span> <span class='ocrx_word' id='word_1_366' title='bbox 2574 2545 3111 2619; x_wconf 21' lang='grc' dir='ltr'><strong>Ιηηψκλτιμᾳηιονε</strong></span> <span class='ocrx_word' id='word_1_367' title='bbox 3134 2554 3386 2619; x_wconf 74' lang='lat' dir='ltr'><strong>potentiae.</strong></span> 
     </span>
    </p>
   </div>
   <div class='ocr_carea' id='block_1_53' title="bbox 1910 2615 3437 2685">
    <p class='ocr_par' dir='ltr' id='par_1_53' title="bbox 1910 2615 3437 2685">
     <span class='ocr_line' id='line_1_54' title="bbox 1910 2615 3437 2685; baseline 0.009 -18"><span class='ocrx_word' id='word_1_368' title='bbox 1910 2615 2170 2685; x_wconf 86' lang='lat' dir='ltr'><strong>Adjuncto</strong></span> <span class='ocrx_word' id='word_1_369' title='bbox 2193 2615 2500 2670; x_wconf 76' lang='lat' dir='ltr'><strong>Maximino.</strong></span> <span class='ocrx_word' id='word_1_370' title='bbox 2528 2616 2688 2681; x_wconf 82' lang='lat' dir='ltr'><strong>Daza,</strong></span> <span class='ocrx_word' id='word_1_371' title='bbox 2714 2618 2878 2679; x_wconf 84' lang='lat' dir='ltr'><strong>Editi,</strong></span> <span class='ocrx_word' id='word_1_372' title='bbox 2906 2615 3211 2675; x_wconf 66' lang='lat' dir='ltr'><strong>Maximino.</strong></span> <span class='ocrx_word' id='word_1_373' title='bbox 3236 2621 3285 2677; x_wconf 84' lang='lat' dir='ltr'><strong>A</strong></span> <span class='ocrx_word' id='word_1_374' title='bbox 3305 2624 3437 2681; x_wconf 90' lang='lat' dir='ltr'><strong>Lac-</strong></span> 
     </span>
    </p>
   </div>
   <div class='ocr_carea' id='block_1_54' title="bbox 1834 2686 3438 2750">
    <p class='ocr_par' dir='ltr' id='par_1_54' title="bbox 1834 2686 3438 2750">
     <span class='ocr_line' id='line_1_55' title="bbox 1834 2686 3438 2750; baseline 0.006 -10"><span class='ocrx_word' id='word_1_375' title='bbox 1834 2686 2009 2740; x_wconf 87' lang='lat' dir='ltr'><strong>tantio</strong></span> <span class='ocrx_word' id='word_1_376' title='bbox 2057 2687 2200 2742; x_wconf 89' lang='lat' dir='ltr'><strong>enim</strong></span> <span class='ocrx_word' id='word_1_377' title='bbox 2258 2688 2394 2740; x_wconf 88' lang='lat' dir='ltr'><strong>Daza</strong></span> <span class='ocrx_word' id='word_1_378' title='bbox 2449 2686 2921 2743; x_wconf 89' lang='lat' dir='ltr'><strong>indiscriminatim</strong></span> <span class='ocrx_word' id='word_1_379' title='bbox 2984 2688 3335 2747; x_wconf 78' lang='lat' dir='ltr'><strong>Maximianus</strong></span> <span class='ocrx_word' id='word_1_380' title='bbox 3382 2705 3438 2750; x_wconf 85' lang='lat' dir='ltr'><strong>et</strong></span> 
     </span>
    </p>
   </div>
   <div class='ocr_carea' id='block_1_55' title="bbox 1838 2756 3432 2885">
    <p class='ocr_par' dir='ltr' id='par_1_55' title="bbox 1838 2756 3432 2885">
     <span class='ocr_line' id='line_1_56' title="bbox 1838 2756 3432 2885; baseline 0.004 -72"><span class='ocrx_word' id='word_1_381' title='bbox 1838 2756 2159 2817; x_wconf 65' lang='lat' dir='ltr'><strong>Maximinus</strong></span> <span class='ocrx_word' id='word_1_382' title='bbox 2206 2758 2303 2813; x_wconf 81' lang='lat' dir='ltr'><strong>fuit</strong></span> <span class='ocrx_word' id='word_1_383' title='bbox 2349 2759 2674 2829; x_wconf 87' lang='lat' dir='ltr'><strong>appellatus.</strong></span> <span class='ocrx_word' id='word_1_384' title='bbox 2724 2758 2859 2815; x_wconf 81' lang='lat' dir='ltr'><strong>Vide</strong></span> <span class='ocrx_word' id='word_1_385' title='bbox 2904 2759 3027 2885; x_wconf 63' lang='grc' dir='ltr'><strong>Νοᾷ</strong></span> <span class='ocrx_word' id='word_1_386' title='bbox 3057 2763 3123 2816; x_wconf 90' lang='lat' dir='ltr'><strong>ad</strong></span> <span class='ocrx_word' id='word_1_387' title='bbox 3152 2767 3432 2835; x_wconf 72' lang='lat' dir='ltr'><strong>caput18.</strong></span> 
     </span>
     <span class='ocr_line' id='line_1_57' title="bbox 3020 2847 3233 2885; baseline 0 0"><span class='ocrx_word' id='word_1_388' title='bbox 3020 2847 3233 2885; x_wconf 73' lang='grc' dir='ltr'><strong>οιΝΑιιυ.</strong></span> 
     </span>
    </p>
   </div>
   <div class='ocr_carea' id='block_1_56' title="bbox 3020 2847 3233 2889">
    <p class='ocr_par' dir='ltr' id='par_1_56' title="bbox 3020 2847 3233 2889">
     <span class='ocr_line' id='line_1_58' title="bbox 3020 2847 3233 2889; baseline -0.009 -1"><span class='ocrx_word' id='word_1_389' title='bbox 3020 2847 3233 2889; x_wconf 73' lang='grc' dir='ltr'><strong>οιΝΑιιυ.</strong></span> 
     </span>
    </p>
   </div>
   <div class='ocr_carea' id='block_1_57' title="bbox 1915 2899 3431 2971">
    <p class='ocr_par' dir='ltr' id='par_1_57' title="bbox 1915 2899 3431 2971">
     <span class='ocr_line' id='line_1_59' title="bbox 1915 2899 3431 2971; baseline 0.007 -17"><span class='ocrx_word' id='word_1_390' title='bbox 1915 2899 1979 2959; x_wconf 82' lang='lat' dir='ltr'><strong>Et</strong></span> <span class='ocrx_word' id='word_1_391' title='bbox 2002 2902 2153 2959; x_wconf 78' lang='lat' dir='ltr'><strong>rebus</strong></span> <span class='ocrx_word' id='word_1_392' title='bbox 2180 2901 2357 2969; x_wconf 73' lang='lat' dir='ltr'><strong>coeptis</strong></span> <span class='ocrx_word' id='word_1_393' title='bbox 2380 2900 2601 2956; x_wconf 85' lang='lat' dir='ltr'><strong>inimicis</strong></span> <span class='ocrx_word' id='word_1_394' title='bbox 2624 2901 2893 2971; x_wconf 80' lang='lat' dir='ltr'><strong>diligenter</strong></span> <span class='ocrx_word' id='word_1_395' title='bbox 2918 2902 3201 2959; x_wconf 78' lang='lat' dir='ltr'><strong>instructis.</strong></span> <span class='ocrx_word' id='word_1_396' title='bbox 3225 2906 3302 2962; x_wconf 86' lang='lat' dir='ltr'><strong>Ita</strong></span> <span class='ocrx_word' id='word_1_397' title='bbox 3327 2923 3431 2964; x_wconf 87' lang='lat' dir='ltr'><strong>ms.</strong></span> 
     </span>
    </p>
   </div>
   <div class='ocr_carea' id='block_1_58' title="bbox 1836 2970 3435 3037">
    <p class='ocr_par' dir='ltr' id='par_1_58' title="bbox 1836 2970 3435 3037">
     <span class='ocr_line' id='line_1_60' title="bbox 1836 2970 3435 3037; baseline 0.006 -9"><span class='ocrx_word' id='word_1_398' title='bbox 1836 2970 2014 3027; x_wconf 89' lang='lat' dir='ltr'><strong>Locus</strong></span> <span class='ocrx_word' id='word_1_399' title='bbox 2041 2972 2408 3026; x_wconf 85' lang='lat' dir='ltr'><strong>subobscurus</strong></span> <span class='ocrx_word' id='word_1_400' title='bbox 2436 2989 2449 3025; x_wconf 94' lang='lat'>:</span> <span class='ocrx_word' id='word_1_401' title='bbox 2472 2980 2706 3026; x_wconf 84' lang='lat' dir='ltr'><strong>attamen</strong></span> <span class='ocrx_word' id='word_1_402' title='bbox 2724 2970 2868 3026; x_wconf 80' lang='lat' dir='ltr'><strong>nihil</strong></span> <span class='ocrx_word' id='word_1_403' title='bbox 2892 2973 3281 3033; x_wconf 88' lang='lat' dir='ltr'><strong>immutandum</strong></span> <span class='ocrx_word' id='word_1_404' title='bbox 3311 2994 3435 3037; x_wconf 85' lang='lat' dir='ltr'><strong>esse</strong></span> 
     </span>
    </p>
   </div>
   <div class='ocr_carea' id='block_1_59' title="bbox 147 3020 3433 3118">
    <p class='ocr_par' dir='ltr' id='par_1_59' title="bbox 147 3020 3433 3118">
     <span class='ocr_line' id='line_1_61' title="bbox 147 3020 3433 3118; baseline -0.001 -22"><span class='ocrx_word' id='word_1_405' title='bbox 147 3020 497 3118; x_wconf 47' lang='lat' dir='ltr'><strong>suam;</strong></span> <span class='ocrx_word' id='word_1_406' title='bbox 516 3020 1735 3118; x_wconf 46' lang='lat' dir='ltr'><strong>sua,sinentstagnanti;in“is-</strong></span> <span class='ocrx_word' id='word_1_407' title='bbox 1759 3020 1804 3083; x_wconf 87' lang='lat' dir='ltr'>C</span> <span class='ocrx_word' id='word_1_408' title='bbox 1838 3020 2725 3118; x_wconf 18' lang='lat' dir='ltr'><strong>sunt&quot;,iisiiss};&quot;cantasse</strong></span> <span class='ocrx_word' id='word_1_409' title='bbox 2738 3020 3296 3118; x_wconf 56' lang='grc' dir='ltr'><strong>’ὰῖἔὲέιὶὲὲᾗιῑὲἓὲῖἱίιῖε</strong></span> <span class='ocrx_word' id='word_1_410' title='bbox 3312 3020 3433 3104; x_wconf 57' lang='grc' dir='ltr'><strong>νᾶῗιῖ</strong></span> 
     </span>
    </p>
   </div>
   <div class='ocr_carea' id='block_1_60' title="bbox 147 3113 1730 3184">
    <p class='ocr_par' dir='ltr' id='par_1_60' title="bbox 147 3113 1730 3184">
     <span class='ocr_line' id='line_1_62' title="bbox 147 3113 1730 3184; baseline 0.003 -21"><span class='ocrx_word' id='word_1_411' title='bbox 147 3113 331 3178; x_wconf 77' lang='lat' dir='ltr'><strong>didsrit,</strong></span> <span class='ocrx_word' id='word_1_412' title='bbox 352 3115 427 3168; x_wconf 76' lang='lat' dir='ltr'><strong>uel</strong></span> <span class='ocrx_word' id='word_1_413' title='bbox 447 3114 732 3183; x_wconf 77' lang='lat' dir='ltr'><strong>invenerit;</strong></span> <span class='ocrx_word' id='word_1_414' title='bbox 756 3114 941 3184; x_wconf 51' lang='grc' dir='ltr'><strong>ιίὺειν,</strong></span> <span class='ocrx_word' id='word_1_415' title='bbox 973 3129 1091 3182; x_wconf 87' lang='lat' dir='ltr'><strong>cap.</strong></span> <span class='ocrx_word' id='word_1_416' title='bbox 1118 3113 1231 3171; x_wconf 33' lang='lat'><strong>27&#39;:</strong></span> <span class='ocrx_word' id='word_1_417' title='bbox 1263 3114 1402 3169; x_wconf 84' lang='lat' dir='ltr'><strong>Sciet</strong></span> <span class='ocrx_word' id='word_1_418' title='bbox 1423 3114 1510 3184; x_wconf 85' lang='lat' dir='ltr'><strong>qui</strong></span> <span class='ocrx_word' id='word_1_419' title='bbox 1530 3113 1730 3178; x_wconf 82' lang='lat' dir='ltr'><strong>viderit,</strong></span> 
     </span>
    </p>
   </div>
   <div class='ocr_carea' id='block_1_61' title="bbox 146 3181 1733 3255">
    <p class='ocr_par' dir='ltr' id='par_1_61' title="bbox 146 3181 1733 3255">
     <span class='ocr_line' id='line_1_63' title="bbox 146 3181 1733 3255; baseline 0.001 -18"><span class='ocrx_word' id='word_1_420' title='bbox 146 3197 398 3255; x_wconf 68' lang='lat' dir='ltr'><strong>nonanus</strong></span> <span class='ocrx_word' id='word_1_421' title='bbox 422 3181 663 3254; x_wconf 72' lang='lat' dir='ltr'><strong>adiurati</strong></span> <span class='ocrx_word' id='word_1_422' title='bbox 703 3201 791 3254; x_wconf 83' lang='lat' dir='ltr'><strong>per</strong></span> <span class='ocrx_word' id='word_1_423' title='bbox 815 3181 1073 3239; x_wconf 79' lang='lat' dir='ltr'><strong>Clu-istum</strong></span> <span class='ocrx_word' id='word_1_424' title='bbox 1097 3185 1158 3239; x_wconf 85' lang='lat' dir='ltr'><strong>de</strong></span> <span class='ocrx_word' id='word_1_425' title='bbox 1178 3181 1476 3253; x_wconf 84' lang='lat' dir='ltr'><strong>corporibus</strong></span> <span class='ocrx_word' id='word_1_426' title='bbox 1499 3185 1733 3255; x_wconf 77' lang='lat' dir='ltr'><strong>fugiant;</strong></span> 
     </span>
    </p>
   </div>
   <div class='ocr_carea' id='block_1_62' title="bbox 147 3254 1730 3325">
    <p class='ocr_par' dir='ltr' id='par_1_62' title="bbox 147 3254 1730 3325">
     <span class='ocr_line' id='line_1_64' title="bbox 147 3254 1730 3325; baseline 0 -17"><span class='ocrx_word' id='word_1_427' title='bbox 147 3254 181 3308; x_wconf 93' lang='lat' dir='ltr'><strong>l.</strong></span> <span class='ocrx_word' id='word_1_428' title='bbox 201 3270 347 3321; x_wconf 62' lang='lat' dir='ltr'><strong>tunc.</strong></span> <span class='ocrx_word' id='word_1_429' title='bbox 371 3256 404 3311; x_wconf 81' lang='grc'><strong>6</strong></span> <span class='ocrx_word' id='word_1_430' title='bbox 422 3273 436 3313; x_wconf 88' lang='lat'><strong>:</strong></span> <span class='ocrx_word' id='word_1_431' title='bbox 456 3272 744 3322; x_wconf 63' lang='lat' dir='ltr'><strong>queremus</strong></span> <span class='ocrx_word' id='word_1_432' title='bbox 763 3264 853 3309; x_wconf 87' lang='lat' dir='ltr'><strong>aut</strong></span> <span class='ocrx_word' id='word_1_433' title='bbox 873 3256 1199 3324; x_wconf 90' lang='lat' dir='ltr'><strong>quamobrem</strong></span> <span class='ocrx_word' id='word_1_434' title='bbox 1211 3257 1438 3312; x_wconf 86' lang='lat' dir='ltr'><strong>homines</strong></span> <span class='ocrx_word' id='word_1_435' title='bbox 1458 3254 1730 3325; x_wconf 81' lang='lat' dir='ltr'><strong>procreati.</strong></span> 
     </span>
    </p>
   </div>
   <div class='ocr_carea' id='block_1_63' title="bbox 207 3325 1520 3396">
    <p class='ocr_par' dir='ltr' id='par_1_63' title="bbox 207 3325 1520 3396">
     <span class='ocr_line' id='line_1_65' title="bbox 207 3325 1520 3396; baseline 0.001 -15"><span class='ocrx_word' id='word_1_436' title='bbox 207 3325 510 3387; x_wconf 85' lang='lat' dir='ltr'><strong>Columbus.</strong></span> <span class='ocrx_word' id='word_1_437' title='bbox 549 3328 668 3383; x_wconf 89' lang='lat' dir='ltr'><strong>Lib.</strong></span> <span class='ocrx_word' id='word_1_438' title='bbox 698 3327 767 3382; x_wconf 85' lang='lat' dir='ltr'><strong>de</strong></span> <span class='ocrx_word' id='word_1_439' title='bbox 791 3325 1019 3395; x_wconf 83' lang='lat' dir='ltr'><strong>Opilicio</strong></span> <span class='ocrx_word' id='word_1_440' title='bbox 1051 3327 1144 3382; x_wconf 88' lang='lat' dir='ltr'><strong>Dei</strong></span> <span class='ocrx_word' id='word_1_441' title='bbox 1178 3328 1281 3393; x_wconf 85' lang='lat' dir='ltr'><strong>his,</strong></span> <span class='ocrx_word' id='word_1_442' title='bbox 1314 3342 1434 3396; x_wconf 87' lang='lat' dir='ltr'><strong>cap.</strong></span> <span class='ocrx_word' id='word_1_443' title='bbox 1468 3329 1520 3382; x_wconf 87' lang='lat'><strong>6.</strong></span> 
     </span>
    </p>
   </div>
   <div class='ocr_carea' id='block_1_64' title="bbox 208 3396 1727 3469">
    <p class='ocr_par' dir='ltr' id='par_1_64' title="bbox 208 3396 1727 3469">
     <span class='ocr_line' id='line_1_66' title="bbox 208 3396 1727 3469; baseline -0.001 -15"><span class='ocrx_word' id='word_1_444' title='bbox 208 3397 273 3454; x_wconf 82' lang='lat' dir='ltr'><strong>Se</strong></span> <span class='ocrx_word' id='word_1_445' title='bbox 290 3416 319 3451; x_wconf 88' lang='lat' dir='ltr'><strong>a</strong></span> <span class='ocrx_word' id='word_1_446' title='bbox 345 3399 585 3469; x_wconf 79' lang='lat' dir='ltr'><strong>periculo</strong></span> <span class='ocrx_word' id='word_1_447' title='bbox 610 3399 929 3469; x_wconf 82' lang='lat' dir='ltr'><strong>impendente</strong></span> <span class='ocrx_word' id='word_1_448' title='bbox 952 3399 1189 3453; x_wconf 86' lang='lat' dir='ltr'><strong>muniret.</strong></span> <span class='ocrx_word' id='word_1_449' title='bbox 1230 3396 1540 3453; x_wconf 86' lang='lat' dir='ltr'><strong>Lactantius</strong></span> <span class='ocrx_word' id='word_1_450' title='bbox 1581 3396 1727 3469; x_wconf 78' lang='lat' dir='ltr'><strong>Epit.</strong></span> 
     </span>
    </p>
   </div>
   <div class='ocr_carea' id='block_1_65' title="bbox 147 3467 1731 3538">
    <p class='ocr_par' dir='ltr' id='par_1_65' title="bbox 147 3467 1731 3538">
     <span class='ocr_line' id='line_1_67' title="bbox 147 3467 1731 3538; baseline 0.001 -17"><span class='ocrx_word' id='word_1_451' title='bbox 147 3483 252 3538; x_wconf 85' lang='lat' dir='ltr'><strong>cap.</strong></span> <span class='ocrx_word' id='word_1_452' title='bbox 281 3470 313 3523; x_wconf 90' lang='lat'><strong>6</strong></span> <span class='ocrx_word' id='word_1_453' title='bbox 340 3467 353 3523; x_wconf 70' lang='grc' dir='ltr'><strong><em>ἑ</em></strong></span> <span class='ocrx_word' id='word_1_454' title='bbox 383 3467 741 3527; x_wconf 77' lang='lat' dir='ltr'><strong>Severissiniis</strong></span> <span class='ocrx_word' id='word_1_455' title='bbox 780 3468 974 3537; x_wconf 80' lang='lat' dir='ltr'><strong>legibus</strong></span> <span class='ocrx_word' id='word_1_456' title='bbox 1013 3470 1115 3527; x_wconf 79' lang='lat' dir='ltr'><strong>vita</strong></span> <span class='ocrx_word' id='word_1_457' title='bbox 1148 3479 1320 3523; x_wconf 85' lang='lat' dir='ltr'><strong>nostra</strong></span> <span class='ocrx_word' id='word_1_458' title='bbox 1350 3484 1617 3534; x_wconf 73' lang='lat' dir='ltr'><strong>nonnon;</strong></span> <span class='ocrx_word' id='word_1_459' title='bbox 1660 3467 1731 3526; x_wconf 86' lang='lat' dir='ltr'><strong>de</strong></span> 
     </span>
    </p>
   </div>
   <div class='ocr_carea' id='block_1_66' title="bbox 148 3538 1733 3610">
    <p class='ocr_par' dir='ltr' id='par_1_66' title="bbox 148 3538 1733 3610">
     <span class='ocr_line' id='line_1_68' title="bbox 148 3538 1733 3610; baseline 0 -18"><span class='ocrx_word' id='word_1_460' title='bbox 148 3538 314 3608; x_wconf 81' lang='lat' dir='ltr'><strong>Opiﬁc.</strong></span> <span class='ocrx_word' id='word_1_461' title='bbox 358 3541 475 3605; x_wconf 88' lang='lat' dir='ltr'><strong>Dei,</strong></span> <span class='ocrx_word' id='word_1_462' title='bbox 509 3556 632 3610; x_wconf 91' lang='lat' dir='ltr'><strong>cap.</strong></span> <span class='ocrx_word' id='word_1_463' title='bbox 674 3545 745 3596; x_wconf 68' lang='grc' dir='ltr'><strong>ις</strong></span> <span class='ocrx_word' id='word_1_464' title='bbox 776 3539 843 3594; x_wconf 90' lang='lat' dir='ltr'><strong>Ut</strong></span> <span class='ocrx_word' id='word_1_465' title='bbox 867 3540 1108 3610; x_wconf 75' lang='lat' dir='ltr'><strong>aduersus</strong></span> <span class='ocrx_word' id='word_1_466' title='bbox 1152 3539 1383 3597; x_wconf 76' lang='lat' dir='ltr'><strong>norentia</strong></span> <span class='ocrx_word' id='word_1_467' title='bbox 1406 3539 1733 3607; x_wconf 81' lang='lat' dir='ltr'><strong>fragilitatem</strong></span> 
     </span>
    </p>
   </div>
   <div class='ocr_carea' id='block_1_67' title="bbox 145 3609 1730 3734">
    <p class='ocr_par' dir='ltr' id='par_1_67' title="bbox 145 3609 1730 3734">
     <span class='ocr_line' id='line_1_69' title="bbox 145 3609 1730 3734; baseline -0.002 -70"><span class='ocrx_word' id='word_1_468' title='bbox 145 3626 290 3734; x_wconf 40' lang='lat' dir='ltr'><strong>gain.</strong></span> <span class='ocrx_word' id='word_1_469' title='bbox 318 3609 594 3695; x_wconf 60' lang='lat' dir='ltr'><strong>nosinter;</strong></span> <span class='ocrx_word' id='word_1_470' title='bbox 635 3626 751 3681; x_wconf 88' lang='lat' dir='ltr'><strong>cap.</strong></span> <span class='ocrx_word' id='word_1_471' title='bbox 796 3612 902 3666; x_wconf 82' lang='grc' dir='ltr'><strong>1οε</strong></span> <span class='ocrx_word' id='word_1_472' title='bbox 934 3609 1003 3664; x_wconf 87' lang='lat' dir='ltr'><strong>Ut</strong></span> <span class='ocrx_word' id='word_1_473' title='bbox 1044 3612 1180 3667; x_wconf 84' lang='lat' dir='ltr'><strong>oculi</strong></span> <span class='ocrx_word' id='word_1_474' title='bbox 1222 3610 1518 3673; x_wconf 82' lang='lat' dir='ltr'><strong>munitiores</strong></span> <span class='ocrx_word' id='word_1_475' title='bbox 1544 3617 1730 3679; x_wconf 48' lang='lat' dir='ltr'><strong>.essent</strong></span> 
     </span>
     <span class='ocr_line' id='line_1_70' title="bbox 224 3700 422 3734; baseline 0 0"><span class='ocrx_word' id='word_1_476' title='bbox 224 3700 422 3734; x_wconf 82' lang='lat' dir='ltr'><strong>tmtmu.</strong></span> 
     </span>
    </p>
   </div>
   <div class='ocr_carea' id='block_1_68' title="bbox 224 3700 422 3753">
    <p class='ocr_par' dir='ltr' id='par_1_68' title="bbox 224 3700 422 3753">
     <span class='ocr_line' id='line_1_71' title="bbox 224 3700 422 3753; baseline 0 -17"><span class='ocrx_word' id='word_1_477' title='bbox 224 3700 422 3753; x_wconf 63' lang='lat' dir='ltr'><strong>injuria.</strong></span> 
     </span>
    </p>
   </div>
   <div class='ocr_carea' id='block_1_69' title="bbox 206 3749 1721 3824">
    <p class='ocr_par' dir='ltr' id='par_1_69' title="bbox 206 3749 1721 3824">
     <span class='ocr_line' id='line_1_72' title="bbox 206 3749 1721 3824; baseline -0.003 -17"><span class='ocrx_word' id='word_1_478' title='bbox 206 3749 494 3822; x_wconf 61' lang='lat' dir='ltr'><strong>Ca&#39;mpania.</strong></span> <span class='ocrx_word' id='word_1_479' title='bbox 532 3753 824 3824; x_wconf 83' lang='lat' dir='ltr'><strong>EutrOpins</strong></span> <span class='ocrx_word' id='word_1_480' title='bbox 851 3752 945 3810; x_wconf 85' lang='lat' dir='ltr'><strong>lib.</strong></span> <span class='ocrx_word' id='word_1_481' title='bbox 995 3752 1247 3824; x_wconf 83' lang='lat' dir='ltr'><strong>Ix,_circa</strong></span> <span class='ocrx_word' id='word_1_482' title='bbox 1278 3751 1536 3814; x_wconf 85' lang='lat' dir='ltr'><strong>ﬁnem,et</strong></span> <span class='ocrx_word' id='word_1_483' title='bbox 1563 3749 1721 3824; x_wconf 58' lang='lat' dir='ltr'><strong>Zosi—</strong></span> 
     </span>
    </p>
   </div>
   <div class='ocr_carea' id='block_1_70' title="bbox 146 3819 1726 3894">
    <p class='ocr_par' dir='ltr' id='par_1_70' title="bbox 146 3819 1726 3894">
     <span class='ocr_line' id='line_1_73' title="bbox 146 3819 1726 3894; baseline -0.001 -17"><span class='ocrx_word' id='word_1_484' title='bbox 146 3839 250 3878; x_wconf 86' lang='lat' dir='ltr'><strong>mus</strong></span> <span class='ocrx_word' id='word_1_485' title='bbox 269 3819 355 3881; x_wconf 79' lang='lat' dir='ltr'><strong>lib.</strong></span> <span class='ocrx_word' id='word_1_486' title='bbox 384 3842 443 3893; x_wconf 86' lang='lat' dir='ltr'><strong>ll,</strong></span> <span class='ocrx_word' id='word_1_487' title='bbox 468 3841 595 3894; x_wconf 81' lang='lat' dir='ltr'><strong>cap.</strong></span> <span class='ocrx_word' id='word_1_488' title='bbox 623 3819 721 3888; x_wconf 39' lang='lat'><strong>10,-</strong></span> <span class='ocrx_word' id='word_1_489' title='bbox 753 3823 1040 3881; x_wconf 86' lang='lat' dir='ltr'><strong>Lucaniam</strong></span> <span class='ocrx_word' id='word_1_490' title='bbox 1066 3819 1319 3881; x_wconf 80' lang='lat' dir='ltr'><strong>dixerunt</strong></span> <span class='ocrx_word' id='word_1_491' title='bbox 1343 3841 1358 3879; x_wconf 88' lang='lat'><strong>:</strong></span> <span class='ocrx_word' id='word_1_492' title='bbox 1387 3824 1567 3877; x_wconf 73' lang='lat' dir='ltr'><strong>forsan</strong></span> <span class='ocrx_word' id='word_1_493' title='bbox 1599 3821 1726 3877; x_wconf 80' lang='lat' dir='ltr'><strong>villa</strong></span> 
     </span>
    </p>
   </div>
   <div class='ocr_carea' id='block_1_71' title="bbox 145 3894 901 3967">
    <p class='ocr_par' dir='ltr' id='par_1_71' title="bbox 145 3894 901 3967">
     <span class='ocr_line' id='line_1_74' title="bbox 145 3894 901 3967; baseline -0.001 -17"><span class='ocrx_word' id='word_1_494' title='bbox 145 3894 193 3950; x_wconf 87' lang='lat' dir='ltr'><strong>in</strong></span> <span class='ocrx_word' id='word_1_495' title='bbox 212 3898 475 3967; x_wconf 72' lang='lat' dir='ltr'><strong>ptriusque</strong></span> <span class='ocrx_word' id='word_1_496' title='bbox 499 3896 755 3957; x_wconf 81' lang='lat' dir='ltr'><strong>conﬁniis</strong></span> <span class='ocrx_word' id='word_1_497' title='bbox 781 3895 901 3951; x_wconf 82' lang='lat' dir='ltr'><strong>fuit.</strong></span> 
     </span>
    </p>
   </div>
   <div class='ocr_carea' id='block_1_72' title="bbox 204 3964 781 4034">
    <p class='ocr_par' dir='ltr' id='par_1_72' title="bbox 204 3964 781 4034">
     <span class='ocr_line' id='line_1_75' title="bbox 204 3964 781 4034; baseline 0.002 -14"><span class='ocrx_word' id='word_1_498' title='bbox 204 3964 306 4027; x_wconf 75' lang='lat' dir='ltr'><strong>Bis.</strong></span> <span class='ocrx_word' id='word_1_499' title='bbox 337 3964 403 4022; x_wconf 55' lang='grc' dir='ltr'>ω’</span> <span class='ocrx_word' id='word_1_500' title='bbox 419 3977 534 4034; x_wconf 88' lang='lat' dir='ltr'><strong>est,</strong></span> <span class='ocrx_word' id='word_1_501' title='bbox 566 3969 781 4024; x_wconf 85' lang='lat' dir='ltr'><strong>iterum.</strong></span> 
     </span>
    </p>
   </div>
   <div class='ocr_carea' id='block_1_73' title="bbox 198 4033 1726 4101">
    <p class='ocr_par' dir='ltr' id='par_1_73' title="bbox 198 4033 1726 4101">
     <span class='ocr_line' id='line_1_76' title="bbox 198 4033 1726 4101; baseline -0.004 -6"><span class='ocrx_word' id='word_1_502' title='bbox 198 4036 407 4099; x_wconf 79' lang='lat' dir='ltr'><strong>Severus</strong></span> <span class='ocrx_word' id='word_1_503' title='bbox 436 4033 644 4101; x_wconf 71' lang='lat' dir='ltr'><strong>interim</strong></span> <span class='ocrx_word' id='word_1_504' title='bbox 670 4039 825 4093; x_wconf 87' lang='lat' dir='ltr'><strong>vadit.</strong></span> <span class='ocrx_word' id='word_1_505' title='bbox 860 4036 1011 4097; x_wconf 88' lang='lat' dir='ltr'><strong>llaud</strong></span> <span class='ocrx_word' id='word_1_506' title='bbox 1052 4051 1212 4093; x_wconf 84' lang='lat' dir='ltr'><strong>secus</strong></span> <span class='ocrx_word' id='word_1_507' title='bbox 1238 4050 1342 4091; x_wconf 89' lang='lat' dir='ltr'><strong>ms.</strong></span> <span class='ocrx_word' id='word_1_508' title='bbox 1374 4051 1480 4092; x_wconf 92' lang='lat' dir='ltr'><strong>non</strong></span> <span class='ocrx_word' id='word_1_509' title='bbox 1511 4033 1726 4091; x_wconf 85' lang='lat' dir='ltr'><strong>Italiam</strong></span> 
     </span>
    </p>
   </div>
   <div class='ocr_carea' id='block_1_74' title="bbox 146 4107 1028 4180">
    <p class='ocr_par' dir='ltr' id='par_1_74' title="bbox 146 4107 1028 4180">
     <span class='ocr_line' id='line_1_77' title="bbox 146 4107 1028 4180; baseline 0.001 -19"><span class='ocrx_word' id='word_1_510' title='bbox 146 4107 343 4180; x_wconf 75' lang='lat' dir='ltr'><strong>invadit,</strong></span> <span class='ocrx_word' id='word_1_511' title='bbox 371 4121 428 4166; x_wconf 89' lang='lat' dir='ltr'><strong>ut</strong></span> <span class='ocrx_word' id='word_1_512' title='bbox 454 4110 675 4180; x_wconf 82' lang='lat' dir='ltr'><strong>quidam</strong></span> <span class='ocrx_word' id='word_1_513' title='bbox 702 4110 1028 4178; x_wconf 72' lang='lat' dir='ltr'><strong>suiSpicatur.</strong></span> 
     </span>
    </p>
   </div>
   <div class='ocr_carea' id='block_1_75' title="bbox 143 4267 201 4304">
    <p class='ocr_par' dir='ltr' id='par_1_75' title="bbox 143 4267 201 4304">
     <span class='ocr_line' id='line_1_78' title="bbox 143 4267 201 4304; baseline -0.017 0"><span class='ocrx_word' id='word_1_514' title='bbox 143 4267 201 4304; x_wconf 72' lang='grc' dir='ltr'><strong>ει.</strong></span> 
     </span>
    </p>
   </div>
   <div class='ocr_carea' id='block_1_76' title="bbox 204 4323 1051 4397">
    <p class='ocr_par' dir='ltr' id='par_1_76' title="bbox 204 4323 1051 4397">
     <span class='ocr_line' id='line_1_79' title="bbox 204 4323 1051 4397; baseline 0.002 -21"><span class='ocrx_word' id='word_1_515' title='bbox 204 4323 493 4397; x_wconf 61' lang='lat' dir='ltr'><strong>[iacentium</strong></span> <span class='ocrx_word' id='word_1_516' title='bbox 513 4325 766 4397; x_wconf 80' lang='lat' dir='ltr'><strong>confugit.</strong></span> <span class='ocrx_word' id='word_1_517' title='bbox 799 4324 1051 4382; x_wconf 86' lang='lat' dir='ltr'><strong>Severus.</strong></span> 
     </span>
    </p>
   </div>
   <div class='ocr_carea' id='block_1_77' title="bbox 204 4392 836 4455">
    <p class='ocr_par' dir='ltr' id='par_1_77' title="bbox 204 4392 836 4455">
     <span class='ocr_line' id='line_1_80' title="bbox 204 4392 836 4455; baseline 0 -5"><span class='ocrx_word' id='word_1_518' title='bbox 204 4392 538 4455; x_wconf 64' lang='lat' dir='ltr'><strong>Maximiano.</strong></span> <span class='ocrx_word' id='word_1_519' title='bbox 564 4392 836 4453; x_wconf 74' lang='lat' dir='ltr'><strong>Herculio.</strong></span> 
     </span>
    </p>
   </div>
   <div class='ocr_carea' id='block_1_78' title="bbox 205 4464 1432 4538">
    <p class='ocr_par' dir='ltr' id='par_1_78' title="bbox 205 4464 1432 4538">
     <span class='ocr_line' id='line_1_81' title="bbox 205 4464 1432 4538; baseline -0.005 -15"><span class='ocrx_word' id='word_1_520' title='bbox 205 4464 349 4538; x_wconf 68' lang='lat' dir='ltr'><strong>Qedit</strong></span> <span class='ocrx_word' id='word_1_521' title='bbox 366 4485 475 4525; x_wconf 79' lang='lat' dir='ltr'><strong>sese</strong></span> <span class='ocrx_word' id='word_1_522' title='bbox 503 4469 633 4538; x_wconf 76' lang='lat' dir='ltr'><strong>ipse.</strong></span> <span class='ocrx_word' id='word_1_523' title='bbox 662 4468 760 4527; x_wconf 74' lang='lat' dir='ltr'><strong>Ms.</strong></span> <span class='ocrx_word' id='word_1_524' title='bbox 789 4467 951 4538; x_wconf 71' lang='lat' dir='ltr'><strong>habet</strong></span> <span class='ocrx_word' id='word_1_525' title='bbox 977 4464 1119 4521; x_wconf 80' lang='lat' dir='ltr'><strong>dedit</strong></span> <span class='ocrx_word' id='word_1_526' title='bbox 1136 4466 1200 4521; x_wconf 88' lang='lat' dir='ltr'><strong>de</strong></span> <span class='ocrx_word' id='word_1_527' title='bbox 1225 4465 1432 4536; x_wconf 77' lang='lat' dir='ltr'><strong>seipse.</strong></span> 
     </span>
    </p>
   </div>
   <div class='ocr_carea' id='block_1_79' title="bbox 158 4532 1717 4609">
    <p class='ocr_par' dir='ltr' id='par_1_79' title="bbox 158 4532 1717 4609">
     <span class='ocr_line' id='line_1_82' title="bbox 158 4532 1717 4609; baseline -0.005 -15"><span class='ocrx_word' id='word_1_528' title='bbox 158 4596 169 4609; x_wconf 39' lang='grc' dir='ltr'><strong>ι</strong></span> <span class='ocrx_word' id='word_1_529' title='bbox 207 4535 500 4609; x_wconf 60' lang='lat' dir='ltr'><strong>Vestamque</strong></span> <span class='ocrx_word' id='word_1_530' title='bbox 528 4532 874 4608; x_wconf 53' lang='lat' dir='ltr'><strong>&quot;purpuream.</strong></span> <span class='ocrx_word' id='word_1_531' title='bbox 924 4537 1000 4593; x_wconf 88' lang='lat' dir='ltr'><strong>lta</strong></span> <span class='ocrx_word' id='word_1_532' title='bbox 1032 4551 1147 4609; x_wconf 90' lang='lat' dir='ltr'><strong>ms_._</strong></span> <span class='ocrx_word' id='word_1_533' title='bbox 1191 4551 1292 4593; x_wconf 87' lang='lat' dir='ltr'><strong>nec</strong></span> <span class='ocrx_word' id='word_1_534' title='bbox 1323 4532 1488 4595; x_wconf 76' lang='lat' dir='ltr'><strong>aliter</strong></span> <span class='ocrx_word' id='word_1_535' title='bbox 1524 4532 1717 4593; x_wconf 79' lang='lat' dir='ltr'><strong>excudi</strong></span> 
     </span>
    </p>
   </div>
   <div class='ocr_carea' id='block_1_80' title="bbox 143 4605 1720 4678">
    <p class='ocr_par' dir='ltr' id='par_1_80' title="bbox 143 4605 1720 4678">
     <span class='ocr_line' id='line_1_83' title="bbox 143 4605 1720 4678; baseline -0.007 -9"><span class='ocrx_word' id='word_1_536' title='bbox 143 4605 481 4669; x_wconf 68' lang='lat' dir='ltr'><strong>debuitzalize</strong></span> <span class='ocrx_word' id='word_1_537' title='bbox 522 4605 788 4669; x_wconf 84' lang='lat' dir='ltr'><strong>editiones</strong></span> <span class='ocrx_word' id='word_1_538' title='bbox 826 4609 1046 4677; x_wconf 87' lang='lat' dir='ltr'><strong>habent,</strong></span> <span class='ocrx_word' id='word_1_539' title='bbox 1104 4605 1399 4678; x_wconf 76' lang='lat' dir='ltr'><strong>Vestemquc</strong></span> <span class='ocrx_word' id='word_1_540' title='bbox 1426 4615 1475 4661; x_wconf 84' lang='lat' dir='ltr'><strong>et</strong></span> <span class='ocrx_word' id='word_1_541' title='bbox 1513 4621 1720 4676; x_wconf 82' lang='lat' dir='ltr'><strong>purpu-</strong></span> 
     </span>
    </p>
   </div>
   <div class='ocr_carea' id='block_1_81' title="bbox 144 4694 261 4737">
    <p class='ocr_par' dir='ltr' id='par_1_81' title="bbox 144 4694 261 4737">
     <span class='ocr_line' id='line_1_84' title="bbox 144 4694 261 4737; baseline 0.034 -6"><span class='ocrx_word' id='word_1_542' title='bbox 144 4694 261 4737; x_wconf 82' lang='lat' dir='ltr'><strong>runt.</strong></span> 
     </span>
    </p>
   </div>
   <div class='ocr_carea' id='block_1_82' title="bbox 206 4747 1720 4817">
    <p class='ocr_par' dir='ltr' id='par_1_82' title="bbox 206 4747 1720 4817">
     <span class='ocr_line' id='line_1_85' title="bbox 206 4747 1720 4817; baseline -0.003 -12"><span class='ocrx_word' id='word_1_543' title='bbox 206 4749 398 4807; x_wconf 76' lang='lat' dir='ltr'><strong>Eidem.</strong></span> <span class='ocrx_word' id='word_1_544' title='bbox 426 4750 550 4816; x_wconf 80' lang='lat' dir='ltr'><strong>Ms.,</strong></span> <span class='ocrx_word' id='word_1_545' title='bbox 581 4761 626 4807; x_wconf 87' lang='lat' dir='ltr'><strong>et</strong></span> <span class='ocrx_word' id='word_1_546' title='bbox 652 4752 807 4809; x_wconf 85' lang='lat' dir='ltr'><strong>idem.</strong></span> <span class='ocrx_word' id='word_1_547' title='bbox 837 4751 1037 4817; x_wconf 79' lang='lat' dir='ltr'><strong>Eidem,</strong></span> <span class='ocrx_word' id='word_1_548' title='bbox 1070 4748 1122 4805; x_wconf 90' lang='lat' dir='ltr'><strong>id</strong></span> <span class='ocrx_word' id='word_1_549' title='bbox 1144 4758 1230 4809; x_wconf 89' lang='lat' dir='ltr'><strong>est</strong></span> <span class='ocrx_word' id='word_1_550' title='bbox 1253 4747 1528 4813; x_wconf 83' lang='lat' dir='ltr'><strong>Herculio,</strong></span> <span class='ocrx_word' id='word_1_551' title='bbox 1553 4762 1581 4800; x_wconf 84' lang='lat' dir='ltr'><strong>a</strong></span> <span class='ocrx_word' id='word_1_552' title='bbox 1610 4761 1720 4816; x_wconf 86' lang='lat' dir='ltr'><strong>quo</strong></span> 
     </span>
    </p>
   </div>
   <div class='ocr_carea' id='block_1_83' title="bbox 144 4822 1717 4963">
    <p class='ocr_par' dir='ltr' id='par_1_83' title="bbox 144 4822 1717 4963">
     <span class='ocr_line' id='line_1_86' title="bbox 144 4822 1717 4963; baseline -0.003 -17"><span class='ocrx_word' id='word_1_553' title='bbox 144 4822 664 4952; x_wconf 44' lang='lat' dir='ltr'><strong>acbmii&#39;niigeefi</strong></span> <span class='ocrx_word' id='word_1_554' title='bbox 697 4823 972 4963; x_wconf 51' lang='lat' dir='ltr'><strong>i(giiiillpbie</strong></span> <span class='ocrx_word' id='word_1_555' title='bbox 995 4893 1059 4956; x_wconf 86' lang='lat' dir='ltr'><strong>sit</strong></span> <span class='ocrx_word' id='word_1_556' title='bbox 1090 4894 1232 4949; x_wconf 86' lang='lat' dir='ltr'><strong>bona</strong></span> <span class='ocrx_word' id='word_1_557' title='bbox 1279 4904 1448 4958; x_wconf 87' lang='lat' dir='ltr'><strong>mors,</strong></span> <span class='ocrx_word' id='word_1_558' title='bbox 1496 4888 1619 4944; x_wconf 86' lang='lat' dir='ltr'><strong>vide</strong></span> <span class='ocrx_word' id='word_1_559' title='bbox 1665 4888 1717 4943; x_wconf 91' lang='lat' dir='ltr'><strong>id</strong></span> 
     </span>
    </p>
   </div>
   <div class='ocr_carea' id='block_1_84' title="bbox 148 4962 1234 5035">
    <p class='ocr_par' dir='ltr' id='par_1_84' title="bbox 148 4962 1234 5035">
     <span class='ocr_line' id='line_1_87' title="bbox 148 4962 1234 5035; baseline 0 -17"><span class='ocrx_word' id='word_1_560' title='bbox 148 4964 274 5035; x_wconf 84' lang='lat' dir='ltr'><strong>quod</strong></span> <span class='ocrx_word' id='word_1_561' title='bbox 301 4968 557 5035; x_wconf 84' lang='lat' dir='ltr'><strong>sequitur,</strong></span> <span class='ocrx_word' id='word_1_562' title='bbox 589 4977 642 5021; x_wconf 91' lang='lat' dir='ltr'><strong>et</strong></span> <span class='ocrx_word' id='word_1_563' title='bbox 662 4962 826 5035; x_wconf 83' lang='lat' dir='ltr'><strong>supra</strong></span> <span class='ocrx_word' id='word_1_564' title='bbox 853 4966 917 5021; x_wconf 88' lang='lat' dir='ltr'><strong>ad</strong></span> <span class='ocrx_word' id='word_1_565' title='bbox 947 4962 1234 5035; x_wconf 70' lang='lat' dir='ltr'><strong>capnt22.</strong></span> 
     </span>
    </p>
   </div>
   <div class='ocr_carea' id='block_1_85' title="bbox 223 5029 1721 5111">
    <p class='ocr_par' dir='ltr' id='par_1_85' title="bbox 223 5029 1721 5111">
     <span class='ocr_line' id='line_1_88' title="bbox 223 5029 1721 5111; baseline -0.005 -22"><span class='ocrx_word' id='word_1_566' title='bbox 223 5029 495 5111; x_wconf 38' lang='lat' dir='ltr'><strong>Venishejus</strong></span> <span class='ocrx_word' id='word_1_567' title='bbox 518 5029 712 5111; x_wconf 62' lang='lat' dir='ltr'><strong>iugisis.</strong></span> <span class='ocrx_word' id='word_1_568' title='bbox 733 5029 829 5094; x_wconf 75' lang='lat' dir='ltr'><strong>Sic</strong></span> <span class='ocrx_word' id='word_1_569' title='bbox 858 5052 958 5111; x_wconf 77' lang='lat' dir='ltr'><strong>nis.</strong></span> <span class='ocrx_word' id='word_1_570' title='bbox 989 5029 1044 5090; x_wconf 74' lang='lat' dir='ltr'><strong>at</strong></span> <span class='ocrx_word' id='word_1_571' title='bbox 1064 5033 1229 5093; x_wconf 88' lang='lat' dir='ltr'><strong>editio</strong></span> <span class='ocrx_word' id='word_1_572' title='bbox 1254 5032 1451 5111; x_wconf 48' lang='lat' dir='ltr'><strong>Baluz;</strong></span> <span class='ocrx_word' id='word_1_573' title='bbox 1483 5029 1639 5085; x_wconf 85' lang='lat' dir='ltr'><strong>Venis</strong></span> <span class='ocrx_word' id='word_1_574' title='bbox 1672 5029 1721 5111; x_wconf 81' lang='lat' dir='ltr'><strong>ei</strong></span> 
     </span>
    </p>
   </div>
   <div class='ocr_carea' id='block_1_86' title="bbox 149 5103 1719 5183">
    <p class='ocr_par' dir='ltr' id='par_1_86' title="bbox 149 5103 1719 5183">
     <span class='ocr_line' id='line_1_89' title="bbox 149 5103 1719 5183; baseline -0.003 -22"><span class='ocrx_word' id='word_1_575' title='bbox 149 5103 324 5183; x_wconf 61' lang='lat' dir='ltr'><strong>incifis.</strong></span> <span class='ocrx_word' id='word_1_576' title='bbox 349 5103 542 5183; x_wconf 72' lang='lat' dir='ltr'><strong>contra</strong></span> <span class='ocrx_word' id='word_1_577' title='bbox 570 5107 840 5183; x_wconf 54' lang='lat' dir='ltr'><strong>lauimus,</strong></span> <span class='ocrx_word' id='word_1_578' title='bbox 889 5109 983 5183; x_wconf 90' lang='lat' dir='ltr'><strong>lib.</strong></span> <span class='ocrx_word' id='word_1_579' title='bbox 1016 5123 1075 5173; x_wconf 88' lang='lat' dir='ltr'><strong>ll,</strong></span> <span class='ocrx_word' id='word_1_580' title='bbox 1104 5115 1161 5167; x_wconf 83' lang='lat' dir='ltr'><strong>et</strong></span> <span class='ocrx_word' id='word_1_581' title='bbox 1181 5115 1367 5183; x_wconf 71' lang='lat' dir='ltr'><strong>auctor</strong></span> <span class='ocrx_word' id='word_1_582' title='bbox 1410 5103 1719 5183; x_wconf 66' lang='lat' dir='ltr'><strong>Fragmenii</strong></span> 
     </span>
    </p>
   </div>
   <div class='ocr_carea' id='block_1_87' title="bbox 150 5173 1720 5254">
    <p class='ocr_par' dir='ltr' id='par_1_87' title="bbox 150 5173 1720 5254">
     <span class='ocr_line' id='line_1_90' title="bbox 150 5173 1720 5254; baseline -0.006 -19"><span class='ocrx_word' id='word_1_583' title='bbox 150 5175 210 5235; x_wconf 79' lang='lat' dir='ltr'><strong>de</strong></span> <span class='ocrx_word' id='word_1_584' title='bbox 230 5176 533 5254; x_wconf 66' lang='lat' dir='ltr'><strong>Constantio</strong></span> <span class='ocrx_word' id='word_1_585' title='bbox 570 5179 791 5254; x_wconf 67' lang='lat' dir='ltr'><strong>Chloro</strong></span> <span class='ocrx_word' id='word_1_586' title='bbox 816 5179 1078 5254; x_wconf 83' lang='lat' dir='ltr'><strong>scribunt,</strong></span> <span class='ocrx_word' id='word_1_587' title='bbox 1111 5186 1169 5232; x_wconf 92' lang='lat' dir='ltr'><strong>ut</strong></span> <span class='ocrx_word' id='word_1_588' title='bbox 1206 5175 1368 5254; x_wconf 63' lang='lat' dir='ltr'><strong>paulo</strong></span> <span class='ocrx_word' id='word_1_589' title='bbox 1413 5184 1539 5254; x_wconf 80' lang='lat' dir='ltr'><strong>ante</strong></span> <span class='ocrx_word' id='word_1_590' title='bbox 1578 5173 1720 5227; x_wconf 87' lang='lat' dir='ltr'><strong>vidi-</strong></span> 
     </span>
    </p>
   </div>
   <div class='ocr_carea' id='block_1_88' title="bbox 152 5246 1712 5375">
    <p class='ocr_par' dir='ltr' id='par_1_88' title="bbox 152 5246 1712 5375">
     <span class='ocr_line' id='line_1_91' title="bbox 152 5246 1712 5375; baseline -0.012 -60"><span class='ocrx_word' id='word_1_591' title='bbox 152 5260 290 5313; x_wconf 66' lang='grc' dir='ltr'><strong>ωηεν</strong></span> <span class='ocrx_word' id='word_1_592' title='bbox 337 5247 591 5308; x_wconf 79' lang='lat' dir='ltr'><strong>Severum</strong></span> <span class='ocrx_word' id='word_1_593' title='bbox 642 5252 819 5324; x_wconf 74' lang='lat' dir='ltr'><strong>fractis</strong></span> <span class='ocrx_word' id='word_1_594' title='bbox 870 5251 1050 5322; x_wconf 82' lang='lat' dir='ltr'><strong>laqueo</strong></span> <span class='ocrx_word' id='word_1_595' title='bbox 1098 5246 1371 5375; x_wconf 55' lang='lat' dir='ltr'><strong>cervigibus</strong></span> <span class='ocrx_word' id='word_1_596' title='bbox 1420 5246 1712 5314; x_wconf 80' lang='lat' dir='ltr'><strong>expirasse.</strong></span> 
     </span>
     <span class='ocr_line' id='line_1_92' title="bbox 244 5333 1435 5375; baseline -0.003 0"><span class='ocrx_word' id='word_1_597' title='bbox 244 5373 254 5375; x_wconf 33' lang='grc' dir='ltr'><strong><em>μ</em></strong></span> <span class='ocrx_word' id='word_1_598' title='bbox 1277 5333 1435 5375; x_wconf 71' lang='grc' dir='ltr'><strong>Αιυῑ.</strong></span> 
     </span>
    </p>
   </div>
   <div class='ocr_carea' id='block_1_89' title="bbox 1277 5333 1435 5377">
    <p class='ocr_par' dir='ltr' id='par_1_89' title="bbox 1277 5333 1435 5377">
     <span class='ocr_line' id='line_1_93' title="bbox 1277 5333 1435 5377; baseline -0.038 0"><span class='ocrx_word' id='word_1_599' title='bbox 1277 5333 1435 5377; x_wconf 69' lang='grc' dir='ltr'><strong>Αιυῑ.</strong></span> 
     </span>
    </p>
   </div>
   <div class='ocr_carea' id='block_1_90' title="bbox 222 5373 1722 5468">
    <p class='ocr_par' dir='ltr' id='par_1_90' title="bbox 222 5373 1722 5468">
     <span class='ocr_line' id='line_1_94' title="bbox 222 5373 1722 5468; baseline 0.009 -27"><span class='ocrx_word' id='word_1_600' title='bbox 222 5373 386 5454; x_wconf 80' lang='lat' dir='ltr'><strong>Coepit.</strong></span> <span class='ocrx_word' id='word_1_601' title='bbox 412 5391 476 5468; x_wconf 75' lang='lat' dir='ltr'><strong>In</strong></span> <span class='ocrx_word' id='word_1_602' title='bbox 494 5394 629 5459; x_wconf 83' lang='lat' dir='ltr'><strong>ms.,</strong></span> <span class='ocrx_word' id='word_1_603' title='bbox 659 5394 842 5468; x_wconf 82' lang='lat' dir='ltr'><strong>capite.</strong></span> <span class='ocrx_word' id='word_1_604' title='bbox 875 5394 954 5448; x_wconf 89' lang='lat' dir='ltr'><strong>De</strong></span> <span class='ocrx_word' id='word_1_605' title='bbox 992 5392 1094 5449; x_wconf 89' lang='lat' dir='ltr'><strong>hoc</strong></span> <span class='ocrx_word' id='word_1_606' title='bbox 1134 5373 1468 5468; x_wconf 48' lang='lat' dir='ltr'><strong>lodequctn</strong></span> <span class='ocrx_word' id='word_1_607' title='bbox 1494 5399 1722 5468; x_wconf 57' lang='grc' dir='ltr'><strong>οοιζτιιβν</strong></span> 
     </span>
    </p>
   </div>
   <div class='ocr_carea' id='block_1_91' title="bbox 160 5455 1715 5533">
    <p class='ocr_par' dir='ltr' id='par_1_91' title="bbox 160 5455 1715 5533">
     <span class='ocr_line' id='line_1_95' title="bbox 160 5455 1715 5533; baseline -0.012 -6"><span class='ocrx_word' id='word_1_608' title='bbox 160 5465 411 5533; x_wconf 48' lang='lat'><strong>&quot;199580</strong></span> <span class='ocrx_word' id='word_1_609' title='bbox 451 5455 681 5523; x_wconf 75' lang='lat' dir='ltr'><strong>fatentur</strong></span> <span class='ocrx_word' id='word_1_610' title='bbox 723 5455 1081 5533; x_wconf 71' lang='lat' dir='ltr'><strong>interpretes,</strong></span> <span class='ocrx_word' id='word_1_611' title='bbox 1112 5461 1235 5533; x_wconf 79' lang='lat' dir='ltr'><strong>vide</strong></span> <span class='ocrx_word' id='word_1_612' title='bbox 1267 5455 1543 5533; x_wconf 67' lang='lat' dir='ltr'><strong>Balnzinni</strong></span> <span class='ocrx_word' id='word_1_613' title='bbox 1576 5455 1715 5511; x_wconf 76' lang='lat' dir='ltr'><strong>infra</strong></span> 
     </span>
    </p>
   </div>
   <div class='ocr_carea' id='block_1_92' title="bbox 159 5529 1717 5600">
    <p class='ocr_par' dir='ltr' id='par_1_92' title="bbox 159 5529 1717 5600">
     <span class='ocr_line' id='line_1_96' title="bbox 159 5529 1717 5600; baseline -0.004 -14"><span class='ocrx_word' id='word_1_614' title='bbox 159 5543 209 5600; x_wconf 77' lang='grc' dir='ltr'><strong>Ρ.</strong></span> <span class='ocrx_word' id='word_1_615' title='bbox 236 5529 331 5586; x_wconf 77' lang='grc'><strong>516</strong></span> <span class='ocrx_word' id='word_1_616' title='bbox 351 5543 401 5587; x_wconf 87' lang='lat' dir='ltr'><strong>ct</strong></span> <span class='ocrx_word' id='word_1_617' title='bbox 428 5535 651 5591; x_wconf 89' lang='lat' dir='ltr'><strong>Doctiss.</strong></span> <span class='ocrx_word' id='word_1_618' title='bbox 678 5529 923 5590; x_wconf 79' lang='lat' dir='ltr'><strong>Columbi</strong></span> <span class='ocrx_word' id='word_1_619' title='bbox 955 5533 1076 5587; x_wconf 82' lang='lat' dir='ltr'><strong>Not.</strong></span> <span class='ocrx_word' id='word_1_620' title='bbox 1105 5532 1350 5600; x_wconf 88' lang='lat' dir='ltr'><strong>Quinque</strong></span> <span class='ocrx_word' id='word_1_621' title='bbox 1380 5531 1563 5586; x_wconf 89' lang='lat' dir='ltr'><strong>ultima</strong></span> <span class='ocrx_word' id='word_1_622' title='bbox 1599 5542 1717 5581; x_wconf 85' lang='lat' dir='ltr'><strong>vcr-</strong></span> 
     </span>
    </p>
   </div>
   <div class='ocr_carea' id='block_1_93' title="bbox 156 5599 1566 5676">
    <p class='ocr_par' dir='ltr' id='par_1_93' title="bbox 156 5599 1566 5676">
     <span class='ocr_line' id='line_1_97' title="bbox 156 5599 1566 5676; baseline -0.01 -10"><span class='ocrx_word' id='word_1_623' title='bbox 156 5599 218 5657; x_wconf 65' lang='lat' dir='ltr'><strong>ba</strong></span> <span class='ocrx_word' id='word_1_624' title='bbox 235 5602 597 5676; x_wconf 62' lang='lat' dir='ltr'><strong>huiuscapitis</strong></span> <span class='ocrx_word' id='word_1_625' title='bbox 622 5614 774 5676; x_wconf 89' lang='lat' dir='ltr'><strong>putat</strong></span> <span class='ocrx_word' id='word_1_626' title='bbox 803 5607 1148 5660; x_wconf 82' lang='lat' dir='ltr'><strong>Heumannus</strong></span> <span class='ocrx_word' id='word_1_627' title='bbox 1169 5599 1295 5659; x_wconf 82' lang='lat' dir='ltr'><strong>esse</strong></span> <span class='ocrx_word' id='word_1_628' title='bbox 1316 5601 1566 5657; x_wconf 82' lang='lat' dir='ltr'><strong>delenda.</strong></span> 
     </span>
    </p>
   </div>
   <div class='ocr_carea' id='block_1_94' title="bbox 223 5670 965 5744">
    <p class='ocr_par' dir='ltr' id='par_1_94' title="bbox 223 5670 965 5744">
     <span class='ocr_line' id='line_1_98' title="bbox 223 5670 965 5744; baseline 0.005 -18"><span class='ocrx_word' id='word_1_629' title='bbox 223 5670 503 5744; x_wconf 66' lang='lat' dir='ltr'><strong>Herculius.</strong></span> <span class='ocrx_word' id='word_1_630' title='bbox 525 5670 651 5744; x_wconf 62' lang='grc' dir='ltr'><strong>Μεᾷ</strong></span> <span class='ocrx_word' id='word_1_631' title='bbox 678 5676 965 5731; x_wconf 83' lang='lat' dir='ltr'><strong>Hirculius.</strong></span> 
     </span>
    </p>
   </div>
   <div class='ocr_carea' id='block_1_95' title="bbox 217 5743 1644 5822">
    <p class='ocr_par' dir='ltr' id='par_1_95' title="bbox 217 5743 1644 5822">
     <span class='ocr_line' id='line_1_99' title="bbox 217 5743 1644 5822; baseline 0.011 -26"><span class='ocrx_word' id='word_1_632' title='bbox 217 5743 529 5822; x_wconf 56' lang='lat' dir='ltr'><strong>yagimiani.</strong></span> <span class='ocrx_word' id='word_1_633' title='bbox 559 5743 765 5822; x_wconf 77' lang='lat' dir='ltr'><strong>Galerii</strong></span> <span class='ocrx_word' id='word_1_634' title='bbox 789 5749 1012 5803; x_wconf 87' lang='lat' dir='ltr'><strong>scilicet.</strong></span> <span class='ocrx_word' id='word_1_635' title='bbox 1292 5816 1305 5822; x_wconf 95' lang='lat'>_</span> <span class='ocrx_word' id='word_1_636' title='bbox 1331 5815 1344 5822; x_wconf 93' lang='lat'>_</span> <span class='ocrx_word' id='word_1_637' title='bbox 1404 5812 1426 5822; x_wconf 65' lang='grc'><strong>,</strong></span> <span class='ocrx_word' id='word_1_638' title='bbox 1519 5818 1528 5822; x_wconf 24' lang='grc' dir='ltr'><strong>Α</strong></span> <span class='ocrx_word' id='word_1_639' title='bbox 1614 5810 1644 5822; x_wconf 24' lang='grc' dir='ltr'><strong>Α,</strong></span> 
     </span>
    </p>
   </div>
   <div class='ocr_carea' id='block_1_96' title="bbox 219 5812 1718 5891">
    <p class='ocr_par' dir='ltr' id='par_1_96' title="bbox 219 5812 1718 5891">
     <span class='ocr_line' id='line_1_100' title="bbox 219 5812 1718 5891; baseline -0.004 -16"><span class='ocrx_word' id='word_1_640' title='bbox 219 5812 593 5884; x_wconf 70' lang='grc' dir='ltr'><strong>Ιηίιαηιπηαιιιηι</strong></span> <span class='ocrx_word' id='word_1_641' title='bbox 616 5821 716 5875; x_wconf 88' lang='lat' dir='ltr'><strong>ira.</strong></span> <span class='ocrx_word' id='word_1_642' title='bbox 742 5819 819 5875; x_wconf 86' lang='lat' dir='ltr'><strong>Ita</strong></span> <span class='ocrx_word' id='word_1_643' title='bbox 844 5828 899 5875; x_wconf 89' lang='lat' dir='ltr'><strong>et</strong></span> <span class='ocrx_word' id='word_1_644' title='bbox 924 5832 1091 5891; x_wconf 85' lang='lat' dir='ltr'><strong>supra</strong></span> <span class='ocrx_word' id='word_1_645' title='bbox 1128 5831 1252 5888; x_wconf 87' lang='lat' dir='ltr'><strong>cap.</strong></span> <span class='ocrx_word' id='word_1_646' title='bbox 1283 5815 1372 5872; x_wconf 77' lang='lat' dir='ltr'><strong>M.</strong></span> <span class='ocrx_word' id='word_1_647' title='bbox 1404 5812 1718 5871; x_wconf 84' lang='lat' dir='ltr'><strong>Lactantius</strong></span> 
     </span>
    </p>
   </div>
   <div class='ocr_carea' id='block_1_97' title="bbox 174 4178 1724 4262">
    <p class='ocr_par' dir='ltr' id='par_1_97' title="bbox 174 4178 1724 4262">
     <span class='ocr_line' id='line_1_101' title="bbox 174 4178 1724 4262; baseline -0.001 -27"><span class='ocrx_word' id='word_1_648' title='bbox 174 4179 266 4262; x_wconf 40' lang='lat' dir='ltr'><strong>.Et</strong></span> <span class='ocrx_word' id='word_1_649' title='bbox 292 4198 342 4239; x_wconf 74' lang='lat' dir='ltr'><strong>se</strong></span> <span class='ocrx_word' id='word_1_650' title='bbox 378 4178 562 4238; x_wconf 83' lang='lat' dir='ltr'><strong>contra</strong></span> <span class='ocrx_word' id='word_1_651' title='bbox 591 4198 741 4255; x_wconf 83' lang='lat' dir='ltr'><strong>quem</strong></span> <span class='ocrx_word' id='word_1_652' title='bbox 782 4189 1044 4247; x_wconf 73' lang='lat' dir='ltr'><strong>venerant,</strong></span> <span class='ocrx_word' id='word_1_653' title='bbox 1076 4180 1303 4235; x_wconf 87' lang='lat' dir='ltr'><strong>tradunt.</strong></span> <span class='ocrx_word' id='word_1_654' title='bbox 1337 4178 1437 4235; x_wconf 78' lang='lat' dir='ltr'><strong>Ms.</strong></span> <span class='ocrx_word' id='word_1_655' title='bbox 1485 4189 1568 4246; x_wconf 89' lang='lat' dir='ltr'><strong>et;</strong></span> <span class='ocrx_word' id='word_1_656' title='bbox 1616 4193 1724 4235; x_wconf 92' lang='lat' dir='ltr'><strong>non</strong></span> 
     </span>
    </p>
   </div>
   <div class='ocr_carea' id='block_1_98' title="bbox 1836 3114 3429 3187">
    <p class='ocr_par' dir='ltr' id='par_1_98' title="bbox 1836 3114 3429 3187">
     <span class='ocr_line' id='line_1_102' title="bbox 1836 3114 3429 3187; baseline 0.006 -19"><span class='ocrx_word' id='word_1_657' title='bbox 1836 3115 2102 3179; x_wconf 77' lang='lat' dir='ltr'><strong>noncaient</strong></span> <span class='ocrx_word' id='word_1_658' title='bbox 2132 3131 2198 3169; x_wconf 88' lang='lat' dir='ltr'><strong>ou</strong></span> <span class='ocrx_word' id='word_1_659' title='bbox 2227 3114 2537 3187; x_wconf 71' lang='lat' dir='ltr'><strong>déclaraient</strong></span> <span class='ocrx_word' id='word_1_660' title='bbox 2556 3116 2620 3187; x_wconf 18' lang='lat' dir='ltr'><strong>ila</strong></span> <span class='ocrx_word' id='word_1_661' title='bbox 2647 3130 2846 3187; x_wconf 80' lang='lat' dir='ltr'><strong>guerre.</strong></span> <span class='ocrx_word' id='word_1_662' title='bbox 2882 3114 2988 3187; x_wconf 83' lang='lat' dir='ltr'><strong>Pro</strong></span> <span class='ocrx_word' id='word_1_663' title='bbox 3017 3119 3192 3181; x_wconf 73' lang='lat' dir='ltr'><strong>emptis</strong></span> <span class='ocrx_word' id='word_1_664' title='bbox 3213 3114 3429 3187; x_wconf 78' lang='lat' dir='ltr'><strong>quidam</strong></span> 
     </span>
    </p>
   </div>
   <div class='ocr_carea' id='block_1_99' title="bbox 1834 3184 3376 3255">
    <p class='ocr_par' dir='ltr' id='par_1_99' title="bbox 1834 3184 3376 3255">
     <span class='ocr_line' id='line_1_103' title="bbox 1834 3184 3376 3255; baseline 0.003 -14"><span class='ocrx_word' id='word_1_665' title='bbox 1834 3188 2022 3247; x_wconf 89' lang='lat' dir='ltr'><strong>volunt</strong></span> <span class='ocrx_word' id='word_1_666' title='bbox 2044 3188 2195 3255; x_wconf 75' lang='lat' dir='ltr'><strong>aptis.</strong></span> <span class='ocrx_word' id='word_1_667' title='bbox 2217 3214 2290 3226; x_wconf 92' lang='lat'><strong>—-</strong></span> <span class='ocrx_word' id='word_1_668' title='bbox 2321 3184 2611 3241; x_wconf 83' lang='lat' dir='ltr'><strong>Instructis.</strong></span> <span class='ocrx_word' id='word_1_669' title='bbox 2637 3184 2863 3252; x_wconf 89' lang='lat' dir='ltr'><strong>Quidam</strong></span> <span class='ocrx_word' id='word_1_670' title='bbox 2889 3186 3072 3255; x_wconf 76' lang='lat' dir='ltr'><strong>legunt</strong></span> <span class='ocrx_word' id='word_1_671' title='bbox 3099 3184 3376 3246; x_wconf 76' lang='lat' dir='ltr'><strong>instruens.</strong></span> 
     </span>
    </p>
   </div>
   <div class='ocr_carea' id='block_1_100' title="bbox 1908 3255 3435 3332">
    <p class='ocr_par' dir='ltr' id='par_1_100' title="bbox 1908 3255 3435 3332">
     <span class='ocr_line' id='line_1_104' title="bbox 1908 3255 3435 3332; baseline 0.005 -22"><span class='ocrx_word' id='word_1_672' title='bbox 1908 3256 2034 3332; x_wconf 73' lang='lat' dir='ltr'><strong>sua:</strong></span> <span class='ocrx_word' id='word_1_673' title='bbox 2060 3258 2271 3332; x_wconf 74' lang='lat' dir='ltr'><strong>minoris</strong></span> <span class='ocrx_word' id='word_1_674' title='bbox 2299 3257 2424 3332; x_wconf 64' lang='lat' dir='ltr'><strong>ﬁlia:</strong></span> <span class='ocrx_word' id='word_1_675' title='bbox 2458 3256 2672 3332; x_wconf 76' lang='lat' dir='ltr'><strong>nuptiis.</strong></span> <span class='ocrx_word' id='word_1_676' title='bbox 2707 3255 2828 3320; x_wconf 84' lang='lat' dir='ltr'><strong>Ms.,</strong></span> <span class='ocrx_word' id='word_1_677' title='bbox 2866 3256 2941 3310; x_wconf 87' lang='lat' dir='ltr'><strong>sic</strong></span> <span class='ocrx_word' id='word_1_678' title='bbox 2980 3257 3190 3332; x_wconf 59' lang='lat' dir='ltr'><strong>iiiiiioris</strong></span> <span class='ocrx_word' id='word_1_679' title='bbox 3218 3262 3435 3332; x_wconf 61' lang='lat' dir='ltr'><strong>familiae</strong></span> 
     </span>
    </p>
   </div>
   <div class='ocr_carea' id='block_1_101' title="bbox 1834 3326 3426 3397">
    <p class='ocr_par' dir='ltr' id='par_1_101' title="bbox 1834 3326 3426 3397">
     <span class='ocr_line' id='line_1_105' title="bbox 1834 3326 3426 3397; baseline 0.003 -14"><span class='ocrx_word' id='word_1_680' title='bbox 1834 3329 2049 3397; x_wconf 84' lang='lat' dir='ltr'><strong>nuptiis,</strong></span> <span class='ocrx_word' id='word_1_681' title='bbox 2082 3326 2226 3396; x_wconf 87' lang='lat' dir='ltr'><strong>quod</strong></span> <span class='ocrx_word' id='word_1_682' title='bbox 2247 3328 2376 3383; x_wconf 86' lang='lat' dir='ltr'><strong>editi</strong></span> <span class='ocrx_word' id='word_1_683' title='bbox 2395 3337 2539 3383; x_wconf 89' lang='lat' dir='ltr'><strong>recte</strong></span> <span class='ocrx_word' id='word_1_684' title='bbox 2562 3327 2996 3383; x_wconf 87' lang='lat' dir='ltr'><strong>immolaverunt.</strong></span> <span class='ocrx_word' id='word_1_685' title='bbox 3021 3328 3184 3385; x_wconf 84' lang='lat' dir='ltr'><strong>Miror</strong></span> <span class='ocrx_word' id='word_1_686' title='bbox 3218 3326 3426 3387; x_wconf 72' lang='lat' dir='ltr'><strong>nullum</strong></span> 
     </span>
    </p>
   </div>
   <div class='ocr_carea' id='block_1_102' title="bbox 1833 3398 3432 3468">
    <p class='ocr_par' dir='ltr' id='par_1_102' title="bbox 1833 3398 3432 3468">
     <span class='ocr_line' id='line_1_106' title="bbox 1833 3398 3432 3468; baseline 0.003 -13"><span class='ocrx_word' id='word_1_687' title='bbox 1833 3414 1902 3456; x_wconf 84' lang='lat' dir='ltr'><strong>ex</strong></span> <span class='ocrx_word' id='word_1_688' title='bbox 1946 3398 2171 3455; x_wconf 81' lang='lat' dir='ltr'><strong>eruditis</strong></span> <span class='ocrx_word' id='word_1_689' title='bbox 2209 3398 2340 3453; x_wconf 88' lang='lat' dir='ltr'><strong>viris</strong></span> <span class='ocrx_word' id='word_1_690' title='bbox 2379 3398 2714 3467; x_wconf 86' lang='lat' dir='ltr'><strong>inquisiisse.</strong></span> <span class='ocrx_word' id='word_1_691' title='bbox 2743 3413 2988 3468; x_wconf 83' lang='lat' dir='ltr'><strong>quaenam</strong></span> <span class='ocrx_word' id='word_1_692' title='bbox 3035 3410 3179 3455; x_wconf 89' lang='lat' dir='ltr'><strong>esset</strong></span> <span class='ocrx_word' id='word_1_693' title='bbox 3218 3402 3432 3461; x_wconf 76' lang='lat' dir='ltr'><strong>Faustae</strong></span> 
     </span>
    </p>
   </div>
   <div class='ocr_carea' id='block_1_103' title="bbox 1832 3467 3426 3539">
    <p class='ocr_par' dir='ltr' id='par_1_103' title="bbox 1832 3467 3426 3539">
     <span class='ocr_line' id='line_1_107' title="bbox 1832 3467 3426 3539; baseline -0.003 -14"><span class='ocrx_word' id='word_1_694' title='bbox 1832 3484 1989 3527; x_wconf 86' lang='lat' dir='ltr'><strong>soror</strong></span> <span class='ocrx_word' id='word_1_695' title='bbox 2017 3480 2141 3525; x_wconf 88' lang='lat' dir='ltr'><strong>natu</strong></span> <span class='ocrx_word' id='word_1_696' title='bbox 2171 3469 2365 3538; x_wconf 82' lang='lat' dir='ltr'><strong>major.</strong></span> <span class='ocrx_word' id='word_1_697' title='bbox 2397 3478 2452 3523; x_wconf 85' lang='lat' dir='ltr'><strong>et</strong></span> <span class='ocrx_word' id='word_1_698' title='bbox 2476 3485 2542 3524; x_wconf 91' lang='lat' dir='ltr'><strong>an</strong></span> <span class='ocrx_word' id='word_1_699' title='bbox 2570 3467 2733 3523; x_wconf 84' lang='lat' dir='ltr'><strong>fuerit</strong></span> <span class='ocrx_word' id='word_1_700' title='bbox 2761 3467 3030 3539; x_wconf 84' lang='lat' dir='ltr'><strong>unquam;</strong></span> <span class='ocrx_word' id='word_1_701' title='bbox 3058 3472 3254 3529; x_wconf 82' lang='lat' dir='ltr'><strong>nullam</strong></span> <span class='ocrx_word' id='word_1_702' title='bbox 3283 3476 3426 3530; x_wconf 76' lang='lat' dir='ltr'><strong>enim</strong></span> 
     </span>
    </p>
   </div>
   <div class='ocr_carea' id='block_1_104' title="bbox 1831 3540 3427 3610">
    <p class='ocr_par' dir='ltr' id='par_1_104' title="bbox 1831 3540 3427 3610">
     <span class='ocr_line' id='line_1_108' title="bbox 1831 3540 3427 3610; baseline 0.002 -12"><span class='ocrx_word' id='word_1_703' title='bbox 1831 3542 2074 3610; x_wconf 84' lang='lat' dir='ltr'><strong>reperire</strong></span> <span class='ocrx_word' id='word_1_704' title='bbox 2129 3540 2261 3595; x_wconf 90' lang='lat' dir='ltr'><strong>mihi</strong></span> <span class='ocrx_word' id='word_1_705' title='bbox 2314 3541 2497 3597; x_wconf 82' lang='lat' dir='ltr'><strong>datum</strong></span> <span class='ocrx_word' id='word_1_706' title='bbox 2548 3549 2631 3595; x_wconf 89' lang='lat' dir='ltr'><strong>est</strong></span> <span class='ocrx_word' id='word_1_707' title='bbox 2678 3541 2818 3609; x_wconf 91' lang='lat' dir='ltr'><strong>apud</strong></span> <span class='ocrx_word' id='word_1_708' title='bbox 2870 3540 3127 3597; x_wconf 66' lang='lat' dir='ltr'><strong>Romanas</strong></span> <span class='ocrx_word' id='word_1_709' title='bbox 3175 3542 3427 3601; x_wconf 67' lang='lat' dir='ltr'><strong>Historiae</strong></span> 
     </span>
    </p>
   </div>
   <div class='ocr_carea' id='block_1_105' title="bbox 1831 3610 3425 3684">
    <p class='ocr_par' dir='ltr' id='par_1_105' title="bbox 1831 3610 3425 3684">
     <span class='ocr_line' id='line_1_109' title="bbox 1831 3610 3425 3684; baseline 0.004 -19"><span class='ocrx_word' id='word_1_710' title='bbox 1831 3615 2157 3684; x_wconf 22' lang='lat' dir='ltr'><strong>scriptores.‘</strong></span> <span class='ocrx_word' id='word_1_711' title='bbox 2190 3610 2438 3684; x_wconf 78' lang='lat' dir='ltr'><strong>Attamen</strong></span> <span class='ocrx_word' id='word_1_712' title='bbox 2471 3611 2628 3684; x_wconf 82' lang='lat' dir='ltr'><strong>lectio</strong></span> <span class='ocrx_word' id='word_1_713' title='bbox 2647 3626 2748 3664; x_wconf 89' lang='lat' dir='ltr'><strong>ms.</strong></span> <span class='ocrx_word' id='word_1_714' title='bbox 2780 3614 2973 3684; x_wconf 81' lang='lat' dir='ltr'><strong>nierito</strong></span> <span class='ocrx_word' id='word_1_715' title='bbox 2996 3612 3096 3666; x_wconf 81' lang='lat' dir='ltr'><strong>fuit</strong></span> <span class='ocrx_word' id='word_1_716' title='bbox 3124 3612 3425 3684; x_wconf 88' lang='lat' dir='ltr'><strong>immutata,</strong></span> 
     </span>
    </p>
   </div>
   <div class='ocr_carea' id='block_1_106' title="bbox 1830 3680 3422 3751">
    <p class='ocr_par' dir='ltr' id='par_1_106' title="bbox 1830 3680 3422 3751">
     <span class='ocr_line' id='line_1_110' title="bbox 1830 3680 3422 3751; baseline 0.001 -14"><span class='ocrx_word' id='word_1_717' title='bbox 1830 3697 1932 3739; x_wconf 88' lang='lat' dir='ltr'><strong>nec</strong></span> <span class='ocrx_word' id='word_1_718' title='bbox 1962 3691 2118 3751; x_wconf 88' lang='lat' dir='ltr'><strong>prout</strong></span> <span class='ocrx_word' id='word_1_719' title='bbox 2138 3681 2281 3750; x_wconf 84' lang='lat' dir='ltr'><strong>jacet</strong></span> <span class='ocrx_word' id='word_1_720' title='bbox 2300 3681 2353 3735; x_wconf 92' lang='lat' dir='ltr'><strong>in</strong></span> <span class='ocrx_word' id='word_1_721' title='bbox 2385 3680 2666 3739; x_wconf 84' lang='lat' dir='ltr'><strong>Lactantio</strong></span> <span class='ocrx_word' id='word_1_722' title='bbox 2683 3680 2854 3750; x_wconf 88' lang='lat' dir='ltr'><strong>potuit</strong></span> <span class='ocrx_word' id='word_1_723' title='bbox 2873 3685 3209 3739; x_wconf 85' lang='lat' dir='ltr'><strong>conservari.</strong></span> <span class='ocrx_word' id='word_1_724' title='bbox 3237 3680 3422 3743; x_wconf 66' lang='lat' dir='ltr'><strong>Nullos</strong></span> 
     </span>
    </p>
   </div>
   <div class='ocr_carea' id='block_1_107' title="bbox 1829 3751 3421 3820">
    <p class='ocr_par' dir='ltr' id='par_1_107' title="bbox 1829 3751 3421 3820">
     <span class='ocr_line' id='line_1_111' title="bbox 1829 3751 3421 3820; baseline 0.001 -9"><span class='ocrx_word' id='word_1_725' title='bbox 1829 3752 2183 3811; x_wconf 82' lang='lat' dir='ltr'><strong>Maximianus</strong></span> <span class='ocrx_word' id='word_1_726' title='bbox 2226 3752 2508 3809; x_wconf 84' lang='lat' dir='ltr'><strong>Herculius</strong></span> <span class='ocrx_word' id='word_1_727' title='bbox 2551 3751 2688 3806; x_wconf 90' lang='lat' dir='ltr'><strong>alios</strong></span> <span class='ocrx_word' id='word_1_728' title='bbox 2727 3767 2793 3806; x_wconf 84' lang='lat' dir='ltr'><strong>ex</strong></span> <span class='ocrx_word' id='word_1_729' title='bbox 2823 3766 2919 3807; x_wconf 86' lang='lat' dir='ltr'><strong>sua</strong></span> <span class='ocrx_word' id='word_1_730' title='bbox 2946 3767 3116 3809; x_wconf 80' lang='lat' dir='ltr'><strong>uxore</strong></span> <span class='ocrx_word' id='word_1_731' title='bbox 3159 3754 3421 3820; x_wconf 82' lang='lat' dir='ltr'><strong>EutrOpia</strong></span> 
     </span>
    </p>
   </div>
   <div class='ocr_carea' id='block_1_108' title="bbox 1830 3821 3417 3895">
    <p class='ocr_par' dir='ltr' id='par_1_108' title="bbox 1830 3821 3417 3895">
     <span class='ocr_line' id='line_1_112' title="bbox 1830 3821 3417 3895; baseline 0.001 -17"><span class='ocrx_word' id='word_1_732' title='bbox 1830 3824 2019 3883; x_wconf 88' lang='lat' dir='ltr'><strong>habuit</strong></span> <span class='ocrx_word' id='word_1_733' title='bbox 2061 3825 2260 3880; x_wconf 89' lang='lat' dir='ltr'><strong>liberos</strong></span> <span class='ocrx_word' id='word_1_734' title='bbox 2282 3862 2303 3891; x_wconf 91' lang='lat'><strong>,</strong></span> <span class='ocrx_word' id='word_1_735' title='bbox 2327 3838 2486 3894; x_wconf 89' lang='lat' dir='ltr'><strong>quam</strong></span> <span class='ocrx_word' id='word_1_736' title='bbox 2515 3821 2860 3895; x_wconf 70' lang='lat' dir='ltr'><strong>Maxentium,</strong></span> <span class='ocrx_word' id='word_1_737' title='bbox 2890 3822 2960 3879; x_wconf 89' lang='lat' dir='ltr'><strong>de</strong></span> <span class='ocrx_word' id='word_1_738' title='bbox 2993 3839 3100 3892; x_wconf 90' lang='lat' dir='ltr'><strong>quo</strong></span> <span class='ocrx_word' id='word_1_739' title='bbox 3127 3827 3300 3895; x_wconf 82' lang='lat' dir='ltr'><strong>capite</strong></span> <span class='ocrx_word' id='word_1_740' title='bbox 3326 3827 3417 3895; x_wconf 71' lang='grc'><strong>26,</strong></span> 
     </span>
    </p>
   </div>
   <div class='ocr_carea' id='block_1_109' title="bbox 1829 3892 3425 3966">
    <p class='ocr_par' dir='ltr' id='par_1_109' title="bbox 1829 3892 3425 3966">
     <span class='ocr_line' id='line_1_113' title="bbox 1829 3892 3425 3966; baseline 0 -13"><span class='ocrx_word' id='word_1_741' title='bbox 1829 3905 1885 3953; x_wconf 87' lang='lat' dir='ltr'><strong>et</strong></span> <span class='ocrx_word' id='word_1_742' title='bbox 1916 3898 2191 3961; x_wconf 88' lang='lat' dir='ltr'><strong>Faustam,</strong></span> <span class='ocrx_word' id='word_1_743' title='bbox 2216 3895 2285 3951; x_wconf 89' lang='lat' dir='ltr'><strong>de</strong></span> <span class='ocrx_word' id='word_1_744' title='bbox 2304 3892 2406 3964; x_wconf 86' lang='lat' dir='ltr'><strong>qua</strong></span> <span class='ocrx_word' id='word_1_745' title='bbox 2436 3908 2559 3966; x_wconf 72' lang='lat' dir='ltr'><strong>cap.</strong></span> <span class='ocrx_word' id='word_1_746' title='bbox 2587 3892 2677 3949; x_wconf 73' lang='lat'><strong>50.</strong></span> <span class='ocrx_word' id='word_1_747' title='bbox 2707 3892 2911 3966; x_wconf 67' lang='lat' dir='ltr'><strong>Yerum</strong></span> <span class='ocrx_word' id='word_1_748' title='bbox 2942 3892 3218 3966; x_wconf 63' lang='lat' dir='ltr'><strong>Eutropia;</strong></span> <span class='ocrx_word' id='word_1_749' title='bbox 3246 3892 3425 3966; x_wconf 85' lang='lat' dir='ltr'><strong>prius-</strong></span> 
     </span>
    </p>
   </div>
   <div class='ocr_carea' id='block_1_110' title="bbox 1828 3964 3420 4036">
    <p class='ocr_par' dir='ltr' id='par_1_110' title="bbox 1828 3964 3420 4036">
     <span class='ocr_line' id='line_1_114' title="bbox 1828 3964 3420 4036; baseline 0.001 -15"><span class='ocrx_word' id='word_1_750' title='bbox 1828 3983 1988 4036; x_wconf 90' lang='lat' dir='ltr'><strong>quam</strong></span> <span class='ocrx_word' id='word_1_751' title='bbox 2019 3976 2180 4036; x_wconf 90' lang='lat' dir='ltr'><strong>nupta</strong></span> <span class='ocrx_word' id='word_1_752' title='bbox 2210 3974 2354 4021; x_wconf 90' lang='lat' dir='ltr'><strong>esset</strong></span> <span class='ocrx_word' id='word_1_753' title='bbox 2374 3980 2496 4020; x_wconf 91' lang='lat' dir='ltr'><strong>cum</strong></span> <span class='ocrx_word' id='word_1_754' title='bbox 2520 3964 2793 4036; x_wconf 78' lang='lat' dir='ltr'><strong>Herculio,</strong></span> <span class='ocrx_word' id='word_1_755' title='bbox 2814 3965 2986 4036; x_wconf 64' lang='lat' dir='ltr'><strong>filiam</strong></span> <span class='ocrx_word' id='word_1_756' title='bbox 3028 3965 3214 4036; x_wconf 84' lang='lat' dir='ltr'><strong>habuit</strong></span> <span class='ocrx_word' id='word_1_757' title='bbox 3239 3964 3420 4023; x_wconf 86' lang='lat' dir='ltr'><strong>Theo-</strong></span> 
     </span>
    </p>
   </div>
   <div class='ocr_carea' id='block_1_111' title="bbox 1828 4032 3421 4108">
    <p class='ocr_par' dir='ltr' id='par_1_111' title="bbox 1828 4032 3421 4108">
     <span class='ocr_line' id='line_1_115' title="bbox 1828 4032 3421 4108; baseline 0.002 -15"><span class='ocrx_word' id='word_1_758' title='bbox 1828 4032 2015 4108; x_wconf 85' lang='lat' dir='ltr'><strong>doram</strong></span> <span class='ocrx_word' id='word_1_759' title='bbox 2060 4032 2220 4108; x_wconf 81' lang='lat' dir='ltr'><strong>quam</strong></span> <span class='ocrx_word' id='word_1_760' title='bbox 2267 4050 2489 4108; x_wconf 75' lang='lat' dir='ltr'><strong>uxorem</strong></span> <span class='ocrx_word' id='word_1_761' title='bbox 2531 4035 2759 4108; x_wconf 79' lang='lat' dir='ltr'><strong>duxerat</strong></span> <span class='ocrx_word' id='word_1_762' title='bbox 2800 4032 3145 4108; x_wconf 88' lang='lat' dir='ltr'><strong>Cons_tantius</strong></span> <span class='ocrx_word' id='word_1_763' title='bbox 3187 4037 3421 4096; x_wconf 86' lang='lat' dir='ltr'><strong>Chlorns</strong></span> 
     </span>
    </p>
   </div>
   <div class='ocr_carea' id='block_1_112' title="bbox 1828 4106 3412 4177">
    <p class='ocr_par' dir='ltr' id='par_1_112' title="bbox 1828 4106 3412 4177">
     <span class='ocr_line' id='line_1_116' title="bbox 1828 4106 3412 4177; baseline 0 -13"><span class='ocrx_word' id='word_1_764' title='bbox 1828 4106 2164 4165; x_wconf 76' lang='lat' dir='ltr'><strong>Constantini</strong></span> <span class='ocrx_word' id='word_1_765' title='bbox 2197 4108 2375 4164; x_wconf 88' lang='lat' dir='ltr'><strong>Pater.</strong></span> <span class='ocrx_word' id='word_1_766' title='bbox 2409 4106 2748 4165; x_wconf 84' lang='lat' dir='ltr'><strong>Theodoram</strong></span> <span class='ocrx_word' id='word_1_767' title='bbox 2778 4121 2910 4165; x_wconf 89' lang='lat' dir='ltr'><strong>vero</strong></span> <span class='ocrx_word' id='word_1_768' title='bbox 2930 4106 3204 4177; x_wconf 74' lang='lat' dir='ltr'><strong>Eutropia:</strong></span> <span class='ocrx_word' id='word_1_769' title='bbox 3231 4108 3412 4176; x_wconf 82' lang='lat' dir='ltr'><strong>ﬁliam,</strong></span> 
     </span>
    </p>
   </div>
   <div class='ocr_carea' id='block_1_113' title="bbox 1827 4177 3419 4249">
    <p class='ocr_par' dir='ltr' id='par_1_113' title="bbox 1827 4177 3419 4249">
     <span class='ocr_line' id='line_1_117' title="bbox 1827 4177 3419 4249; baseline 0.001 -14"><span class='ocrx_word' id='word_1_770' title='bbox 1827 4190 1887 4235; x_wconf 88' lang='lat' dir='ltr'><strong>ut</strong></span> <span class='ocrx_word' id='word_1_771' title='bbox 1911 4196 2085 4247; x_wconf 88' lang='lat' dir='ltr'><strong>suam,</strong></span> <span class='ocrx_word' id='word_1_772' title='bbox 2118 4180 2302 4249; x_wconf 86' lang='lat' dir='ltr'><strong>procul</strong></span> <span class='ocrx_word' id='word_1_773' title='bbox 2327 4178 2491 4234; x_wconf 90' lang='lat' dir='ltr'><strong>dubio</strong></span> <span class='ocrx_word' id='word_1_774' title='bbox 2528 4177 2757 4249; x_wconf 84' lang='lat' dir='ltr'><strong>habebat</strong></span> <span class='ocrx_word' id='word_1_775' title='bbox 2786 4177 3088 4249; x_wconf 83' lang='lat' dir='ltr'><strong>Herculius.</strong></span> <span class='ocrx_word' id='word_1_776' title='bbox 3121 4178 3308 4247; x_wconf 81' lang='lat' dir='ltr'><strong>itaque</strong></span> <span class='ocrx_word' id='word_1_777' title='bbox 3352 4182 3419 4236; x_wconf 89' lang='lat' dir='ltr'><strong>de</strong></span> 
     </span>
    </p>
   </div>
   <div class='ocr_carea' id='block_1_114' title="bbox 1827 4248 3416 4322">
    <p class='ocr_par' dir='ltr' id='par_1_114' title="bbox 1827 4248 3416 4322">
     <span class='ocr_line' id='line_1_118' title="bbox 1827 4248 3416 4322; baseline -0.001 -16"><span class='ocrx_word' id='word_1_778' title='bbox 1827 4251 2026 4308; x_wconf 86' lang='lat' dir='ltr'><strong>Fausta</strong></span> <span class='ocrx_word' id='word_1_779' title='bbox 2070 4248 2242 4322; x_wconf 79' lang='lat' dir='ltr'><strong>patuit</strong></span> <span class='ocrx_word' id='word_1_780' title='bbox 2268 4249 2577 4322; x_wconf 63' lang='lat' dir='ltr'><strong>Lactantius</strong></span> <span class='ocrx_word' id='word_1_781' title='bbox 2616 4248 2818 4322; x_wconf 80' lang='lat' dir='ltr'><strong>dicere,</strong></span> <span class='ocrx_word' id='word_1_782' title='bbox 2860 4248 3007 4322; x_wconf 78' lang='lat' dir='ltr'><strong>quod</strong></span> <span class='ocrx_word' id='word_1_783' title='bbox 3046 4248 3280 4322; x_wconf 77' lang='lat' dir='ltr'><strong>Herculii</strong></span> <span class='ocrx_word' id='word_1_784' title='bbox 3311 4251 3416 4305; x_wconf 84' lang='lat' dir='ltr'><strong>tilia</strong></span> 
     </span>
    </p>
   </div>
   <div class='ocr_carea' id='block_1_115' title="bbox 1826 4319 3423 4391">
    <p class='ocr_par' dir='ltr' id='par_1_115' title="bbox 1826 4319 3423 4391">
     <span class='ocr_line' id='line_1_119' title="bbox 1826 4319 3423 4391; baseline -0.003 -12"><span class='ocrx_word' id='word_1_785' title='bbox 1826 4324 2007 4379; x_wconf 89' lang='lat' dir='ltr'><strong>minor</strong></span> <span class='ocrx_word' id='word_1_786' title='bbox 2031 4319 2197 4379; x_wconf 68' lang='lat' dir='ltr'><strong>eéset.</strong></span> <span class='ocrx_word' id='word_1_787' title='bbox 2226 4350 2297 4361; x_wconf 89' lang='lat'><strong>——</strong></span> <span class='ocrx_word' id='word_1_788' title='bbox 2322 4319 2390 4373; x_wconf 87' lang='lat' dir='ltr'><strong>Et</strong></span> <span class='ocrx_word' id='word_1_789' title='bbox 2414 4319 2564 4373; x_wconf 84' lang='lat' dir='ltr'><strong>rebus</strong></span> <span class='ocrx_word' id='word_1_790' title='bbox 2591 4320 2768 4387; x_wconf 66' lang='lat' dir='ltr'><strong>ereptis</strong></span> <span class='ocrx_word' id='word_1_791' title='bbox 2795 4319 3014 4391; x_wconf 82' lang='lat' dir='ltr'><strong>inimicis</strong></span> <span class='ocrx_word' id='word_1_792' title='bbox 3042 4320 3312 4391; x_wconf 81' lang='lat' dir='ltr'><strong>diligenter</strong></span> <span class='ocrx_word' id='word_1_793' title='bbox 3342 4322 3423 4376; x_wconf 85' lang='lat' dir='ltr'><strong>in-</strong></span> 
     </span>
    </p>
   </div>
   <div class='ocr_carea' id='block_1_116' title="bbox 1827 4389 3414 4455">
    <p class='ocr_par' dir='ltr' id='par_1_116' title="bbox 1827 4389 3414 4455">
     <span class='ocr_line' id='line_1_120' title="bbox 1827 4389 3414 4455; baseline -0.002 -5"><span class='ocrx_word' id='word_1_794' title='bbox 1827 4397 2053 4451; x_wconf 77' lang='lat' dir='ltr'><strong>structis.</strong></span> <span class='ocrx_word' id='word_1_795' title='bbox 2086 4395 2191 4448; x_wconf 88' lang='lat' dir='ltr'><strong>Pro</strong></span> <span class='ocrx_word' id='word_1_796' title='bbox 2214 4391 2471 4446; x_wconf 75' lang='lat' dir='ltr'><strong>instructis</strong></span> <span class='ocrx_word' id='word_1_797' title='bbox 2493 4392 2789 4447; x_wconf 85' lang='lat' dir='ltr'><strong>Buneman.</strong></span> <span class='ocrx_word' id='word_1_798' title='bbox 2804 4389 2984 4455; x_wconf 85' lang='lat' dir='ltr'><strong>habet,</strong></span> <span class='ocrx_word' id='word_1_799' title='bbox 3006 4389 3260 4446; x_wconf 75' lang='lat' dir='ltr'><strong>instruens</strong></span> <span class='ocrx_word' id='word_1_800' title='bbox 3283 4402 3338 4447; x_wconf 89' lang='lat' dir='ltr'><strong>et</strong></span> <span class='ocrx_word' id='word_1_801' title='bbox 3361 4394 3414 4447; x_wconf 90' lang='lat' dir='ltr'><strong>in</strong></span> 
     </span>
    </p>
   </div>
   <div class='ocr_carea' id='block_1_117' title="bbox 1828 4459 3414 4531">
    <p class='ocr_par' dir='ltr' id='par_1_117' title="bbox 1828 4459 3414 4531">
     <span class='ocr_line' id='line_1_121' title="bbox 1828 4459 3414 4531; baseline -0.001 -12"><span class='ocrx_word' id='word_1_802' title='bbox 1828 4466 1969 4521; x_wconf 90' lang='lat' dir='ltr'><strong>hunc</strong></span> <span class='ocrx_word' id='word_1_803' title='bbox 1991 4467 2166 4520; x_wconf 88' lang='lat' dir='ltr'><strong>locum</strong></span> <span class='ocrx_word' id='word_1_804' title='bbox 2196 4473 2377 4519; x_wconf 88' lang='lat' dir='ltr'><strong>notam</strong></span> <span class='ocrx_word' id='word_1_805' title='bbox 2401 4472 2716 4531; x_wconf 84' lang='lat' dir='ltr'><strong>sequentem</strong></span> <span class='ocrx_word' id='word_1_806' title='bbox 2737 4459 2985 4531; x_wconf 85' lang='lat' dir='ltr'><strong>exhibet:</strong></span> <span class='ocrx_word' id='word_1_807' title='bbox 3005 4488 3080 4531; x_wconf 55' lang='grc' dir='ltr'><strong>έ-</strong></span> <span class='ocrx_word' id='word_1_808' title='bbox 3097 4460 3168 4515; x_wconf 84' lang='lat' dir='ltr'><strong>Et</strong></span> <span class='ocrx_word' id='word_1_809' title='bbox 3195 4461 3414 4519; x_wconf 81' lang='lat' dir='ltr'><strong>rebus...</strong></span> 
     </span>
    </p>
   </div>
   <div class='ocr_carea' id='block_1_118' title="bbox 3469 1428 3505 1446">
    <p class='ocr_par' dir='ltr' id='par_1_118' title="bbox 3469 1428 3505 1446">
     <span class='ocr_line' id='line_1_122' title="bbox 3469 1428 3505 1446; baseline 0 0"><span class='ocrx_word' id='word_1_810' title='bbox 3469 1428 3505 1446; x_wconf 63' lang='grc' dir='ltr'><em>ι</em></span> 
     </span>
    </p>
   </div>
   <div class='ocr_carea' id='block_1_119' title="bbox 1825 4530 3470 4607">
    <p class='ocr_par' dir='ltr' id='par_1_119' title="bbox 1825 4530 3470 4607">
     <span class='ocr_line' id='line_1_123' title="bbox 1825 4530 3470 4607; baseline -0.003 -14"><span class='ocrx_word' id='word_1_811' title='bbox 1825 4538 2096 4607; x_wconf 81' lang='lat' dir='ltr'><strong>diligenter</strong></span> <span class='ocrx_word' id='word_1_812' title='bbox 2123 4537 2401 4590; x_wconf 76' lang='lat' dir='ltr'><strong>instruens.</strong></span> <span class='ocrx_word' id='word_1_813' title='bbox 2421 4530 2538 4607; x_wconf 70' lang='lat' dir='ltr'><strong>Ego</strong></span> <span class='ocrx_word' id='word_1_814' title='bbox 2567 4530 2903 4607; x_wconf 64' lang='lat' dir='ltr'><strong>suspicabar,</strong></span> <span class='ocrx_word' id='word_1_815' title='bbox 2927 4530 3309 4607; x_wconf 75' lang='lat' dir='ltr'><strong>oblitterariim</strong></span> <span class='ocrx_word' id='word_1_816' title='bbox 3340 4535 3416 4589; x_wconf 86' lang='lat' dir='ltr'><strong>si-</strong></span> <span class='ocrx_word' id='word_1_817' title='bbox 3465 4562 3470 4567; x_wconf 89' lang='lat'><em>-</em></span> 
     </span>
    </p>
   </div>
   <div class='ocr_carea' id='block_1_120' title="bbox 1826 4600 3415 4674">
    <p class='ocr_par' dir='ltr' id='par_1_120' title="bbox 1826 4600 3415 4674">
     <span class='ocr_line' id='line_1_124' title="bbox 1826 4600 3415 4674; baseline -0.002 -12"><span class='ocrx_word' id='word_1_818' title='bbox 1826 4600 2214 4669; x_wconf 75' lang='lat' dir='ltr'><strong>militudinem,</strong></span> <span class='ocrx_word' id='word_1_819' title='bbox 2267 4600 2602 4674; x_wconf 77' lang='lat' dir='ltr'><strong>legendum:</strong></span> <span class='ocrx_word' id='word_1_820' title='bbox 2644 4600 2781 4674; x_wconf 84' lang='lat' dir='ltr'><strong>Urbe</strong></span> <span class='ocrx_word' id='word_1_821' title='bbox 2810 4602 3037 4674; x_wconf 84' lang='lat' dir='ltr'><strong>munita,</strong></span> <span class='ocrx_word' id='word_1_822' title='bbox 3087 4611 3135 4655; x_wconf 86' lang='lat' dir='ltr'><strong>et</strong></span> <span class='ocrx_word' id='word_1_823' title='bbox 3176 4601 3327 4657; x_wconf 87' lang='lat' dir='ltr'><strong>rebus</strong></span> <span class='ocrx_word' id='word_1_824' title='bbox 3367 4616 3415 4659; x_wconf 82' lang='lat' dir='ltr'><strong>ct</strong></span> 
     </span>
    </p>
   </div>
   <div class='ocr_carea' id='block_1_121' title="bbox 1824 4672 3433 4747">
    <p class='ocr_par' dir='ltr' id='par_1_121' title="bbox 1824 4672 3433 4747">
     <span class='ocr_line' id='line_1_125' title="bbox 1824 4672 3433 4747; baseline -0.004 -14"><span class='ocrx_word' id='word_1_825' title='bbox 1824 4679 1984 4747; x_wconf 88' lang='lat' dir='ltr'><strong>capiis</strong></span> <span class='ocrx_word' id='word_1_826' title='bbox 2006 4679 2227 4732; x_wconf 85' lang='lat' dir='ltr'><strong>inimicis</strong></span> <span class='ocrx_word' id='word_1_827' title='bbox 2248 4672 2518 4747; x_wconf 80' lang='lat' dir='ltr'><strong>diligenter</strong></span> <span class='ocrx_word' id='word_1_828' title='bbox 2546 4673 2830 4747; x_wconf 70' lang='lat' dir='ltr'><strong>instructis,</strong></span> <span class='ocrx_word' id='word_1_829' title='bbox 2860 4672 2915 4729; x_wconf 88' lang='lat' dir='ltr'><strong>id</strong></span> <span class='ocrx_word' id='word_1_830' title='bbox 2934 4680 3044 4747; x_wconf 85' lang='lat' dir='ltr'><strong>_est</strong></span> <span class='ocrx_word' id='word_1_831' title='bbox 3070 4674 3266 4747; x_wconf 75' lang='lat' dir='ltr'><strong>paratis</strong></span> <span class='ocrx_word' id='word_1_832' title='bbox 3290 4691 3433 4744; x_wconf 46' lang='lat' dir='ltr'><strong>pro-2</strong></span> 
     </span>
    </p>
   </div>
   <div class='ocr_carea' id='block_1_122' title="bbox 1825 4743 3408 4820">
    <p class='ocr_par' dir='ltr' id='par_1_122' title="bbox 1825 4743 3408 4820">
     <span class='ocr_line' id='line_1_126' title="bbox 1825 4743 3408 4820; baseline -0.003 -17"><span class='ocrx_word' id='word_1_833' title='bbox 1825 4743 2087 4820; x_wconf 77' lang='lat' dir='ltr'><strong>ﬁciscitur.</strong></span> <span class='ocrx_word' id='word_1_834' title='bbox 2134 4748 2212 4803; x_wconf 88' lang='lat' dir='ltr'><strong>Ea</strong></span> <span class='ocrx_word' id='word_1_835' title='bbox 2257 4743 2467 4802; x_wconf 86' lang='lat' dir='ltr'><strong>ratione</strong></span> <span class='ocrx_word' id='word_1_836' title='bbox 2510 4751 2636 4820; x_wconf 79' lang='lat' dir='ltr'><strong>sunt</strong></span> <span class='ocrx_word' id='word_1_837' title='bbox 2673 4743 3076 4820; x_wconf 77' lang='lat' dir='ltr'><strong>omtii_a__plena.</strong></span> <span class='ocrx_word' id='word_1_838' title='bbox 3119 4743 3408 4813; x_wconf 81' lang='lat' dir='ltr'><strong>Postquam</strong></span> 
     </span>
    </p>
   </div>
   <div class='ocr_carea' id='block_1_123' title="bbox 1825 4812 3412 4886">
    <p class='ocr_par' dir='ltr' id='par_1_123' title="bbox 1825 4812 3412 4886">
     <span class='ocr_line' id='line_1_127' title="bbox 1825 4812 3412 4886; baseline -0.003 -10"><span class='ocrx_word' id='word_1_839' title='bbox 1825 4812 1952 4879; x_wconf 84' lang='lat' dir='ltr'><strong>urbs</strong></span> <span class='ocrx_word' id='word_1_840' title='bbox 1981 4820 2205 4886; x_wconf 87' lang='lat' dir='ltr'><strong>munita,</strong></span> <span class='ocrx_word' id='word_1_841' title='bbox 2251 4827 2306 4874; x_wconf 88' lang='lat' dir='ltr'><strong>et</strong></span> <span class='ocrx_word' id='word_1_842' title='bbox 2345 4831 2433 4873; x_wconf 88' lang='lat' dir='ltr'><strong>res</strong></span> <span class='ocrx_word' id='word_1_843' title='bbox 2476 4815 2753 4884; x_wconf 78' lang='lat' dir='ltr'><strong>copiaeque</strong></span> <span class='ocrx_word' id='word_1_844' title='bbox 2795 4812 3080 4886; x_wconf 72' lang='lat' dir='ltr'><strong>diligenter</strong></span> <span class='ocrx_word' id='word_1_845' title='bbox 3108 4812 3326 4886; x_wconf 72' lang='lat' dir='ltr'><strong>parata:</strong></span> <span class='ocrx_word' id='word_1_846' title='bbox 3356 4826 3412 4871; x_wconf 89' lang='lat' dir='ltr'><strong>et</strong></span> 
     </span>
    </p>
   </div>
   <div class='ocr_carea' id='block_1_124' title="bbox 1822 4884 3406 4957">
    <p class='ocr_par' dir='ltr' id='par_1_124' title="bbox 1822 4884 3406 4957">
     <span class='ocr_line' id='line_1_128' title="bbox 1822 4884 3406 4957; baseline -0.004 -10"><span class='ocrx_word' id='word_1_847' title='bbox 1822 4892 2097 4948; x_wconf 62' lang='lat' dir='ltr'><strong>instructae</strong></span> <span class='ocrx_word' id='word_1_848' title='bbox 2143 4884 2346 4950; x_wconf 76' lang='lat' dir='ltr'><strong>essent.</strong></span> <span class='ocrx_word' id='word_1_849' title='bbox 2395 4888 2773 4957; x_wconf 81' lang='lat' dir='ltr'><strong>proﬁciscitur.</strong></span> <span class='ocrx_word' id='word_1_850' title='bbox 2822 4884 2994 4943; x_wconf 84' lang='lat' dir='ltr'><strong>Nemo</strong></span> <span class='ocrx_word' id='word_1_851' title='bbox 3030 4884 3174 4940; x_wconf 86' lang='lat' dir='ltr'><strong>enim</strong></span> <span class='ocrx_word' id='word_1_852' title='bbox 3214 4887 3406 4952; x_wconf 89' lang='lat' dir='ltr'><strong>nescit,</strong></span> 
     </span>
    </p>
   </div>
   <div class='ocr_carea' id='block_1_125' title="bbox 1822 4957 3408 5031">
    <p class='ocr_par' dir='ltr' id='par_1_125' title="bbox 1822 4957 3408 5031">
     <span class='ocr_line' id='line_1_129' title="bbox 1822 4957 3408 5031; baseline -0.002 -14"><span class='ocrx_word' id='word_1_853' title='bbox 1822 4964 2103 5019; x_wconf 85' lang='lat' dir='ltr'><strong>instructus</strong></span> <span class='ocrx_word' id='word_1_854' title='bbox 2148 4962 2422 5031; x_wconf 79' lang='lat' dir='ltr'><strong>eleganter</strong></span> <span class='ocrx_word' id='word_1_855' title='bbox 2468 4958 2593 5028; x_wconf 88' lang='lat' dir='ltr'><strong>poni</strong></span> <span class='ocrx_word' id='word_1_856' title='bbox 2639 4971 2742 5027; x_wconf 88' lang='lat' dir='ltr'><strong>pro</strong></span> <span class='ocrx_word' id='word_1_857' title='bbox 2792 4965 3031 5027; x_wconf 71' lang='lat' dir='ltr'><strong>palatus;</strong></span> <span class='ocrx_word' id='word_1_858' title='bbox 3073 4964 3237 5027; x_wconf 84' lang='lat' dir='ltr'><strong>atque</strong></span> <span class='ocrx_word' id='word_1_859' title='bbox 3281 4957 3408 5014; x_wconf 88' lang='lat' dir='ltr'><strong>inde</strong></span> 
     </span>
    </p>
   </div>
   <div class='ocr_carea' id='block_1_126' title="bbox 1821 5032 2746 5109">
    <p class='ocr_par' dir='ltr' id='par_1_126' title="bbox 1821 5032 2746 5109">
     <span class='ocr_line' id='line_1_130' title="bbox 1821 5032 2746 5109; baseline 0 0"><span class='ocrx_word' id='word_1_860' title='bbox 1821 5032 2436 5109; x_wconf 58' lang='grc' dir='ltr'><strong>εωρβερηὶυηείοβωο.</strong></span> <span class='ocrx_word' id='word_1_861' title='bbox 2535 5098 2579 5109; x_wconf 92' lang='grc'><strong>..</strong></span> <span class='ocrx_word' id='word_1_862' title='bbox 2655 5098 2667 5109; x_wconf 97' lang='grc'>.</span> <span class='ocrx_word' id='word_1_863' title='bbox 2734 5096 2746 5109; x_wconf 94' lang='grc'><strong>.</strong></span> 
     </span>
    </p>
   </div>
   <div class='ocr_carea' id='block_1_127' title="bbox 1893 5098 2904 5161">
    <p class='ocr_par' dir='ltr' id='par_1_127' title="bbox 1893 5098 2904 5161">
     <span class='ocr_line' id='line_1_131' title="bbox 1893 5098 2904 5161; baseline -0.009 0"><span class='ocrx_word' id='word_1_864' title='bbox 1893 5098 1994 5161; x_wconf 67' lang='lat' dir='ltr'><strong>Ille</strong></span> <span class='ocrx_word' id='word_1_865' title='bbox 2022 5098 2229 5161; x_wconf 66' lang='lat' dir='ltr'><strong>intend.</strong></span> <span class='ocrx_word' id='word_1_866' title='bbox 2262 5100 2506 5158; x_wconf 85' lang='lat' dir='ltr'><strong>Galerius</strong></span> <span class='ocrx_word' id='word_1_867' title='bbox 2535 5098 2904 5157; x_wconf 77' lang='lat' dir='ltr'><strong>Maximianus.</strong></span> 
     </span>
    </p>
   </div>
   <div class='ocr_carea' id='block_1_128' title="bbox 1894 5170 3408 5238">
    <p class='ocr_par' dir='ltr' id='par_1_128' title="bbox 1894 5170 3408 5238">
     <span class='ocr_line' id='line_1_132' title="bbox 1894 5170 3408 5238; baseline -0.004 -7"><span class='ocrx_word' id='word_1_868' title='bbox 1894 5175 2373 5235; x_wconf 77' lang='lat' dir='ltr'><strong>Circumsedendum</strong></span> <span class='ocrx_word' id='word_1_869' title='bbox 2414 5171 2617 5226; x_wconf 76' lang='lat' dir='ltr'><strong>nttenia.</strong></span> <span class='ocrx_word' id='word_1_870' title='bbox 2648 5170 2707 5227; x_wconf 84' lang='lat' dir='ltr'><strong>In</strong></span> <span class='ocrx_word' id='word_1_871' title='bbox 2751 5184 2853 5229; x_wconf 89' lang='lat' dir='ltr'><strong>ms.</strong></span> <span class='ocrx_word' id='word_1_872' title='bbox 2902 5171 3408 5238; x_wconf 80' lang='lat' dir='ltr'><strong>circumsedendam;</strong></span> 
     </span>
    </p>
   </div>
   <div class='ocr_carea' id='block_1_129' title="bbox 1819 5240 3409 5315">
    <p class='ocr_par' dir='ltr' id='par_1_129' title="bbox 1819 5240 3409 5315">
     <span class='ocr_line' id='line_1_133' title="bbox 1819 5240 3409 5315; baseline -0.004 -12"><span class='ocrx_word' id='word_1_873' title='bbox 1819 5249 2091 5314; x_wconf 89' lang='lat' dir='ltr'><strong>mendum,</strong></span> <span class='ocrx_word' id='word_1_874' title='bbox 2126 5260 2224 5315; x_wconf 90' lang='lat' dir='ltr'><strong>pro</strong></span> <span class='ocrx_word' id='word_1_875' title='bbox 2252 5242 2722 5300; x_wconf 79' lang='lat' dir='ltr'><strong>circumscdendunt</strong></span> <span class='ocrx_word' id='word_1_876' title='bbox 2744 5256 2764 5295; x_wconf 91' lang='lat'><strong><em>:</em></strong></span> <span class='ocrx_word' id='word_1_877' title='bbox 2789 5240 2921 5300; x_wconf 86' lang='lat' dir='ltr'><strong>editi</strong></span> <span class='ocrx_word' id='word_1_878' title='bbox 2960 5242 3158 5297; x_wconf 86' lang='lat' dir='ltr'><strong>habent</strong></span> <span class='ocrx_word' id='word_1_879' title='bbox 3181 5245 3409 5301; x_wconf 83' lang='lat' dir='ltr'><strong>circum-</strong></span> 
     </span>
    </p>
   </div>
   <div class='ocr_carea' id='block_1_130' title="bbox 1819 5318 2268 5374">
    <p class='ocr_par' dir='ltr' id='par_1_130' title="bbox 1819 5318 2268 5374">
     <span class='ocr_line' id='line_1_134' title="bbox 1819 5318 2268 5374; baseline -0.011 1"><span class='ocrx_word' id='word_1_880' title='bbox 1819 5318 2041 5374; x_wconf 79' lang='lat' dir='ltr'><strong>sedendo</strong></span> <span class='ocrx_word' id='word_1_881' title='bbox 2065 5318 2268 5371; x_wconf 66' lang='lat' dir='ltr'><strong>naenia.</strong></span> 
     </span>
    </p>
   </div>
   <div class='ocr_carea' id='block_1_131' title="bbox 1895 5383 3402 5458">
    <p class='ocr_par' dir='ltr' id='par_1_131' title="bbox 1895 5383 3402 5458">
     <span class='ocr_line' id='line_1_135' title="bbox 1895 5383 3402 5458; baseline -0.002 -14"><span class='ocrx_word' id='word_1_882' title='bbox 1895 5391 2034 5458; x_wconf 84' lang='lat' dir='ltr'><strong>Quas</strong></span> <span class='ocrx_word' id='word_1_883' title='bbox 2057 5398 2262 5444; x_wconf 82' lang='lat' dir='ltr'><strong>noverat</strong></span> <span class='ocrx_word' id='word_1_884' title='bbox 2289 5388 2535 5442; x_wconf 74' lang='lat' dir='ltr'><strong>civitates.</strong></span> <span class='ocrx_word' id='word_1_885' title='bbox 2562 5383 2654 5441; x_wconf 87' lang='lat' dir='ltr'><strong>Sic</strong></span> <span class='ocrx_word' id='word_1_886' title='bbox 2671 5383 2815 5455; x_wconf 84' lang='lat' dir='ltr'><strong>apud</strong></span> <span class='ocrx_word' id='word_1_887' title='bbox 2840 5383 3116 5454; x_wconf 78' lang='lat' dir='ltr'><strong>Virgilium</strong></span> <span class='ocrx_word' id='word_1_888' title='bbox 3147 5386 3361 5457; x_wconf 84' lang='lat' dir='ltr'><strong>Tityrus</strong></span> <span class='ocrx_word' id='word_1_889' title='bbox 3388 5401 3402 5441; x_wconf 87' lang='lat'><strong>:</strong></span> 
     </span>
    </p>
   </div>
   <div class='ocr_carea' id='block_1_132' title="bbox 2007 5480 3259 5553">
    <p class='ocr_par' dir='ltr' id='par_1_132' title="bbox 2007 5480 3259 5553">
     <span class='ocr_line' id='line_1_136' title="bbox 2007 5480 3259 5553; baseline -0.005 -11"><span class='ocrx_word' id='word_1_890' title='bbox 2007 5492 2192 5542; x_wconf 87' lang='lat' dir='ltr'><strong>Urbem</strong></span> <span class='ocrx_word' id='word_1_891' title='bbox 2217 5503 2359 5553; x_wconf 90' lang='lat' dir='ltr'><strong>quam</strong></span> <span class='ocrx_word' id='word_1_892' title='bbox 2383 5489 2553 5539; x_wconf 86' lang='lat' dir='ltr'><strong>dicunt</strong></span> <span class='ocrx_word' id='word_1_893' title='bbox 2571 5487 2792 5552; x_wconf 82' lang='lat' dir='ltr'><strong>Romam,</strong></span> <span class='ocrx_word' id='word_1_894' title='bbox 2811 5486 3069 5553; x_wconf 26' lang='lat' dir='ltr'><strong>‘Melibtee,</strong></span> <span class='ocrx_word' id='word_1_895' title='bbox 3095 5480 3259 5552; x_wconf 81' lang='lat' dir='ltr'><strong>putavi</strong></span> 
     </span>
    </p>
   </div>
   <div class='ocr_carea' id='block_1_133' title="bbox 2003 5550 3013 5615">
    <p class='ocr_par' dir='ltr' id='par_1_133' title="bbox 2003 5550 3013 5615">
     <span class='ocr_line' id='line_1_137' title="bbox 2003 5550 3013 5615; baseline -0.006 -10"><span class='ocrx_word' id='word_1_896' title='bbox 2003 5554 2193 5605; x_wconf 88' lang='lat' dir='ltr'><strong>Stultus</strong></span> <span class='ocrx_word' id='word_1_897' title='bbox 2216 5550 2331 5615; x_wconf 82' lang='lat' dir='ltr'><strong>ego,</strong></span> <span class='ocrx_word' id='word_1_898' title='bbox 2355 5554 2469 5601; x_wconf 85' lang='lat' dir='ltr'><strong>huic</strong></span> <span class='ocrx_word' id='word_1_899' title='bbox 2494 5559 2674 5601; x_wconf 73' lang='lat' dir='ltr'><strong>nostras</strong></span> <span class='ocrx_word' id='word_1_900' title='bbox 2695 5550 2969 5601; x_wconf 83' lang='lat' dir='ltr'><strong>similem...</strong></span> <span class='ocrx_word' id='word_1_901' title='bbox 2984 5588 3013 5599; x_wconf 92' lang='lat'><strong>..</strong></span> 
     </span>
    </p>
   </div>
   <div class='ocr_carea' id='block_1_134' title="bbox 1888 5653 3404 5724">
    <p class='ocr_par' dir='ltr' id='par_1_134' title="bbox 1888 5653 3404 5724">
     <span class='ocr_line' id='line_1_138' title="bbox 1888 5653 3404 5724; baseline -0.007 -7"><span class='ocrx_word' id='word_1_902' title='bbox 1888 5660 2207 5718; x_wconf 83' lang='lat' dir='ltr'><strong>Detestanles</strong></span> <span class='ocrx_word' id='word_1_903' title='bbox 2225 5656 2409 5711; x_wconf 80' lang='lat' dir='ltr'><strong>scelus.</strong></span> <span class='ocrx_word' id='word_1_904' title='bbox 2442 5654 2567 5723; x_wconf 81' lang='lat' dir='ltr'><strong>Ms.,</strong></span> <span class='ocrx_word' id='word_1_905' title='bbox 2592 5654 2903 5710; x_wconf 66' lang='lat' dir='ltr'><strong>detestanda.</strong></span> <span class='ocrx_word' id='word_1_906' title='bbox 2928 5653 3091 5709; x_wconf 81' lang='lat' dir='ltr'><strong>Forte</strong></span> <span class='ocrx_word' id='word_1_907' title='bbox 3118 5653 3404 5724; x_wconf 78' lang='lat' dir='ltr'><strong>legendum</strong></span> 
     </span>
    </p>
   </div>
   <div class='ocr_carea' id='block_1_135' title="bbox 1817 5735 2197 5793">
    <p class='ocr_par' dir='ltr' id='par_1_135' title="bbox 1817 5735 2197 5793">
     <span class='ocr_line' id='line_1_139' title="bbox 1817 5735 2197 5793; baseline -0.026 1"><span class='ocrx_word' id='word_1_908' title='bbox 1817 5743 1901 5793; x_wconf 89' lang='lat' dir='ltr'><strong>est</strong></span> <span class='ocrx_word' id='word_1_909' title='bbox 1924 5735 2197 5789; x_wconf 64' lang='lat' dir='ltr'><strong>detestatus.</strong></span> 
     </span>
    </p>
   </div>
   <div class='ocr_carea' id='block_1_136' title="bbox 1888 5794 3416 5877">
    <p class='ocr_par' dir='ltr' id='par_1_136' title="bbox 1888 5794 3416 5877">
     <span class='ocr_line' id='line_1_140' title="bbox 1888 5794 3416 5877; baseline -0.009 -12"><span class='ocrx_word' id='word_1_910' title='bbox 1888 5803 2171 5877; x_wconf 79' lang='lat' dir='ltr'><strong>Imperium</strong></span> <span class='ocrx_word' id='word_1_911' title='bbox 2196 5800 2534 5869; x_wconf 84' lang='lat' dir='ltr'><strong>reliquerunt.</strong></span> <span class='ocrx_word' id='word_1_912' title='bbox 2572 5796 2770 5855; x_wconf 85' lang='lat' dir='ltr'><strong>Galerii</strong></span> <span class='ocrx_word' id='word_1_913' title='bbox 2814 5796 3085 5852; x_wconf 88' lang='lat' dir='ltr'><strong>nimirum.</strong></span> <span class='ocrx_word' id='word_1_914' title='bbox 3134 5794 3297 5853; x_wconf 85' lang='lat' dir='ltr'><strong>Forte</strong></span> <span class='ocrx_word' id='word_1_915' title='bbox 3334 5795 3416 5851; x_wconf 84' lang='lat' dir='ltr'><strong>le-</strong></span> 
     </span>
    </p>
   </div>
  </div>
