3828 6262
397 275 502 334 259

1263 276 1450 332 FIRM.
1491 273 1858 333 LACTANTII
1897 275 2027 330 LIB.
2070 274 2160 332 DE
2199 273 2407 330 MORT.
2451 273 2836 330 I’EBSECUT.
3557 276 3648 333 940

397 393 941 460 nutabant,cumille,
957 391 1122 447 fracta
1135 391 1758 462 superbia,dimissisque
1774 390 1986 456 animis,
2015 393 2073 455 Α
2098 388 2243 460 prior
2263 399 2317 443 ct
2338 389 2510 458 major
2533 388 2625 442 ﬁlii
2651 397 2887 457 potestas
2907 395 3074 454 esset,
3098 387 3188 459 qui
3214 387 3370 443 etiam
3399 390 3522 459 patri
3549 392 3650 446 red-

399 496 456 541 et
481 484 669 541 Severi
691 487 892 541 exitum
915 494 1180 551 metuens,
1207 484 1274 539 ad
1299 485 1462 556 pedes
1481 483 1708 539 militum
1734 483 1988 553 provolu-

401 590 488 635 tus
518 581 728 647 orabat,
756 595 824 635 ne
850 579 991 634 hosti
1020 579 1344 644 traderetur,
1373 579 1546 635 donec
1587 577 1869 647 promissis
1909 576 1992 631 in-

398 673 652 742 gentibus
666 673 814 729 ﬂexit
831 673 1038 728 animos
1055 671 1432 744 quorumdam.
1447 681 1503 728 et
1522 679 1670 727 retro
1691 671 1841 740 signa
1863 684 1993 724 con-

399 765 586 829 vertit,
609 779 671 819 ac
693 763 869 834 fugam
895 761 1138 833 trepidus
1173 763 1487 834 capessivit;
1531 762 1582 815 in
1612 777 1716 831 qua
1759 760 1992 831 opprimi

350 909 358 918 ,
396 853 655 909 facillime
695 854 886 923 potuit,
911 855 956 909 si
987 869 1111 910 cum
1137 853 1318 924 paucis
1357 852 1622 925 quispiam
1651 860 1988 923 sequeretur.

397 945 552 1012 Quod
591 960 711 1000 cum
752 945 996 1013 timeret,
1041 945 1188 1001 dedit
1231 945 1488 1000 militibus
1534 951 1890 1014 potestatem,
1935 951 1994 997 ut

396 1037 625 1108 dispersi
647 1052 807 1108 quam
832 1035 1094 1093 latissime
1114 1037 1410 1108 diriperent
1426 1038 1627 1101 omnia,
1651 1037 1735 1091 vel
1757 1050 1991 1091 corrum-

398 1138 620 1204 perent;
647 1137 706 1184 ut
741 1130 786 1184 si
818 1131 940 1200 quis
969 1131 1180 1200 insequi
1208 1130 1463 1185 voluisset
1487 1130 1731 1186 utensilia
1760 1146 1864 1184 non
1899 1130 1993 1184 ha-

393 1222 566 1276 beret.
608 1221 826 1276 Vastata
853 1231 935 1276 est
959 1222 1118 1291 igitur
1147 1236 1207 1277 ea
1237 1237 1360 1291 pars
1389 1222 1574 1288 Italiae,
1620 1237 1726 1292 quo
1771 1221 1990 1292 pestife-

309 1296 330 1314 ’
390 1329 512 1370 rum
552 1313 685 1369 illud
729 1329 919 1384 agmen
953 1314 1210 1370 incessit:
1237 1316 1467 1385 expilata
1497 1318 1699 1380 omnia,
1731 1318 1984 1374 mulieres

393 1415 687 1477 corruptaz,
719 1408 956 1477 virgines
985 1408 1218 1476 violatae,
1254 1411 1448 1464 extorti
1492 1420 1746 1479 parentes
1789 1420 1844 1465 et
1873 1427 1991 1466 ma-

389 1501 501 1564 riti,
526 1511 584 1554 ut
623 1501 779 1566 tilias,
821 1509 880 1555 ut
907 1501 1198 1572 conjugcs,
1244 1512 1298 1557 ut
1333 1520 1465 1573 opes
1506 1520 1631 1560 suas
1679 1506 1988 1575 proderent.

389 1595 612 1648 Abacta:
635 1602 888 1664 tanquam
925 1594 992 1649 de
1015 1595 1259 1650 barbaris
1281 1599 1481 1667 prtedm
1510 1614 1760 1667 pecorum
1801 1616 1863 1655 ac
1897 1603 1988 1671 ju-

389 1696 716 1741 mentorum.
752 1687 862 1742 lloc
883 1688 1044 1742 modo
1068 1704 1128 1744 se
1163 1690 1228 1743 ad
1266 1690 1421 1744 sedes
1443 1705 1567 1744 suas
1595 1693 1830 1764 recepit,
1863 1709 1987 1749 cum

392 1779 669 1836 Romanus
694 1780 963 1850 quondam
993 1780 1307 1850 Imperator,
1337 1797 1478 1837 nunc
1502 1785 1984 1854 pupulatorltalite,
2018 1795 2066 1854 Β

391 1872 663 1928 hostiliter
683 1874 930 1930 universa
951 1884 1219 1929 vexasset.
1246 1875 1385 1930 Olim
1410 1875 1627 1945 quidem
1658 1878 1768 1944 ille,
1805 1893 1863 1933 ιιι
1886 1894 1986 1934 no-

389 1981 515 2021 men
549 1966 888 2036 imperatoris
915 1975 1218 2035 acceperat,
1246 1967 1449 2022 hostem
1475 1983 1534 2022 se
1564 1969 1790 2025 Romani
1814 1971 1989 2024 nomi-

391 2058 479 2112 nis
498 2067 615 2112 erat
657 2057 952 2126 professus,
982 2057 1390 2127 cujus‘titulum
1431 2059 1699 2114 immutari
1738 2061 1982 2128 volebat;

303 2173 360 2196 λ
391 2159 450 2204 ιιι
494 2166 601 2205 non
630 2165 913 2206 romanmn
961 2150 1265 2222 imperium,
1320 2151 1414 2206 sed
1458 2151 1739 2207 Daciscum
1784 2168 1986 2223 cogno-

390 2241 707 2298 minaretur.

1085 2335 1321 2391 XXVIII.

463 2449 590 2504 Post
621 2447 782 2518 hujus
802 2449 1003 2520 fugam,
1027 2464 1149 2504 cum
1172 2465 1232 2505 se
1263 2450 1612 2506 Maximianus
1636 2451 1772 2507 alter
1791 2467 1822 2508 e
1839 2500 1843 2504 ,
1862 2452 1991 2508 Gal-

394 2541 466 2596 lia
497 2543 812 2610 recepisset,
831 2541 1060 2596 habebat
1086 2542 1367 2611 imperium
1393 2558 1682 2597 commune
1707 2558 1832 2598 cum
1855 2543 1990 2599 lilio.

405 2634 511 2690 Sed
534 2634 721 2703 juveni
752 2634 921 2704 magis
953 2633 1255 2704 parebatur,
1291 2650 1449 2704 quam
1473 2635 1610 2702 seni,
1643 2635 1843 2706 quippe
1868 2651 1992 2690 cum

2094 479 2301 536 diderat
2329 480 2634 558 imperium.
2653 478 2884 536 Ferebat
2911 480 3096 550 iniquo
3124 480 3302 534 animo
3321 495 3496 546 senex,
3523 483 3645 552 quod

2093 579 2203 628 ιιοιι
2233 580 2416 643 posset
2443 571 2613 628 libere
2639 569 2817 628 facere
2849 572 2991 642 quod
3025 572 3208 640 vellet,
3234 583 3289 628 et
3315 572 3420 629 filio
3437 588 3526 628 suo
3544 589 3645 644 pne

2098 666 2184 722 rili
2216 665 2560 720 aemulatione
2601 663 2894 720 invidebat.
2935 665 3217 735 Cogitabat
3261 681 3388 736 ergo
3414 667 3650 737 expellere

2097 759 2524 824 adolescentem,
2562 769 2619 813 ut
2642 758 2742 814 sibi
2786 773 2882 815 sua
2905 759 3221 815 vindicaret.
3253 760 3401 828 Quod
3426 759 3563 816 facile
3587 763 3651 817 vi-

2093 851 2277 917 batur,
2305 853 2430 922 quia
2460 851 2657 906 milites
2685 860 2840 907 erant
2866 849 2994 926 [sui]
3035 853 3121 923 qui
3161 854 3415 910 Severum
3455 855 3654 925 relique-

2094 951 2236 998 rant.
2266 942 2565 1000 Advocavit
2592 943 2848 1013 populum
2875 957 2939 999 ac
2963 943 3180 1008 milites,
3202 946 3354 1012 quasi
3375 945 3652 1000 concionem

2095 1035 2162 1091 de
2190 1035 2548 1106 prtesentibus
2601 1035 2908 1106 reipublicae
2936 1036 3090 1091 malis
3134 1037 3430 1092 habiturus.
3460 1037 3532 1093 De
3558 1039 3654 1109 qui-

2093 1127 2193 1184 bus
2220 1144 2342 1184 cum
2397 1129 2560 1184 multa
2607 1129 2852 1197 dixisset,
2876 1129 3144 1186 convertit
3172 1131 3238 1186 ad
3272 1132 3433 1187 lilium
3462 1147 3648 1199 manus;

2094 1234 2148 1280 et
2176 1224 2326 1279 illum
2349 1238 2470 1279 esse
2495 1223 2680 1278 dicens
2695 1230 2972 1280 auctorem
2998 1224 3284 1291 malorum,
3301 1224 3448 1281 illum
3479 1225 3648 1295 princi-

2094 1329 2216 1385 pem
2245 1313 2633 1382 calamitatum,
2665 1329 2799 1384 quas
2847 1314 3152 1384 respublica
3207 1316 3506 1378 sustineret,
3537 1316 3644 1372 diri-
3664 1371 3688 1396 re

2094 1409 2211 1476 puit
2238 1407 2308 1460 ab
2338 1406 2577 1461 humeris
2609 1406 2725 1476 ejus
2751 1421 3063 1476 purpuram.
3092 1406 3297 1462 Exutus
3325 1407 3413 1462 ille
3444 1408 3654 1478 praacipi-

2095 1508 2205 1555 tem
2228 1513 2288 1554 se
2318 1499 2386 1556 de
2417 1500 2672 1556 tribunali
2700 1501 2870 1568 dedit,
2905 1512 2962 1557 et
2987 1518 3015 1556 a
3037 1502 3297 1558 militibus
3313 1514 3553 1574 exceptus
3569 1513 3652 1560 est.

2093 1591 2334 1659 Quorum
2356 1593 2432 1646 ira
2448 1601 2502 1647 et
2526 1593 2762 1648 clamore
2793 1595 3138 1663 perturbatus
3165 1605 3250 1650 est
3290 1610 3452 1652 senex
3471 1598 3653 1668 impius,

2094 1694 2148 1739 et
2168 1684 2237 1739 ab
2258 1683 2389 1740 urbe
2407 1681 2602 1752 Roma,
2618 1693 2869 1757 tanquam
2881 1687 3158 1759 Superbus
3173 1688 3330 1756 alter,
3353 1699 3554 1746 exactus
3571 1698 3652 1745 est.

2787 1803 2980 1859 XXIX.

2165 1891 2402 1950 Rediens
2432 1910 2621 1951 rursus
2644 1896 2695 1951 in
2724 1895 2945 1961 Gallias,
2979 1897 3068 1952 ubi
3118 1896 3452 1969 aliquantum
3500 1914 3653 1954 mora-

2096 1998 2181 2043 tus
2207 1998 2306 2055 est,
2342 1989 2616 2060 profectus
2645 1989 2712 2045 ad
2766 1991 2976 2046 hostem
3025 1990 3121 2045 ﬁlii
3169 1994 3250 2046 sui
3282 1993 3644 2056 Maximianum,

2095 2081 2246 2149 quasi
2276 2091 2336 2136 ut
2361 2080 2429 2138 de
2455 2081 2832 2153 componendo
2889 2083 3200 2154 reipublicae
3222 2093 3363 2140 statu
3393 2095 3444 2140 et
3468 2101 3575 2142 cum
3600 2100 3653 2140 eo

2097 2171 2436 2242 disputaret;
2481 2189 2540 2229 rc
2568 2185 2744 2228 autem
2775 2191 2900 2231 vera
2952 2185 3009 2230 ut
3039 2176 3186 2230 illum
3219 2192 3316 2248 per
3359 2177 3658 2233 occasionem

2097 2267 2561 2322 reconciliationis
2589 2267 2880 2334 occideret,
2931 2282 2994 2322 ac
3043 2284 3268 2338 regnum
3311 2271 3426 2338 ejus
3455 2279 3651 2333 teneret,

2096 2360 2348 2414 exclusus
2374 2376 2403 2413 a
2436 2375 2556 2424 suo,
2580 2375 2920 2433 quocumque
2945 2361 3205 2417 venisset.
3238 2363 3436 2417 Aderat
3461 2362 3528 2416 ibi
3554 2361 3654 2416 Dio-

2097 2453 2232 2516 cles,
2258 2466 2289 2504 ιι
2316 2466 2518 2522 genero
2548 2467 2720 2521 nuper
2750 2452 2975 2518 accitus,
3007 2463 3062 2506 ut
3084 2453 3233 2523 quod
3255 2463 3380 2509 ante
3406 2469 3506 2509 non
3539 2454 3658 2507 fece-

2097 2554 2201 2611 rat,
2233 2557 2502 2614 pracsente
2529 2545 2620 2599 illo
2651 2545 2936 2615 imperium
2966 2546 3175 2601 Licinio
3197 2547 3372 2614 daret,
3401 2547 3651 2602 substituto
3677 2554 3694 2577 ί

2098 2635 2154 2690 in
2177 2636 2361 2691 Severi
2392 2636 2531 2691 luco.
2564 2635 2747 2706 Itaque
2795 2637 2854 2693 fit
2899 2646 3131 2708 utroque
3160 2649 3442 2708 praesente.
3471 2640 3551 2696 Sic
3573 2652 3660 2693 uno

1748 2749 2112 2807 VARIORUM
2149 2749 2385 2807 NOTAE.

390 2889 623 2958 gendum
652 2888 1040 2956 Imperatorem.
1074 2885 1207 2941 Vide
1248 2885 1406 2953 infra,
1449 2886 1570 2956 quia
1598 2886 1784 2942 milites
1826 2895 1990 2956 erant,

391 2962 480 3030 qui
521 2961 762 3016 Severum
791 2958 1124 3028 reliquerant.

466 3030 757 3085 Nutabant.
786 3031 908 3095 Ms.,
939 3030 1285 3082 mutabantur.

466 3102 799 3171 Dimissisque
819 3102 1023 3171 animis.
1042 3099 1202 3171 Forte
1216 3099 1521 3168 legendum,
1538 3100 1862 3169 demissisque
1882 3101 1992 3154 ani-

394 3176 512 3234 niis,
528 3174 580 3228 id
595 3184 698 3239 est,
717 3169 961 3240 abjectis.
987 3169 1062 3222 Ita
1076 3169 1266 3224 Cicero
1285 3171 1444 3223 variis
1476 3172 1527 3224 in
1543 3171 1694 3226 locis.
1710 3171 1989 3227 Αιιιειον.

466 3244 557 3297 Et.
595 3243 674 3297 Ex
705 3257 808 3296 ms.
835 3240 928 3295 sed
953 3241 1210 3294 omissum
1236 3241 1289 3295 in
1315 3241 1491 3295 editis.

469 3314 641 3368 Flexit
665 3314 861 3365 animos
891 3311 1249 3379 quorumdam.
1282 3311 1408 3378 Ms.,
1437 3312 1561 3377 felix
1603 3313 1804 3366 animus
1858 3330 1990 3383 quo-

393 3402 530 3440 rum.
559 3383 806 3454 Editores
830 3391 1187 3454 reposuerunt
1236 3383 1378 3450 ﬂexit
1409 3384 1606 3436 animos
1653 3399 1851 3454 eorum.
1885 3386 1994 3454 Ego

396 3453 648 3526 ponendo
669 3452 1026 3526 quorumdam,
1051 3454 1288 3526 perstiti
1318 3456 1368 3507 in
1394 3453 1745 3523 manuscripti
1789 3452 1994 3510 codicis

397 3523 633 3582 lectione
664 3540 824 3580 unam
853 3523 1102 3596 addendo
1128 3525 1388 3594 syllabam
1412 3541 1427 3591 ;
1455 3539 1683 3596 eamque
1716 3539 1902 3582 vocem
1931 3541 1994 3580 ac

397 3598 684 3652 lcetionem
711 3595 999 3666 genuinam
1036 3605 1188 3665 puto.

475 3669 710 3740 Opprimi
739 3669 916 3740 potuit.
949 3667 1052 3721 Pro
1103 3667 1386 3740 potuisset.
1419 3666 1508 3721 Sic
1555 3666 1648 3721 lib.
1702 3682 1762 3740 vi
1791 3667 1991 3740 ΙιιειὶιἸ

399 3738 613 3808 cap."24
642 3757 654 3792 :
686 3739 859 3808 potuit
906 3752 1027 3792 esse.
1075 3754 1234 3792 verus
1293 3739 1384 3792 Dei
1415 3740 1617 3803 cultor,
1669 3738 1713 3792 si
1744 3738 1867 3808 quis
1917 3739 1994 3792 illi

399 3807 774 3866 monstrasset.
803 3809 963 3864 Conf.
991 3809 1082 3862 lib.
1121 3825 1178 3875 ιι,
1208 3824 1327 3874 cap.
1359 3811 1409 3871 4,
1443 3810 1690 3878 oportuit.
1764 3807 1917 3863 'BUN.

478 3880 729 3936 Utensilia
760 3896 861 3933 non
887 3879 1106 3934 haberet.
1141 3879 1391 3934 Utensilia
1423 3890 1546 3932 sunt
1574 3878 1800 3946 cibaria,
1825 3881 1995 3950 copia:

402 3953 564 4006 victui
596 3950 958 4004 necessarim”

481 4022 614 4088 Quo.
645 4019 944 4088 Qua,juxta
975 4019 1206 4072 'I‘ollium
1231 4028 1284 4073 et
1313 4019 1706 4074 Ileumanuum.

477 4095 548 4145 Se
575 4093 641 4143 ad
661 4107 778 4144 suas
803 4090 944 4142 sedes
974 4091 1177 4159 recepit.
1212 4091 1563 4144 Maximianus
1590 4091 1855 4147 Galerius.

489 4161 745 4216 Vexasset.
776 4161 1023 4215 Baluzius
1074 4170 1219 4228 putat
1253 4160 1531 4228 Icgendmu
1565 4177 1686 4216 csse
1729 4173 1990 4217 vastasset.

329 4257 338 4262 ·
405 4237 654 4307 Attamen
686 4231 824 4307 inira
852 4247 1000 4285 num.
1036 4247 1168 4287 xxxi
1196 4231 1325 4287 dicit
1354 4243 1541 4286 auctor
1574 4234 1886 4288 vexationem
1908 4252 1996 4307 ge-
2060 4243 2066 4248 '

401 4306 536 4359 ueris
558 4304 786 4357 humani.

477 4375 770 4428 Daciscum.
794 4373 1029 4445 Siclcgo
1057 4389 1178 4428 cum
1209 4375 1596 4443 manuscripto,
1629 4384 1686 4428 ut
1713 4376 1851 4445 apud
1880 4376 1991 4431 Vo-

2099 2885 2409 2940 Lactantius
2434 2886 2667 2964 Epitom.
2700 2903 2823 2964 cap.
2847 2889 2948 2943 72:
2978 2889 3099 2960 Ipse
3121 2892 3411 2948 dwmonum
3440 2891 3658 2964 princeps.

2101 2968 2281 3010 auctor
2303 2967 2350 3011 et
2373 2960 2693 3012 machinator
2721 2963 2996 3015 malorum.
3095 2967 3103 2974 ’

2023 2997 2068 3060 C
2177 2997 2326 3093 Quas
2364 2997 3266 3100 Lactant.
3314 3034 3430 3090 Div.
3462 3035 3658 3090 Instituit.

2097 3099 2190 3175 lii).
2221 3115 2292 3175 γι,
2323 3099 2458 3169 cap.
2484 3102 2557 3175 8‘:
2584 3099 2730 3175 Mala
2759 3105 2929 3156 omnia
2979 3107 3269 3171 sustinere;
3327 3117 3381 3161 et
3431 3121 3540 3175 cap.
3567 3104 3656 3160 18:

2098 3170 2461 3247 Sustineamus
2507 3173 2742 3241 invicem,
2770 3184 2818 3227 et
2852 3175 2987 3230 mala
3015 3177 3168 3247 hujus
3193 3170 3311 3232 vita:
3341 3170 3518 3232 mutuis
3536 3176 3662 3244 adju-

2095 3241 2275 3314 mentis
2304 3247 2642 3314 perferamus.
3079 3241 3093 3247 ⁷
3311 3247 3540 3303 COLUIB.

2168 3312 2402 3388 Diripuit
2430 3315 2492 3388 ab
2518 3314 2747 3388 humeris,
2768 3319 2877 3385 ejus
2921 3333 3226 3388 purpuram.
3269 3319 3344 3373 Ita
3377 3335 3471 3372 ms.
3505 3318 3662 3372 Dicen-

2099 3384 2227 3438 dqu
2262 3386 2400 3438 foret
2431 3385 2677 3454 deripuit,
2703 3387 2752 3439 id
2784 3384 2886 3452 est,
2922 3384 2988 3442 de
3022 3384 3275 3456 'corpore
3322 3390 3660 3448 filiidetraxi';

2096 3466 2427 3582 ὃιιιιέοοιιιῆιι
2454 3457 2676 3526 diripere
2700 3458 2968 3527 signiticet
3013 3463 3065 3513 in
3093 3465 3266 3531 frusta
3311 3462 3574 3517 concidere.
3601 3457 3660 3511 Ita

2146 3542 2194 3581 Vt
2239 3567 2250 3579 .
2279 3542 2330 3580 tv
2407 3536 2504 3582 ct..

2146 3536 2250 3581 για.
2279 3542 2330 3580 tv
2357 3536 2504 3594 Met.,

2457 3644 2472 3673 ._
2509 3643 2521 3655 .
2565 3647 2575 3659 .
2613 3606 2850 3673 velamina
2873 3607 3070 3673 Progne

2284 3667 2501 3734 Diripuit
2525 3683 2590 3720 ex
2615 3669 2850 3734 humeris.

2741 3732 2827 3788 Ea;
2855 3733 3092 3792 CUPERO.

2171 3813 2392 3868 Exutus.
2429 3815 2486 3869 In
2509 3830 2638 3881 ms.,
2669 3826 2897 3872 exsutus.

2172 3884 2440 3955 Tanquam
2494 3886 2762 3952 Superbus
2800 3888 2951 3954 alter,
2983 3898 3189 3944 exactus
3234 3901 3330 3948 est.
3361 3892 3414 3947 Id
3444 3899 3522 3948 est
3547 3888 3659 3944 Tar-

2101 3957 2317 4024 quinius
2340 3957 2783 4026 Superbushltcx
2801 3959 3173 4014 Romanorum
3199 3962 3439 4018 ultimus.
3469 3963 3660 4017 Lactan-

2099 4029 2204 4080 tius
2249 4026 2341 4080 lib.
2396 4044 2448 4082 IV
2498 4028 2758 4098 Institut.,
2805 4046 2924 4101 cap.
2960 4033 3060 4086 M:
3092 4031 3406 4104 Tarquinius
3448 4031 3659 4104 superbus

2097 4107 2305 4152 exactus
2325 4109 2419 4151 est.
3347 4106 3538 4160 waz.

2176 4169 2254 4222 Ad
2307 4170 2500 4223 hostem
2526 4170 2626 4239 ﬁlii
2669 4172 2750 4225 sui
2791 4171 3188 4230 Maximianum.
3221 4175 3277 4230 Id
3305 4188 3386 4233 est
3409 4171 3658 4232 Herculius

2099 4239 2464 4310 proficiscitur
2494 4242 2560 4296 ad
2591 4241 2862 4298 Galerium
2882 4245 2972 4299 lilii
3000 4246 3080 4300 sui
3105 4246 3336 4303 hostem.

2137 4313 2144 4318 ’
2170 4309 2372 4383 Etcum
2403 4328 2459 4366 eo
2485 4313 2785 4383 disputaret.
2814 4315 2904 4370 Sic
2927 4331 3029 4370 ms.
3060 4317 3185 4372 editi
3213 4321 3466 4373 omittunt
3494 4327 3565 4376 et.
3592 4313 3656 4366 id-

2108 4397 2211 4456 que
2230 4382 2726 4456 bene._Disputaret,
2752 4385 2802 4439 id
2829 4387 3373 4452 est,ronferret,cum
3397 4406 3460 4444 eo
3483 4393 3656 4456 ageret.

425 4447 612 4531 iiscum
644 4449 696 4500 in
724 4444 1036 4531 Aureliano,
1070 4460 1190 4526 cap.
1220 4447 1310 4506 38.
1337 4463 1460 4531 non
1484 4444 1760 4531 Dacicum,
1795 4456 1850 4501 ut
1894 4447 1992 4531 ba-
2023 4457 2078 4520 1)
2109 4444 2364 4531 Sic_apud
2383 4444 2698 4531 Ciceronem
2712 4444 2763 4510 ἰι
2788 4444 3012 4531 Famil.,
3035 4459 3091 4531 8,
3120 4468 3174 4531 et
3194 4444 3344 4516 Orat.
3369 4475 3462 4531 pro
3493 4444 3655 4531 (fictio.

445 4528 538 4572 eut
564 4519 744 4588 plures
768 4516 917 4572 editi.
949 4515 1244 4585 Daciscum,
1278 4518 1420 4588 quod
1448 4519 1562 4588 ipse
1585 4528 1739 4572 natus
1767 4527 1910 4574 esset
1931 4535 1998 4574 ex

452 4606 476 4642 a
536 4609 545 4620 ο
571 4629 584 4643 .

405 4590 446 4644 D
479 4604 831 4715 ﬁnximianus
854 4659 1006 4713 alter.
1029 4657 1261 4726 Scilicet,
1299 4659 1598 4715 Herculius.

479 4731 670 4786 Gallia.
695 4732 751 4786 In
781 4745 884 4785 ms.
912 4729 1078 4784 Gallic
1100 4746 1118 4783 :
1135 4731 1226 4784 sed
1252 4731 1528 4786 mendose.

477 4800 608 4856 Cum
629 4804 771 4870 prior
791 4811 840 4872 et
864 4801 1053 4871 major.
1088 4801 1450 4856 Heumannus.
1483 4802 1609 4855 Cum
1632 4805 1771 4872 prior
1793 4814 1920 4858 esset
1950 4812 1997 4858 et

411 4874 593 4944 major.
628 4871 699 4944 At
725 4871 853 4926 alibi
883 4887 1095 4944 quoque
1116 4873 1301 4944 omisit
1317 4871 1637 4928 Lactantius
1659 4875 1997 4942 praecedente

412 4940 528 4996 cum
557 4943 779 4998 verbum
829 4940 1238 4998 substaiiiivum.
1266 4943 1424 5000 Conf.
1483 4945 1578 5000 lib.
1611 4940 1683 4998 vti
1735 4945 1992 5012 Institut.,

403 5029 530 5085 cap:
552 5013 608 5069 2.
1185 5084 1190 5085 γ
1279 5084 1282 5085 ν
1646 5015 1779 5068 Bon.

481 5083 610 5138 Filii
662 5093 882 5154 potestas
927 5095 1070 5139 esset.
1116 5084 1310 5140 Addidi
1366 5085 1804 5156 verbumresset,
1852 5086 1994 5156 quod

401 5155 556 5211 deest
577 5157 627 5210 in
658 5156 1041 5228 manuscripto,
1075 5158 1167 5212 sed
1194 5158 1499 5212 necessario
1523 5155 1846 5213 addendum.
1874 5155 1883 5156 “
1969 5158 1975 5164 ’

481 5227 580 5291 Qui
600 5228 770 5280 etiam.
794 5227 851 5281 In
883 5243 985 5282 ms.
1015 5227 1199 5284 eodice
1228 5236 1310 5282 est
1335 5236 1381 5280 et
1402 5241 1480 5279 ea.

483 5298 652 5364 Quod.
687 5299 807 5362 Ms.,
835 5315 977 5368 quos,
1004 5300 1295 5362 mendose;
1329 5296 1468 5351 forte
1493 5313 1606 5360 qum
1626 5299 1789 5354 vellet.

480 5369 673 5424 Milites
694 5367 955 5424 erant’sui.
1007 5370 1243 5434 Scilicet,
1289 5367 1592 5421 Maximiani
1631 5369 1862 5423 Ilerculii
1891 5371 1994 5425 Im-

405 5443 691 5503 peratoris.
721 5440 855 5495 Cum
877 5439 1098 5495 doctiss.
1128 5440 1255 5494 viris
1281 5438 1432 5493 Gisb.
1461 5439 1673 5507 (Supero
1727 5453 1778 5494 et
1827 5442 1992 5496 Paulo

404 5511 625 5565 Bauldri
669 5512 808 5566 addo
837 5513 939 5575 sui,
971 5520 1027 5565 et
1070 5524 1261 5564 sensus
1290 5509 1511 5563 omnino
1541 5513 1790 5578 postulat,
1829 5524 1884 5565 ut
1914 5514 1992 5569 sic

403 5584 643 5651 legatur;
665 5583 825 5652 idque
841 5597 1024 5636 vermn
1048 5595 1168 5635 esse
1199 5589 1343 5648 patet
1371 5596 1440 5634 ex
1473 5582 1646 5651 capite
1673 5585 1739 5636 44
1761 5591 1815 5636 et
1845 5585 1993 5638 simi-

403 5651 574 5707 Iitudo
599 5651 894 5706 litterarum
946 5653 1042 5717 sui,
1087 5663 1142 5706 et
1187 5656 1292 5719 qui,
1328 5667 1516 5708 vocem
1566 5668 1684 5707 eam
1727 5658 1992 5712 cxtricare

395 5725 592 5793 potuit.
623 5722 706 5776 Ea:
729 5722 966 5777 Curiano.

472 5793 1063 5868 Auctorem'_malorum,
1118 5793 1398 5866 principem
1428 5794 1797 5854 calamitatum.
1851 5796 1984 5856 Item

2177 4524 3099 4599 Per_occasionettt_reconciliationis.
3136 4524 3434 4599 Propositio
3483 4545 3562 4595 per
3588 4525 3657 4578 hic

2101 4595 2302 4672 aliquid
2335 4598 2566 4667 antiqua:
2592 4597 2870 4672 elegantia!
2909 4602 3168 4672 continet,
3192 4595 3269 4656 uti
3318 4601 3452 4672 apud
3479 4600 3656 4654 Livium
3695 4608 3700 4614 '

2100 4677 2156 4721 ct
2177 4665 2436 4722 Senecam
2466 4665 2563 4738 per
2593 4665 2766 4735 ﬁdem,
2809 4670 2948 4732 quod
2987 4665 3185 4726 Cmsari
3215 4675 3328 4728 sive
3353 4665 3521 4728 Ilirtio
3547 4682 3657 4738 quo-

2099 4751 2205 4812 que
2233 4738 2424 4793 Davies
2449 4739 2516 4793 ad
2542 4739 2637 4794 lib.
2679 4755 2766 4795 vm
2795 4739 2958 4809 Gall.,
2991 4756 3110 4812 cap.
3143 4745 3235 4811 48,
3279 4761 3332 4798 ιι.
3363 4745 3417 4809 '5,
3446 4741 3653 4796 vindica-

2097 4811 2192 4862 vit.
3062 4811 3071 4812 7
3275 4814 3405 4869 Buu.

2174 4878 2504 4951 Quocumque
2532 4883 2765 4936 venisset.
2792 4883 3004 4939 Aderat.
3032 4883 3410 4940 Bunemanuus
3428 4896 3546 4939 vero
3568 4893 3655 4933 non

2099 4951 2526 5022 ponitpuuctum
2559 4964 2679 5022 post
2716 4957 2948 5022 venisset,
2981 4964 3036 5010 et
3085 4957 3225 5012 hunc
3257 4959 3428 5012 locum
3481 4953 3550 5008 sic
3579 4951 3657 5003 ha-

2100 5021 2188 5074 bet
2204 5020 2570 5098 :ﬂuocumque
2575 5024 2786 5098 venisset
2798 5020 2998 5092 aderat,
3013 5037 3118 5098 etc.
3129 5073 3142 5094 ,
3163 5036 3657 5098 notamquejequeu-

2099 5100 2206 5145 tem
2235 5093 2399 5148 addit.
2434 5092 2504 5134 —+
2527 5092 2758 5150 Criticus
2786 5112 2950 5168 anon.
2983 5100 3052 5152 ita
3085 5092 3402 5168 distinguit:
3427 5095 3654 5150 Exclusit:

2098 5180 2274 5234 asuo.
2338 5175 2667 5234 Quocumque
2695 5167 2931 5234 venisset,
2987 5169 3164 5224 aderat
3207 5167 3280 5224 ibi
3309 5167 3651 5223 Diocletianus.

2099 5231 2280 5289 Placet
2307 5231 2624 5289 Heumann—0
2639 5245 2693 5291 et
2711 5238 2862 5292 mihi.
2919 5231 2925 5234 ’
3409 5239 3534 5292 Bon.

2075 5337 2078 5342 -
2169 5304 2360 5359 Aderat
2389 5305 2456 5358 ibi
2478 5305 2700 5362 Diocles.
2730 5309 2882 5378 Apud
2905 5308 3280 5366 Maximianum
3302 5309 3560 5366 Galerium
3578 5317 3654 5372 ge-

2097 5390 2288 5454 nerum
2312 5392 2488 5454 suum,
2507 5394 2537 5454 ξι
2569 5393 2675 5446 quo
2703 5395 2876 5448 nuper
2902 5380 3073 5454 fuerat
3103 5385 3323 5437 accitus.
3567 5444 3577 5454 .

2170 5448 2474 5522 Substituto.
2506 5447 2566 5503 Itt
2588 5464 2688 5504 ms.
2721 5447 2898 5522 potest
2919 5453 3022 5522 legi
3059 5454 3351 5517 substituto,
3379 5458 3466 5504 aut
3513 5447 3653 5501 etiam

2095 5519 2448 5594 substitutum.
2473 5591 2482 5594 _
2645 5591 2687 5594 _
2722 5519 2735 5522 ⁷
2975 5519 2993 5522 v
3440 5591 3450 5594 λ
3615 5584 3625 5594 .

2169 5588 2233 5642 In
2264 5591 2438 5644 Severi
2463 5591 2594 5644 loco.
2639 5591 2725 5646 Sic
2748 5609 2848 5647 ms.
2884 5594 3031 5648 Docti
3083 5594 3286 5648 malunt
3329 5588 3655 5650 scribere,“

2096 5659 2269 5734 Severi
2296 5662 2463 5715 locum
2487 5679 2504 5715 :
2533 5663 2626 5716 sed
2651 5673 2875 5734 utraque
2904 5666 3062 5719 lectio
3084 5666 3295 5720 defendi
3327 5671 3518 5732 potest.

2171 5729 2396 5799 Utroque
2439 5745 2702 5805 prtrsente.
2750 5729 3081 5795 Diocletiano
3120 5729 3390 5805 nimirum,
3450 5740 3502 5787 et
3543 5735 3656 5796 86³⁸

2095 5801 2417 5862 Maximiano
2440 5801 2716 5864 Ilcrculio.
3377 5801 3385 5805 ⁷
3591 5827 3604 5840 ⁵
