3800 6250
145 358 240 420 241

1287 367 1378 424 AD
1420 365 1745 427 DONATUM
1782 368 2303 429 CONFESSOREM.

3323 387 3430 445 212

77 524 98 537 ,
150 483 384 544 tempore
411 485 507 529 sex
564 470 792 530 fuerunt.
837 474 1014 546 Quare
1059 474 1334 550 impeditis
1375 483 1616 539 consiliis
1646 499 1733 542 se-
1759 489 1813 548 Α
1837 487 1915 542 dit
1939 489 2144 544 scelera
2174 506 2294 562 qua:
2338 491 2482 561 fecit,
2516 493 2813 552 detrahitur
2864 498 2914 554 ei
2945 500 3132 568 veStis,
3162 507 3218 560 et
3245 503 3426 560 incre-

142 583 239 622 nex
259 565 609 621 Maximianus
636 569 846 623 tertiam
891 586 1106 642 quoque
1134 573 1312 644 fugam
1345 577 1668 633 moliebatur
1700 597 1714 634 :

141 659 270 716 redit
298 659 349 714 in
379 658 605 714 Galliam
637 661 827 737 plenus
858 665 1011 719 mala:
1037 666 1378 738 cogitationis
1437 686 1500 726 ac
1547 673 1723 728 scele-

142 754 229 819 ris,
263 760 315 806 ιιι
361 749 771 808 Constantinum
811 757 1196 827 imperatorem
1249 775 1508 830 generum
1537 779 1718 832 suum,

141 841 316 914 generi
349 841 543 910 lilium,
573 843 697 898 dolo
722 846 864 900 malo
890 848 1340 918 circumveniret;
1367 862 1423 907 et
1452 862 1509 908 ut
1541 863 1723 923 posset

146 937 344 1004 fallere,
370 938 592 1006 deponit
622 940 821 1009 regiam
849 951 1074 1012 vestem.
1108 942 1435 1000 Francorum
1483 961 1616 1016 gens
1663 948 1720 1004 in

66 1029 116 1049 ’ί
145 1034 297 1087 armis
323 1043 456 1088 erat.
487 1033 779 1090 Persuadet
804 1035 934 1090 nihil
959 1036 1276 1107 suspicanti,
1301 1053 1369 1094 ne
1395 1054 1610 1094 omnem
1633 1055 1720 1096 se-

141 1141 248 1180 cum
273 1125 566 1181 exercitum
594 1125 835 1194 duceret,
863 1128 1046 1198 paucis
1100 1129 1361 1187 militibus
1385 1146 1546 1201 posse
1589 1133 1718 1188 bar-

139 1218 286 1272 baros
306 1216 598 1284 debellari;
630 1227 688 1272 ut
728 1228 782 1274 et
809 1218 925 1288 ipse
958 1220 1178 1276 haberet
1203 1221 1530 1291 exercitum,
1557 1238 1717 1294 quem

137 1317 432 1379 occuparet,
451 1319 508 1364 et
529 1310 622 1366 ille
640 1310 869 1380 opprimi
897 1323 1079 1381 posset
1106 1312 1176 1367 ob
1203 1313 1433 1368 militum
1475 1315 1718 1384 paucitac

139 1409 258 1455 tem.
282 1400 464 1456 Credit
484 1401 826 1470 adolescens,
853 1411 918 1466 ,ιιι
946 1403 1140 1472 perito,
1169 1419 1232 1460 ac
1271 1405 1387 1460 seni
1411 1421 1427 1472 ;
1460 1415 1630 1475 paret,
1659 1414 1718 1463 ut

142 1492 753 1562 socerozproticiscitur,
802 1495 991 1550 relicta
1030 1495 1255 1551 militum
1287 1508 1437 1568 parte
1488 1499 1712 1568 majore.

135 1585 236 1652 Ille,
267 1587 449 1655 paucis
494 1586 686 1642 diebus
739 1589 1059 1658 expectatis,
1101 1604 1222 1644 cum
1249 1591 1359 1660 jam
1406 1589 1716 1647 Constanti-

135 1693 248 1733 num
277 1679 568 1734 aestimaret
617 1679 850 1737 intrasse
897 1682 1034 1738 lines
1075 1683 1455 1751 barbarorum,
1488 1695 1715 1756 repente

134 1785 402 1839 purpuram
437 1773 628 1838 sumit,
663 1773 946 1828 thesauros
973 1775 1196 1843 invadit,
1242 1776 1426 1844 donat,
1460 1786 1518 1831 ut
1543 1779 1702 1843 solet,

1825 582 1937 652 pito
1969 583 2078 637 vita
2108 583 2358 641 donatur.

2540 678 2711 736 XXX.
2742 683 2753 740 ξ

1893 769 1982 824 Sic
2009 772 2210 826 amisso
2236 771 2574 841 imperatoris
2601 790 2664 829 ac
2697 778 2869 832 soceri
2898 777 3122 846 honore,
3154 776 3424 836 humilita-

1823 861 1891 918 tis
1921 863 2202 932 impatiens
2226 905 2241 929 ,
2287 865 2419 919 alias
2469 881 2654 921 rursus
2697 868 2917 925 insidias
2954 871 3291 928 machinatus
3314 883 3420 930 est.

1822 955 1956 1024 Quia
1999 957 2166 1013 semel
2217 957 2403 1012 habuit
2447 959 2700 1030 impune,
2745 971 2902 1018 vocat
2927 962 3096 1019 ﬁliam
3127 965 3413 1030 Faustam,

1820 1061 2050 1118 eamque
2089 1063 2232 1103 nunc
2261 1049 2508 1119 precibus
2528 1092 2544 1118 ,
2585 1067 2728 1108 nunc
2755 1052 3133 1110 blandimentis
3157 1056 3421 1112 sollicitat

1821 1140 1890 1196 ad
1922 1141 2278 1212 proditionem
2302 1145 2502 1216 mariti,
2531 1146 2694 1202 alium
2726 1147 3023 1218 digniorem
3057 1151 3232 1206 virum
3261 1153 3426 1224 polli-

1826 1240 1998 1299 cetur,
2031 1233 2162 1298 petit
2181 1234 2484 1290 cubiculum
2510 1248 2699 1307 patens
2721 1242 2970 1310 relinqui,
2990 1250 3044 1297 et
3066 1243 3458 1313 negligentius,

1819 1325 2076 1380 custodiri
2095 1327 2254 1381 sinat.
2286 1328 2577 1384 Pollicetur
2605 1330 2691 1384 illa
2714 1330 2993 1399 facturam,
3012 1335 3080 1388 ἐι
3109 1335 3273 1390 refert
3302 1351 3428 1404 pro-

1820 1419 1962 1474 tinus
1991 1419 2060 1474 ad
2090 1420 2362 1475 maritum.
2393 1421 2748 1493 Componitur
2777 1439 2964 1494 scena,
2999 1441 3104 1496 qua
3134 1429 3421 1484 manifesto

1819 1509 2028 1566 facinus
2055 1519 2347 1567 teneretur.
2380 1512 2712 1583 Supponitur
2733 1515 2950 1586 quidam
2969 1517 3088 1571 vilis
3109 1519 3411 1584 eunuchus,

1817 1604 1905 1674 qui
1935 1619 2030 1673 pro
2047 1603 2376 1674 Imperatore
2403 1606 2682 1662 moriatur.
2703 1608 2884 1679 Surgit
2913 1609 3003 1666 ille
3029 1620 3190 1667 nocte
3220 1596 3464 1668 intem-’1

1817 1705 2004 1765 pesta;
2037 1697 2181 1752 videt
2207 1698 2386 1752 omnia
2415 1698 2622 1754 insidiis
2647 1709 2968 1770 opportuna.
3014 1703 3142 1758 Rari
3185 1706 3409 1760 excubi~

1813 1797 1960 1846 tores
1986 1801 2159 1857 erant,
2188 1801 2244 1847 et
2276 1793 2310 1846 ii
2334 1793 2550 1863 quidem
2583 1794 2826 1866 longius;
2858 1797 3051 1866 quibus
3082 1806 3259 1855 tamen
3291 1800 3426 1857 dicit

135 1861 294 1933 large;
327 1863 478 1933 fingit
521 1863 592 1918 de
640 1862 1014 1933 Constantino,
1047 1883 1168 1936 qua:
1194 1868 1245 1922 iu
1270 1870 1442 1938 ipsum
1468 1871 1704 1939 protinus

1884 1882 2014 1939 lisse
2054 1885 2325 1940 somnium
2352 1927 2368 1953 ,
2421 1887 2564 1955 quod
2598 1888 2706 1942 filio
2735 1903 2834 1944 suo
2861 1905 3083 1946 narrare
3112 1892 3292 1948 vellet.
3327 1895 3418 1950 Iu-

136 1953 442 2055 midemﬂl:
479 1952 797 2025 ἰτηρεηιιοτί
821 1971 1049 2028 Propere
1070 1975 1189 2029 quae
1214 1971 1363 2031 88513
1399 1971 1544 2028 sum.
1576 1979 1713 2017 ηιιιι-
1813 1974 2060 2044 greditur
2087 1952 2360 2045 armatus,
2411 1952 2465 2034 et
2505 1979 2744 2050 spadone
2787 1983 3103 2040 obtruncato
3125 2026 3138 2050 ,
3179 1986 3410 2055 prosiliit

132 2045 330 2099 tiantur.
362 2045 685 2104 Admirabili
729 2049 1001 2105 celeritate
1044 2065 1164 2106 cum
1211 2053 1449 2108 exercitu
1474 2055 1702 2112 revolat.

123 2137 440 2206 Opprimitur
492 2138 662 2195 homo
703 2155 770 2196 ex
817 2141 1127 2212 improviso,
1174 2145 1410 2199 nondum
1467 2147 1597 2201 satis
1628 2147 1710 2201 in-

73 2223 86 2241 ’
128 2238 376 2296 structus;
407 2231 619 2288 milites
639 2231 705 2287 ad
728 2233 1109 2303 Imperatorem
1138 2249 1291 2290 suum
1321 2237 1564 2292 redeunt.
1597 2239 1708 2294 0c-

1811 2067 2219 2137 gloriabundus,
2247 2085 2311 2126 ac
2334 2071 2614 2141 profitetur
2639 2074 2782 2144 quod
2807 2075 3101 2132 admiserit.
3158 2079 3401 2150 Repente

1813 2174 1873 2215 se
1895 2175 1961 2215 ex
1983 2160 2152 2216 altera
2181 2171 2331 2230 parte
2355 2163 2738 2221 Constantinus
2788 2169 3023 2223 ostendit
3071 2186 3191 2226 eum
3247 2172 3414 2242 globo

1814 2260 2163 2307 armatorum.
2200 2253 2478 2310 Profertur
2496 2271 2528 2311 e
2551 2256 2797 2312 cubiculo
2826 2259 3053 2315 cadaver
3077 2262 3238 2318 occisi
3263 2281 3274 2316 :
3300 2263 3408 2319 lia:-

126 2333 396 2422 συνανετεξι
424 2323 722 2380 Μθεδηίθηι
753 2367 766 2392 ι
793 2334 848 2381 οι
873 2335 1055 2397 ροηδε
1084 2327 1449 2422 (ἥδεθτενενθῑο
1489 2329 1724 2402 Αεοεάίι,
1809 2352 1896 2399 ret
1924 2344 2318 2402 manifestarius
2341 2346 2629 2416 homicida,
2661 2360 2716 2405 et
2741 2359 2922 2407 mutus
2947 2361 3160 2422 stupet:

126 2417 325 2486 propius
353 2415 704 2488 Imperator;
731 2427 786 2473 et
812 2419 863 2472 in
886 2419 1039 2474 muro
1060 2419 1361 2477 adstantem
1393 2423 1708 2493 alloquitur,

127 2524 219 2563 nou
243 2524 448 2579 aspere,
483 2525 591 2565 nec
641 2510 909 2565 hostiliter
934 2528 948 2565 :
972 2510 1068 2566 sed
1118 2521 1269 2582 rogat
1304 2514 1431 2583 quid
1465 2514 1570 2568 sibi
1613 2529 1713 2569 vo-

127 2599 311 2668 luisset,
335 2601 461 2672 quid
474 2601 531 2656 ei
551 2601 831 2670 defuisset,
856 2616 952 2656 cur
974 2601 1177 2658 faceret
1201 2604 1345 2675 quod
1369 2607 1541 2676 ipsum
1563 2621 1704 2676 prte-

127 2695 263 2760 clpuc
289 2707 392 2748 non
421 2693 666 2749 deceret.
699 2694 795 2750 Ille
849 2709 982 2750 vero
1013 2695 1291 2767 ingerebat
1338 2698 1621 2756 maledicta
1641 2701 1712 2757 de

127 2785 292 2839 muris.
318 2785 450 2840 Tum
484 2787 669 2842 subito
711 2802 743 2842 a
792 2795 941 2858 tergo
990 2789 1107 2858 ejus
1155 2799 1324 2859 portae
1373 2802 1704 2859 reserantur,

129 2877 302 2934 milites
347 2869 708 2951 recipiuntur.
759 2880 1060 2936 Atlrabitur
1102 2882 1168 2936 ad
1214 2883 1595 2954 Imperatorem
1626 2901 1712 2942 re-

128 2968 264 3025 bellis
289 2969 615 3041 Imperator,
651 2977 803 3042 pater
850 2971 1072 3044 impius,
1113 2988 1272 3030 socer
1300 2976 1562 3044 perﬁdus.
1594 2979 1711 3034 Au-

2061 2463 2209 2523 Quasi
2232 2465 2354 2514 dura
2377 2463 2530 2528 silex,
2554 2473 2639 2516 aut
2660 2471 2760 2516 stet
2777 2465 3018 2530 Marpesia
3043 2475 3243 2531 cautes;

1815 2567 2106 2638 impietatis
2131 2584 2194 2624 ac
2221 2569 2442 2624 sceleris
2487 2571 2810 2640 increpatur.
2857 2573 3142 2629 Postremo
3169 2576 3328 2633 datur
3356 2579 3405 2633 ei
3470 2609 3495 2628 κ

1817 2670 2056 2731 potestas
2088 2661 2273 2716 libera:
2302 2662 2490 2716 mortis
2516 2680 2527 2714 :

2070 2777 2141 2828 Ae
2165 2779 2342 2828 nodum
2365 2779 2581 2829 informis
2605 2780 2693 2830 leti
2713 2781 2856 2832 trabe
2879 2785 3034 2834 nectit
3057 2785 3253 2836 ab‘alta.

1891 2883 1965 2938 Ita
1998 2884 2088 2940 ille
2113 2883 2339 2938 Romani
2367 2884 2596 2939 nominis
2626 2887 2894 2942 maximus
2939 2887 3269 2959 Imperator,
3329 2900 3419 2964 qui

1819 2994 1917 3050 per
1942 2979 2158 3049 longum
2209 2978 2466 3048 temporis
2511 2979 2851 3034 intervallum
2875 2995 2995 3036 cum
3027 2983 3227 3053 ingenti
3250 2985 3420 3056 gloria

1469 3093 1831 3154 VARIORUM
1866 3095 2100 3153 NOTAE.

130 3228 157 3304 ‘_
191 3227 286 3284 Sea:
310 3226 780 3304 fuerunt_.‘_lta'ms.
811 3227 1062 3304 N_onnulli
1092 3227 1314 3283 mallent
1356 3232 1694 3304 pt'tvfttertml.
1731 3232 1776 3295 Ο
1809 3244 1935 3304 n_um
1990 3244 2098 3304 non
2146 3229 2416 3304 reperies;
2469 3236 2524 3283 et
2554 3227 2728 3304 hausit
2758 3245 2786 3282 a
2813 3228 3073 3304 Cicerone
3103 3243 3157 3288 et
3178 3233 3400 3304 Virgilio

128 3297 423 3369 Reipublicae
449 3299 685 3364 scilicet,
714 3315 809 3354 seu
837 3299 1216 3369 Imperatores,
1261 3316 1356 3354 seu
1404 3297 1646 3354 C;esares
1674 3317 1689 3364 ;

133 3385 302 3438 nempe
325 3371 632 3436 Herculius,
667 3369 940 3434 Galerius,
996 3369 1314 3425 Maximinus
1345 3371 1504 3436 Daza,
1558 3371 1705 3426 Cou-

130 3443 387 3509 stantiuus,
417 3441 725 3498 Maxentius
753 3451 808 3496 et
835 3441 1097 3496 Licinius.

192 3535 366 3600 Quare.
396 3537 472 3592 Ex
506 3535 731 3590 Terent.
759 3535 927 3590 Andr.
963 3536 1082 3590 Aet.
1113 3551 1190 3603 ιιι,
1221 3534 1382 3590 Scen.
1412 3535 1466 3590 5.

200 3605 564 3662 Maximianus.
588 3607 805 3662 Scilicet
835 3605 1135 3661 Herculius.

191 3677 506 3733 Matii-batur.
535 3679 590 3732 Id
619 3688 720 3742 εει,
747 3678 988 3748 parabat.
1018 3675 1235 3748 AEueid.
1273 3691 1330 3740 ιι,
1352 3691 1406 3729 v.
1442 3676 1564 3748 I08.

200 3749 545 3819 Cogitationis.
587 3749 662 3803 Ita
704 3747 834 3803 mss.
867 3747 938 3802 Et
963 3759 1151 3819 _recte.
1200 3747 1396 3819 Priscae
1423 3747 1710 3819 editiones,

134 3817 419 3891 contagionis
443 3838 461 3875 :
487 3821 722 3874 fortasse
746 3836 812 3875 eo
837 3817 981 3890 quod
1013 3819 1103 3872 lib.
1141 3835 1173 3871 v
1214 3819 1330 3872 Div.
1368 3817 1542 3891 Instit.
1570 3819 1709 3891 Lac:

135 3889 284 3953 tantii,
312 3907 428 3961 cap.
463 3891 540 3946 12
587 3891 741 3946 initio
772 3889 986 3961 legitur,
1023 3899 1198 3959 pectus
1251 3905 1436 3959 purum
1465 3889 1528 3942 ab
1565 3890 1707 3943 omni

133 3961 311 4034 sceleris
335 3963 644 4034 contagion_e
672 3974 932 4031 priestare.

195 4030 570 4088 Constantinum
597 4030 966 4101 Imperatorem
987 4034 1231 4103 generum
1255 4047 1421 4103 suum.
1453 4030 1706 4096 Faustam

136 4103 260 4157 enim
279 4103 583 4159 Maximiani
614 4103 846 4157 Herculii
871 4101 1035 4157 tiliam
1080 4101 1326 4157 duxerat.
1353 4102 1611 4157 TOINARD.
1635 4133 1707 4143 —

137 4170 329 4242 Legitur
355 4176 620 4230 mendose
638 4174 1014 4228 Consmntium
1044 4174 1182 4242 apud
1207 4173 1554 4227 Toinardum.

197 4241 364 4300 Generi
394 4247 582 4315 ﬁlium.
614 4245 911 4301 Constantii
933 4241 1138 4305 Chlori,
1191 4245 1282 4315 cui,
1319 4243 1501 4298 Flavia
1533 4244 1705 4297 Maxi-

135 4314 880 4395 mian_a_’l‘he9dora,ej_usdem
929 4315 1159 4395 Herculii
1211 4314 1470 4395 privigna,
1504 4329 1702 4395 nupse:

137 4395 227 4442 rat.
257 4386 372 4442 Ideo
413 4386 767 4444 Constantius
794 4387 953 4442 ducta
994 4386 1234 4456 privigna
1259 4387 1508 4456 habetur
1533 4386 1707 4440 vitrici

137 4471 296 4525 gener.
877 4505 880 4508 .
1141 4455 1153 4456 ί
1226 4455 1491 4512 Tomano.

140 4613 243 4672 mur
267 4619 277 4654 :
299 4603 432 4670 apud
460 4601 715 4672 antiquos
741 4610 920 4672 autem
949 4599 1197 4672 etiamin
1222 4599 1377 4672 bonis
1403 4597 1566 4672 rebus
1587 4607 1706 4652 ute-

143 4669 343 4737 bamur;
393 4673 539 4728 unde
589 4669 766 4726 adhuc
815 4671 1043 4725 dicimus
1082 4671 1202 4724 sine
1249 4669 1378 4724 dolo
1426 4669 1706 4725 maximo:

141 4741 366 4812 nimirum
388 4745 513 4812 quia
544 4743 649 4798 dici
679 4742 888 4796 solebat
915 4750 958 4795 et
986 4740 1190 4812 Bonus.
1314 4810 1325 4812 Α
1471 4739 1600 4812 fieri.

203 4810 508 4872 Francorum
532 4831 651 4884 gens
673 4814 724 4866 in
749 4813 903 4870 armis
925 4821 1050 4866 erat.
1066 4812 1153 4884 De
1175 4811 1280 4884 hoc
1307 4810 1442 4884 forte
1469 4810 1711 4884 Franco-

144 4897 244 4938 rum
277 4886 412 4941 bello
444 4880 680 4956 loquitur
714 4884 914 4939 Euseb.
942 4885 995 4937 in
1028 4882 1134 4936 vita
1163 4880 1499 4938 Constantini
1530 4881 1624 4937 lib.
1655 4898 1707 4948 I,

143 4966 245 5012 can.
269 4957 354 5012 25.
804 4997 809 5002 -

201 4969 488 5098 55:31am.
516 5027 574 5082 ld
599 5034 716 5096 est,‘
737 4997 1015 5098 Herculius
1042 5021 1334 5094 persuadet
1357 5021 1712 5079 Constantino

149 5094 267 5169 nihil
287 5100 590 5169 suspicanti.

212 5167 392 5248 {esset}
421 5174 470 5227 in
503 5185 628 5248 ms.,
660 5168 850 5224 Possit.
947 5241 958 5248 _
1133 5239 1152 5248 η
1431 5236 1442 5248 .

212 5237 528 5309 Paucitatem.
562 5242 619 5295 In
649 5256 779 5309 ms.,
813 5241 1062 5309 paucitate
1084 5256 1103 5294 :
1129 5239 1267 5294 forte
1293 5237 1567 5309 paucitate.

217 5307 519 5392 (ﬁta-inlini:
556 5307 770 5392 Leguut
791 5307 984 5366 eruditi
999 5307 1375 5392 constupraret.”
1415 5380 1449 5392 η
1559 5357 1602 5392 _.
1652 5379 1686 5392 ,ο

202 5377 375 5451 Fingit
395 5385 453 5437 de
473 5377 806 5438 Constantino
825 5423 848 5447 ,.
863 5393 957 5436 etc.
980 5382 1052 5435 .Id
1086 5391 1204 5449 est,
1230 5382 1383 5450 lingit
1411 5379 1716 5435 Constanti-

160 5463 270 5503 num
308 5468 608 5524 oppressum
665 5469 784 5509 esse
810 5455 877 5508 ab
907 5451 1150 5506 hostibus
1170 5493 1185 5518 ,
1213 5451 1520 5524 sicutipse,
1557 5451 1714 5524 p_aulo

160 5530 298 5587 pust,
342 5521 608 5596 inopinato
637 5525 821 5595 generi
871 5538 1094 5580 recursu
1117 5521 1537 5594 opprimebatur.
1566 5521 1716 5576 (ἰείη

160 5605 340 5647 ιλιιιιιε.

221 5661 522 5732 Imperatori.
556 5667 795 5732 Scilicet,
826 5665 1201 5721 Constantino.

221 5732 430 5790 Revolat.
463 5739 773 5794 Lactantius
804 5738 920 5792 Div.
947 5739 1198 5801 Institut.,
1222 5735 1315 5790 lib.
1346 5750 1436 5799 vn,
1462 5748 1580 5804 cap.
1611 5736 1713 5788 12:

155 5801 305 5879 Donec
343 5810 510 5865 anima
551 5812 734 5865 omissa
774 5811 1000 5879 corporis
1041 5811 1265 5864 claustro
1293 5807 1362 5860 ad
1381 5801 1717 5879 sedentariam

151 5875 309 5927 revolet
338 5894 354 5929 .’
384 5896 551 5948 (illam
576 5897 764 5938 vocem
795 5875 930 5952 apud
958 5882 1123 5938 ullum
1154 5888 1427 5936 auctorem
1455 5877 1714 5932 Christia-

1813 3299 2060 3370 Georgic.
2090 3316 2138 3359 ι.
2171 3317 2221 3353 v.
2253 3300 2374 3363 561,
2407 3314 2591 3354 eorum
2623 3301 2856 3356 imitator
2877 3303 3179 3360 Firmianus
3207 3299 3406 3361 noEter.

1897 3370 2082 3426 Homo.
2111 3370 2288 3425 Senex
2323 3371 2620 3426 llerculius.

1889 3441 2012 3496 Non
2033 3443 2248 3513 deceret.
2291 3441 2423 3508 Quia
2453 3441 2836 3497 Constantinus
2863 3460 3028 3513 gener
3064 3455 3177 3501 erat
3205 3447 3407 3502 IIercu-

1720 3504 1736 3518 ’
1815 3512 2084 3588 Iii,_quem
2107 3504 2506 3588 quodammodo
2535 3528 2640 3568 non
2669 3504 2915 3581 decebat,
2937 3527 2991 3570 ut
3019 3517 3184 3573 Socer
3210 3535 3411 3588 genero

1815 3581 2019 3638 belidm
2052 3581 2293 3637 inferret.

1887 3655 2095 3728 {Itergo
2115 3655 2246 3722 ejus.
2292 3652 2349 3707 Id
2384 3663 2462 3708 est
2481 3693 2496 3721 ,
2528 3664 2698 3725 portae
2720 3671 2837 3724 qurc
2859 3673 2889 3710 a
2923 3667 3073 3728 tergo
3101 3670 3252 3714 crant
3275 3659 3413 3715 Iler-

1817 3725 1968 3780 culii.

1886 3796 2098 3850 Milites.
2130 3792 2488 3850 Constantini.

1887 3866 2045 3921 Pater
2074 3867 2281 3940 ἱῃιρὶιιε.
2309 3865 2487 3933 Pater,
2515 3867 2721 3924 scilicet
2741 3870 2973 3932 Faustze.
2998 3886 3158 3940 quam
3189 3887 3414 3930 uxorem

1823 3937 2051 4011 duxerat
2076 3936 2493 4011 Constantinus;
2521 3940 2742 4011 impius,
2775 3941 2897 4011 quia
2927 3936 3267 3998 inhumanus.

1887 4009 2051 4083 Audit
2081 4010 2270 4083 scelera
2292 4009 2897 4083 quic_fecit.‘Eleganter
2917 4014 2984 4068 de
3015 4015 3269 4069 obnoxio.
3318 4016 3409 4072 Sic

1811 4078 2276 4157 Lactantius,-lib.
2307 4096 2340 4135 v
2374 4081 2544 4157 Diviu.
2577 4078 2807 4139 Institut.
2836 4127 2851 4152 ,
2899 4099 3019 4157 cap.
3069 4085 3133 4141 I9
3189 4106 3201 4140 :
3255 4087 3414 4141 Audit

1799 4166 1927 4219 qua:
1951 4150 2030 4203 illi
2053 4148 2195 4204 Deus
2217 4152 2570 4205 comminetur.

1887 4221 2186 4276 Detraliitur
2210 4222 2255 4276 ei
2277 4223 2453 4278 uestis.
2479 4221 2822 4294 lmperatoria
2845 4214 3069 4294 scilicet,
3092 4228 3144 4283 id
3162 4238 3264 4295 est,
3290 4244 3416 4301 pur-

1813 4307 1965 4361 pura.

1887 4383 2208 4459 liumilitatis
2221 4387 2508 4459 impatiens.
2526 4385 2581 4442 Id
2609 4397 2711 4455 est,
2741 4388 2966 4459 abjeetae
2993 4400 3048 4445 et
3075 4391 3197 4446 vilis
3221 4394 3410 4448 condi-

1815 4452 2325 4532 tionis__impatieus'..
2383 4458 2456 4513 lta
2504 4473 2654 4532 more
2696 4452 2944 4514 veterum
2989 4461 3101 4524 Cic.
3124 4503 3140 4529 ,
3166 4478 3288 4532 cap.
3324 4467 3412 4531 I8,

199 4505 319 4583 fiala
346 4531 502 4608 malo.
536 4529 650 4608 Qoli
675 4505 934 4584 vocabulo
955 4543 1096 4608 nunc
1119 4505 1582 4608 tantum-.iu-iiialis
1606 4526 1708 4608 utl-
1733 4547 1789 4608 Ι)
1813 4505 2759 4608 dij-dt‘lib'fvt,capti.-

1887 4593 2334 4670 Machinatusiest,
2360 4593 2486 4670 quia
2509 4601 2662 4654 semel
2689 4601 2863 4654 [tabuit
2891 4603 3098 4670 impune
3121 4616 3282 4658 uocat.
3335 4606 3410 4661 Ita

1813 4667 2031 4722 distinxi
2063 4683 2185 4723 cum
2214 4669 2365 4723 Gabo
2390 4710 2405 4734 ,
2447 4669 2753 4735 Boherello,
2783 4667 2971 4726 critico
2993 4687 3153 4728 anon.
3187 4683 3241 4728 ct
3264 4676 3407 4730 lleu-

1815 4754 2034 4814 mauno.
2066 4739 2238 4794 Antea
2268 4739 2525 4814 edebatur
2555 4758 2568 4793 :
2602 4739 2928 4796 .‘llacltinutus
2949 4753 3062 4806 est;
3101 4746 3222 4814 quia
3253 4749 3410 4802 semel

1814 4809 1939 4880 abiit
1963 4811 2188 4880 impune,
2216 4820 2382 4865 vocat.
2411 4811 2541 4865 BUN.

1890 4879 2085 4935 Habuit
2121 4879 2349 4959 impune.
2403 4881 2513 4937 Nec
2539 4883 2696 4959 aliter
2711 4897 2823 4959 .ms.
2856 4891 2910 4938 et
2937 4883 3246 4959 Laclantius
3277 4889 3408 4959 Epi-

1817 4962 1975 5030 tom.,
2005 4967 2126 5030 cap.
2160 4952 2229 5030 55
2255 4970 2269 5006 :
2303 4951 2540 5030 _impune
2569 4951 2775 5030 (tabuit;
2806 4964 2861 5010 et
2884 4966 3000 5025 cap."
3036 4957 3105 5012 55
3135 4975 3148 5014 :
3195 4951 3414 5030 Impune

1815 5023 2020 5078 habent.
2050 5023 2148 5079 Hic
2178 5025 2228 5078 in
2251 5023 2409 5080 editis
2439 5035 2524 5079 est
2544 5025 2696 5082 abiit.

1891 5096 2078 5149 Scene.
2126 5095 2182 5150 In
2216 5111 2317 5151 ms.
2349 5097 2571 5162 schena;
2601 5096 2751 5165 quasi
2781 5098 3231 5166 pronuntiandum
3263 5112 3410 5158 esset

1816 5165 1998 5232 ahena,
2030 5181 2180 5220 more
2205 5167 2410 5221 scilicet
2437 5167 2712 5222 Italorum.

1892 5228 2031 5291 Filio
2061 5254 2170 5310 ευρ.
2196 5237 2254 5310 Id
2284 5249 2390 5306 est,
2417 5254 2618 5310 genero
2649 5253 2770 5310 suo,
2797 5237 3150 5296 Constantino
3176 5242 3403 5309 scilicet,

1817 5309 1939 5379 quia
1969 5319 2085 5362 erat
2112 5308 2828 5365 Maximiani'llerculii'tiliae
2859 5313 3101 5367 maritus.

1889 5378 2144 5451 Prosilit}.
2169 5379 2360 5436 Melius
2389 5383 2526 5435 forct
2552 5382 2769 5451 prosilit.
2919 5426 2923 5430 .

1897 5449 2070 5504 litaret
2093 5452 2472 5520 manifestarius
2495 5449 2770 5506 lianticida.
2788 5451 3095 5508 Laclantius
3118 5454 3208 5508 lib.
3243 5471 3255 5506 ι
3287 5455 3405 5508 Div.

1818 5521 2076 5586 Institut.,
2107 5535 2227 5594 cap.
2256 5523 2286 5574 7
2319 5522 2524 5594 πριιαεί
2553 5523 2811 5594 subductis
2839 5535 2884 5582 et
2913 5526 3226 5594 consumptis
3247 5526 3412 5579 omni-

1821 5595 1912 5647 bus
1933 5594 2047 5659 viis,
2075 5592 2716 5662 subsistit,hteret,de/icit.
2741 5596 2820 5649 Ex
2846 5595 3036 5650 Plauto
3063 5592 3408 5660 iit-Aulular”

1817 5673 1872 5718 et
1893 5663 2227 5718 Trinummo.

1896 5734 2076 5804 Quasi.
2116 5733 2304 5804 Virgil.
2327 5749 2401 5799 vr,
2431 5733 2641 5790 lEneid.
2677 5751 2732 5802 v,
2757 5736 2878 5790 471.

1894 5807 1989 5859 Ac.
2019 5803 2186 5871 Idem,
2220 5805 2311 5860 lib.
2347 5821 2440 5870 xn,
2469 5823 2518 5858 v.
2543 5807 2666 5861 605.

1899 5875 2254 5932 Intervallum.
2291 5875 2347 5932 In
2379 5891 2480 5932 ms.
2517 5876 2797 5930 intervallo.
