  <div class='ocr_page' id='page_1' title='image "/cluster/home/n/w/nwhite01/storage/ocr_20150623/7/uva.x000669785/129.png"; bbox 0 0 3800 6250; ppageno 0'>
   <div class='ocr_carea' id='block_1_1' title="bbox 362 336 471 397">
    <p class='ocr_par' dir='ltr' id='par_1_1' title="bbox 362 336 471 397">
     <span class='ocr_line' id='line_1_1' title="bbox 362 336 471 397; baseline 0.009 -1"><span class='ocrx_word' id='word_1_1' title='bbox 362 336 471 397; x_wconf 68' lang='grc' dir='ltr'><strong>Ξάὸ</strong></span> 
     </span>
    </p>
   </div>
   <div class='ocr_carea' id='block_1_2' title="bbox 1230 328 2794 395">
    <p class='ocr_par' dir='ltr' id='par_1_2' title="bbox 1230 328 2794 395">
     <span class='ocr_line' id='line_1_2' title="bbox 1230 328 2794 395; baseline 0.001 -2"><span class='ocrx_word' id='word_1_2' title='bbox 1230 336 1416 393; x_wconf 81' lang='lat' dir='ltr'><strong>FIRM.</strong></span> <span class='ocrx_word' id='word_1_3' title='bbox 1457 335 1827 394; x_wconf 81' lang='lat' dir='ltr'><strong>LAC&#39;I‘ANTII</strong></span> <span class='ocrx_word' id='word_1_4' title='bbox 1864 328 1993 394; x_wconf 81' lang='lat' dir='ltr'><strong>LIB.</strong></span> <span class='ocrx_word' id='word_1_5' title='bbox 2035 338 2124 395; x_wconf 84' lang='lat' dir='ltr'><strong>DE</strong></span> <span class='ocrx_word' id='word_1_6' title='bbox 2162 332 2375 395; x_wconf 75' lang='lat' dir='ltr'><strong>MORT.</strong></span> <span class='ocrx_word' id='word_1_7' title='bbox 2416 337 2794 395; x_wconf 81' lang='lat' dir='ltr'><strong>PERSECUT.</strong></span> 
     </span>
    </p>
   </div>
   <div class='ocr_carea' id='block_1_3' title="bbox 3515 348 3598 406">
    <p class='ocr_par' dir='ltr' id='par_1_3' title="bbox 3515 348 3598 406">
     <span class='ocr_line' id='line_1_3' title="bbox 3515 348 3598 406; baseline 0.036 -3"><span class='ocrx_word' id='word_1_8' title='bbox 3515 348 3598 406; x_wconf 65' lang='lat' dir='ltr'><strong>2M</strong></span> 
     </span>
    </p>
   </div>
   <div class='ocr_carea' id='block_1_4' title="bbox 357 451 3595 527">
    <p class='ocr_par' dir='ltr' id='par_1_4' title="bbox 357 451 3595 527">
     <span class='ocr_line' id='line_1_4' title="bbox 357 451 3595 527; baseline 0.001 -18"><span class='ocrx_word' id='word_1_9' title='bbox 357 451 547 524; x_wconf 76' lang='lat' dir='ltr'><strong>viginti</strong></span> <span class='ocrx_word' id='word_1_10' title='bbox 575 462 838 508; x_wconf 85' lang='lat' dir='ltr'><strong>annorum</strong></span> <span class='ocrx_word' id='word_1_11' title='bbox 868 461 991 509; x_wconf 92' lang='lat' dir='ltr'><strong>vota</strong></span> <span class='ocrx_word' id='word_1_12' title='bbox 1012 452 1478 519; x_wconf 88' lang='lat' dir='ltr'><strong>celebravit,eliso</strong></span> <span class='ocrx_word' id='word_1_13' title='bbox 1499 461 1552 508; x_wconf 88' lang='lat' dir='ltr'><strong>et</strong></span> <span class='ocrx_word' id='word_1_14' title='bbox 1572 451 1742 509; x_wconf 85' lang='lat' dir='ltr'><strong>fracto</strong></span> <span class='ocrx_word' id='word_1_15' title='bbox 1766 466 1954 523; x_wconf 86' lang='lat' dir='ltr'><strong>super-</strong></span> <span class='ocrx_word' id='word_1_16' title='bbox 1977 456 2034 516; x_wconf 75' lang='grc' dir='ltr'><strong>Α</strong></span> <span class='ocrx_word' id='word_1_17' title='bbox 2059 452 2315 509; x_wconf 80' lang='lat' dir='ltr'><strong>facultas:</strong></span> <span class='ocrx_word' id='word_1_18' title='bbox 2346 452 2491 507; x_wconf 92' lang='lat' dir='ltr'><strong>nullo</strong></span> <span class='ocrx_word' id='word_1_19' title='bbox 2521 460 2765 522; x_wconf 89' lang='lat' dir='ltr'><strong>tempore</strong></span> <span class='ocrx_word' id='word_1_20' title='bbox 2791 452 2918 507; x_wconf 85' lang='lat' dir='ltr'><strong>anni</strong></span> <span class='ocrx_word' id='word_1_21' title='bbox 2940 452 3026 509; x_wconf 89' lang='lat' dir='ltr'><strong>vel</strong></span> <span class='ocrx_word' id='word_1_22' title='bbox 3045 452 3232 523; x_wconf 84' lang='lat' dir='ltr'><strong>exigua</strong></span> <span class='ocrx_word' id='word_1_23' title='bbox 3262 458 3488 527; x_wconf 86' lang='lat' dir='ltr'><strong>requies;</strong></span> <span class='ocrx_word' id='word_1_24' title='bbox 3515 461 3595 521; x_wconf 78' lang='lat' dir='ltr'><strong>ire.</strong></span> 
     </span>
    </p>
   </div>
   <div class='ocr_carea' id='block_1_5' title="bbox 361 545 1959 617">
    <p class='ocr_par' dir='ltr' id='par_1_5' title="bbox 361 545 1959 617">
     <span class='ocr_line' id='line_1_5' title="bbox 361 545 1959 617; baseline -0.002 -13"><span class='ocrx_word' id='word_1_25' title='bbox 361 548 590 604; x_wconf 85' lang='lat' dir='ltr'><strong>bissimo</strong></span> <span class='ocrx_word' id='word_1_26' title='bbox 617 557 856 617; x_wconf 87' lang='lat' dir='ltr'><strong>gutture,</strong></span> <span class='ocrx_word' id='word_1_27' title='bbox 890 548 1052 601; x_wconf 83' lang='lat' dir='ltr'><strong>vitam</strong></span> <span class='ocrx_word' id='word_1_28' title='bbox 1081 546 1455 604; x_wconf 69' lang='lat' dir='ltr'><strong>detestabilem</strong></span> <span class='ocrx_word' id='word_1_29' title='bbox 1479 547 1620 617; x_wconf 86' lang='lat' dir='ltr'><strong>turpi</strong></span> <span class='ocrx_word' id='word_1_30' title='bbox 1649 554 1703 603; x_wconf 90' lang='lat' dir='ltr'><strong>et</strong></span> <span class='ocrx_word' id='word_1_31' title='bbox 1731 545 1959 617; x_wconf 84' lang='lat' dir='ltr'><strong>ignomi-</strong></span> 
     </span>
    </p>
   </div>
   <div class='ocr_carea' id='block_1_6' title="bbox 354 642 928 700">
    <p class='ocr_par' dir='ltr' id='par_1_6' title="bbox 354 642 928 700">
     <span class='ocr_line' id='line_1_6' title="bbox 354 642 928 700; baseline -0.007 0"><span class='ocrx_word' id='word_1_32' title='bbox 354 644 512 700; x_wconf 85' lang='lat' dir='ltr'><strong>niosa</strong></span> <span class='ocrx_word' id='word_1_33' title='bbox 535 654 707 699; x_wconf 91' lang='lat' dir='ltr'><strong>morte</strong></span> <span class='ocrx_word' id='word_1_34' title='bbox 738 642 928 697; x_wconf 84' lang='lat' dir='ltr'><strong>ﬁnivit.</strong></span> 
     </span>
    </p>
   </div>
   <div class='ocr_carea' id='block_1_7' title="bbox 1048 735 1242 790">
    <p class='ocr_par' dir='ltr' id='par_1_7' title="bbox 1048 735 1242 790">
     <span class='ocr_line' id='line_1_7' title="bbox 1048 735 1242 790; baseline 0.005 -1"><span class='ocrx_word' id='word_1_35' title='bbox 1048 735 1242 790; x_wconf 80' lang='lat' dir='ltr'><strong>XXXI.</strong></span> 
     </span>
    </p>
   </div>
   <div class='ocr_carea' id='block_1_8' title="bbox 431 826 1954 898">
    <p class='ocr_par' dir='ltr' id='par_1_8' title="bbox 431 826 1954 898">
     <span class='ocr_line' id='line_1_8' title="bbox 431 826 1954 898; baseline 0.001 -16"><span class='ocrx_word' id='word_1_36' title='bbox 431 828 514 883; x_wconf 87' lang='lat' dir='ltr'><strong>Ab</strong></span> <span class='ocrx_word' id='word_1_37' title='bbox 545 827 646 883; x_wconf 85' lang='lat' dir='ltr'><strong>hoc</strong></span> <span class='ocrx_word' id='word_1_38' title='bbox 671 826 840 894; x_wconf 87' lang='lat' dir='ltr'><strong>Deus,</strong></span> <span class='ocrx_word' id='word_1_39' title='bbox 874 826 1149 897; x_wconf 80' lang='lat' dir='ltr'><strong>religionis</strong></span> <span class='ocrx_word' id='word_1_40' title='bbox 1174 839 1238 882; x_wconf 88' lang='lat' dir='ltr'><strong>ac</strong></span> <span class='ocrx_word' id='word_1_41' title='bbox 1264 826 1447 898; x_wconf 87' lang='lat' dir='ltr'><strong>populi</strong></span> <span class='ocrx_word' id='word_1_42' title='bbox 1477 827 1557 882; x_wconf 88' lang='lat' dir='ltr'><strong>sui</strong></span> <span class='ocrx_word' id='word_1_43' title='bbox 1583 826 1799 895; x_wconf 83' lang='lat' dir='ltr'><strong>vindex,</strong></span> <span class='ocrx_word' id='word_1_44' title='bbox 1822 841 1954 883; x_wconf 90' lang='lat' dir='ltr'><strong>ocu-</strong></span> 
     </span>
    </p>
   </div>
   <div class='ocr_carea' id='block_1_9' title="bbox 358 918 1954 992">
    <p class='ocr_par' dir='ltr' id='par_1_9' title="bbox 358 918 1954 992">
     <span class='ocr_line' id='line_1_9' title="bbox 358 918 1954 992; baseline -0.001 -14"><span class='ocrx_word' id='word_1_45' title='bbox 358 922 442 978; x_wconf 90' lang='lat' dir='ltr'><strong>los</strong></span> <span class='ocrx_word' id='word_1_46' title='bbox 463 920 530 976; x_wconf 87' lang='lat' dir='ltr'><strong>ad</strong></span> <span class='ocrx_word' id='word_1_47' title='bbox 559 919 940 975; x_wconf 76' lang='lat' dir='ltr'><strong>Maximiauum</strong></span> <span class='ocrx_word' id='word_1_48' title='bbox 970 921 1198 975; x_wconf 80' lang='lat' dir='ltr'><strong>alterum</strong></span> <span class='ocrx_word' id='word_1_49' title='bbox 1229 919 1523 988; x_wconf 86' lang='lat' dir='ltr'><strong>transtulit,</strong></span> <span class='ocrx_word' id='word_1_50' title='bbox 1555 918 1801 976; x_wconf 67' lang='lat' dir='ltr'><strong>nefanda:</strong></span> <span class='ocrx_word' id='word_1_51' title='bbox 1826 936 1954 992; x_wconf 86' lang='lat' dir='ltr'><strong>per-</strong></span> 
     </span>
    </p>
   </div>
   <div class='ocr_carea' id='block_1_10' title="bbox 199 995 1956 1089">
    <p class='ocr_par' dir='ltr' id='par_1_10' title="bbox 199 995 1956 1089">
     <span class='ocr_line' id='line_1_10' title="bbox 199 995 1956 1089; baseline 0.001 -21"><span class='ocrx_word' id='word_1_52' title='bbox 199 995 203 998; x_wconf 39' lang='grc'><em>’</em></span> <span class='ocrx_word' id='word_1_53' title='bbox 301 1069 326 1089; x_wconf 52' lang='lat'><strong>,</strong></span> <span class='ocrx_word' id='word_1_54' title='bbox 354 1012 652 1068; x_wconf 86' lang='lat' dir='ltr'><strong>secutiuuis</strong></span> <span class='ocrx_word' id='word_1_55' title='bbox 667 1020 966 1080; x_wconf 84' lang='lat' dir='ltr'><strong>auctorem,</strong></span> <span class='ocrx_word' id='word_1_56' title='bbox 983 1016 1039 1067; x_wconf 85' lang='lat' dir='ltr'><strong>ut</strong></span> <span class='ocrx_word' id='word_1_57' title='bbox 1060 1013 1110 1066; x_wconf 82' lang='lat' dir='ltr'><strong>in</strong></span> <span class='ocrx_word' id='word_1_58' title='bbox 1127 1020 1193 1067; x_wconf 87' lang='lat' dir='ltr'><strong>eo</strong></span> <span class='ocrx_word' id='word_1_59' title='bbox 1205 1012 1364 1067; x_wconf 81' lang='lat' dir='ltr'><strong>etiam</strong></span> <span class='ocrx_word' id='word_1_60' title='bbox 1388 1012 1638 1068; x_wconf 81' lang='lat' dir='ltr'><strong>virtutem</strong></span> <span class='ocrx_word' id='word_1_61' title='bbox 1659 1013 1956 1084; x_wconf 82' lang='lat' dir='ltr'><strong>majestatis</strong></span> 
     </span>
    </p>
   </div>
   <div class='ocr_carea' id='block_1_11' title="bbox 355 1103 1953 1176">
    <p class='ocr_par' dir='ltr' id='par_1_11' title="bbox 355 1103 1953 1176">
     <span class='ocr_line' id='line_1_11' title="bbox 355 1103 1953 1176; baseline 0 -15"><span class='ocrx_word' id='word_1_62' title='bbox 355 1104 687 1161; x_wconf 82' lang='lat' dir='ltr'><strong>ostenderet.</strong></span> <span class='ocrx_word' id='word_1_63' title='bbox 722 1103 842 1159; x_wconf 82' lang='lat' dir='ltr'><strong>1am</strong></span> <span class='ocrx_word' id='word_1_64' title='bbox 877 1104 946 1159; x_wconf 87' lang='lat' dir='ltr'><strong>de</strong></span> <span class='ocrx_word' id='word_1_65' title='bbox 973 1106 1197 1176; x_wconf 80' lang='lat' dir='ltr'><strong>agendis</strong></span> <span class='ocrx_word' id='word_1_66' title='bbox 1223 1114 1277 1160; x_wconf 87' lang='lat' dir='ltr'><strong>et</strong></span> <span class='ocrx_word' id='word_1_67' title='bbox 1305 1105 1418 1174; x_wconf 88' lang='lat' dir='ltr'><strong>ipse</strong></span> <span class='ocrx_word' id='word_1_68' title='bbox 1448 1106 1819 1163; x_wconf 78' lang='lat' dir='ltr'><strong>vicennalibus</strong></span> <span class='ocrx_word' id='word_1_69' title='bbox 1857 1118 1953 1162; x_wconf 84' lang='lat' dir='ltr'><strong>co-</strong></span> 
     </span>
    </p>
   </div>
   <div class='ocr_carea' id='block_1_12' title="bbox 353 1196 1953 1269">
    <p class='ocr_par' dir='ltr' id='par_1_12' title="bbox 353 1196 1953 1269">
     <span class='ocr_line' id='line_1_12' title="bbox 353 1196 1953 1269; baseline 0.001 -17"><span class='ocrx_word' id='word_1_70' title='bbox 353 1197 595 1269; x_wconf 84' lang='lat' dir='ltr'><strong>gitabat;</strong></span> <span class='ocrx_word' id='word_1_71' title='bbox 620 1196 855 1266; x_wconf 87' lang='lat' dir='ltr'><strong>etutqni</strong></span> <span class='ocrx_word' id='word_1_72' title='bbox 872 1196 1184 1267; x_wconf 77' lang='lat' dir='ltr'><strong>jamdudum</strong></span> <span class='ocrx_word' id='word_1_73' title='bbox 1219 1198 1519 1267; x_wconf 79' lang='lat' dir='ltr'><strong>provincias</strong></span> <span class='ocrx_word' id='word_1_74' title='bbox 1547 1197 1809 1254; x_wconf 69' lang='lat' dir='ltr'><strong>amiserat</strong></span> <span class='ocrx_word' id='word_1_75' title='bbox 1838 1200 1953 1254; x_wconf 89' lang='lat' dir='ltr'><strong>auri</strong></span> 
     </span>
    </p>
   </div>
   <div class='ocr_carea' id='block_1_13' title="bbox 350 1279 2004 1360">
    <p class='ocr_par' dir='ltr' id='par_1_13' title="bbox 350 1279 2004 1360">
     <span class='ocr_line' id='line_1_13' title="bbox 350 1279 2004 1360; baseline 0.001 -17"><span class='ocrx_word' id='word_1_76' title='bbox 350 1290 668 1360; x_wconf 84' lang='lat' dir='ltr'><strong>argentique</strong></span> <span class='ocrx_word' id='word_1_77' title='bbox 695 1288 1078 1345; x_wconf 85' lang='lat' dir='ltr'><strong>indictionibus</strong></span> <span class='ocrx_word' id='word_1_78' title='bbox 1113 1288 1298 1356; x_wconf 77' lang='lat' dir='ltr'><strong>factis,</strong></span> <span class='ocrx_word' id='word_1_79' title='bbox 1328 1306 1445 1359; x_wconf 72' lang='lat' dir='ltr'><strong>qua:</strong></span> <span class='ocrx_word' id='word_1_80' title='bbox 1475 1292 1799 1360; x_wconf 75' lang='lat' dir='ltr'><strong>promiserat</strong></span> <span class='ocrx_word' id='word_1_81' title='bbox 1824 1291 1953 1346; x_wconf 80' lang='lat' dir='ltr'><strong>red-</strong></span> <span class='ocrx_word' id='word_1_82' title='bbox 1998 1279 2004 1284; x_wconf 60' lang='grc'><em>’</em></span> 
     </span>
    </p>
   </div>
   <div class='ocr_carea' id='block_1_14' title="bbox 351 1379 1952 1449">
    <p class='ocr_par' dir='ltr' id='par_1_14' title="bbox 351 1379 1952 1449">
     <span class='ocr_line' id='line_1_14' title="bbox 351 1379 1952 1449; baseline 0 -11"><span class='ocrx_word' id='word_1_83' title='bbox 351 1381 526 1449; x_wconf 82' lang='lat' dir='ltr'><strong>deret,</strong></span> <span class='ocrx_word' id='word_1_84' title='bbox 557 1379 721 1437; x_wconf 83' lang='lat' dir='ltr'><strong>etiam</strong></span> <span class='ocrx_word' id='word_1_85' title='bbox 750 1382 802 1436; x_wconf 89' lang='lat' dir='ltr'><strong>in</strong></span> <span class='ocrx_word' id='word_1_86' title='bbox 826 1382 1042 1437; x_wconf 87' lang='lat' dir='ltr'><strong>nomine</strong></span> <span class='ocrx_word' id='word_1_87' title='bbox 1068 1382 1426 1439; x_wconf 85' lang='lat' dir='ltr'><strong>vicennalium</strong></span> <span class='ocrx_word' id='word_1_88' title='bbox 1455 1396 1699 1439; x_wconf 84' lang='lat' dir='ltr'><strong>securem</strong></span> <span class='ocrx_word' id='word_1_89' title='bbox 1730 1384 1952 1438; x_wconf 82' lang='lat' dir='ltr'><strong>alteram</strong></span> 
     </span>
    </p>
   </div>
   <div class='ocr_carea' id='block_1_15' title="bbox 351 1473 1953 1544">
    <p class='ocr_par' dir='ltr' id='par_1_15' title="bbox 351 1473 1953 1544">
     <span class='ocr_line' id='line_1_15' title="bbox 351 1473 1953 1544; baseline 0.002 -16"><span class='ocrx_word' id='word_1_90' title='bbox 351 1473 565 1529; x_wconf 77' lang='lat' dir='ltr'><strong>afﬂixit.</strong></span> <span class='ocrx_word' id='word_1_91' title='bbox 597 1474 712 1542; x_wconf 85' lang='lat' dir='ltr'><strong>Qua</strong></span> <span class='ocrx_word' id='word_1_92' title='bbox 739 1474 1023 1529; x_wconf 80' lang='lat' dir='ltr'><strong>vexatione</strong></span> <span class='ocrx_word' id='word_1_93' title='bbox 1061 1475 1273 1544; x_wconf 82' lang='lat' dir='ltr'><strong>generis</strong></span> <span class='ocrx_word' id='word_1_94' title='bbox 1316 1476 1533 1530; x_wconf 86' lang='lat' dir='ltr'><strong>humani</strong></span> <span class='ocrx_word' id='word_1_95' title='bbox 1562 1477 1770 1532; x_wconf 82' lang='lat' dir='ltr'><strong>exactio</strong></span> <span class='ocrx_word' id='word_1_96' title='bbox 1807 1478 1953 1532; x_wconf 85' lang='lat' dir='ltr'><strong>cele-</strong></span> 
     </span>
    </p>
   </div>
   <div class='ocr_carea' id='block_1_16' title="bbox 348 1566 1953 1639">
    <p class='ocr_par' dir='ltr' id='par_1_16' title="bbox 348 1566 1953 1639">
     <span class='ocr_line' id='line_1_16' title="bbox 348 1566 1953 1639; baseline 0.001 -17"><span class='ocrx_word' id='word_1_97' title='bbox 348 1567 507 1622; x_wconf 86' lang='lat' dir='ltr'><strong>brata</strong></span> <span class='ocrx_word' id='word_1_98' title='bbox 524 1567 613 1632; x_wconf 89' lang='lat' dir='ltr'><strong>sit,</strong></span> <span class='ocrx_word' id='word_1_99' title='bbox 631 1566 864 1621; x_wconf 77' lang='lat' dir='ltr'><strong>maxime</strong></span> <span class='ocrx_word' id='word_1_100' title='bbox 877 1567 951 1620; x_wconf 87' lang='lat' dir='ltr'><strong>rei</strong></span> <span class='ocrx_word' id='word_1_101' title='bbox 966 1568 1298 1635; x_wconf 86' lang='lat' dir='ltr'><strong>annonariae,</strong></span> <span class='ocrx_word' id='word_1_102' title='bbox 1314 1569 1499 1638; x_wconf 83' lang='lat' dir='ltr'><strong>ecquis</strong></span> <span class='ocrx_word' id='word_1_103' title='bbox 1522 1582 1775 1624; x_wconf 84' lang='lat' dir='ltr'><strong>enarrare</strong></span> <span class='ocrx_word' id='word_1_104' title='bbox 1793 1569 1953 1639; x_wconf 89' lang='lat' dir='ltr'><strong>digne</strong></span> 
     </span>
    </p>
   </div>
   <div class='ocr_carea' id='block_1_17' title="bbox 353 1658 1955 1732">
    <p class='ocr_par' dir='ltr' id='par_1_17' title="bbox 353 1658 1955 1732">
     <span class='ocr_line' id='line_1_17' title="bbox 353 1658 1955 1732; baseline 0.003 -20"><span class='ocrx_word' id='word_1_105' title='bbox 353 1659 568 1727; x_wconf 80' lang='lat' dir='ltr'><strong>potest?</strong></span> <span class='ocrx_word' id='word_1_106' title='bbox 612 1658 925 1714; x_wconf 81' lang='lat' dir='ltr'><strong>Ofﬁciorum</strong></span> <span class='ocrx_word' id='word_1_107' title='bbox 964 1661 1204 1715; x_wconf 89' lang='lat' dir='ltr'><strong>omnium</strong></span> <span class='ocrx_word' id='word_1_108' title='bbox 1254 1661 1469 1729; x_wconf 83' lang='lat' dir='ltr'><strong>milites,</strong></span> <span class='ocrx_word' id='word_1_109' title='bbox 1518 1663 1606 1717; x_wconf 92' lang='lat' dir='ltr'><strong>vel</strong></span> <span class='ocrx_word' id='word_1_110' title='bbox 1637 1664 1813 1732; x_wconf 90' lang='lat' dir='ltr'><strong>potius</strong></span> <span class='ocrx_word' id='word_1_111' title='bbox 1837 1676 1955 1718; x_wconf 87' lang='lat' dir='ltr'><strong>car-</strong></span> 
     </span>
    </p>
   </div>
   <div class='ocr_carea' id='block_1_18' title="bbox 347 1750 1954 1825">
    <p class='ocr_par' dir='ltr' id='par_1_18' title="bbox 347 1750 1954 1825">
     <span class='ocr_line' id='line_1_18' title="bbox 347 1750 1954 1825; baseline 0.004 -20"><span class='ocrx_word' id='word_1_112' title='bbox 347 1750 560 1819; x_wconf 80' lang='lat' dir='ltr'><strong>niﬁces,</strong></span> <span class='ocrx_word' id='word_1_113' title='bbox 586 1751 811 1822; x_wconf 86' lang='lat' dir='ltr'><strong>singulis</strong></span> <span class='ocrx_word' id='word_1_114' title='bbox 838 1752 1219 1820; x_wconf 69' lang='lat' dir='ltr'><strong>adhaerebant;</strong></span> <span class='ocrx_word' id='word_1_115' title='bbox 1252 1754 1338 1809; x_wconf 92' lang='lat' dir='ltr'><strong>cui</strong></span> <span class='ocrx_word' id='word_1_116' title='bbox 1365 1755 1511 1824; x_wconf 89' lang='lat' dir='ltr'><strong>prius</strong></span> <span class='ocrx_word' id='word_1_117' title='bbox 1536 1755 1846 1825; x_wconf 88' lang='lat' dir='ltr'><strong>satistleret,</strong></span> <span class='ocrx_word' id='word_1_118' title='bbox 1872 1756 1954 1811; x_wconf 88' lang='lat' dir='ltr'><strong>in-</strong></span> 
     </span>
    </p>
   </div>
   <div class='ocr_carea' id='block_1_19' title="bbox 346 1846 1935 1911">
    <p class='ocr_par' dir='ltr' id='par_1_19' title="bbox 346 1846 1935 1911">
     <span class='ocr_line' id='line_1_19' title="bbox 346 1846 1935 1911; baseline 0.001 -10"><span class='ocrx_word' id='word_1_119' title='bbox 346 1855 555 1902; x_wconf 89' lang='lat' dir='ltr'><strong>certum</strong></span> <span class='ocrx_word' id='word_1_120' title='bbox 575 1863 587 1900; x_wconf 90' lang='lat'>:</span> <span class='ocrx_word' id='word_1_121' title='bbox 606 1846 765 1902; x_wconf 86' lang='lat' dir='ltr'><strong>venia</strong></span> <span class='ocrx_word' id='word_1_122' title='bbox 792 1861 900 1903; x_wconf 92' lang='lat' dir='ltr'><strong>non</strong></span> <span class='ocrx_word' id='word_1_123' title='bbox 926 1846 1244 1903; x_wconf 87' lang='lat' dir='ltr'><strong>habentibus</strong></span> <span class='ocrx_word' id='word_1_124' title='bbox 1274 1847 1458 1911; x_wconf 90' lang='lat' dir='ltr'><strong>nulla;</strong></span> <span class='ocrx_word' id='word_1_125' title='bbox 1480 1849 1773 1904; x_wconf 85' lang='lat' dir='ltr'><strong>sustinendi</strong></span> <span class='ocrx_word' id='word_1_126' title='bbox 1797 1848 1935 1904; x_wconf 88' lang='lat' dir='ltr'><strong>mul-</strong></span> 
     </span>
    </p>
   </div>
   <div class='ocr_carea' id='block_1_20' title="bbox 2060 543 3592 626">
    <p class='ocr_par' dir='ltr' id='par_1_20' title="bbox 2060 543 3592 626">
     <span class='ocr_line' id='line_1_20' title="bbox 2060 543 3592 626; baseline 0.006 -27"><span class='ocrx_word' id='word_1_127' title='bbox 2060 554 2231 613; x_wconf 81' lang='lat' dir='ltr'><strong>quens</strong></span> <span class='ocrx_word' id='word_1_128' title='bbox 2275 559 2437 614; x_wconf 83' lang='lat' dir='ltr'><strong>super</strong></span> <span class='ocrx_word' id='word_1_129' title='bbox 2483 543 2691 598; x_wconf 82' lang='lat' dir='ltr'><strong>hisdem</strong></span> <span class='ocrx_word' id='word_1_130' title='bbox 2748 544 3075 610; x_wconf 90' lang='lat' dir='ltr'><strong>hominibus,</strong></span> <span class='ocrx_word' id='word_1_131' title='bbox 3106 544 3190 601; x_wconf 88' lang='lat' dir='ltr'><strong>vel</strong></span> <span class='ocrx_word' id='word_1_132' title='bbox 3214 546 3592 626; x_wconf 84' lang='lat' dir='ltr'><strong>ipsisjudicibus,</strong></span> 
     </span>
    </p>
   </div>
   <div class='ocr_carea' id='block_1_21' title="bbox 2060 637 3650 729">
    <p class='ocr_par' dir='ltr' id='par_1_21' title="bbox 2060 637 3650 729">
     <span class='ocr_line' id='line_1_21' title="bbox 2060 637 3650 729; baseline 0.006 -37"><span class='ocrx_word' id='word_1_133' title='bbox 2060 638 2142 693; x_wconf 85' lang='lat' dir='ltr'><strong>vel</strong></span> <span class='ocrx_word' id='word_1_134' title='bbox 2184 637 2445 693; x_wconf 88' lang='lat' dir='ltr'><strong>militibus</strong></span> <span class='ocrx_word' id='word_1_135' title='bbox 2487 637 2728 707; x_wconf 89' lang='lat' dir='ltr'><strong>judicum</strong></span> <span class='ocrx_word' id='word_1_136' title='bbox 2785 652 2958 709; x_wconf 86' lang='lat' dir='ltr'><strong>pugna</strong></span> <span class='ocrx_word' id='word_1_137' title='bbox 2985 655 3000 692; x_wconf 91' lang='lat'><strong>:</strong></span> <span class='ocrx_word' id='word_1_138' title='bbox 3028 638 3175 692; x_wconf 87' lang='lat' dir='ltr'><strong>nulla</strong></span> <span class='ocrx_word' id='word_1_139' title='bbox 3198 653 3321 695; x_wconf 89' lang='lat' dir='ltr'><strong>area</strong></span> <span class='ocrx_word' id='word_1_140' title='bbox 3345 643 3449 698; x_wconf 89' lang='lat' dir='ltr'><strong>sine</strong></span> <span class='ocrx_word' id='word_1_141' title='bbox 3471 660 3596 702; x_wconf 78' lang='lat' dir='ltr'><strong>exac-</strong></span> <span class='ocrx_word' id='word_1_142' title='bbox 3619 700 3650 729; x_wconf 42' lang='grc' dir='ltr'><strong>τ’</strong></span> 
     </span>
    </p>
   </div>
   <div class='ocr_carea' id='block_1_22' title="bbox 2060 728 3598 797">
    <p class='ocr_par' dir='ltr' id='par_1_22' title="bbox 2060 728 3598 797">
     <span class='ocr_line' id='line_1_22' title="bbox 2060 728 3598 797; baseline 0.007 -11"><span class='ocrx_word' id='word_1_143' title='bbox 2060 739 2212 797; x_wconf 91' lang='lat' dir='ltr'><strong>tore,</strong></span> <span class='ocrx_word' id='word_1_144' title='bbox 2264 730 2409 785; x_wconf 89' lang='lat' dir='ltr'><strong>nulla</strong></span> <span class='ocrx_word' id='word_1_145' title='bbox 2450 728 2717 785; x_wconf 85' lang='lat' dir='ltr'><strong>vindemia</strong></span> <span class='ocrx_word' id='word_1_146' title='bbox 2762 731 2881 785; x_wconf 89' lang='lat' dir='ltr'><strong>sine</strong></span> <span class='ocrx_word' id='word_1_147' title='bbox 2919 730 3176 797; x_wconf 88' lang='lat' dir='ltr'><strong>custode,</strong></span> <span class='ocrx_word' id='word_1_148' title='bbox 3204 732 3416 789; x_wconf 88' lang='lat' dir='ltr'><strong>nihilad</strong></span> <span class='ocrx_word' id='word_1_149' title='bbox 3439 738 3598 796; x_wconf 84' lang='lat' dir='ltr'><strong>victnm</strong></span> 
     </span>
    </p>
   </div>
   <div class='ocr_carea' id='block_1_23' title="bbox 2058 823 3599 896">
    <p class='ocr_par' dir='ltr' id='par_1_23' title="bbox 2058 823 3599 896">
     <span class='ocr_line' id='line_1_23' title="bbox 2058 823 3599 896; baseline 0.007 -17"><span class='ocrx_word' id='word_1_150' title='bbox 2058 824 2426 880; x_wconf 85' lang='lat' dir='ltr'><strong>laborantibus</strong></span> <span class='ocrx_word' id='word_1_151' title='bbox 2473 825 2742 880; x_wconf 89' lang='lat' dir='ltr'><strong>relictum.</strong></span> <span class='ocrx_word' id='word_1_152' title='bbox 2796 823 2928 892; x_wconf 62' lang='lat' dir='ltr'><strong>Quae</strong></span> <span class='ocrx_word' id='word_1_153' title='bbox 2969 840 3269 896; x_wconf 88' lang='lat' dir='ltr'><strong>quanquam</strong></span> <span class='ocrx_word' id='word_1_154' title='bbox 3298 826 3599 890; x_wconf 81' lang='lat' dir='ltr'><strong>intolerabilia</strong></span> 
     </span>
    </p>
   </div>
   <div class='ocr_carea' id='block_1_24' title="bbox 2059 917 3600 993">
    <p class='ocr_par' dir='ltr' id='par_1_24' title="bbox 2059 917 3600 993">
     <span class='ocr_line' id='line_1_24' title="bbox 2059 917 3600 993; baseline 0.005 -21"><span class='ocrx_word' id='word_1_155' title='bbox 2059 918 2194 986; x_wconf 89' lang='lat' dir='ltr'><strong>sint,</strong></span> <span class='ocrx_word' id='word_1_156' title='bbox 2231 917 2371 988; x_wconf 80' lang='lat' dir='ltr'><strong>eripi</strong></span> <span class='ocrx_word' id='word_1_157' title='bbox 2396 917 2463 972; x_wconf 88' lang='lat' dir='ltr'><strong>ab</strong></span> <span class='ocrx_word' id='word_1_158' title='bbox 2489 926 2586 974; x_wconf 84' lang='lat' dir='ltr'><strong>ore</strong></span> <span class='ocrx_word' id='word_1_159' title='bbox 2616 917 2896 974; x_wconf 88' lang='lat' dir='ltr'><strong>hominum</strong></span> <span class='ocrx_word' id='word_1_160' title='bbox 2943 918 3095 974; x_wconf 87' lang='lat' dir='ltr'><strong>cibos</strong></span> <span class='ocrx_word' id='word_1_161' title='bbox 3138 919 3319 974; x_wconf 87' lang='lat' dir='ltr'><strong>labore</strong></span> <span class='ocrx_word' id='word_1_162' title='bbox 3360 923 3600 993; x_wconf 82' lang='lat' dir='ltr'><strong>quaesitos,</strong></span> 
     </span>
    </p>
   </div>
   <div class='ocr_carea' id='block_1_25' title="bbox 2060 1008 3600 1080">
    <p class='ocr_par' dir='ltr' id='par_1_25' title="bbox 2060 1008 3600 1080">
     <span class='ocr_line' id='line_1_25' title="bbox 2060 1008 3600 1080; baseline 0.005 -16"><span class='ocrx_word' id='word_1_163' title='bbox 2060 1018 2237 1065; x_wconf 87' lang='lat' dir='ltr'><strong>tamen</strong></span> <span class='ocrx_word' id='word_1_164' title='bbox 2287 1010 2639 1065; x_wconf 87' lang='lat' dir='ltr'><strong>sustentabile</strong></span> <span class='ocrx_word' id='word_1_165' title='bbox 2683 1010 2867 1080; x_wconf 88' lang='lat' dir='ltr'><strong>aliquo</strong></span> <span class='ocrx_word' id='word_1_166' title='bbox 2915 1008 3077 1064; x_wconf 89' lang='lat' dir='ltr'><strong>modo</strong></span> <span class='ocrx_word' id='word_1_167' title='bbox 3102 1009 3185 1064; x_wconf 89' lang='lat' dir='ltr'><strong>vel</strong></span> <span class='ocrx_word' id='word_1_168' title='bbox 3207 1023 3302 1080; x_wconf 89' lang='lat' dir='ltr'><strong>spe</strong></span> <span class='ocrx_word' id='word_1_169' title='bbox 3326 1009 3600 1071; x_wconf 81' lang='lat' dir='ltr'><strong>futurorum.</strong></span> 
     </span>
    </p>
   </div>
   <div class='ocr_carea' id='block_1_26' title="bbox 2056 1094 3602 1176">
    <p class='ocr_par' dir='ltr' id='par_1_26' title="bbox 2056 1094 3602 1176">
     <span class='ocr_line' id='line_1_26' title="bbox 2056 1094 3602 1176; baseline 0.003 -20"><span class='ocrx_word' id='word_1_170' title='bbox 2056 1094 2193 1169; x_wconf 82' lang='lat' dir='ltr'><strong>Quid</strong></span> <span class='ocrx_word' id='word_1_171' title='bbox 2223 1103 2390 1157; x_wconf 88' lang='lat' dir='ltr'><strong>vestis</strong></span> <span class='ocrx_word' id='word_1_172' title='bbox 2416 1102 2593 1157; x_wconf 89' lang='lat' dir='ltr'><strong>omnis</strong></span> <span class='ocrx_word' id='word_1_173' title='bbox 2617 1102 2873 1173; x_wconf 77' lang='lat' dir='ltr'><strong>generis?</strong></span> <span class='ocrx_word' id='word_1_174' title='bbox 2896 1101 3023 1173; x_wconf 88' lang='lat' dir='ltr'><strong>quid</strong></span> <span class='ocrx_word' id='word_1_175' title='bbox 3059 1102 3282 1157; x_wconf 74' lang='lat' dir='ltr'><strong>aurum?</strong></span> <span class='ocrx_word' id='word_1_176' title='bbox 3307 1104 3426 1174; x_wconf 84' lang='lat' dir='ltr'><strong>quid</strong></span> <span class='ocrx_word' id='word_1_177' title='bbox 3449 1121 3602 1176; x_wconf 76' lang='lat' dir='ltr'><strong>argen-</strong></span> 
     </span>
    </p>
   </div>
   <div class='ocr_carea' id='block_1_27' title="bbox 2060 1193 3605 1254">
    <p class='ocr_par' dir='ltr' id='par_1_27' title="bbox 2060 1193 3605 1254">
     <span class='ocr_line' id='line_1_27' title="bbox 2060 1193 3605 1254; baseline 0.003 -5"><span class='ocrx_word' id='word_1_178' title='bbox 2060 1193 2212 1249; x_wconf 79' lang='lat' dir='ltr'><strong>tum?</strong></span> <span class='ocrx_word' id='word_1_179' title='bbox 2259 1194 2453 1250; x_wconf 86' lang='lat' dir='ltr'><strong>Nonne</strong></span> <span class='ocrx_word' id='word_1_180' title='bbox 2502 1194 2620 1250; x_wconf 79' lang='lat' dir='ltr'><strong>haec</strong></span> <span class='ocrx_word' id='word_1_181' title='bbox 2664 1208 2887 1249; x_wconf 89' lang='lat' dir='ltr'><strong>necesse</strong></span> <span class='ocrx_word' id='word_1_182' title='bbox 2913 1202 3085 1249; x_wconf 80' lang='lat' dir='ltr'><strong>estex</strong></span> <span class='ocrx_word' id='word_1_183' title='bbox 3117 1195 3344 1250; x_wconf 85' lang='lat' dir='ltr'><strong>venditis</strong></span> <span class='ocrx_word' id='word_1_184' title='bbox 3394 1194 3605 1254; x_wconf 74' lang='lat' dir='ltr'><strong>fructibus</strong></span> 
     </span>
    </p>
   </div>
   <div class='ocr_carea' id='block_1_28' title="bbox 2056 1287 3602 1362">
    <p class='ocr_par' dir='ltr' id='par_1_28' title="bbox 2056 1287 3602 1362">
     <span class='ocr_line' id='line_1_28' title="bbox 2056 1287 3602 1362; baseline 0.003 -19"><span class='ocrx_word' id='word_1_185' title='bbox 2056 1287 2398 1359; x_wconf 84' lang='lat' dir='ltr'><strong>comparari?</strong></span> <span class='ocrx_word' id='word_1_186' title='bbox 2419 1287 2575 1345; x_wconf 84' lang='lat' dir='ltr'><strong>Unde</strong></span> <span class='ocrx_word' id='word_1_187' title='bbox 2600 1288 2760 1359; x_wconf 84' lang='lat' dir='ltr'><strong>igitur</strong></span> <span class='ocrx_word' id='word_1_188' title='bbox 2788 1288 2907 1354; x_wconf 89' lang='lat' dir='ltr'><strong>hoc,</strong></span> <span class='ocrx_word' id='word_1_189' title='bbox 2924 1289 2959 1343; x_wconf 85' lang='grc' dir='ltr'>ὁ</span> <span class='ocrx_word' id='word_1_190' title='bbox 2980 1288 3379 1345; x_wconf 85' lang='lat' dir='ltr'><strong>dementissime</strong></span> <span class='ocrx_word' id='word_1_191' title='bbox 3405 1299 3602 1362; x_wconf 81' lang='lat' dir='ltr'><strong>tymnne,</strong></span> 
     </span>
    </p>
   </div>
   <div class='ocr_carea' id='block_1_29' title="bbox 2057 1378 3603 1451">
    <p class='ocr_par' dir='ltr' id='par_1_29' title="bbox 2057 1378 3603 1451">
     <span class='ocr_line' id='line_1_29' title="bbox 2057 1378 3603 1451; baseline 0.003 -16"><span class='ocrx_word' id='word_1_192' title='bbox 2057 1378 2345 1451; x_wconf 53' lang='lat' dir='ltr'><strong>praestabo,</strong></span> <span class='ocrx_word' id='word_1_193' title='bbox 2378 1395 2499 1435; x_wconf 90' lang='lat' dir='ltr'><strong>cum</strong></span> <span class='ocrx_word' id='word_1_194' title='bbox 2530 1395 2721 1436; x_wconf 88' lang='lat' dir='ltr'><strong>omnes</strong></span> <span class='ocrx_word' id='word_1_195' title='bbox 2744 1379 2955 1436; x_wconf 77' lang='lat' dir='ltr'><strong>fructus</strong></span> <span class='ocrx_word' id='word_1_196' title='bbox 2981 1380 3216 1447; x_wconf 77' lang='lat' dir='ltr'><strong>auferas,</strong></span> <span class='ocrx_word' id='word_1_197' title='bbox 3248 1381 3481 1437; x_wconf 82' lang='lat' dir='ltr'><strong>universa</strong></span> <span class='ocrx_word' id='word_1_198' title='bbox 3508 1398 3603 1439; x_wconf 81' lang='lat' dir='ltr'><strong>nas-</strong></span> 
     </span>
    </p>
   </div>
   <div class='ocr_carea' id='block_1_30' title="bbox 2056 1471 3605 1544">
    <p class='ocr_par' dir='ltr' id='par_1_30' title="bbox 2056 1471 3605 1544">
     <span class='ocr_line' id='line_1_30' title="bbox 2056 1471 3605 1544; baseline 0.003 -16"><span class='ocrx_word' id='word_1_199' title='bbox 2056 1471 2233 1528; x_wconf 87' lang='lat' dir='ltr'><strong>centia</strong></span> <span class='ocrx_word' id='word_1_200' title='bbox 2283 1473 2551 1528; x_wconf 88' lang='lat' dir='ltr'><strong>violenter</strong></span> <span class='ocrx_word' id='word_1_201' title='bbox 2598 1474 2839 1544; x_wconf 82' lang='lat' dir='ltr'><strong>eripias?</strong></span> <span class='ocrx_word' id='word_1_202' title='bbox 2891 1473 3023 1542; x_wconf 84' lang='lat' dir='ltr'><strong>Quis</strong></span> <span class='ocrx_word' id='word_1_203' title='bbox 3068 1488 3200 1544; x_wconf 85' lang='lat' dir='ltr'><strong>ergo</strong></span> <span class='ocrx_word' id='word_1_204' title='bbox 3229 1491 3331 1528; x_wconf 87' lang='lat' dir='ltr'><strong>non</strong></span> <span class='ocrx_word' id='word_1_205' title='bbox 3361 1475 3499 1531; x_wconf 76' lang='lat' dir='ltr'><strong>boiiis</strong></span> <span class='ocrx_word' id='word_1_206' title='bbox 3521 1480 3605 1534; x_wconf 89' lang='lat' dir='ltr'><strong>suis</strong></span> 
     </span>
    </p>
   </div>
   <div class='ocr_carea' id='block_1_31' title="bbox 2056 1559 3602 1637">
    <p class='ocr_par' dir='ltr' id='par_1_31' title="bbox 2056 1559 3602 1637">
     <span class='ocr_line' id='line_1_31' title="bbox 2056 1559 3602 1637; baseline 0.002 -16"><span class='ocrx_word' id='word_1_207' title='bbox 2056 1579 2276 1621; x_wconf 89' lang='lat' dir='ltr'><strong>eversus</strong></span> <span class='ocrx_word' id='word_1_208' title='bbox 2300 1559 2400 1631; x_wconf 89' lang='lat' dir='ltr'><strong>est,</strong></span> <span class='ocrx_word' id='word_1_209' title='bbox 2433 1575 2493 1620; x_wconf 92' lang='lat' dir='ltr'><strong>ut</strong></span> <span class='ocrx_word' id='word_1_210' title='bbox 2520 1580 2670 1635; x_wconf 87' lang='lat' dir='ltr'><strong>opes,</strong></span> <span class='ocrx_word' id='word_1_211' title='bbox 2699 1580 2821 1636; x_wconf 74' lang='lat' dir='ltr'><strong>qua:</strong></span> <span class='ocrx_word' id='word_1_212' title='bbox 2849 1567 2950 1621; x_wconf 87' lang='lat' dir='ltr'><strong>sub</strong></span> <span class='ocrx_word' id='word_1_213' title='bbox 2976 1566 3206 1636; x_wconf 86' lang='lat' dir='ltr'><strong>imperio</strong></span> <span class='ocrx_word' id='word_1_214' title='bbox 3246 1568 3361 1637; x_wconf 88' lang='lat' dir='ltr'><strong>ejus</strong></span> <span class='ocrx_word' id='word_1_215' title='bbox 3404 1567 3602 1635; x_wconf 83' lang='lat' dir='ltr'><strong>luemut,</strong></span> 
     </span>
    </p>
   </div>
   <div class='ocr_carea' id='block_1_32' title="bbox 2056 1660 3604 1732">
    <p class='ocr_par' dir='ltr' id='par_1_32' title="bbox 2056 1660 3604 1732">
     <span class='ocr_line' id='line_1_32' title="bbox 2056 1660 3604 1732; baseline -0.001 -12"><span class='ocrx_word' id='word_1_216' title='bbox 2056 1660 2482 1721; x_wconf 79' lang='lat' dir='ltr'><strong>conradereutur</strong></span> <span class='ocrx_word' id='word_1_217' title='bbox 2522 1662 2591 1718; x_wconf 90' lang='lat' dir='ltr'><strong>ad</strong></span> <span class='ocrx_word' id='word_1_218' title='bbox 2633 1674 2849 1728; x_wconf 88' lang='lat' dir='ltr'><strong>votum,</strong></span> <span class='ocrx_word' id='word_1_219' title='bbox 2898 1662 3043 1732; x_wconf 87' lang='lat' dir='ltr'><strong>quod</strong></span> <span class='ocrx_word' id='word_1_220' title='bbox 3075 1677 3180 1719; x_wconf 90' lang='lat' dir='ltr'><strong>non</strong></span> <span class='ocrx_word' id='word_1_221' title='bbox 3211 1671 3328 1719; x_wconf 88' lang='lat' dir='ltr'><strong>erat</strong></span> <span class='ocrx_word' id='word_1_222' title='bbox 3353 1664 3604 1721; x_wconf 81' lang='lat' dir='ltr'><strong>celebratu-</strong></span> 
     </span>
    </p>
   </div>
   <div class='ocr_carea' id='block_1_33' title="bbox 2055 1773 2169 1815">
    <p class='ocr_par' dir='ltr' id='par_1_33' title="bbox 2055 1773 2169 1815">
     <span class='ocr_line' id='line_1_33' title="bbox 2055 1773 2169 1815; baseline -0.026 -1"><span class='ocrx_word' id='word_1_223' title='bbox 2055 1773 2169 1815; x_wconf 91' lang='lat' dir='ltr'><strong>rus.</strong></span> 
     </span>
    </p>
   </div>
   <div class='ocr_carea' id='block_1_34' title="bbox 2774 1846 2989 1903">
    <p class='ocr_par' dir='ltr' id='par_1_34' title="bbox 2774 1846 2989 1903">
     <span class='ocr_line' id='line_1_34' title="bbox 2774 1846 2989 1903; baseline 0 0"><span class='ocrx_word' id='word_1_224' title='bbox 2774 1846 2989 1903; x_wconf 78' lang='lat' dir='ltr'><strong>XXXII.</strong></span> 
     </span>
    </p>
   </div>
   <div class='ocr_carea' id='block_1_35' title="bbox 347 1922 3606 2012">
    <p class='ocr_par' dir='ltr' id='par_1_35' title="bbox 347 1922 3606 2012">
     <span class='ocr_line' id='line_1_35' title="bbox 347 1922 3606 2012; baseline 0.002 -21"><span class='ocrx_word' id='word_1_225' title='bbox 347 1937 559 2007; x_wconf 88' lang='lat' dir='ltr'><strong>tiplices</strong></span> <span class='ocrx_word' id='word_1_226' title='bbox 583 1939 885 2007; x_wconf 85' lang='lat' dir='ltr'><strong>cruciatus,</strong></span> <span class='ocrx_word' id='word_1_227' title='bbox 921 1939 1027 1994; x_wconf 88' lang='lat' dir='ltr'><strong>nisi</strong></span> <span class='ocrx_word' id='word_1_228' title='bbox 1053 1939 1401 1996; x_wconf 84' lang='lat' dir='ltr'><strong>exhiberetur</strong></span> <span class='ocrx_word' id='word_1_229' title='bbox 1427 1941 1632 2009; x_wconf 89' lang='lat' dir='ltr'><strong>statim,</strong></span> <span class='ocrx_word' id='word_1_230' title='bbox 1657 1940 1800 2011; x_wconf 89' lang='lat' dir='ltr'><strong>quod</strong></span> <span class='ocrx_word' id='word_1_231' title='bbox 1847 1955 1954 1997; x_wconf 89' lang='lat' dir='ltr'><strong>non</strong></span> <span class='ocrx_word' id='word_1_232' title='bbox 1984 1922 2033 1982; x_wconf 84' lang='grc' dir='ltr'><strong>Β</strong></span> <span class='ocrx_word' id='word_1_233' title='bbox 2134 1940 2454 2012; x_wconf 83' lang='lat' dir='ltr'><strong>Nuncupato</strong></span> <span class='ocrx_word' id='word_1_234' title='bbox 2495 1940 2657 2012; x_wconf 88' lang='lat' dir='ltr'><strong>igitur</strong></span> <span class='ocrx_word' id='word_1_235' title='bbox 2700 1939 2907 1996; x_wconf 83' lang='lat' dir='ltr'><strong>Licinio</strong></span> <span class='ocrx_word' id='word_1_236' title='bbox 2948 1941 3294 2010; x_wconf 84' lang='lat' dir='ltr'><strong>imperatore,</strong></span> <span class='ocrx_word' id='word_1_237' title='bbox 3337 1937 3606 1997; x_wconf 77' lang='lat' dir='ltr'><strong>Maximinus</strong></span> 
     </span>
    </p>
   </div>
   <div class='ocr_carea' id='block_1_36' title="bbox 344 2032 1956 2106">
    <p class='ocr_par' dir='ltr' id='par_1_36' title="bbox 344 2032 1956 2106">
     <span class='ocr_line' id='line_1_36' title="bbox 344 2032 1956 2106; baseline 0.002 -19"><span class='ocrx_word' id='word_1_238' title='bbox 344 2040 499 2087; x_wconf 86' lang='lat' dir='ltr'><strong>crat:</strong></span> <span class='ocrx_word' id='word_1_239' title='bbox 553 2032 736 2089; x_wconf 87' lang='lat' dir='ltr'><strong>multis</strong></span> <span class='ocrx_word' id='word_1_240' title='bbox 784 2032 1046 2088; x_wconf 85' lang='lat' dir='ltr'><strong>custodiis</strong></span> <span class='ocrx_word' id='word_1_241' title='bbox 1086 2033 1450 2104; x_wconf 86' lang='lat' dir='ltr'><strong>circumsepto</strong></span> <span class='ocrx_word' id='word_1_242' title='bbox 1481 2035 1627 2090; x_wconf 86' lang='lat' dir='ltr'><strong>nulla</strong></span> <span class='ocrx_word' id='word_1_243' title='bbox 1654 2034 1956 2106; x_wconf 83' lang='lat' dir='ltr'><strong>respirandi</strong></span> 
     </span>
    </p>
   </div>
   <div class='ocr_carea' id='block_1_37' title="bbox 2061 2030 3609 2103">
    <p class='ocr_par' dir='ltr' id='par_1_37' title="bbox 2061 2030 3609 2103">
     <span class='ocr_line' id='line_1_37' title="bbox 2061 2030 3609 2103; baseline -0.003 -11"><span class='ocrx_word' id='word_1_244' title='bbox 2061 2036 2257 2103; x_wconf 90' lang='lat' dir='ltr'><strong>iratus,</strong></span> <span class='ocrx_word' id='word_1_245' title='bbox 2282 2048 2383 2090; x_wconf 82' lang='lat' dir='ltr'><strong>nec</strong></span> <span class='ocrx_word' id='word_1_246' title='bbox 2407 2033 2681 2089; x_wconf 70' lang='lat' dir='ltr'><strong>Ctesarem</strong></span> <span class='ocrx_word' id='word_1_247' title='bbox 2710 2047 2769 2089; x_wconf 88' lang='lat' dir='ltr'><strong>se</strong></span> <span class='ocrx_word' id='word_1_248' title='bbox 2789 2074 2803 2099; x_wconf 94' lang='lat'><strong>,</strong></span> <span class='ocrx_word' id='word_1_249' title='bbox 2833 2046 2935 2088; x_wconf 89' lang='lat' dir='ltr'><strong>nec</strong></span> <span class='ocrx_word' id='word_1_250' title='bbox 2959 2031 3114 2087; x_wconf 89' lang='lat' dir='ltr'><strong>tertio</strong></span> <span class='ocrx_word' id='word_1_251' title='bbox 3139 2030 3263 2088; x_wconf 91' lang='lat' dir='ltr'><strong>loco</strong></span> <span class='ocrx_word' id='word_1_252' title='bbox 3287 2033 3525 2088; x_wconf 87' lang='lat' dir='ltr'><strong>nominari</strong></span> <span class='ocrx_word' id='word_1_253' title='bbox 3541 2047 3609 2088; x_wconf 78' lang='lat' dir='ltr'><strong>vo-</strong></span> 
     </span>
    </p>
   </div>
   <div class='ocr_carea' id='block_1_38' title="bbox 1719 2172 2352 2231">
    <p class='ocr_par' dir='ltr' id='par_1_38' title="bbox 1719 2172 2352 2231">
     <span class='ocr_line' id='line_1_38' title="bbox 1719 2172 2352 2231; baseline -0.002 -2"><span class='ocrx_word' id='word_1_254' title='bbox 1719 2172 2082 2231; x_wconf 77' lang='lat' dir='ltr'><strong>VARIORUM</strong></span> <span class='ocrx_word' id='word_1_255' title='bbox 2118 2172 2352 2231; x_wconf 64' lang='lat' dir='ltr'><strong>NOTAE.</strong></span> 
     </span>
    </p>
   </div>
   <div class='ocr_carea' id='block_1_39' title="bbox 428 2288 1943 2361">
    <p class='ocr_par' dir='ltr' id='par_1_39' title="bbox 428 2288 1943 2361">
     <span class='ocr_line' id='line_1_39' title="bbox 428 2288 1943 2361; baseline 0.001 -17"><span class='ocrx_word' id='word_1_256' title='bbox 428 2289 624 2361; x_wconf 80' lang='lat' dir='ltr'><strong>Viginti</strong></span> <span class='ocrx_word' id='word_1_257' title='bbox 648 2304 903 2344; x_wconf 81' lang='lat' dir='ltr'><strong>annorum</strong></span> <span class='ocrx_word' id='word_1_258' title='bbox 928 2298 1064 2361; x_wconf 83' lang='lat' dir='ltr'><strong>vota.</strong></span> <span class='ocrx_word' id='word_1_259' title='bbox 1097 2288 1153 2344; x_wconf 89' lang='lat' dir='ltr'><strong>ld</strong></span> <span class='ocrx_word' id='word_1_260' title='bbox 1183 2297 1287 2355; x_wconf 87' lang='lat' dir='ltr'><strong>est,</strong></span> <span class='ocrx_word' id='word_1_261' title='bbox 1316 2289 1641 2361; x_wconf 84' lang='lat' dir='ltr'><strong>vicennalia,</strong></span> <span class='ocrx_word' id='word_1_262' title='bbox 1670 2302 1794 2357; x_wconf 72' lang='lat' dir='ltr'><strong>qua:</strong></span> <span class='ocrx_word' id='word_1_263' title='bbox 1821 2306 1943 2346; x_wconf 92' lang='lat' dir='ltr'><strong>cum</strong></span> 
     </span>
    </p>
   </div>
   <div class='ocr_carea' id='block_1_40' title="bbox 350 2360 1945 2418">
    <p class='ocr_par' dir='ltr' id='par_1_40' title="bbox 350 2360 1945 2418">
     <span class='ocr_line' id='line_1_40' title="bbox 350 2360 1945 2418; baseline 0.001 -2"><span class='ocrx_word' id='word_1_264' title='bbox 350 2360 688 2417; x_wconf 78' lang='lat' dir='ltr'><strong>Diocletiano</strong></span> <span class='ocrx_word' id='word_1_265' title='bbox 715 2361 899 2414; x_wconf 65' lang='lat' dir='ltr'><strong>Bonae</strong></span> <span class='ocrx_word' id='word_1_266' title='bbox 913 2360 1225 2416; x_wconf 89' lang='lat' dir='ltr'><strong>celebravit.</strong></span> <span class='ocrx_word' id='word_1_267' title='bbox 1247 2360 1658 2417; x_wconf 52' lang='lat' dir='ltr'><strong>Bacch—Vide</strong></span> <span class='ocrx_word' id='word_1_268' title='bbox 1675 2362 1945 2418; x_wconf 86' lang='lat' dir='ltr'><strong>Valesium</strong></span> 
     </span>
    </p>
   </div>
   <div class='ocr_carea' id='block_1_41' title="bbox 345 2426 1835 2502">
    <p class='ocr_par' dir='ltr' id='par_1_41' title="bbox 345 2426 1835 2502">
     <span class='ocr_line' id='line_1_41' title="bbox 345 2426 1835 2502; baseline 0 -14"><span class='ocrx_word' id='word_1_269' title='bbox 345 2433 404 2488; x_wconf 88' lang='lat' dir='ltr'><strong>in</strong></span> <span class='ocrx_word' id='word_1_270' title='bbox 429 2429 721 2502; x_wconf 84' lang='lat' dir='ltr'><strong>Eusebium</strong></span> <span class='ocrx_word' id='word_1_271' title='bbox 743 2431 809 2486; x_wconf 87' lang='lat' dir='ltr'><strong>de</strong></span> <span class='ocrx_word' id='word_1_272' title='bbox 829 2428 951 2486; x_wconf 81' lang='lat' dir='ltr'><strong>Vita</strong></span> <span class='ocrx_word' id='word_1_273' title='bbox 975 2426 1335 2499; x_wconf 85' lang='lat' dir='ltr'><strong>Censtantinl,</strong></span> <span class='ocrx_word' id='word_1_274' title='bbox 1370 2433 1465 2487; x_wconf 89' lang='lat' dir='ltr'><strong>lib.</strong></span> <span class='ocrx_word' id='word_1_275' title='bbox 1489 2448 1561 2499; x_wconf 86' lang='lat' dir='ltr'><strong>tv,</strong></span> <span class='ocrx_word' id='word_1_276' title='bbox 1595 2448 1713 2502; x_wconf 81' lang='lat' dir='ltr'><strong>cap.</strong></span> <span class='ocrx_word' id='word_1_277' title='bbox 1748 2436 1835 2489; x_wconf 72' lang='grc'><strong>47.</strong></span> 
     </span>
    </p>
   </div>
   <div class='ocr_carea' id='block_1_42' title="bbox 423 2501 1948 2574">
    <p class='ocr_par' dir='ltr' id='par_1_42' title="bbox 423 2501 1948 2574">
     <span class='ocr_line' id='line_1_42' title="bbox 423 2501 1948 2574; baseline 0.001 -17"><span class='ocrx_word' id='word_1_278' title='bbox 423 2501 604 2571; x_wconf 88' lang='lat' dir='ltr'><strong>Turpi.</strong></span> <span class='ocrx_word' id='word_1_279' title='bbox 633 2503 691 2558; x_wconf 88' lang='lat' dir='ltr'><strong>In</strong></span> <span class='ocrx_word' id='word_1_280' title='bbox 718 2517 820 2557; x_wconf 90' lang='lat' dir='ltr'><strong>ms.</strong></span> <span class='ocrx_word' id='word_1_281' title='bbox 850 2502 1007 2570; x_wconf 87' lang='lat' dir='ltr'><strong>turbi,</strong></span> <span class='ocrx_word' id='word_1_282' title='bbox 1039 2520 1094 2573; x_wconf 74' lang='grc' dir='ltr'><strong>ρ,</strong></span> <span class='ocrx_word' id='word_1_283' title='bbox 1122 2504 1173 2558; x_wconf 89' lang='lat' dir='ltr'><strong>in</strong></span> <span class='ocrx_word' id='word_1_284' title='bbox 1201 2503 1230 2558; x_wconf 65' lang='grc' dir='ltr'><strong>ιν</strong></span> <span class='ocrx_word' id='word_1_285' title='bbox 1262 2511 1486 2573; x_wconf 87' lang='lat' dir='ltr'><strong>mutato,</strong></span> <span class='ocrx_word' id='word_1_286' title='bbox 1518 2504 1661 2574; x_wconf 83' lang='lat' dir='ltr'><strong>quod</strong></span> <span class='ocrx_word' id='word_1_287' title='bbox 1692 2504 1948 2562; x_wconf 84' lang='lat' dir='ltr'><strong>scribenti</strong></span> 
     </span>
    </p>
   </div>
   <div class='ocr_carea' id='block_1_43' title="bbox 348 2574 735 2642">
    <p class='ocr_par' dir='ltr' id='par_1_43' title="bbox 348 2574 735 2642">
     <span class='ocr_line' id='line_1_43' title="bbox 348 2574 735 2642; baseline -0.01 -12"><span class='ocrx_word' id='word_1_288' title='bbox 348 2589 496 2642; x_wconf 71' lang='lat' dir='ltr'><strong>stepe</strong></span> <span class='ocrx_word' id='word_1_289' title='bbox 520 2574 735 2629; x_wconf 89' lang='lat' dir='ltr'><strong>accidit.</strong></span> 
     </span>
    </p>
   </div>
   <div class='ocr_carea' id='block_1_44' title="bbox 420 2643 1946 2718">
    <p class='ocr_par' dir='ltr' id='par_1_44' title="bbox 420 2643 1946 2718">
     <span class='ocr_line' id='line_1_44' title="bbox 420 2643 1946 2718; baseline 0.002 -20"><span class='ocrx_word' id='word_1_290' title='bbox 420 2643 978 2718; x_wconf 62' lang='lat' dir='ltr'><strong>lgnontiniosatttorte</strong></span> <span class='ocrx_word' id='word_1_291' title='bbox 1006 2646 1082 2718; x_wconf 83' lang='lat' dir='ltr'><strong>De</strong></span> <span class='ocrx_word' id='word_1_292' title='bbox 1103 2661 1206 2714; x_wconf 89' lang='lat' dir='ltr'><strong>qua</strong></span> <span class='ocrx_word' id='word_1_293' title='bbox 1240 2643 1438 2701; x_wconf 81' lang='lat' dir='ltr'><strong>Euseb.</strong></span> <span class='ocrx_word' id='word_1_294' title='bbox 1468 2645 1675 2703; x_wconf 79' lang='lat' dir='ltr'><strong>Hister.</strong></span> <span class='ocrx_word' id='word_1_295' title='bbox 1709 2645 1946 2713; x_wconf 64' lang='lat' dir='ltr'><strong>Ecclus,</strong></span> 
     </span>
    </p>
   </div>
   <div class='ocr_carea' id='block_1_45' title="bbox 348 2716 1947 2790">
    <p class='ocr_par' dir='ltr' id='par_1_45' title="bbox 348 2716 1947 2790">
     <span class='ocr_line' id='line_1_45' title="bbox 348 2716 1947 2790; baseline -0.001 -17"><span class='ocrx_word' id='word_1_296' title='bbox 348 2716 595 2790; x_wconf 51' lang='lat' dir='ltr'><strong>ﬁbﬁvtn,</strong></span> <span class='ocrx_word' id='word_1_297' title='bbox 615 2730 737 2790; x_wconf 75' lang='lat' dir='ltr'><strong>cap.</strong></span> <span class='ocrx_word' id='word_1_298' title='bbox 768 2716 865 2790; x_wconf 69' lang='lat' dir='ltr'><strong>t5.</strong></span> <span class='ocrx_word' id='word_1_299' title='bbox 898 2716 1147 2772; x_wconf 68' lang='lat' dir='ltr'><strong>Massilia:</strong></span> <span class='ocrx_word' id='word_1_300' title='bbox 1195 2718 1401 2773; x_wconf 88' lang='lat' dir='ltr'><strong>scilicet</strong></span> <span class='ocrx_word' id='word_1_301' title='bbox 1454 2719 1820 2790; x_wconf 84' lang='lat' dir='ltr'><strong>strangulatus</strong></span> <span class='ocrx_word' id='word_1_302' title='bbox 1845 2729 1947 2773; x_wconf 92' lang='lat' dir='ltr'><strong>est.</strong></span> 
     </span>
    </p>
   </div>
   <div class='ocr_carea' id='block_1_46' title="bbox 343 2787 958 2844">
    <p class='ocr_par' dir='ltr' id='par_1_46' title="bbox 343 2787 958 2844">
     <span class='ocr_line' id='line_1_46' title="bbox 343 2787 958 2844; baseline -0.003 0"><span class='ocrx_word' id='word_1_303' title='bbox 343 2788 553 2844; x_wconf 83' lang='lat' dir='ltr'><strong>Euseb.</strong></span> <span class='ocrx_word' id='word_1_304' title='bbox 586 2789 637 2842; x_wconf 90' lang='lat' dir='ltr'><strong>in</strong></span> <span class='ocrx_word' id='word_1_305' title='bbox 669 2787 958 2842; x_wconf 87' lang='lat' dir='ltr'><strong>Chronico.</strong></span> 
     </span>
    </p>
   </div>
   <div class='ocr_carea' id='block_1_47' title="bbox 424 2856 1951 2923">
    <p class='ocr_par' dir='ltr' id='par_1_47' title="bbox 424 2856 1951 2923">
     <span class='ocr_line' id='line_1_47' title="bbox 424 2856 1951 2923; baseline 0.001 -12"><span class='ocrx_word' id='word_1_306' title='bbox 424 2856 800 2914; x_wconf 71' lang='lat' dir='ltr'><strong>Maximianum</strong></span> <span class='ocrx_word' id='word_1_307' title='bbox 825 2859 1059 2913; x_wconf 87' lang='lat' dir='ltr'><strong>alterum.</strong></span> <span class='ocrx_word' id='word_1_308' title='bbox 1086 2858 1142 2914; x_wconf 87' lang='lat' dir='ltr'><strong>Id</strong></span> <span class='ocrx_word' id='word_1_309' title='bbox 1173 2867 1275 2923; x_wconf 85' lang='lat' dir='ltr'><strong>est,</strong></span> <span class='ocrx_word' id='word_1_310' title='bbox 1292 2873 1320 2913; x_wconf 88' lang='lat' dir='ltr'><strong>a</strong></span> <span class='ocrx_word' id='word_1_311' title='bbox 1346 2857 1671 2914; x_wconf 82' lang='lat' dir='ltr'><strong>Maximiano</strong></span> <span class='ocrx_word' id='word_1_312' title='bbox 1699 2859 1951 2914; x_wconf 82' lang='lat' dir='ltr'><strong>Herculio</strong></span> 
     </span>
    </p>
   </div>
   <div class='ocr_carea' id='block_1_48' title="bbox 349 2929 1948 3013">
    <p class='ocr_par' dir='ltr' id='par_1_48' title="bbox 349 2929 1948 3013">
     <span class='ocr_line' id='line_1_48' title="bbox 349 2929 1948 3013; baseline 0.001 -28"><span class='ocrx_word' id='word_1_313' title='bbox 349 2930 421 3013; x_wconf 68' lang='lat' dir='ltr'><strong>ad</strong></span> <span class='ocrx_word' id='word_1_314' title='bbox 467 2929 849 2986; x_wconf 60' lang='lat' dir='ltr'><strong>Maximinum</strong></span> <span class='ocrx_word' id='word_1_315' title='bbox 901 2929 1213 2997; x_wconf 83' lang='lat' dir='ltr'><strong>Galerium,</strong></span> <span class='ocrx_word' id='word_1_316' title='bbox 1267 2940 1629 3002; x_wconf 86' lang='lat' dir='ltr'><strong>cognomento</strong></span> <span class='ocrx_word' id='word_1_317' title='bbox 1655 2935 1948 2987; x_wconf 83' lang='lat' dir='ltr'><strong>Armenta-</strong></span> 
     </span>
    </p>
   </div>
   <div class='ocr_carea' id='block_1_49' title="bbox 342 3017 989 3057">
    <p class='ocr_par' dir='ltr' id='par_1_49' title="bbox 342 3017 989 3057">
     <span class='ocr_line' id='line_1_49' title="bbox 342 3017 989 3057; baseline -0.003 0"><span class='ocrx_word' id='word_1_318' title='bbox 342 3017 510 3057; x_wconf 83' lang='lat' dir='ltr'><strong>num.</strong></span> <span class='ocrx_word' id='word_1_319' title='bbox 554 3040 567 3047; x_wconf 49' lang='grc' dir='ltr'><strong>ι</strong></span> <span class='ocrx_word' id='word_1_320' title='bbox 976 3031 989 3039; x_wconf 58' lang='grc' dir='ltr'><strong>ε</strong></span> 
     </span>
    </p>
   </div>
   <div class='ocr_carea' id='block_1_50' title="bbox 427 3072 1948 3142">
    <p class='ocr_par' dir='ltr' id='par_1_50' title="bbox 427 3072 1948 3142">
     <span class='ocr_line' id='line_1_50' title="bbox 427 3072 1948 3142; baseline -0.001 -14"><span class='ocrx_word' id='word_1_321' title='bbox 427 3074 720 3129; x_wconf 80' lang='lat' dir='ltr'><strong>Auctorem.</strong></span> <span class='ocrx_word' id='word_1_322' title='bbox 738 3072 794 3128; x_wconf 90' lang='lat' dir='ltr'><strong>Id</strong></span> <span class='ocrx_word' id='word_1_323' title='bbox 808 3080 914 3140; x_wconf 92' lang='lat' dir='ltr'><strong>est,</strong></span> <span class='ocrx_word' id='word_1_324' title='bbox 930 3087 1092 3127; x_wconf 91' lang='lat' dir='ltr'><strong>unum</strong></span> <span class='ocrx_word' id='word_1_325' title='bbox 1106 3089 1174 3128; x_wconf 83' lang='lat' dir='ltr'><strong>ex</strong></span> <span class='ocrx_word' id='word_1_326' title='bbox 1195 3072 1507 3129; x_wconf 86' lang='lat' dir='ltr'><strong>auctoribus</strong></span> <span class='ocrx_word' id='word_1_327' title='bbox 1536 3074 1948 3142; x_wconf 85' lang='lat' dir='ltr'><strong>persecutionis;</strong></span> 
     </span>
    </p>
   </div>
   <div class='ocr_carea' id='block_1_51' title="bbox 350 3128 2023 3217">
    <p class='ocr_par' dir='ltr' id='par_1_51' title="bbox 350 3128 2023 3217">
     <span class='ocr_line' id='line_1_51' title="bbox 350 3128 2023 3217; baseline -0.001 -16"><span class='ocrx_word' id='word_1_328' title='bbox 350 3145 421 3201; x_wconf 87' lang='lat' dir='ltr'><strong>de</strong></span> <span class='ocrx_word' id='word_1_329' title='bbox 450 3147 643 3217; x_wconf 89' lang='lat' dir='ltr'><strong>quibus</strong></span> <span class='ocrx_word' id='word_1_330' title='bbox 670 3128 793 3200; x_wconf 88' lang='lat' dir='ltr'><strong>vide</strong></span> <span class='ocrx_word' id='word_1_331' title='bbox 812 3128 979 3217; x_wconf 74' lang='lat' dir='ltr'><strong>supra</strong></span> <span class='ocrx_word' id='word_1_332' title='bbox 1007 3146 1201 3216; x_wconf 75' lang='lat' dir='ltr'><strong>cap.2,</strong></span> <span class='ocrx_word' id='word_1_333' title='bbox 1226 3128 1606 3217; x_wconf 70' lang='lat' dir='ltr'><strong>persecutores:</strong></span> <span class='ocrx_word' id='word_1_334' title='bbox 1627 3128 1747 3199; x_wconf 85' lang='lat' dir='ltr'><strong>non</strong></span> <span class='ocrx_word' id='word_1_335' title='bbox 1763 3128 1951 3200; x_wconf 72' lang='lat' dir='ltr'><strong>unicus</strong></span> <span class='ocrx_word' id='word_1_336' title='bbox 1978 3128 2023 3190; x_wconf 61' lang='grc' dir='ltr'><strong>(ἶ</strong></span> 
     </span>
    </p>
   </div>
   <div class='ocr_carea' id='block_1_52' title="bbox 350 3215 1050 3285">
    <p class='ocr_par' dir='ltr' id='par_1_52' title="bbox 350 3215 1050 3285">
     <span class='ocr_line' id='line_1_52' title="bbox 350 3215 1050 3285; baseline -0.006 -12"><span class='ocrx_word' id='word_1_337' title='bbox 350 3215 477 3273; x_wconf 84' lang='lat' dir='ltr'><strong>erat</strong></span> <span class='ocrx_word' id='word_1_338' title='bbox 500 3225 701 3277; x_wconf 85' lang='lat' dir='ltr'><strong>auctor,</strong></span> <span class='ocrx_word' id='word_1_339' title='bbox 730 3215 825 3270; x_wconf 86' lang='lat' dir='ltr'><strong>sed</strong></span> <span class='ocrx_word' id='word_1_340' title='bbox 850 3217 1050 3285; x_wconf 87' lang='lat' dir='ltr'><strong>plures.</strong></span> 
     </span>
    </p>
   </div>
   <div class='ocr_carea' id='block_1_53' title="bbox 386 3285 1951 3358">
    <p class='ocr_par' dir='ltr' id='par_1_53' title="bbox 386 3285 1951 3358">
     <span class='ocr_line' id='line_1_53' title="bbox 386 3285 1951 3358; baseline 0 -18"><span class='ocrx_word' id='word_1_341' title='bbox 386 3292 393 3297; x_wconf 84' lang='lat'>&#39;</span> <span class='ocrx_word' id='word_1_342' title='bbox 429 3285 603 3340; x_wconf 82' lang='lat' dir='ltr'><strong>Etiam</strong></span> <span class='ocrx_word' id='word_1_343' title='bbox 630 3287 886 3340; x_wconf 88' lang='lat' dir='ltr'><strong>virtutem.</strong></span> <span class='ocrx_word' id='word_1_344' title='bbox 907 3287 1134 3358; x_wconf 85' lang='lat' dir='ltr'><strong>Siclcgo</strong></span> <span class='ocrx_word' id='word_1_345' title='bbox 1159 3304 1228 3342; x_wconf 81' lang='lat' dir='ltr'><strong>ex</strong></span> <span class='ocrx_word' id='word_1_346' title='bbox 1256 3301 1359 3342; x_wconf 91' lang='lat' dir='ltr'><strong>ms.</strong></span> <span class='ocrx_word' id='word_1_347' title='bbox 1389 3286 1443 3341; x_wconf 90' lang='lat' dir='ltr'><strong>in</strong></span> <span class='ocrx_word' id='word_1_348' title='bbox 1466 3302 1574 3356; x_wconf 91' lang='lat' dir='ltr'><strong>quo</strong></span> <span class='ocrx_word' id='word_1_349' title='bbox 1603 3295 1687 3343; x_wconf 82' lang='lat' dir='ltr'><strong>est</strong></span> <span class='ocrx_word' id='word_1_350' title='bbox 1715 3296 1829 3341; x_wconf 89' lang='lat' dir='ltr'><strong>et...</strong></span> <span class='ocrx_word' id='word_1_351' title='bbox 1852 3305 1951 3358; x_wconf 77' lang='lat' dir='ltr'><strong>ent,</strong></span> 
     </span>
    </p>
   </div>
   <div class='ocr_carea' id='block_1_54' title="bbox 352 3356 1956 3427">
    <p class='ocr_par' dir='ltr' id='par_1_54' title="bbox 352 3356 1956 3427">
     <span class='ocr_line' id='line_1_54' title="bbox 352 3356 1956 3427; baseline -0.001 -13"><span class='ocrx_word' id='word_1_352' title='bbox 352 3374 479 3414; x_wconf 87' lang='lat' dir='ltr'><strong>cum</strong></span> <span class='ocrx_word' id='word_1_353' title='bbox 504 3371 674 3411; x_wconf 88' lang='lat' dir='ltr'><strong>vacuo</strong></span> <span class='ocrx_word' id='word_1_354' title='bbox 704 3359 879 3427; x_wconf 88' lang='lat' dir='ltr'><strong>spatio</strong></span> <span class='ocrx_word' id='word_1_355' title='bbox 912 3358 943 3412; x_wconf 93' lang='lat'><strong>7</strong></span> <span class='ocrx_word' id='word_1_356' title='bbox 985 3356 1089 3413; x_wconf 52' lang='lat' dir='ltr'><strong>aut&#39;</strong></span> <span class='ocrx_word' id='word_1_357' title='bbox 1111 3359 1144 3414; x_wconf 88' lang='lat'>8</span> <span class='ocrx_word' id='word_1_358' title='bbox 1199 3357 1530 3423; x_wconf 86' lang='lat' dir='ltr'><strong>litterarum;</strong></span> <span class='ocrx_word' id='word_1_359' title='bbox 1568 3374 1666 3414; x_wconf 89' lang='lat' dir='ltr'><strong>nec</strong></span> <span class='ocrx_word' id='word_1_360' title='bbox 1695 3358 1849 3413; x_wconf 86' lang='lat' dir='ltr'><strong>aliter</strong></span> <span class='ocrx_word' id='word_1_361' title='bbox 1880 3356 1956 3413; x_wconf 86' lang='lat' dir='ltr'><strong>le-</strong></span> 
     </span>
    </p>
   </div>
   <div class='ocr_carea' id='block_1_55' title="bbox 354 3426 1956 3499">
    <p class='ocr_par' dir='ltr' id='par_1_55' title="bbox 354 3426 1956 3499">
     <span class='ocr_line' id='line_1_55' title="bbox 354 3426 1956 3499; baseline -0.002 -14"><span class='ocrx_word' id='word_1_362' title='bbox 354 3427 590 3495; x_wconf 81' lang='lat' dir='ltr'><strong>gendum</strong></span> <span class='ocrx_word' id='word_1_363' title='bbox 622 3426 747 3483; x_wconf 85' lang='lat' dir='ltr'><strong>esse</strong></span> <span class='ocrx_word' id='word_1_364' title='bbox 766 3429 1018 3484; x_wconf 83' lang='lat' dir='ltr'><strong>arbitror.</strong></span> <span class='ocrx_word' id='word_1_365' title='bbox 1050 3428 1104 3485; x_wconf 91' lang='lat' dir='ltr'><strong>ln</strong></span> <span class='ocrx_word' id='word_1_366' title='bbox 1128 3426 1378 3485; x_wconf 88' lang='lat' dir='ltr'><strong>omnibus</strong></span> <span class='ocrx_word' id='word_1_367' title='bbox 1406 3429 1563 3486; x_wconf 89' lang='lat' dir='ltr'><strong>editis</strong></span> <span class='ocrx_word' id='word_1_368' title='bbox 1584 3431 1776 3499; x_wconf 80' lang='lat' dir='ltr'><strong>legitur</strong></span> <span class='ocrx_word' id='word_1_369' title='bbox 1804 3431 1956 3483; x_wconf 84' lang='lat' dir='ltr'><strong>etiam</strong></span> 
     </span>
    </p>
   </div>
   <div class='ocr_carea' id='block_1_56' title="bbox 354 3500 1957 3573">
    <p class='ocr_par' dir='ltr' id='par_1_56' title="bbox 354 3500 1957 3573">
     <span class='ocr_line' id='line_1_56' title="bbox 354 3500 1957 3573; baseline -0.001 -19"><span class='ocrx_word' id='word_1_370' title='bbox 354 3500 477 3563; x_wconf 78' lang='lat' dir='ltr'><strong>vim,</strong></span> <span class='ocrx_word' id='word_1_371' title='bbox 508 3503 651 3569; x_wconf 84' lang='lat' dir='ltr'><strong>quod</strong></span> <span class='ocrx_word' id='word_1_372' title='bbox 669 3515 791 3573; x_wconf 83' lang='lat' dir='ltr'><strong>cum</strong></span> <span class='ocrx_word' id='word_1_373' title='bbox 819 3501 1023 3569; x_wconf 82' lang='lat' dir='ltr'><strong>reliqua</strong></span> <span class='ocrx_word' id='word_1_374' title='bbox 1051 3501 1252 3556; x_wconf 89' lang='lat' dir='ltr'><strong>codicis</strong></span> <span class='ocrx_word' id='word_1_375' title='bbox 1273 3502 1541 3573; x_wconf 88' lang='lat' dir='ltr'><strong>scriptura</strong></span> <span class='ocrx_word' id='word_1_376' title='bbox 1565 3511 1709 3557; x_wconf 86' lang='lat' dir='ltr'><strong>stare</strong></span> <span class='ocrx_word' id='word_1_377' title='bbox 1733 3518 1837 3555; x_wconf 91' lang='lat' dir='ltr'><strong>non</strong></span> <span class='ocrx_word' id='word_1_378' title='bbox 1864 3519 1957 3570; x_wconf 85' lang='lat' dir='ltr'><strong>po-</strong></span> 
     </span>
    </p>
   </div>
   <div class='ocr_carea' id='block_1_57' title="bbox 353 3570 1957 3643">
    <p class='ocr_par' dir='ltr' id='par_1_57' title="bbox 353 3570 1957 3643">
     <span class='ocr_line' id='line_1_57' title="bbox 353 3570 1957 3643; baseline 0.001 -18"><span class='ocrx_word' id='word_1_379' title='bbox 353 3581 465 3627; x_wconf 83' lang='lat' dir='ltr'><strong>teSt</strong></span> <span class='ocrx_word' id='word_1_380' title='bbox 490 3589 503 3635; x_wconf 86' lang='lat'><strong>;</strong></span> <span class='ocrx_word' id='word_1_381' title='bbox 533 3570 826 3643; x_wconf 81' lang='lat' dir='ltr'><strong>etquidem</strong></span> <span class='ocrx_word' id='word_1_382' title='bbox 851 3573 901 3625; x_wconf 88' lang='lat' dir='ltr'><strong>in</strong></span> <span class='ocrx_word' id='word_1_383' title='bbox 929 3572 1032 3627; x_wconf 89' lang='lat' dir='ltr'><strong>hoc</strong></span> <span class='ocrx_word' id='word_1_384' title='bbox 1061 3587 1186 3637; x_wconf 85' lang='lat' dir='ltr'><strong>ms.,</strong></span> <span class='ocrx_word' id='word_1_385' title='bbox 1219 3573 1371 3626; x_wconf 88' lang='lat' dir='ltr'><strong>etiam</strong></span> <span class='ocrx_word' id='word_1_386' title='bbox 1385 3570 1556 3643; x_wconf 76' lang='lat' dir='ltr'><strong>vulgo</strong></span> <span class='ocrx_word' id='word_1_387' title='bbox 1580 3573 1832 3628; x_wconf 86' lang='lat' dir='ltr'><strong>scribitur</strong></span> <span class='ocrx_word' id='word_1_388' title='bbox 1863 3586 1957 3643; x_wconf 87' lang='lat' dir='ltr'><strong>per</strong></span> 
     </span>
    </p>
   </div>
   <div class='ocr_carea' id='block_1_58' title="bbox 355 3642 1955 3713">
    <p class='ocr_par' dir='ltr' id='par_1_58' title="bbox 355 3642 1955 3713">
     <span class='ocr_line' id='line_1_58' title="bbox 355 3642 1955 3713; baseline 0 -17"><span class='ocrx_word' id='word_1_389' title='bbox 355 3652 589 3713; x_wconf 83' lang='lat' dir='ltr'><strong>quatuor</strong></span> <span class='ocrx_word' id='word_1_390' title='bbox 609 3642 815 3696; x_wconf 86' lang='lat' dir='ltr'><strong>litteras</strong></span> <span class='ocrx_word' id='word_1_391' title='bbox 842 3644 1012 3696; x_wconf 85' lang='lat' dir='ltr'><strong>etiam.</strong></span> <span class='ocrx_word' id='word_1_392' title='bbox 1033 3643 1215 3699; x_wconf 84' lang='lat' dir='ltr'><strong>Lectio</strong></span> <span class='ocrx_word' id='word_1_393' title='bbox 1242 3653 1426 3698; x_wconf 89' lang='lat' dir='ltr'><strong>nostra</strong></span> <span class='ocrx_word' id='word_1_394' title='bbox 1448 3644 1638 3699; x_wconf 89' lang='lat' dir='ltr'><strong>eadem</strong></span> <span class='ocrx_word' id='word_1_395' title='bbox 1666 3642 1955 3697; x_wconf 76' lang='lat' dir='ltr'><strong>cotilirina-</strong></span> 
     </span>
    </p>
   </div>
   <div class='ocr_carea' id='block_1_59' title="bbox 357 3713 1958 3785">
    <p class='ocr_par' dir='ltr' id='par_1_59' title="bbox 357 3713 1958 3785">
     <span class='ocr_line' id='line_1_59' title="bbox 357 3713 1958 3785; baseline -0.001 -17"><span class='ocrx_word' id='word_1_396' title='bbox 357 3724 448 3768; x_wconf 85' lang='lat' dir='ltr'><strong>tur</strong></span> <span class='ocrx_word' id='word_1_397' title='bbox 472 3713 748 3767; x_wconf 88' lang='lat' dir='ltr'><strong>locutione</strong></span> <span class='ocrx_word' id='word_1_398' title='bbox 769 3730 889 3784; x_wconf 87' lang='lat' dir='ltr'><strong>cap.</strong></span> <span class='ocrx_word' id='word_1_399' title='bbox 920 3731 937 3769; x_wconf 84' lang='lat'>1</span> <span class='ocrx_word' id='word_1_400' title='bbox 963 3732 975 3767; x_wconf 90' lang='lat'>:</span> <span class='ocrx_word' id='word_1_401' title='bbox 1011 3715 1275 3780; x_wconf 79' lang='lat' dir='ltr'><strong>Quatenus</strong></span> <span class='ocrx_word' id='word_1_402' title='bbox 1301 3717 1535 3769; x_wconf 83' lang='lat' dir='ltr'><strong>virtutem</strong></span> <span class='ocrx_word' id='word_1_403' title='bbox 1562 3733 1621 3769; x_wconf 89' lang='lat' dir='ltr'><strong>ac</strong></span> <span class='ocrx_word' id='word_1_404' title='bbox 1643 3717 1958 3785; x_wconf 81' lang='lat' dir='ltr'><strong>ntajcstotetn</strong></span> 
     </span>
    </p>
   </div>
   <div class='ocr_carea' id='block_1_60' title="bbox 359 3785 1959 3857">
    <p class='ocr_par' dir='ltr' id='par_1_60' title="bbox 359 3785 1959 3857">
     <span class='ocr_line' id='line_1_60' title="bbox 359 3785 1959 3857; baseline -0.001 -17"><span class='ocrx_word' id='word_1_405' title='bbox 359 3801 505 3840; x_wconf 86' lang='lat' dir='ltr'><strong>suam</strong></span> <span class='ocrx_word' id='word_1_406' title='bbox 530 3785 584 3857; x_wconf 80' lang='lat' dir='ltr'><strong>in</strong></span> <span class='ocrx_word' id='word_1_407' title='bbox 610 3786 967 3857; x_wconf 73' lang='lat' dir='ltr'><strong>exscindendis</strong></span> <span class='ocrx_word' id='word_1_408' title='bbox 988 3786 1315 3857; x_wconf 85' lang='lat' dir='ltr'><strong>delendisqtte</strong></span> <span class='ocrx_word' id='word_1_409' title='bbox 1365 3787 1586 3840; x_wconf 85' lang='lat' dir='ltr'><strong>nominis</strong></span> <span class='ocrx_word' id='word_1_410' title='bbox 1622 3788 1705 3857; x_wconf 78' lang='lat' dir='ltr'><strong>sui</strong></span> <span class='ocrx_word' id='word_1_411' title='bbox 1734 3786 1959 3839; x_wconf 80' lang='lat' dir='ltr'><strong>hostibus</strong></span> 
     </span>
    </p>
   </div>
   <div class='ocr_carea' id='block_1_61' title="bbox 359 3855 1957 3922">
    <p class='ocr_par' dir='ltr' id='par_1_61' title="bbox 359 3855 1957 3922">
     <span class='ocr_line' id='line_1_61' title="bbox 359 3855 1957 3922; baseline 0 -13"><span class='ocrx_word' id='word_1_412' title='bbox 359 3855 664 3910; x_wconf 78' lang='lat' dir='ltr'><strong>ostenderet.</strong></span> <span class='ocrx_word' id='word_1_413' title='bbox 702 3855 771 3909; x_wconf 87' lang='lat' dir='ltr'><strong>ita</strong></span> <span class='ocrx_word' id='word_1_414' title='bbox 802 3865 856 3910; x_wconf 88' lang='lat' dir='ltr'><strong>et</strong></span> <span class='ocrx_word' id='word_1_415' title='bbox 878 3855 1342 3922; x_wconf 32' lang='lat' dir='ltr'><strong>Lactantiusplih.</strong></span> <span class='ocrx_word' id='word_1_416' title='bbox 1372 3872 1424 3910; x_wconf 88' lang='lat' dir='ltr'><strong>tv</strong></span> <span class='ocrx_word' id='word_1_417' title='bbox 1459 3857 1635 3911; x_wconf 85' lang='lat' dir='ltr'><strong>Divin.</strong></span> <span class='ocrx_word' id='word_1_418' title='bbox 1683 3855 1918 3910; x_wconf 88' lang='lat' dir='ltr'><strong>Institut.</strong></span> <span class='ocrx_word' id='word_1_419' title='bbox 1942 3897 1957 3920; x_wconf 85' lang='lat'><strong>,</strong></span> 
     </span>
    </p>
   </div>
   <div class='ocr_carea' id='block_1_62' title="bbox 358 3925 1959 4000">
    <p class='ocr_par' dir='ltr' id='par_1_62' title="bbox 358 3925 1959 4000">
     <span class='ocr_line' id='line_1_62' title="bbox 358 3925 1959 4000; baseline 0 -21"><span class='ocrx_word' id='word_1_420' title='bbox 358 3940 481 3995; x_wconf 84' lang='lat' dir='ltr'><strong>cap.</strong></span> <span class='ocrx_word' id='word_1_421' title='bbox 515 3925 620 3978; x_wconf 69' lang='lat'><strong>26:</strong></span> <span class='ocrx_word' id='word_1_422' title='bbox 662 3925 909 4000; x_wconf 73' lang='lat' dir='ltr'><strong>Virtutem</strong></span> <span class='ocrx_word' id='word_1_423' title='bbox 949 3928 1360 4000; x_wconf 74' lang='lat' dir='ltr'><strong>majestatetnque</strong></span> <span class='ocrx_word' id='word_1_424' title='bbox 1382 3927 1476 3982; x_wconf 88' lang='lat' dir='ltr'><strong>Dei</strong></span> <span class='ocrx_word' id='word_1_425' title='bbox 1500 3927 1775 4000; x_wconf 73' lang='lat' dir='ltr'><strong>singularis</strong></span> <span class='ocrx_word' id='word_1_426' title='bbox 1800 3928 1959 3979; x_wconf 85' lang='lat' dir='ltr'><strong>inter-</strong></span> 
     </span>
    </p>
   </div>
   <div class='ocr_carea' id='block_1_63' title="bbox 363 3996 1962 4069">
    <p class='ocr_par' dir='ltr' id='par_1_63' title="bbox 363 3996 1962 4069">
     <span class='ocr_line' id='line_1_63' title="bbox 363 3996 1962 4069; baseline 0.003 -21"><span class='ocrx_word' id='word_1_427' title='bbox 363 4000 554 4069; x_wconf 59' lang='lat' dir='ltr'><strong>pretari</strong></span> <span class='ocrx_word' id='word_1_428' title='bbox 575 4011 595 4060; x_wconf 92' lang='lat'><strong><em>;</em></strong></span> <span class='ocrx_word' id='word_1_429' title='bbox 638 4006 693 4069; x_wconf 80' lang='lat' dir='ltr'><strong>et</strong></span> <span class='ocrx_word' id='word_1_430' title='bbox 729 3996 823 4069; x_wconf 88' lang='lat' dir='ltr'><strong>lib.</strong></span> <span class='ocrx_word' id='word_1_431' title='bbox 853 4013 923 4062; x_wconf 89' lang='lat' dir='ltr'><strong>vt,</strong></span> <span class='ocrx_word' id='word_1_432' title='bbox 956 3996 1078 4069; x_wconf 82' lang='lat' dir='ltr'><strong>cap.</strong></span> <span class='ocrx_word' id='word_1_433' title='bbox 1105 4003 1138 4054; x_wconf 78' lang='lat'><strong>9</strong></span> <span class='ocrx_word' id='word_1_434' title='bbox 1170 4016 1182 4051; x_wconf 90' lang='lat'>:</span> <span class='ocrx_word' id='word_1_435' title='bbox 1227 3997 1474 4053; x_wconf 83' lang='lat' dir='ltr'><strong>Virtutem</strong></span> <span class='ocrx_word' id='word_1_436' title='bbox 1522 3996 1600 4052; x_wconf 32' lang='lat' dir='ltr'><strong>ac’</strong></span> <span class='ocrx_word' id='word_1_437' title='bbox 1645 3999 1962 4069; x_wconf 85' lang='lat' dir='ltr'><strong>ntujestatem</strong></span> 
     </span>
    </p>
   </div>
   <div class='ocr_carea' id='block_1_64' title="bbox 361 4066 1015 4135">
    <p class='ocr_par' dir='ltr' id='par_1_64' title="bbox 361 4066 1015 4135">
     <span class='ocr_line' id='line_1_64' title="bbox 361 4066 1015 4135; baseline 0.002 -15"><span class='ocrx_word' id='word_1_438' title='bbox 361 4066 462 4120; x_wconf 82' lang='lat' dir='ltr'><strong>Dei</strong></span> <span class='ocrx_word' id='word_1_439' title='bbox 485 4067 762 4135; x_wconf 79' lang='lat' dir='ltr'><strong>singularis</strong></span> <span class='ocrx_word' id='word_1_440' title='bbox 788 4080 1015 4121; x_wconf 87' lang='lat' dir='ltr'><strong>enarrat.</strong></span> 
     </span>
    </p>
   </div>
   <div class='ocr_carea' id='block_1_65' title="bbox 436 4136 1957 4212">
    <p class='ocr_par' dir='ltr' id='par_1_65' title="bbox 436 4136 1957 4212">
     <span class='ocr_line' id='line_1_65' title="bbox 436 4136 1957 4212; baseline 0.002 -20"><span class='ocrx_word' id='word_1_441' title='bbox 436 4136 505 4192; x_wconf 87' lang='lat' dir='ltr'><strong>Et</strong></span> <span class='ocrx_word' id='word_1_442' title='bbox 523 4146 597 4191; x_wconf 87' lang='lat' dir='ltr'><strong>ut.</strong></span> <span class='ocrx_word' id='word_1_443' title='bbox 621 4138 748 4212; x_wconf 81' lang='lat' dir='ltr'><strong>Post</strong></span> <span class='ocrx_word' id='word_1_444' title='bbox 769 4140 1111 4212; x_wconf 87' lang='lat' dir='ltr'><strong>cogitabat,in</strong></span> <span class='ocrx_word' id='word_1_445' title='bbox 1139 4155 1241 4212; x_wconf 83' lang='lat' dir='ltr'><strong>ms.</strong></span> <span class='ocrx_word' id='word_1_446' title='bbox 1261 4148 1494 4212; x_wconf 83' lang='lat' dir='ltr'><strong>quatuor</strong></span> <span class='ocrx_word' id='word_1_447' title='bbox 1523 4139 1722 4196; x_wconf 89' lang='lat' dir='ltr'><strong>desunt</strong></span> <span class='ocrx_word' id='word_1_448' title='bbox 1741 4139 1957 4207; x_wconf 63' lang='lat' dir='ltr'><strong>littera),</strong></span> 
     </span>
    </p>
   </div>
   <div class='ocr_carea' id='block_1_66' title="bbox 364 4209 1452 4282">
    <p class='ocr_par' dir='ltr' id='par_1_66' title="bbox 364 4209 1452 4282">
     <span class='ocr_line' id='line_1_66' title="bbox 364 4209 1452 4282; baseline 0.002 -21"><span class='ocrx_word' id='word_1_449' title='bbox 364 4222 502 4282; x_wconf 80' lang='lat' dir='ltr'><strong>quas</strong></span> <span class='ocrx_word' id='word_1_450' title='bbox 530 4209 861 4282; x_wconf 71' lang='lat' dir='ltr'><strong>supplendas</strong></span> <span class='ocrx_word' id='word_1_451' title='bbox 881 4225 1001 4266; x_wconf 89' lang='lat' dir='ltr'><strong>esse</strong></span> <span class='ocrx_word' id='word_1_452' title='bbox 1028 4210 1157 4270; x_wconf 82' lang='lat' dir='ltr'><strong>duxi</strong></span> <span class='ocrx_word' id='word_1_453' title='bbox 1190 4209 1293 4282; x_wconf 47' lang='lat' dir='ltr'><strong>per‘</strong></span> <span class='ocrx_word' id='word_1_454' title='bbox 1311 4220 1452 4265; x_wconf 85' lang='lat' dir='ltr'><strong>etut.</strong></span> 
     </span>
    </p>
   </div>
   <div class='ocr_carea' id='block_1_67' title="bbox 438 4280 1500 4350">
    <p class='ocr_par' dir='ltr' id='par_1_67' title="bbox 438 4280 1500 4350">
     <span class='ocr_line' id='line_1_67' title="bbox 438 4280 1500 4350; baseline 0.001 -14"><span class='ocrx_word' id='word_1_455' title='bbox 438 4280 713 4336; x_wconf 80' lang='lat' dir='ltr'><strong>Redderet.</strong></span> <span class='ocrx_word' id='word_1_456' title='bbox 746 4280 803 4335; x_wconf 92' lang='lat' dir='ltr'><strong>In</strong></span> <span class='ocrx_word' id='word_1_457' title='bbox 834 4297 961 4350; x_wconf 92' lang='lat' dir='ltr'><strong>ms.,</strong></span> <span class='ocrx_word' id='word_1_458' title='bbox 986 4280 1203 4348; x_wconf 73' lang='lat' dir='ltr'><strong>rediret,</strong></span> <span class='ocrx_word' id='word_1_459' title='bbox 1223 4284 1500 4337; x_wconf 85' lang='lat' dir='ltr'><strong>mendose.</strong></span> 
     </span>
    </p>
   </div>
   <div class='ocr_carea' id='block_1_68' title="bbox 438 4351 1962 4409">
    <p class='ocr_par' dir='ltr' id='par_1_68' title="bbox 438 4351 1962 4409">
     <span class='ocr_line' id='line_1_68' title="bbox 438 4351 1962 4409; baseline 0.003 -5"><span class='ocrx_word' id='word_1_460' title='bbox 438 4351 613 4406; x_wconf 76' lang='lat' dir='ltr'><strong>Etiam</strong></span> <span class='ocrx_word' id='word_1_461' title='bbox 639 4356 692 4405; x_wconf 82' lang='lat' dir='ltr'><strong>in</strong></span> <span class='ocrx_word' id='word_1_462' title='bbox 709 4354 913 4406; x_wconf 87' lang='lat' dir='ltr'><strong>nomine</strong></span> <span class='ocrx_word' id='word_1_463' title='bbox 959 4353 1298 4408; x_wconf 85' lang='lat' dir='ltr'><strong>vicennalium</strong></span> <span class='ocrx_word' id='word_1_464' title='bbox 1342 4369 1566 4408; x_wconf 81' lang='lat' dir='ltr'><strong>securem</strong></span> <span class='ocrx_word' id='word_1_465' title='bbox 1594 4353 1827 4408; x_wconf 82' lang='lat' dir='ltr'><strong>alteram.</strong></span> <span class='ocrx_word' id='word_1_466' title='bbox 1873 4352 1962 4409; x_wconf 87' lang='lat' dir='ltr'><strong>lu-</strong></span> 
     </span>
    </p>
   </div>
   <div class='ocr_carea' id='block_1_69' title="bbox 365 4423 1961 4495">
    <p class='ocr_par' dir='ltr' id='par_1_69' title="bbox 365 4423 1961 4495">
     <span class='ocr_line' id='line_1_69' title="bbox 365 4423 1961 4495; baseline 0.002 -20"><span class='ocrx_word' id='word_1_467' title='bbox 365 4423 735 4494; x_wconf 89' lang='lat' dir='ltr'><strong>quinatissima</strong></span> <span class='ocrx_word' id='word_1_468' title='bbox 788 4424 953 4480; x_wconf 91' lang='lat' dir='ltr'><strong>verba</strong></span> <span class='ocrx_word' id='word_1_469' title='bbox 1001 4424 1075 4478; x_wconf 88' lang='lat' dir='ltr'><strong>ita</strong></span> <span class='ocrx_word' id='word_1_470' title='bbox 1125 4424 1366 4480; x_wconf 68' lang='lat' dir='ltr'><strong>Grtevius</strong></span> <span class='ocrx_word' id='word_1_471' title='bbox 1419 4425 1692 4495; x_wconf 84' lang='lat' dir='ltr'><strong>purganda</strong></span> <span class='ocrx_word' id='word_1_472' title='bbox 1735 4435 1961 4480; x_wconf 89' lang='lat' dir='ltr'><strong>censet:</strong></span> 
     </span>
    </p>
   </div>
   <div class='ocr_carea' id='block_1_70' title="bbox 2050 2287 3603 2358">
    <p class='ocr_par' dir='ltr' id='par_1_70' title="bbox 2050 2287 3603 2358">
     <span class='ocr_line' id='line_1_70' title="bbox 2050 2287 3603 2358; baseline 0 -13"><span class='ocrx_word' id='word_1_473' title='bbox 2050 2290 2141 2345; x_wconf 82' lang='lat' dir='ltr'><strong>nia</strong></span> <span class='ocrx_word' id='word_1_474' title='bbox 2177 2289 2322 2344; x_wconf 77' lang='lat' dir='ltr'><strong>nulla</strong></span> <span class='ocrx_word' id='word_1_475' title='bbox 2360 2304 2462 2343; x_wconf 80' lang='lat' dir='ltr'><strong>non</strong></span> <span class='ocrx_word' id='word_1_476' title='bbox 2501 2288 2801 2343; x_wconf 76' lang='lat' dir='ltr'><strong>habentibus</strong></span> <span class='ocrx_word' id='word_1_477' title='bbox 2828 2287 2970 2358; x_wconf 81' lang='lat' dir='ltr'><strong>quod</strong></span> <span class='ocrx_word' id='word_1_478' title='bbox 3001 2287 3297 2344; x_wconf 87' lang='lat' dir='ltr'><strong>solverent.</strong></span> <span class='ocrx_word' id='word_1_479' title='bbox 3329 2288 3426 2344; x_wconf 77' lang='lat' dir='ltr'><strong>lis.</strong></span> <span class='ocrx_word' id='word_1_480' title='bbox 3454 2288 3603 2354; x_wconf 83' lang='lat' dir='ltr'><strong>habet,</strong></span> 
     </span>
    </p>
   </div>
   <div class='ocr_carea' id='block_1_71' title="bbox 2052 2359 3608 2431">
    <p class='ocr_par' dir='ltr' id='par_1_71' title="bbox 2052 2359 3608 2431">
     <span class='ocr_line' id='line_1_71' title="bbox 2052 2359 3608 2431; baseline -0.001 -15"><span class='ocrx_word' id='word_1_481' title='bbox 2052 2362 2250 2431; x_wconf 79' lang='lat' dir='ltr'><strong>veniant</strong></span> <span class='ocrx_word' id='word_1_482' title='bbox 2269 2377 2373 2415; x_wconf 84' lang='lat' dir='ltr'><strong>non</strong></span> <span class='ocrx_word' id='word_1_483' title='bbox 2399 2359 2697 2414; x_wconf 76' lang='lat' dir='ltr'><strong>habentibus</strong></span> <span class='ocrx_word' id='word_1_484' title='bbox 2721 2360 2891 2414; x_wconf 83' lang='lat' dir='ltr'><strong>nullas</strong></span> <span class='ocrx_word' id='word_1_485' title='bbox 2918 2359 3207 2414; x_wconf 81' lang='lat' dir='ltr'><strong>abstinendi</strong></span> <span class='ocrx_word' id='word_1_486' title='bbox 3225 2360 3501 2431; x_wconf 82' lang='lat' dir='ltr'><strong>multiplicis</strong></span> <span class='ocrx_word' id='word_1_487' title='bbox 3519 2379 3608 2415; x_wconf 85' lang='lat' dir='ltr'><strong>cru-</strong></span> 
     </span>
    </p>
   </div>
   <div class='ocr_carea' id='block_1_72' title="bbox 2054 2430 3606 2501">
    <p class='ocr_par' dir='ltr' id='par_1_72' title="bbox 2054 2430 3606 2501">
     <span class='ocr_line' id='line_1_72' title="bbox 2054 2430 3606 2501; baseline -0.003 -14"><span class='ocrx_word' id='word_1_488' title='bbox 2054 2430 2244 2487; x_wconf 85' lang='lat' dir='ltr'><strong>ciatus.</strong></span> <span class='ocrx_word' id='word_1_489' title='bbox 2300 2432 2476 2487; x_wconf 88' lang='lat' dir='ltr'><strong>Locus</strong></span> <span class='ocrx_word' id='word_1_490' title='bbox 2503 2443 2811 2501; x_wconf 88' lang='lat' dir='ltr'><strong>corruptus,</strong></span> <span class='ocrx_word' id='word_1_491' title='bbox 2863 2432 2949 2497; x_wconf 86' lang='lat' dir='ltr'><strong>qui</strong></span> <span class='ocrx_word' id='word_1_492' title='bbox 2978 2440 3180 2501; x_wconf 85' lang='lat' dir='ltr'><strong>tamen</strong></span> <span class='ocrx_word' id='word_1_493' title='bbox 3232 2431 3333 2487; x_wconf 89' lang='lat' dir='ltr'><strong>levi</strong></span> <span class='ocrx_word' id='word_1_494' title='bbox 3365 2430 3606 2487; x_wconf 86' lang='lat' dir='ltr'><strong>admodum</strong></span> 
     </span>
    </p>
   </div>
   <div class='ocr_carea' id='block_1_73' title="bbox 2054 2500 3611 2572">
    <p class='ocr_par' dir='ltr' id='par_1_73' title="bbox 2054 2500 3611 2572">
     <span class='ocr_line' id='line_1_73' title="bbox 2054 2500 3611 2572; baseline -0.001 -14"><span class='ocrx_word' id='word_1_495' title='bbox 2054 2504 2355 2558; x_wconf 89' lang='lat' dir='ltr'><strong>mutatione</strong></span> <span class='ocrx_word' id='word_1_496' title='bbox 2395 2500 2684 2558; x_wconf 83' lang='lat' dir='ltr'><strong>emendari</strong></span> <span class='ocrx_word' id='word_1_497' title='bbox 2731 2512 2925 2572; x_wconf 84' lang='lat' dir='ltr'><strong>potest.</strong></span> <span class='ocrx_word' id='word_1_498' title='bbox 2966 2500 3023 2557; x_wconf 90' lang='lat' dir='ltr'><strong>In</strong></span> <span class='ocrx_word' id='word_1_499' title='bbox 3064 2503 3304 2558; x_wconf 89' lang='lat' dir='ltr'><strong>dictione</strong></span> <span class='ocrx_word' id='word_1_500' title='bbox 3333 2505 3511 2557; x_wconf 81' lang='lat' dir='ltr'><strong>veniam</strong></span> <span class='ocrx_word' id='word_1_501' title='bbox 3549 2511 3611 2557; x_wconf 87' lang='lat' dir='ltr'><strong>est</strong></span> 
     </span>
    </p>
   </div>
   <div class='ocr_carea' id='block_1_74' title="bbox 2056 2573 3610 2644">
    <p class='ocr_par' dir='ltr' id='par_1_74' title="bbox 2056 2573 3610 2644">
     <span class='ocr_line' id='line_1_74' title="bbox 2056 2573 3610 2644; baseline -0.003 -14"><span class='ocrx_word' id='word_1_502' title='bbox 2056 2575 2336 2641; x_wconf 90' lang='lat' dir='ltr'><strong>mendum,</strong></span> <span class='ocrx_word' id='word_1_503' title='bbox 2361 2590 2412 2627; x_wconf 89' lang='lat' dir='ltr'><strong>m</strong></span> <span class='ocrx_word' id='word_1_504' title='bbox 2439 2573 2743 2628; x_wconf 88' lang='lat' dir='ltr'><strong>redundat:</strong></span> <span class='ocrx_word' id='word_1_505' title='bbox 2769 2573 2898 2628; x_wconf 88' lang='lat' dir='ltr'><strong>item</strong></span> <span class='ocrx_word' id='word_1_506' title='bbox 2934 2592 2959 2628; x_wconf 92' lang='lat' dir='ltr'><strong>s</strong></span> <span class='ocrx_word' id='word_1_507' title='bbox 3003 2575 3055 2629; x_wconf 91' lang='lat' dir='ltr'><strong>in</strong></span> <span class='ocrx_word' id='word_1_508' title='bbox 3086 2588 3225 2629; x_wconf 82' lang='lat' dir='ltr'><strong>voce</strong></span> <span class='ocrx_word' id='word_1_509' title='bbox 3273 2574 3610 2644; x_wconf 82' lang='lat' dir='ltr'><strong>nttllas,quatn</strong></span> 
     </span>
    </p>
   </div>
   <div class='ocr_carea' id='block_1_75' title="bbox 2055 2644 3612 2716">
    <p class='ocr_par' dir='ltr' id='par_1_75' title="bbox 2055 2644 3612 2716">
     <span class='ocr_line' id='line_1_75' title="bbox 2055 2644 3612 2716; baseline -0.002 -15"><span class='ocrx_word' id='word_1_510' title='bbox 2055 2646 2291 2702; x_wconf 83' lang='lat' dir='ltr'><strong>litteram</strong></span> <span class='ocrx_word' id='word_1_511' title='bbox 2338 2644 2584 2714; x_wconf 86' lang='lat' dir='ltr'><strong>suspicor</strong></span> <span class='ocrx_word' id='word_1_512' title='bbox 2612 2659 2733 2700; x_wconf 88' lang='lat' dir='ltr'><strong>esse</strong></span> <span class='ocrx_word' id='word_1_513' title='bbox 2762 2644 2973 2700; x_wconf 88' lang='lat' dir='ltr'><strong>initium</strong></span> <span class='ocrx_word' id='word_1_514' title='bbox 3004 2647 3283 2716; x_wconf 82' lang='lat' dir='ltr'><strong>sequentis</strong></span> <span class='ocrx_word' id='word_1_515' title='bbox 3308 2646 3450 2701; x_wconf 85' lang='lat' dir='ltr'><strong>verbi</strong></span> <span class='ocrx_word' id='word_1_516' title='bbox 3487 2645 3612 2699; x_wconf 73' lang='lat' dir='ltr'><strong>absti-</strong></span> 
     </span>
    </p>
   </div>
   <div class='ocr_carea' id='block_1_76' title="bbox 2053 2716 3610 2782">
    <p class='ocr_par' dir='ltr' id='par_1_76' title="bbox 2053 2716 3610 2782">
     <span class='ocr_line' id='line_1_76' title="bbox 2053 2716 3610 2782; baseline -0.001 -11"><span class='ocrx_word' id='word_1_517' title='bbox 2053 2718 2245 2782; x_wconf 80' lang='lat' dir='ltr'><strong>nendi;</strong></span> <span class='ocrx_word' id='word_1_518' title='bbox 2275 2718 2346 2770; x_wconf 84' lang='lat' dir='ltr'><strong>ita</strong></span> <span class='ocrx_word' id='word_1_519' title='bbox 2377 2726 2435 2770; x_wconf 91' lang='lat' dir='ltr'><strong>ut</strong></span> <span class='ocrx_word' id='word_1_520' title='bbox 2454 2717 2524 2771; x_wconf 85' lang='lat' dir='ltr'><strong>sit</strong></span> <span class='ocrx_word' id='word_1_521' title='bbox 2554 2716 2699 2770; x_wconf 87' lang='lat' dir='ltr'><strong>nulla</strong></span> <span class='ocrx_word' id='word_1_522' title='bbox 2718 2718 3034 2771; x_wconf 78' lang='lat' dir='ltr'><strong>substinendi</strong></span> <span class='ocrx_word' id='word_1_523' title='bbox 3055 2757 3070 2781; x_wconf 92' lang='lat'><strong>,</strong></span> <span class='ocrx_word' id='word_1_524' title='bbox 3097 2718 3183 2772; x_wconf 89' lang='lat' dir='ltr'><strong>vel</strong></span> <span class='ocrx_word' id='word_1_525' title='bbox 3214 2717 3484 2771; x_wconf 82' lang='lat' dir='ltr'><strong>sustinendi</strong></span> <span class='ocrx_word' id='word_1_526' title='bbox 3510 2716 3610 2770; x_wconf 81' lang='lat' dir='ltr'><strong>mul-</strong></span> 
     </span>
    </p>
   </div>
   <div class='ocr_carea' id='block_1_77' title="bbox 2053 2787 3608 2915">
    <p class='ocr_par' dir='ltr' id='par_1_77' title="bbox 2053 2787 3608 2915">
     <span class='ocr_line' id='line_1_77' title="bbox 2053 2787 3608 2915; baseline -0.001 -73"><span class='ocrx_word' id='word_1_527' title='bbox 2053 2788 2249 2915; x_wconf 60' lang='lat' dir='ltr'><strong>gplices</strong></span> <span class='ocrx_word' id='word_1_528' title='bbox 2272 2787 2561 2853; x_wconf 86' lang='lat' dir='ltr'><strong>cruciatus;</strong></span> <span class='ocrx_word' id='word_1_529' title='bbox 2592 2802 2713 2858; x_wconf 65' lang='lat' dir='ltr'><strong>quin</strong></span> <span class='ocrx_word' id='word_1_530' title='bbox 2739 2788 2918 2842; x_wconf 86' lang='lat' dir='ltr'><strong>omnia</strong></span> <span class='ocrx_word' id='word_1_531' title='bbox 2939 2789 3198 2844; x_wconf 83' lang='lat' dir='ltr'><strong>eximium</strong></span> <span class='ocrx_word' id='word_1_532' title='bbox 3238 2802 3450 2844; x_wconf 89' lang='lat' dir='ltr'><strong>sensum</strong></span> <span class='ocrx_word' id='word_1_533' title='bbox 3487 2787 3608 2843; x_wconf 72' lang='lat' dir='ltr'><strong>cxhi~</strong></span> 
     </span>
     <span class='ocr_line' id='line_1_78' title="bbox 2093 2868 2370 2915; baseline -0.022 -1"><span class='ocrx_word' id='word_1_534' title='bbox 2093 2868 2204 2915; x_wconf 91' lang='lat' dir='ltr'><strong>ent.</strong></span> <span class='ocrx_word' id='word_1_535' title='bbox 2364 2902 2370 2908; x_wconf 90' lang='lat'><strong>.</strong></span> 
     </span>
    </p>
   </div>
   <div class='ocr_carea' id='block_1_78' title="bbox 2093 2868 2370 2915">
    <p class='ocr_par' dir='ltr' id='par_1_78' title="bbox 2093 2868 2370 2915">
     <span class='ocr_line' id='line_1_79' title="bbox 2093 2868 2370 2915; baseline -0.022 -1"><span class='ocrx_word' id='word_1_536' title='bbox 2093 2868 2204 2915; x_wconf 90' lang='lat' dir='ltr'><strong>ent.</strong></span> <span class='ocrx_word' id='word_1_537' title='bbox 2364 2902 2370 2908; x_wconf 90' lang='lat'><strong>.</strong></span> 
     </span>
    </p>
   </div>
   <div class='ocr_carea' id='block_1_79' title="bbox 2128 2929 3607 3003">
    <p class='ocr_par' dir='ltr' id='par_1_79' title="bbox 2128 2929 3607 3003">
     <span class='ocr_line' id='line_1_80' title="bbox 2128 2929 3607 3003; baseline -0.001 -18"><span class='ocrx_word' id='word_1_538' title='bbox 2128 2931 2488 2986; x_wconf 76' lang='lat' dir='ltr'><strong>Exhibcretur.</strong></span> <span class='ocrx_word' id='word_1_539' title='bbox 2535 2929 2690 2986; x_wconf 81' lang='lat' dir='ltr'><strong>Adde</strong></span> <span class='ocrx_word' id='word_1_540' title='bbox 2718 2930 2976 3003; x_wconf 85' lang='lat' dir='ltr'><strong>vectigal,</strong></span> <span class='ocrx_word' id='word_1_541' title='bbox 3002 2930 3155 3001; x_wconf 80' lang='lat' dir='ltr'><strong>cujus</strong></span> <span class='ocrx_word' id='word_1_542' title='bbox 3183 2930 3439 2987; x_wconf 83' lang='lat' dir='ltr'><strong>solvendo</strong></span> <span class='ocrx_word' id='word_1_543' title='bbox 3480 2945 3607 3001; x_wconf 83' lang='lat' dir='ltr'><strong>pares</strong></span> 
     </span>
    </p>
   </div>
   <div class='ocr_carea' id='block_1_80' title="bbox 2062 3012 2370 3059">
    <p class='ocr_par' dir='ltr' id='par_1_80' title="bbox 2062 3012 2370 3059">
     <span class='ocr_line' id='line_1_81' title="bbox 2062 3012 2370 3059; baseline -0.013 0"><span class='ocrx_word' id='word_1_544' title='bbox 2062 3018 2168 3059; x_wconf 89' lang='lat' dir='ltr'><strong>non</strong></span> <span class='ocrx_word' id='word_1_545' title='bbox 2198 3012 2370 3057; x_wconf 88' lang='lat' dir='ltr'><strong>erant.</strong></span> 
     </span>
    </p>
   </div>
   <div class='ocr_carea' id='block_1_81' title="bbox 2131 3072 3616 3144">
    <p class='ocr_par' dir='ltr' id='par_1_81' title="bbox 2131 3072 3616 3144">
     <span class='ocr_line' id='line_1_82' title="bbox 2131 3072 3616 3144; baseline -0.003 -16"><span class='ocrx_word' id='word_1_546' title='bbox 2131 3072 2260 3141; x_wconf 66' lang='lat' dir='ltr'><strong>Quae</strong></span> <span class='ocrx_word' id='word_1_547' title='bbox 2278 3089 2569 3144; x_wconf 84' lang='lat' dir='ltr'><strong>quanquam</strong></span> <span class='ocrx_word' id='word_1_548' title='bbox 2592 3072 2932 3134; x_wconf 82' lang='lat' dir='ltr'><strong>intolerabilia</strong></span> <span class='ocrx_word' id='word_1_549' title='bbox 2943 3073 3065 3137; x_wconf 87' lang='lat' dir='ltr'><strong>sint,</strong></span> <span class='ocrx_word' id='word_1_550' title='bbox 3081 3073 3214 3144; x_wconf 84' lang='lat' dir='ltr'><strong>eripi</strong></span> <span class='ocrx_word' id='word_1_551' title='bbox 3225 3074 3290 3128; x_wconf 84' lang='lat' dir='ltr'><strong>ab</strong></span> <span class='ocrx_word' id='word_1_552' title='bbox 3305 3089 3390 3127; x_wconf 89' lang='lat' dir='ltr'><strong>ore</strong></span> <span class='ocrx_word' id='word_1_553' title='bbox 3401 3074 3616 3126; x_wconf 84' lang='lat' dir='ltr'><strong>hominum</strong></span> 
     </span>
    </p>
   </div>
   <div class='ocr_carea' id='block_1_82' title="bbox 2056 3144 3610 3213">
    <p class='ocr_par' dir='ltr' id='par_1_82' title="bbox 2056 3144 3610 3213">
     <span class='ocr_line' id='line_1_83' title="bbox 2056 3144 3610 3213; baseline -0.005 -13"><span class='ocrx_word' id='word_1_554' title='bbox 2056 3146 2191 3201; x_wconf 82' lang='lat' dir='ltr'><strong>cibos</strong></span> <span class='ocrx_word' id='word_1_555' title='bbox 2231 3146 2402 3199; x_wconf 89' lang='lat' dir='ltr'><strong>labore</strong></span> <span class='ocrx_word' id='word_1_556' title='bbox 2444 3146 2700 3207; x_wconf 67' lang='lat' dir='ltr'><strong>quaesitos.</strong></span> <span class='ocrx_word' id='word_1_557' title='bbox 2730 3145 2807 3199; x_wconf 87' lang='lat' dir='ltr'><strong>lla</strong></span> <span class='ocrx_word' id='word_1_558' title='bbox 2829 3144 3146 3213; x_wconf 86' lang='lat' dir='ltr'><strong>quibusdam</strong></span> <span class='ocrx_word' id='word_1_559' title='bbox 3193 3146 3327 3201; x_wconf 90' lang='lat' dir='ltr'><strong>viris</strong></span> <span class='ocrx_word' id='word_1_560' title='bbox 3356 3144 3512 3199; x_wconf 90' lang='lat' dir='ltr'><strong>doctis</strong></span> <span class='ocrx_word' id='word_1_561' title='bbox 3538 3160 3610 3211; x_wconf 74' lang='grc' dir='ltr'><strong>τῳ-</strong></span> 
     </span>
    </p>
   </div>
   <div class='ocr_carea' id='block_1_83' title="bbox 2057 3214 3617 3288">
    <p class='ocr_par' dir='ltr' id='par_1_83' title="bbox 2057 3214 3617 3288">
     <span class='ocr_line' id='line_1_84' title="bbox 2057 3214 3617 3288; baseline -0.001 -18"><span class='ocrx_word' id='word_1_562' title='bbox 2057 3217 2417 3288; x_wconf 82' lang='lat' dir='ltr'><strong>probantibus</strong></span> <span class='ocrx_word' id='word_1_563' title='bbox 2458 3216 2607 3288; x_wconf 89' lang='lat' dir='ltr'><strong>hunc</strong></span> <span class='ocrx_word' id='word_1_564' title='bbox 2628 3215 2803 3270; x_wconf 88' lang='lat' dir='ltr'><strong>locum</strong></span> <span class='ocrx_word' id='word_1_565' title='bbox 2833 3215 3137 3270; x_wconf 88' lang='lat' dir='ltr'><strong>emendavi.</strong></span> <span class='ocrx_word' id='word_1_566' title='bbox 3162 3215 3223 3270; x_wconf 82' lang='lat' dir='ltr'><strong>In</strong></span> <span class='ocrx_word' id='word_1_567' title='bbox 3257 3231 3357 3270; x_wconf 91' lang='lat' dir='ltr'><strong>ms.</strong></span> <span class='ocrx_word' id='word_1_568' title='bbox 3379 3226 3455 3270; x_wconf 82' lang='lat' dir='ltr'><strong>est</strong></span> <span class='ocrx_word' id='word_1_569' title='bbox 3480 3232 3491 3268; x_wconf 88' lang='lat'><strong>:</strong></span> <span class='ocrx_word' id='word_1_570' title='bbox 3520 3214 3617 3288; x_wconf 59' lang='lat' dir='ltr'><strong>Qum</strong></span> 
     </span>
    </p>
   </div>
   <div class='ocr_carea' id='block_1_84' title="bbox 2056 3286 3617 3359">
    <p class='ocr_par' dir='ltr' id='par_1_84' title="bbox 2056 3286 3617 3359">
     <span class='ocr_line' id='line_1_85' title="bbox 2056 3286 3617 3359; baseline -0.003 -20"><span class='ocrx_word' id='word_1_571' title='bbox 2056 3286 2211 3359; x_wconf 73' lang='lat' dir='ltr'><strong>quam</strong></span> <span class='ocrx_word' id='word_1_572' title='bbox 2239 3286 2527 3359; x_wconf 83' lang='lat' dir='ltr'><strong>tolerabilia</strong></span> <span class='ocrx_word' id='word_1_573' title='bbox 2566 3287 2688 3353; x_wconf 85' lang='lat' dir='ltr'><strong>sint,</strong></span> <span class='ocrx_word' id='word_1_574' title='bbox 2718 3302 2880 3356; x_wconf 83' lang='lat' dir='ltr'><strong>pravo</strong></span> <span class='ocrx_word' id='word_1_575' title='bbox 2911 3302 3104 3351; x_wconf 88' lang='lat' dir='ltr'><strong>sensu;</strong></span> <span class='ocrx_word' id='word_1_576' title='bbox 3132 3288 3183 3359; x_wconf 84' lang='lat' dir='ltr'><strong>id</strong></span> <span class='ocrx_word' id='word_1_577' title='bbox 3215 3289 3360 3343; x_wconf 89' lang='lat' dir='ltr'><strong>enim</strong></span> <span class='ocrx_word' id='word_1_578' title='bbox 3389 3300 3485 3340; x_wconf 91' lang='lat' dir='ltr'><strong>non</strong></span> <span class='ocrx_word' id='word_1_579' title='bbox 3514 3286 3617 3359; x_wconf 76' lang='lat' dir='ltr'><strong>tole-</strong></span> 
     </span>
    </p>
   </div>
   <div class='ocr_carea' id='block_1_85' title="bbox 2059 3355 3618 3432">
    <p class='ocr_par' dir='ltr' id='par_1_85' title="bbox 2059 3355 3618 3432">
     <span class='ocr_line' id='line_1_86' title="bbox 2059 3355 3618 3432; baseline -0.003 -20"><span class='ocrx_word' id='word_1_580' title='bbox 2059 3355 2245 3432; x_wconf 73' lang='lat' dir='ltr'><strong>rabile.</strong></span> <span class='ocrx_word' id='word_1_581' title='bbox 2276 3355 2776 3432; x_wconf 80' lang='lat' dir='ltr'><strong>Legendumctlam</strong></span> <span class='ocrx_word' id='word_1_582' title='bbox 2825 3373 2949 3412; x_wconf 88' lang='lat' dir='ltr'><strong>cum</strong></span> <span class='ocrx_word' id='word_1_583' title='bbox 2985 3358 3210 3413; x_wconf 78' lang='lat' dir='ltr'><strong>eruditis</strong></span> <span class='ocrx_word' id='word_1_584' title='bbox 3242 3359 3304 3432; x_wconf 81' lang='lat' dir='ltr'><strong>ab</strong></span> <span class='ocrx_word' id='word_1_585' title='bbox 3331 3374 3416 3411; x_wconf 83' lang='lat' dir='ltr'><strong>ore</strong></span> <span class='ocrx_word' id='word_1_586' title='bbox 3452 3371 3534 3426; x_wconf 79' lang='lat' dir='ltr'><strong>pro</strong></span> <span class='ocrx_word' id='word_1_587' title='bbox 3560 3355 3618 3407; x_wconf 80' lang='lat' dir='ltr'><strong>lu-</strong></span> 
     </span>
    </p>
   </div>
   <div class='ocr_carea' id='block_1_86' title="bbox 2053 3429 3618 3499">
    <p class='ocr_par' dir='ltr' id='par_1_86' title="bbox 2053 3429 3618 3499">
     <span class='ocr_line' id='line_1_87' title="bbox 2053 3429 3618 3499; baseline -0.003 -16"><span class='ocrx_word' id='word_1_588' title='bbox 2053 3429 2198 3495; x_wconf 80' lang='lat' dir='ltr'><strong>bere,</strong></span> <span class='ocrx_word' id='word_1_589' title='bbox 2229 3432 2372 3499; x_wconf 91' lang='lat' dir='ltr'><strong>quod</strong></span> <span class='ocrx_word' id='word_1_590' title='bbox 2402 3432 2455 3483; x_wconf 87' lang='lat' dir='ltr'><strong>in</strong></span> <span class='ocrx_word' id='word_1_591' title='bbox 2478 3445 2577 3484; x_wconf 92' lang='lat' dir='ltr'><strong>ms.</strong></span> <span class='ocrx_word' id='word_1_592' title='bbox 2596 3429 2885 3497; x_wconf 78' lang='lat' dir='ltr'><strong>exceptum</strong></span> <span class='ocrx_word' id='word_1_593' title='bbox 2901 3439 3209 3485; x_wconf 77' lang='lat' dir='ltr'><strong>estexvoce</strong></span> <span class='ocrx_word' id='word_1_594' title='bbox 3230 3430 3403 3484; x_wconf 86' lang='lat' dir='ltr'><strong>labore</strong></span> <span class='ocrx_word' id='word_1_595' title='bbox 3424 3443 3529 3482; x_wconf 77' lang='lat' dir='ltr'><strong>mox</strong></span> <span class='ocrx_word' id='word_1_596' title='bbox 3554 3442 3618 3499; x_wconf 83' lang='lat' dir='ltr'><strong>sc-</strong></span> 
     </span>
    </p>
   </div>
   <div class='ocr_carea' id='block_1_87' title="bbox 2058 3497 3618 3572">
    <p class='ocr_par' dir='ltr' id='par_1_87' title="bbox 2058 3497 3618 3572">
     <span class='ocr_line' id='line_1_88' title="bbox 2058 3497 3618 3572; baseline -0.002 -18"><span class='ocrx_word' id='word_1_597' title='bbox 2058 3497 2278 3572; x_wconf 78' lang='lat' dir='ltr'><strong>quente.</strong></span> <span class='ocrx_word' id='word_1_598' title='bbox 2309 3500 2574 3556; x_wconf 69' lang='lat' dir='ltr'><strong>Cancrum</strong></span> <span class='ocrx_word' id='word_1_599' title='bbox 2597 3500 2821 3572; x_wconf 81' lang='lat' dir='ltr'><strong>verbum</strong></span> <span class='ocrx_word' id='word_1_600' title='bbox 2841 3502 3076 3572; x_wconf 73' lang='lat' dir='ltr'><strong>quiasith</strong></span> <span class='ocrx_word' id='word_1_601' title='bbox 3102 3500 3193 3556; x_wconf 87' lang='lat' dir='ltr'><strong>hic</strong></span> <span class='ocrx_word' id='word_1_602' title='bbox 3218 3510 3304 3556; x_wconf 86' lang='lat' dir='ltr'><strong>est</strong></span> <span class='ocrx_word' id='word_1_603' title='bbox 3327 3516 3418 3569; x_wconf 87' lang='lat' dir='ltr'><strong>pro</strong></span> <span class='ocrx_word' id='word_1_604' title='bbox 3438 3497 3618 3572; x_wconf 72' lang='lat' dir='ltr'><strong>acquisi-</strong></span> 
     </span>
    </p>
   </div>
   <div class='ocr_carea' id='block_1_88' title="bbox 2059 3570 3618 3641">
    <p class='ocr_par' dir='ltr' id='par_1_88' title="bbox 2059 3570 3618 3641">
     <span class='ocr_line' id='line_1_89' title="bbox 2059 3570 3618 3641; baseline -0.003 -15"><span class='ocrx_word' id='word_1_605' title='bbox 2059 3570 2157 3637; x_wconf 81' lang='lat' dir='ltr'><strong>tos,</strong></span> <span class='ocrx_word' id='word_1_606' title='bbox 2193 3582 2251 3626; x_wconf 92' lang='lat' dir='ltr'><strong>ut</strong></span> <span class='ocrx_word' id='word_1_607' title='bbox 2278 3587 2437 3639; x_wconf 87' lang='lat' dir='ltr'><strong>supra</strong></span> <span class='ocrx_word' id='word_1_608' title='bbox 2468 3571 2678 3627; x_wconf 90' lang='lat' dir='ltr'><strong>ostendi</strong></span> <span class='ocrx_word' id='word_1_609' title='bbox 2730 3572 2783 3625; x_wconf 88' lang='lat' dir='ltr'><strong>in</strong></span> <span class='ocrx_word' id='word_1_610' title='bbox 2813 3570 2938 3626; x_wconf 86' lang='lat' dir='ltr'><strong>Not.</strong></span> <span class='ocrx_word' id='word_1_611' title='bbox 2991 3570 3059 3625; x_wconf 91' lang='lat' dir='ltr'><strong>ad</strong></span> <span class='ocrx_word' id='word_1_612' title='bbox 3097 3580 3265 3641; x_wconf 89' lang='lat' dir='ltr'><strong>caput</strong></span> <span class='ocrx_word' id='word_1_613' title='bbox 3311 3574 3394 3638; x_wconf 65' lang='lat'><strong>{8,</strong></span> <span class='ocrx_word' id='word_1_614' title='bbox 3421 3570 3618 3641; x_wconf 79' lang='lat' dir='ltr'><strong>illudque</strong></span> 
     </span>
    </p>
   </div>
   <div class='ocr_carea' id='block_1_89' title="bbox 2059 3640 3620 3714">
    <p class='ocr_par' dir='ltr' id='par_1_89' title="bbox 2059 3640 3620 3714">
     <span class='ocr_line' id='line_1_90' title="bbox 2059 3640 3620 3714; baseline -0.003 -17"><span class='ocrx_word' id='word_1_615' title='bbox 2059 3645 2282 3698; x_wconf 88' lang='lat' dir='ltr'><strong>verbum</strong></span> <span class='ocrx_word' id='word_1_616' title='bbox 2311 3644 2539 3713; x_wconf 83' lang='lat' dir='ltr'><strong>simplex</strong></span> <span class='ocrx_word' id='word_1_617' title='bbox 2564 3656 2663 3714; x_wconf 81' lang='lat' dir='ltr'><strong>pro</strong></span> <span class='ocrx_word' id='word_1_618' title='bbox 2686 3644 2988 3714; x_wconf 88' lang='lat' dir='ltr'><strong>composito</strong></span> <span class='ocrx_word' id='word_1_619' title='bbox 3020 3658 3051 3697; x_wconf 89' lang='lat' dir='ltr'><strong>a</strong></span> <span class='ocrx_word' id='word_1_620' title='bbox 3075 3640 3361 3698; x_wconf 87' lang='lat' dir='ltr'><strong>Lactantio</strong></span> <span class='ocrx_word' id='word_1_621' title='bbox 3390 3640 3620 3714; x_wconf 81' lang='lat' dir='ltr'><strong>multatics</strong></span> 
     </span>
    </p>
   </div>
   <div class='ocr_carea' id='block_1_90' title="bbox 2060 3712 3621 3785">
    <p class='ocr_par' dir='ltr' id='par_1_90' title="bbox 2060 3712 3621 3785">
     <span class='ocr_line' id='line_1_91' title="bbox 2060 3712 3621 3785; baseline -0.005 -16"><span class='ocrx_word' id='word_1_622' title='bbox 2060 3724 2407 3785; x_wconf 85' lang='lat' dir='ltr'><strong>usurpatum;</strong></span> <span class='ocrx_word' id='word_1_623' title='bbox 2438 3716 2612 3768; x_wconf 81' lang='lat' dir='ltr'><strong>Divin.</strong></span> <span class='ocrx_word' id='word_1_624' title='bbox 2634 3712 2831 3779; x_wconf 78' lang='lat' dir='ltr'><strong>lnstit.,</strong></span> <span class='ocrx_word' id='word_1_625' title='bbox 2879 3714 2969 3768; x_wconf 86' lang='lat' dir='ltr'><strong>lib.</strong></span> <span class='ocrx_word' id='word_1_626' title='bbox 3013 3729 3088 3776; x_wconf 84' lang='lat' dir='ltr'><strong>vt,</strong></span> <span class='ocrx_word' id='word_1_627' title='bbox 3114 3729 3236 3784; x_wconf 88' lang='lat' dir='ltr'><strong>cap.</strong></span> <span class='ocrx_word' id='word_1_628' title='bbox 3264 3713 3621 3770; x_wconf 67' lang='lat' dir='ltr'><strong>ﬁtPrrdumne</strong></span> 
     </span>
    </p>
   </div>
   <div class='ocr_carea' id='block_1_91' title="bbox 2059 3784 3625 3858">
    <p class='ocr_par' dir='ltr' id='par_1_91' title="bbox 2059 3784 3625 3858">
     <span class='ocr_line' id='line_1_92' title="bbox 2059 3784 3625 3858; baseline -0.001 -18"><span class='ocrx_word' id='word_1_629' title='bbox 2059 3802 2168 3858; x_wconf 73' lang='lat' dir='ltr'><strong>rem</strong></span> <span class='ocrx_word' id='word_1_630' title='bbox 2198 3784 2511 3858; x_wconf 25' lang='lat' dir='ltr'><strong>fatni‘littretn</strong></span> <span class='ocrx_word' id='word_1_631' title='bbox 2531 3801 2638 3858; x_wconf 80' lang='lat' dir='ltr'><strong>meo</strong></span> <span class='ocrx_word' id='word_1_632' title='bbox 2657 3795 2755 3858; x_wconf 84' lang='lat' dir='ltr'><strong>aut</strong></span> <span class='ocrx_word' id='word_1_633' title='bbox 2797 3789 3050 3858; x_wconf 84' lang='lat' dir='ltr'><strong>majorum</strong></span> <span class='ocrx_word' id='word_1_634' title='bbox 3079 3784 3259 3858; x_wconf 85' lang='lat' dir='ltr'><strong>labore</strong></span> <span class='ocrx_word' id='word_1_635' title='bbox 3286 3785 3561 3858; x_wconf 65' lang='lat' dir='ltr'><strong>qua&#39;sitaut;</strong></span> <span class='ocrx_word' id='word_1_636' title='bbox 3584 3788 3625 3835; x_wconf 77' lang='lat' dir='ltr'><strong>cl</strong></span> 
     </span>
    </p>
   </div>
   <div class='ocr_carea' id='block_1_92' title="bbox 2061 3854 3624 3928">
    <p class='ocr_par' dir='ltr' id='par_1_92' title="bbox 2061 3854 3624 3928">
     <span class='ocr_line' id='line_1_93' title="bbox 2061 3854 3624 3928; baseline -0.004 -18"><span class='ocrx_word' id='word_1_637' title='bbox 2061 3856 2100 3912; x_wconf 86' lang='grc' dir='ltr'><strong>Ι.</strong></span> <span class='ocrx_word' id='word_1_638' title='bbox 2122 3856 2190 3928; x_wconf 89' lang='lat' dir='ltr'><strong>de</strong></span> <span class='ocrx_word' id='word_1_639' title='bbox 2211 3855 2438 3928; x_wconf 82' lang='lat' dir='ltr'><strong>Opiﬁcio</strong></span> <span class='ocrx_word' id='word_1_640' title='bbox 2453 3854 2567 3921; x_wconf 89' lang='lat' dir='ltr'><strong>Dei,</strong></span> <span class='ocrx_word' id='word_1_641' title='bbox 2582 3857 2700 3928; x_wconf 53' lang='lat'><strong>0.3.</strong></span> <span class='ocrx_word' id='word_1_642' title='bbox 2721 3858 2859 3912; x_wconf 80' lang='lat' dir='ltr'><strong>circa</strong></span> <span class='ocrx_word' id='word_1_643' title='bbox 2873 3854 3025 3911; x_wconf 66' lang='lat' dir='ltr'><strong>&#39;med.</strong></span> <span class='ocrx_word' id='word_1_644' title='bbox 3050 3857 3322 3922; x_wconf 75' lang='lat' dir='ltr'><strong>:Quwsitis</strong></span> <span class='ocrx_word' id='word_1_645' title='bbox 3343 3873 3430 3928; x_wconf 84' lang='lat' dir='ltr'><strong>per</strong></span> <span class='ocrx_word' id='word_1_646' title='bbox 3446 3855 3624 3928; x_wconf 74' lang='lat' dir='ltr'><strong>laborem</strong></span> 
     </span>
    </p>
   </div>
   <div class='ocr_carea' id='block_1_93' title="bbox 2062 3924 3623 4053">
    <p class='ocr_par' dir='ltr' id='par_1_93' title="bbox 2062 3924 3623 4053">
     <span class='ocr_line' id='line_1_94' title="bbox 2062 3924 3623 4053; baseline -0.001 -74"><span class='ocrx_word' id='word_1_647' title='bbox 2062 3927 2220 4053; x_wconf 64' lang='lat' dir='ltr'><strong>qibis;</strong></span> <span class='ocrx_word' id='word_1_648' title='bbox 2242 3924 2297 3982; x_wconf 78' lang='lat' dir='ltr'><strong>et</strong></span> <span class='ocrx_word' id='word_1_649' title='bbox 2315 3927 2410 3982; x_wconf 91' lang='lat' dir='ltr'><strong>lib.</strong></span> <span class='ocrx_word' id='word_1_650' title='bbox 2441 3927 2507 3983; x_wconf 87' lang='lat' dir='ltr'><strong>de</strong></span> <span class='ocrx_word' id='word_1_651' title='bbox 2532 3928 2611 3982; x_wconf 81' lang='lat' dir='ltr'><strong>lra</strong></span> <span class='ocrx_word' id='word_1_652' title='bbox 2631 3926 2748 3995; x_wconf 86' lang='lat' dir='ltr'><strong>Dei,</strong></span> <span class='ocrx_word' id='word_1_653' title='bbox 2768 3944 2818 3983; x_wconf 92' lang='lat' dir='ltr'><strong>c.</strong></span> <span class='ocrx_word' id='word_1_654' title='bbox 2837 3928 2910 3983; x_wconf 73' lang='lat'><strong>2&#39;5</strong></span> <span class='ocrx_word' id='word_1_655' title='bbox 2934 3946 2947 3982; x_wconf 90' lang='lat'><strong>:</strong></span> <span class='ocrx_word' id='word_1_656' title='bbox 2974 3928 3281 3996; x_wconf 82' lang='lat' dir='ltr'><strong>Qaterendis</strong></span> <span class='ocrx_word' id='word_1_657' title='bbox 3310 3924 3623 3998; x_wconf 68' lang='lat' dir='ltr'><strong>temporalibus</strong></span> 
     </span>
     <span class='ocr_line' id='line_1_95' title="bbox 2102 4012 2234 4053; baseline -0.03 0"><span class='ocrx_word' id='word_1_658' title='bbox 2102 4012 2234 4053; x_wconf 86' lang='lat' dir='ltr'><strong>oms.</strong></span> 
     </span>
    </p>
   </div>
   <div class='ocr_carea' id='block_1_94' title="bbox 2102 4012 2234 4053">
    <p class='ocr_par' dir='ltr' id='par_1_94' title="bbox 2102 4012 2234 4053">
     <span class='ocr_line' id='line_1_96' title="bbox 2102 4012 2234 4053; baseline -0.03 0"><span class='ocrx_word' id='word_1_659' title='bbox 2102 4012 2234 4053; x_wconf 85' lang='lat' dir='ltr'><strong>oms.</strong></span> 
     </span>
    </p>
   </div>
   <div class='ocr_carea' id='block_1_95' title="bbox 2135 4066 3622 4129">
    <p class='ocr_par' dir='ltr' id='par_1_95' title="bbox 2135 4066 3622 4129">
     <span class='ocr_line' id='line_1_97' title="bbox 2135 4066 3622 4129; baseline 0.003 -5"><span class='ocrx_word' id='word_1_660' title='bbox 2135 4068 2498 4124; x_wconf 83' lang='lat' dir='ltr'><strong>Sustentabile.</strong></span> <span class='ocrx_word' id='word_1_661' title='bbox 2549 4070 2621 4125; x_wconf 87' lang='lat' dir='ltr'><strong>ita</strong></span> <span class='ocrx_word' id='word_1_662' title='bbox 2664 4086 2766 4126; x_wconf 92' lang='lat' dir='ltr'><strong>ms.</strong></span> <span class='ocrx_word' id='word_1_663' title='bbox 2819 4071 3018 4126; x_wconf 70' lang='lat' dir='ltr'><strong>Priscae</strong></span> <span class='ocrx_word' id='word_1_664' title='bbox 3063 4070 3335 4127; x_wconf 82' lang='lat' dir='ltr'><strong>editiones</strong></span> <span class='ocrx_word' id='word_1_665' title='bbox 3382 4066 3622 4129; x_wconf 61' lang='lat' dir='ltr'><strong>tolerabile.</strong></span> 
     </span>
    </p>
   </div>
   <div class='ocr_carea' id='block_1_96' title="bbox 2065 4140 3623 4209">
    <p class='ocr_par' dir='ltr' id='par_1_96' title="bbox 2065 4140 3623 4209">
     <span class='ocr_line' id='line_1_98' title="bbox 2065 4140 3623 4209; baseline -0.002 -15"><span class='ocrx_word' id='word_1_666' title='bbox 2065 4141 2209 4209; x_wconf 90' lang='lat' dir='ltr'><strong>quod</strong></span> <span class='ocrx_word' id='word_1_667' title='bbox 2263 4141 2401 4196; x_wconf 91' lang='lat' dir='ltr'><strong>idem</strong></span> <span class='ocrx_word' id='word_1_668' title='bbox 2432 4150 2549 4207; x_wconf 88' lang='lat' dir='ltr'><strong>est;</strong></span> <span class='ocrx_word' id='word_1_669' title='bbox 2590 4143 2729 4197; x_wconf 89' lang='lat' dir='ltr'><strong>sicut</strong></span> <span class='ocrx_word' id='word_1_670' title='bbox 2773 4142 3119 4207; x_wconf 85' lang='lat' dir='ltr'><strong>Lactantius,</strong></span> <span class='ocrx_word' id='word_1_671' title='bbox 3174 4142 3351 4197; x_wconf 88' lang='lat' dir='ltr'><strong>Divin.</strong></span> <span class='ocrx_word' id='word_1_672' title='bbox 3402 4140 3623 4200; x_wconf 88' lang='lat' dir='ltr'><strong>lnstitnt.,</strong></span> 
     </span>
    </p>
   </div>
   <div class='ocr_carea' id='block_1_97' title="bbox 2065 4210 3626 4282">
    <p class='ocr_par' dir='ltr' id='par_1_97' title="bbox 2065 4210 3626 4282">
     <span class='ocr_line' id='line_1_99' title="bbox 2065 4210 3626 4282; baseline -0.001 -17"><span class='ocrx_word' id='word_1_673' title='bbox 2065 4210 2157 4266; x_wconf 88' lang='lat' dir='ltr'><strong>lib.</strong></span> <span class='ocrx_word' id='word_1_674' title='bbox 2192 4228 2282 4277; x_wconf 84' lang='lat' dir='ltr'><strong>vn,</strong></span> <span class='ocrx_word' id='word_1_675' title='bbox 2311 4228 2429 4282; x_wconf 84' lang='lat' dir='ltr'><strong>cap.</strong></span> <span class='ocrx_word' id='word_1_676' title='bbox 2466 4213 2553 4279; x_wconf 84' lang='grc'><strong>16,</strong></span> <span class='ocrx_word' id='word_1_677' title='bbox 2586 4213 2728 4267; x_wconf 84' lang='lat' dir='ltr'><strong>dixit</strong></span> <span class='ocrx_word' id='word_1_678' title='bbox 2754 4213 3129 4268; x_wconf 84' lang='lat' dir='ltr'><strong>insustentabili</strong></span> <span class='ocrx_word' id='word_1_679' title='bbox 3166 4214 3523 4269; x_wconf 79' lang='lat' dir='ltr'><strong>dominatione.</strong></span> <span class='ocrx_word' id='word_1_680' title='bbox 3551 4222 3626 4279; x_wconf 80' lang='lat' dir='ltr'><strong>pro</strong></span> 
     </span>
    </p>
   </div>
   <div class='ocr_carea' id='block_1_98' title="bbox 2064 4284 3626 4353">
    <p class='ocr_par' dir='ltr' id='par_1_98' title="bbox 2064 4284 3626 4353">
     <span class='ocr_line' id='line_1_100' title="bbox 2064 4284 3626 4353; baseline -0.004 -17"><span class='ocrx_word' id='word_1_681' title='bbox 2064 4284 2392 4339; x_wconf 83' lang='lat' dir='ltr'><strong>intolerabili.</strong></span> <span class='ocrx_word' id='word_1_682' title='bbox 2427 4284 2794 4349; x_wconf 80' lang='lat' dir='ltr'><strong>Sustentabt’le,</strong></span> <span class='ocrx_word' id='word_1_683' title='bbox 2818 4287 2957 4340; x_wconf 82' lang='lat' dir='ltr'><strong>forte</strong></span> <span class='ocrx_word' id='word_1_684' title='bbox 2986 4284 3272 4353; x_wconf 83' lang='lat' dir='ltr'><strong>legendum</strong></span> <span class='ocrx_word' id='word_1_685' title='bbox 3300 4294 3385 4341; x_wconf 83' lang='lat' dir='ltr'><strong>est</strong></span> <span class='ocrx_word' id='word_1_686' title='bbox 3411 4289 3626 4337; x_wconf 80' lang='lat' dir='ltr'><strong>sustenta-</strong></span> 
     </span>
    </p>
   </div>
   <div class='ocr_carea' id='block_1_99' title="bbox 2065 4354 3121 4426">
    <p class='ocr_par' dir='ltr' id='par_1_99' title="bbox 2065 4354 3121 4426">
     <span class='ocr_line' id='line_1_101' title="bbox 2065 4354 3121 4426; baseline 0.001 -18"><span class='ocrx_word' id='word_1_687' title='bbox 2065 4354 2270 4410; x_wconf 83' lang='lat' dir='ltr'><strong>bantur.</strong></span> <span class='ocrx_word' id='word_1_688' title='bbox 2305 4356 2534 4410; x_wconf 86' lang='lat' dir='ltr'><strong>Pluralis</strong></span> <span class='ocrx_word' id='word_1_689' title='bbox 2563 4358 3121 4426; x_wconf 70' lang='lat' dir='ltr'><strong>numerusprrecedit.</strong></span> 
     </span>
    </p>
   </div>
   <div class='ocr_carea' id='block_1_100' title="bbox 2140 4420 3628 4497">
    <p class='ocr_par' dir='ltr' id='par_1_100' title="bbox 2140 4420 3628 4497">
     <span class='ocr_line' id='line_1_102' title="bbox 2140 4420 3628 4497; baseline -0.006 -15"><span class='ocrx_word' id='word_1_690' title='bbox 2140 4426 2248 4495; x_wconf 86' lang='lat' dir='ltr'><strong>Spe</strong></span> <span class='ocrx_word' id='word_1_691' title='bbox 2274 4432 2589 4497; x_wconf 78' lang='lat' dir='ltr'><strong>futurorum.</strong></span> <span class='ocrx_word' id='word_1_692' title='bbox 2623 4427 2790 4483; x_wconf 87' lang='lat' dir='ltr'><strong>Erud.</strong></span> <span class='ocrx_word' id='word_1_693' title='bbox 2845 4420 3045 4482; x_wconf 75' lang='lat' dir='ltr'><strong>Paulus</strong></span> <span class='ocrx_word' id='word_1_694' title='bbox 3089 4427 3311 4482; x_wconf 88' lang='lat' dir='ltr'><strong>Bauldri</strong></span> <span class='ocrx_word' id='word_1_695' title='bbox 3333 4425 3536 4481; x_wconf 82' lang='lat' dir='ltr'><strong>volebat</strong></span> <span class='ocrx_word' id='word_1_696' title='bbox 3555 4420 3628 4497; x_wconf 66' lang='grc' dir='ltr'><strong>Διθο</strong></span> 
     </span>
    </p>
   </div>
   <div class='ocr_carea' id='block_1_101' title="bbox 372 4491 3627 4574">
    <p class='ocr_par' dir='ltr' id='par_1_101' title="bbox 372 4491 3627 4574">
     <span class='ocr_line' id='line_1_103' title="bbox 372 4491 3627 4574; baseline -0.001 -26"><span class='ocrx_word' id='word_1_697' title='bbox 372 4491 501 4563; x_wconf 58' lang='grc' dir='ltr'><strong>ρειαί</strong></span> <span class='ocrx_word' id='word_1_698' title='bbox 520 4495 820 4574; x_wconf 69' lang='lat' dir='ltr'><strong>promiserat</strong></span> <span class='ocrx_word' id='word_1_699' title='bbox 857 4491 1589 4574; x_wconf 36' lang='lat' dir='ltr'><strong>{aduersam_inani__nominc</strong></span> <span class='ocrx_word' id='word_1_700' title='bbox 1624 4495 1963 4574; x_wconf 66' lang='lat' dir='ltr'><strong>uicennalium</strong></span> <span class='ocrx_word' id='word_1_701' title='bbox 1987 4509 2041 4574; x_wconf 79' lang='lat' dir='ltr'><strong>D</strong></span> <span class='ocrx_word' id='word_1_702' title='bbox 2065 4491 2195 4568; x_wconf 87' lang='lat' dir='ltr'><strong>gere</strong></span> <span class='ocrx_word' id='word_1_703' title='bbox 2221 4491 2310 4574; x_wconf 63' lang='lat' dir='ltr'><strong>sp&#39;e</strong></span> <span class='ocrx_word' id='word_1_704' title='bbox 2335 4503 2657 4574; x_wconf 63' lang='lat' dir='ltr'><strong>[mturarum_,</strong></span> <span class='ocrx_word' id='word_1_705' title='bbox 2704 4514 2800 4574; x_wconf 80' lang='lat' dir='ltr'><strong>seu</strong></span> <span class='ocrx_word' id='word_1_706' title='bbox 2829 4510 3091 4568; x_wconf 87' lang='lat' dir='ltr'><strong>proventu</strong></span> <span class='ocrx_word' id='word_1_707' title='bbox 3123 4500 3511 4574; x_wconf 70' lang='lat' dir='ltr'><strong>anintantium&#39;,</strong></span> <span class='ocrx_word' id='word_1_708' title='bbox 3551 4491 3627 4574; x_wconf 63' lang='lat' dir='ltr'><strong>lut-</strong></span> 
     </span>
    </p>
   </div>
   <div class='ocr_carea' id='block_1_102' title="bbox 365 4564 1962 4637">
    <p class='ocr_par' dir='ltr' id='par_1_102' title="bbox 365 4564 1962 4637">
     <span class='ocr_line' id='line_1_104' title="bbox 365 4564 1962 4637; baseline 0.003 -18"><span class='ocrx_word' id='word_1_709' title='bbox 365 4564 828 4637; x_wconf 83' lang='lat' dir='ltr'><strong>secttrentalteram</strong></span> <span class='ocrx_word' id='word_1_710' title='bbox 854 4565 1065 4636; x_wconf 80' lang='lat' dir='ltr'><strong>inﬂixit.</strong></span> <span class='ocrx_word' id='word_1_711' title='bbox 1092 4564 1313 4622; x_wconf 85' lang='lat' dir='ltr'><strong>Videtur</strong></span> <span class='ocrx_word' id='word_1_712' title='bbox 1332 4566 1461 4632; x_wconf 90' lang='lat' dir='ltr'><strong>dici,</strong></span> <span class='ocrx_word' id='word_1_713' title='bbox 1490 4583 1622 4622; x_wconf 89' lang='lat' dir='ltr'><strong>nova</strong></span> <span class='ocrx_word' id='word_1_714' title='bbox 1646 4566 1962 4637; x_wconf 85' lang='lat' dir='ltr'><strong>indictione,</strong></span> 
     </span>
    </p>
   </div>
   <div class='ocr_carea' id='block_1_103' title="bbox 366 4636 1964 4707">
    <p class='ocr_par' dir='ltr' id='par_1_103' title="bbox 366 4636 1964 4707">
     <span class='ocr_line' id='line_1_105' title="bbox 366 4636 1964 4707; baseline 0.003 -17"><span class='ocrx_word' id='word_1_715' title='bbox 366 4636 735 4691; x_wconf 76' lang='lat' dir='ltr'><strong>vic’ennalium</strong></span> <span class='ocrx_word' id='word_1_716' title='bbox 779 4638 1024 4705; x_wconf 87' lang='lat' dir='ltr'><strong>proxime</strong></span> <span class='ocrx_word' id='word_1_717' title='bbox 1071 4637 1518 4694; x_wconf 84' lang='lat' dir='ltr'><strong>celebrandarum</strong></span> <span class='ocrx_word' id='word_1_718' title='bbox 1574 4640 1792 4695; x_wconf 86' lang='lat' dir='ltr'><strong>nomine</strong></span> <span class='ocrx_word' id='word_1_719' title='bbox 1840 4654 1964 4707; x_wconf 84' lang='lat' dir='ltr'><strong>pro-</strong></span> 
     </span>
    </p>
   </div>
   <div class='ocr_carea' id='block_1_104' title="bbox 367 4708 1962 4781">
    <p class='ocr_par' dir='ltr' id='par_1_104' title="bbox 367 4708 1962 4781">
     <span class='ocr_line' id='line_1_106' title="bbox 367 4708 1962 4781; baseline 0.003 -20"><span class='ocrx_word' id='word_1_720' title='bbox 367 4708 575 4781; x_wconf 84' lang='lat' dir='ltr'><strong>vincias</strong></span> <span class='ocrx_word' id='word_1_721' title='bbox 602 4720 848 4781; x_wconf 76' lang='lat' dir='ltr'><strong>vexasse,</strong></span> <span class='ocrx_word' id='word_1_722' title='bbox 878 4717 938 4761; x_wconf 91' lang='lat' dir='ltr'><strong>ut</strong></span> <span class='ocrx_word' id='word_1_723' title='bbox 961 4708 1241 4781; x_wconf 49' lang='lat' dir='ltr'><strong>apparatu}</strong></span> <span class='ocrx_word' id='word_1_724' title='bbox 1266 4718 1319 4763; x_wconf 90' lang='lat' dir='ltr'><strong>et</strong></span> <span class='ocrx_word' id='word_1_725' title='bbox 1347 4720 1538 4781; x_wconf 87' lang='lat' dir='ltr'><strong>pompa</strong></span> <span class='ocrx_word' id='word_1_726' title='bbox 1568 4709 1816 4765; x_wconf 84' lang='lat' dir='ltr'><strong>ludo‘rum</strong></span> <span class='ocrx_word' id='word_1_727' title='bbox 1866 4726 1962 4766; x_wconf 77' lang='lat' dir='ltr'><strong>ne—</strong></span> 
     </span>
    </p>
   </div>
   <div class='ocr_carea' id='block_1_105' title="bbox 266 4778 1964 4848">
    <p class='ocr_par' dir='ltr' id='par_1_105' title="bbox 266 4778 1964 4848">
     <span class='ocr_line' id='line_1_107' title="bbox 266 4778 1964 4848; baseline 0.002 -16"><span class='ocrx_word' id='word_1_728' title='bbox 266 4820 272 4831; x_wconf 84' lang='lat'><strong>.</strong></span> <span class='ocrx_word' id='word_1_729' title='bbox 368 4779 602 4832; x_wconf 89' lang='lat' dir='ltr'><strong>cessaria</strong></span> <span class='ocrx_word' id='word_1_730' title='bbox 644 4778 1361 4848; x_wconf 83' lang='lat' dir='ltr'><strong>conquirerentur.—Etlant</strong></span> <span class='ocrx_word' id='word_1_731' title='bbox 1391 4783 1441 4834; x_wconf 87' lang='lat' dir='ltr'><strong>in</strong></span> <span class='ocrx_word' id='word_1_732' title='bbox 1478 4778 1681 4836; x_wconf 83' lang='lat' dir='ltr'><strong>nomine</strong></span> <span class='ocrx_word' id='word_1_733' title='bbox 1721 4782 1964 4836; x_wconf 83' lang='lat' dir='ltr'><strong>vicenna-</strong></span> 
     </span>
    </p>
   </div>
   <div class='ocr_carea' id='block_1_106' title="bbox 369 4848 1965 4919">
    <p class='ocr_par' dir='ltr' id='par_1_106' title="bbox 369 4848 1965 4919">
     <span class='ocr_line' id='line_1_108' title="bbox 369 4848 1965 4919; baseline 0.003 -16"><span class='ocrx_word' id='word_1_734' title='bbox 369 4849 522 4903; x_wconf 82' lang='lat' dir='ltr'><strong>lium.</strong></span> <span class='ocrx_word' id='word_1_735' title='bbox 566 4848 741 4919; x_wconf 83' lang='lat' dir='ltr'><strong>Lego,</strong></span> <span class='ocrx_word' id='word_1_736' title='bbox 786 4848 943 4901; x_wconf 87' lang='lat' dir='ltr'><strong>etiam</strong></span> <span class='ocrx_word' id='word_1_737' title='bbox 984 4850 1186 4905; x_wconf 87' lang='lat' dir='ltr'><strong>nomine</strong></span> <span class='ocrx_word' id='word_1_738' title='bbox 1231 4851 1601 4917; x_wconf 79' lang='lat' dir='ltr'><strong>vicennalium.</strong></span> <span class='ocrx_word' id='word_1_739' title='bbox 1631 4853 1682 4907; x_wconf 90' lang='lat' dir='ltr'><strong>id</strong></span> <span class='ocrx_word' id='word_1_740' title='bbox 1710 4860 1822 4918; x_wconf 86' lang='lat' dir='ltr'><strong>est,</strong></span> <span class='ocrx_word' id='word_1_741' title='bbox 1866 4853 1965 4908; x_wconf 90' lang='lat' dir='ltr'><strong>sub</strong></span> 
     </span>
    </p>
   </div>
   <div class='ocr_carea' id='block_1_107' title="bbox 367 4919 1966 4989">
    <p class='ocr_par' dir='ltr' id='par_1_107' title="bbox 367 4919 1966 4989">
     <span class='ocr_line' id='line_1_109' title="bbox 367 4919 1966 4989; baseline 0.004 -17"><span class='ocrx_word' id='word_1_742' title='bbox 367 4928 671 4989; x_wconf 69' lang='lat' dir='ltr'><strong>praztextu,</strong></span> <span class='ocrx_word' id='word_1_743' title='bbox 724 4919 824 4975; x_wconf 89' lang='lat' dir='ltr'><strong>sub</strong></span> <span class='ocrx_word' id='word_1_744' title='bbox 880 4919 1101 4975; x_wconf 90' lang='lat' dir='ltr'><strong>obtentu</strong></span> <span class='ocrx_word' id='word_1_745' title='bbox 1151 4922 1527 4978; x_wconf 89' lang='lat' dir='ltr'><strong>vicennalium.</strong></span> <span class='ocrx_word' id='word_1_746' title='bbox 1570 4923 1793 4979; x_wconf 81' lang='lat' dir='ltr'><strong>Videtur</strong></span> <span class='ocrx_word' id='word_1_747' title='bbox 1818 4925 1870 4978; x_wconf 86' lang='lat' dir='ltr'><strong>in</strong></span> <span class='ocrx_word' id='word_1_748' title='bbox 1900 4939 1966 4979; x_wconf 85' lang='lat' dir='ltr'><strong>ex</strong></span> 
     </span>
    </p>
   </div>
   <div class='ocr_carea' id='block_1_108' title="bbox 368 4990 1967 5066">
    <p class='ocr_par' dir='ltr' id='par_1_108' title="bbox 368 4990 1967 5066">
     <span class='ocr_line' id='line_1_110' title="bbox 368 4990 1967 5066; baseline 0.004 -22"><span class='ocrx_word' id='word_1_749' title='bbox 368 5000 645 5066; x_wconf 81' lang='lat' dir='ltr'><strong>postrema</strong></span> <span class='ocrx_word' id='word_1_750' title='bbox 676 4990 854 5066; x_wconf 89' lang='lat' dir='ltr'><strong>li_ttera</strong></span> <span class='ocrx_word' id='word_1_751' title='bbox 880 4994 1028 5047; x_wconf 88' lang='lat' dir='ltr'><strong>vocis</strong></span> <span class='ocrx_word' id='word_1_752' title='bbox 1057 4993 1231 5061; x_wconf 87' lang='lat' dir='ltr'><strong>etiam,</strong></span> <span class='ocrx_word' id='word_1_753' title='bbox 1263 5004 1352 5049; x_wconf 89' lang='lat' dir='ltr'><strong>aut</strong></span> <span class='ocrx_word' id='word_1_754' title='bbox 1375 4996 1543 5065; x_wconf 88' lang='lat' dir='ltr'><strong>prima</strong></span> <span class='ocrx_word' id='word_1_755' title='bbox 1569 4995 1845 5066; x_wconf 88' lang='lat' dir='ltr'><strong>sequentis</strong></span> <span class='ocrx_word' id='word_1_756' title='bbox 1872 5010 1967 5051; x_wconf 87' lang='lat' dir='ltr'><strong>vo-</strong></span> 
     </span>
    </p>
   </div>
   <div class='ocr_carea' id='block_1_109' title="bbox 370 5061 835 5116">
    <p class='ocr_par' dir='ltr' id='par_1_109' title="bbox 370 5061 835 5116">
     <span class='ocr_line' id='line_1_111' title="bbox 370 5061 835 5116; baseline 0 0"><span class='ocrx_word' id='word_1_757' title='bbox 370 5063 451 5116; x_wconf 88' lang='lat' dir='ltr'><strong>cis</strong></span> <span class='ocrx_word' id='word_1_758' title='bbox 477 5069 675 5115; x_wconf 91' lang='lat' dir='ltr'><strong>ortum.</strong></span> <span class='ocrx_word' id='word_1_759' title='bbox 703 5061 835 5116; x_wconf 73' lang='lat' dir='ltr'><strong>Bon.</strong></span> 
     </span>
    </p>
   </div>
   <div class='ocr_carea' id='block_1_110' title="bbox 446 5132 1966 5210">
    <p class='ocr_par' dir='ltr' id='par_1_110' title="bbox 446 5132 1966 5210">
     <span class='ocr_line' id='line_1_112' title="bbox 446 5132 1966 5210; baseline 0.004 -23"><span class='ocrx_word' id='word_1_760' title='bbox 446 5132 690 5210; x_wconf 70' lang='lat' dir='ltr'><strong>Securent</strong></span> <span class='ocrx_word' id='word_1_761' title='bbox 709 5132 922 5210; x_wconf 63' lang='lat' dir='ltr'><strong>alterum</strong></span> <span class='ocrx_word' id='word_1_762' title='bbox 944 5134 1155 5210; x_wconf 73' lang='lat' dir='ltr'><strong>afflixit.</strong></span> <span class='ocrx_word' id='word_1_763' title='bbox 1189 5134 1269 5210; x_wconf 66' lang='lat' dir='ltr'><strong>Ita</strong></span> <span class='ocrx_word' id='word_1_764' title='bbox 1295 5151 1398 5210; x_wconf 66' lang='lat' dir='ltr'><strong>ms.</strong></span> <span class='ocrx_word' id='word_1_765' title='bbox 1419 5136 1563 5194; x_wconf 90' lang='lat' dir='ltr'><strong>idem</strong></span> <span class='ocrx_word' id='word_1_766' title='bbox 1589 5137 1730 5210; x_wconf 89' lang='lat' dir='ltr'><strong>quod</strong></span> <span class='ocrx_word' id='word_1_767' title='bbox 1753 5138 1966 5208; x_wconf 73' lang='lat' dir='ltr'><strong>inﬂixit.</strong></span> 
     </span>
    </p>
   </div>
   <div class='ocr_carea' id='block_1_111' title="bbox 369 5203 1968 5280">
    <p class='ocr_par' dir='ltr' id='par_1_111' title="bbox 369 5203 1968 5280">
     <span class='ocr_line' id='line_1_113' title="bbox 369 5203 1968 5280; baseline 0.003 -20"><span class='ocrx_word' id='word_1_768' title='bbox 369 5204 441 5260; x_wconf 84' lang='lat' dir='ltr'><strong>Et</strong></span> <span class='ocrx_word' id='word_1_769' title='bbox 479 5217 611 5258; x_wconf 90' lang='lat' dir='ltr'><strong>sane</strong></span> <span class='ocrx_word' id='word_1_770' title='bbox 640 5203 769 5257; x_wconf 88' lang='lat' dir='ltr'><strong>illud</strong></span> <span class='ocrx_word' id='word_1_771' title='bbox 803 5204 1081 5280; x_wconf 72' lang='lat' dir='ltr'><strong>Ciceronis</strong></span> <span class='ocrx_word' id='word_1_772' title='bbox 1098 5222 1193 5276; x_wconf 90' lang='lat' dir='ltr'><strong>pro</strong></span> <span class='ocrx_word' id='word_1_773' title='bbox 1213 5206 1314 5262; x_wconf 89' lang='lat' dir='ltr'><strong>Cn.</strong></span> <span class='ocrx_word' id='word_1_774' title='bbox 1337 5208 1580 5275; x_wconf 88' lang='lat' dir='ltr'><strong>Plancio,</strong></span> <span class='ocrx_word' id='word_1_775' title='bbox 1597 5203 1716 5280; x_wconf 72' lang='lat' dir='ltr'><strong>cap.</strong></span> <span class='ocrx_word' id='word_1_776' title='bbox 1742 5203 1968 5265; x_wconf 49' lang='lat' dir='ltr'><strong>9.&#39;Auc-</strong></span> 
     </span>
    </p>
   </div>
   <div class='ocr_carea' id='block_1_112' title="bbox 372 5276 1971 5353">
    <p class='ocr_par' dir='ltr' id='par_1_112' title="bbox 372 5276 1971 5353">
     <span class='ocr_line' id='line_1_114' title="bbox 372 5276 1971 5353; baseline 0.003 -22"><span class='ocrx_word' id='word_1_777' title='bbox 372 5285 460 5331; x_wconf 85' lang='lat' dir='ltr'><strong>tor</strong></span> <span class='ocrx_word' id='word_1_778' title='bbox 487 5283 669 5329; x_wconf 90' lang='lat' dir='ltr'><strong>noster</strong></span> <span class='ocrx_word' id='word_1_779' title='bbox 685 5276 938 5353; x_wconf 55' lang='lat' dir='ltr'><strong>respexit</strong></span> <span class='ocrx_word' id='word_1_780' title='bbox 962 5293 975 5329; x_wconf 87' lang='lat'><strong>:</strong></span> <span class='ocrx_word' id='word_1_781' title='bbox 1000 5276 1164 5353; x_wconf 72' lang='lat' dir='ltr'><strong>Quam</strong></span> <span class='ocrx_word' id='word_1_782' title='bbox 1190 5281 1327 5333; x_wconf 85' lang='lat' dir='ltr'><strong>enim</strong></span> <span class='ocrx_word' id='word_1_783' title='bbox 1354 5280 1433 5353; x_wconf 80' lang='lat' dir='ltr'><strong>illi</strong></span> <span class='ocrx_word' id='word_1_784' title='bbox 1445 5282 1647 5353; x_wconf 84' lang='lat' dir='ltr'><strong>judices</strong></span> <span class='ocrx_word' id='word_1_785' title='bbox 1668 5276 1971 5353; x_wconf 48' lang='lat' dir='ltr'><strong>&#39;graviorent</strong></span> 
     </span>
    </p>
   </div>
   <div class='ocr_carea' id='block_1_113' title="bbox 372 5343 1639 5420">
    <p class='ocr_par' dir='ltr' id='par_1_113' title="bbox 372 5343 1639 5420">
     <span class='ocr_line' id='line_1_115' title="bbox 372 5343 1639 5420; baseline 0.005 -20"><span class='ocrx_word' id='word_1_786' title='bbox 372 5355 644 5420; x_wconf 60' lang='lat' dir='ltr'><strong>potuerunt</strong></span> <span class='ocrx_word' id='word_1_787' title='bbox 672 5343 1236 5420; x_wconf 68' lang='lat' dir='ltr'><strong>Reipublicteinfligere</strong></span> <span class='ocrx_word' id='word_1_788' title='bbox 1267 5343 1503 5415; x_wconf 79' lang='lat' dir='ltr'><strong>securim,</strong></span> <span class='ocrx_word' id='word_1_789' title='bbox 1532 5361 1639 5407; x_wconf 90' lang='lat' dir='ltr'><strong>etc.</strong></span> 
     </span>
    </p>
   </div>
   <div class='ocr_carea' id='block_1_114' title="bbox 446 5415 1971 5493">
    <p class='ocr_par' dir='ltr' id='par_1_114' title="bbox 446 5415 1971 5493">
     <span class='ocr_line' id='line_1_116' title="bbox 446 5415 1971 5493; baseline 0.007 -24"><span class='ocrx_word' id='word_1_790' title='bbox 446 5415 639 5493; x_wconf 73' lang='lat' dir='ltr'><strong>Ecquis</strong></span> <span class='ocrx_word' id='word_1_791' title='bbox 659 5433 898 5493; x_wconf 76' lang='lat' dir='ltr'><strong>enarrare</strong></span> <span class='ocrx_word' id='word_1_792' title='bbox 921 5415 1071 5487; x_wconf 80' lang='lat' dir='ltr'><strong>digne</strong></span> <span class='ocrx_word' id='word_1_793' title='bbox 1095 5415 1257 5491; x_wconf 71' lang='lat' dir='ltr'><strong>potest</strong></span> <span class='ocrx_word' id='word_1_794' title='bbox 1272 5422 1298 5475; x_wconf 81' lang='lat'><strong><em>?</em></strong></span> <span class='ocrx_word' id='word_1_795' title='bbox 1326 5422 1427 5477; x_wconf 87' lang='lat' dir='ltr'><strong>Ms.</strong></span> <span class='ocrx_word' id='word_1_796' title='bbox 1449 5430 1495 5476; x_wconf 85' lang='lat' dir='ltr'><strong>et</strong></span> <span class='ocrx_word' id='word_1_797' title='bbox 1514 5426 1645 5493; x_wconf 85' lang='lat' dir='ltr'><strong>quis.</strong></span> <span class='ocrx_word' id='word_1_798' title='bbox 1671 5423 1971 5481; x_wconf 87' lang='lat' dir='ltr'><strong>Levissima</strong></span> 
     </span>
    </p>
   </div>
   <div class='ocr_carea' id='block_1_115' title="bbox 372 5488 1970 5567">
    <p class='ocr_par' dir='ltr' id='par_1_115' title="bbox 372 5488 1970 5567">
     <span class='ocr_line' id='line_1_117' title="bbox 372 5488 1970 5567; baseline 0.003 -21"><span class='ocrx_word' id='word_1_799' title='bbox 372 5490 461 5567; x_wconf 86' lang='lat' dir='ltr'><strong>vel</strong></span> <span class='ocrx_word' id='word_1_800' title='bbox 496 5504 636 5567; x_wconf 79' lang='lat' dir='ltr'><strong>pene</strong></span> <span class='ocrx_word' id='word_1_801' title='bbox 667 5488 773 5543; x_wconf 88' lang='lat' dir='ltr'><strong>ulla</strong></span> <span class='ocrx_word' id='word_1_802' title='bbox 802 5488 1103 5567; x_wconf 78' lang='lat' dir='ltr'><strong>mutatione</strong></span> <span class='ocrx_word' id='word_1_803' title='bbox 1142 5493 1293 5561; x_wconf 86' lang='lat' dir='ltr'><strong>posui</strong></span> <span class='ocrx_word' id='word_1_804' title='bbox 1346 5488 1552 5567; x_wconf 71' lang='lat' dir='ltr'><strong>ecquis,-</strong></span> <span class='ocrx_word' id='word_1_805' title='bbox 1579 5508 1703 5551; x_wconf 87' lang='lat' dir='ltr'><strong>cum</strong></span> <span class='ocrx_word' id='word_1_806' title='bbox 1732 5504 1751 5549; x_wconf 86' lang='lat' dir='ltr'><strong>t</strong></span> <span class='ocrx_word' id='word_1_807' title='bbox 1780 5505 1835 5551; x_wconf 91' lang='lat' dir='ltr'><strong>et</strong></span> <span class='ocrx_word' id='word_1_808' title='bbox 1862 5510 1889 5549; x_wconf 79' lang='grc' dir='ltr'><strong><em>ο</em></strong></span> <span class='ocrx_word' id='word_1_809' title='bbox 1916 5497 1970 5550; x_wconf 88' lang='lat' dir='ltr'><strong>in</strong></span> 
     </span>
    </p>
   </div>
   <div class='ocr_carea' id='block_1_116' title="bbox 371 5561 1725 5636">
    <p class='ocr_par' dir='ltr' id='par_1_116' title="bbox 371 5561 1725 5636">
     <span class='ocr_line' id='line_1_118' title="bbox 371 5561 1725 5636; baseline 0.003 -20"><span class='ocrx_word' id='word_1_810' title='bbox 371 5561 644 5636; x_wconf 71' lang='lat' dir='ltr'><strong>plerisque</strong></span> <span class='ocrx_word' id='word_1_811' title='bbox 672 5574 801 5615; x_wconf 90' lang='lat' dir='ltr'><strong>mss.</strong></span> <span class='ocrx_word' id='word_1_812' title='bbox 827 5563 935 5615; x_wconf 88' lang='lat' dir='ltr'><strong>sint</strong></span> <span class='ocrx_word' id='word_1_813' title='bbox 960 5563 1187 5629; x_wconf 87' lang='lat' dir='ltr'><strong>similes,</strong></span> <span class='ocrx_word' id='word_1_814' title='bbox 1214 5576 1305 5620; x_wconf 87' lang='lat' dir='ltr'><strong>aut</strong></span> <span class='ocrx_word' id='word_1_815' title='bbox 1330 5561 1469 5636; x_wconf 81' lang='lat' dir='ltr'><strong>pene</strong></span> <span class='ocrx_word' id='word_1_816' title='bbox 1498 5568 1725 5622; x_wconf 88' lang='lat' dir='ltr'><strong>similes.</strong></span> 
     </span>
    </p>
   </div>
   <div class='ocr_carea' id='block_1_117' title="bbox 451 5631 1972 5703">
    <p class='ocr_par' dir='ltr' id='par_1_117' title="bbox 451 5631 1972 5703">
     <span class='ocr_line' id='line_1_119' title="bbox 451 5631 1972 5703; baseline 0.003 -18"><span class='ocrx_word' id='word_1_817' title='bbox 451 5631 757 5702; x_wconf 78' lang='lat' dir='ltr'><strong>Ofﬁciorum</strong></span> <span class='ocrx_word' id='word_1_818' title='bbox 786 5636 1011 5687; x_wconf 87' lang='lat' dir='ltr'><strong>omnium</strong></span> <span class='ocrx_word' id='word_1_819' title='bbox 1051 5637 1251 5690; x_wconf 83' lang='lat' dir='ltr'><strong>milites.</strong></span> <span class='ocrx_word' id='word_1_820' title='bbox 1289 5631 1347 5691; x_wconf 83' lang='lat' dir='ltr'><strong>id</strong></span> <span class='ocrx_word' id='word_1_821' title='bbox 1371 5646 1473 5703; x_wconf 88' lang='lat' dir='ltr'><strong>est,</strong></span> <span class='ocrx_word' id='word_1_822' title='bbox 1522 5638 1707 5692; x_wconf 84' lang='lat' dir='ltr'><strong>milites</strong></span> <span class='ocrx_word' id='word_1_823' title='bbox 1747 5638 1972 5693; x_wconf 87' lang='lat' dir='ltr'><strong>omnium</strong></span> 
     </span>
    </p>
   </div>
   <div class='ocr_carea' id='block_1_118' title="bbox 372 5704 1973 5779">
    <p class='ocr_par' dir='ltr' id='par_1_118' title="bbox 372 5704 1973 5779">
     <span class='ocr_line' id='line_1_120' title="bbox 372 5704 1973 5779; baseline 0.002 -20"><span class='ocrx_word' id='word_1_824' title='bbox 372 5705 789 5775; x_wconf 83' lang='lat' dir='ltr'><strong>magistratuum,</strong></span> <span class='ocrx_word' id='word_1_825' title='bbox 840 5704 926 5759; x_wconf 88' lang='lat' dir='ltr'><strong>vel</strong></span> <span class='ocrx_word' id='word_1_826' title='bbox 974 5706 1158 5760; x_wconf 85' lang='lat' dir='ltr'><strong>milites</strong></span> <span class='ocrx_word' id='word_1_827' title='bbox 1192 5708 1278 5776; x_wconf 86' lang='lat' dir='ltr'><strong>qui</strong></span> <span class='ocrx_word' id='word_1_828' title='bbox 1307 5708 1682 5779; x_wconf 82' lang='lat' dir='ltr'><strong>magistratibus</strong></span> <span class='ocrx_word' id='word_1_829' title='bbox 1722 5708 1973 5767; x_wconf 75' lang='lat' dir='ltr'><strong>auxilium</strong></span> 
     </span>
    </p>
   </div>
   <div class='ocr_carea' id='block_1_119' title="bbox 375 5781 705 5846">
    <p class='ocr_par' dir='ltr' id='par_1_119' title="bbox 375 5781 705 5846">
     <span class='ocr_line' id='line_1_121' title="bbox 375 5781 705 5846; baseline 0.003 -17"><span class='ocrx_word' id='word_1_830' title='bbox 375 5781 705 5846; x_wconf 70' lang='lat' dir='ltr'><strong>pt&#39;atstabant.</strong></span> 
     </span>
    </p>
   </div>
   <div class='ocr_carea' id='block_1_120' title="bbox 458 5844 1973 5921">
    <p class='ocr_par' dir='ltr' id='par_1_120' title="bbox 458 5844 1973 5921">
     <span class='ocr_line' id='line_1_122' title="bbox 458 5844 1973 5921; baseline 0.005 -20"><span class='ocrx_word' id='word_1_831' title='bbox 458 5845 615 5902; x_wconf 83' lang='lat' dir='ltr'><strong>Venia</strong></span> <span class='ocrx_word' id='word_1_832' title='bbox 644 5862 747 5903; x_wconf 84' lang='lat' dir='ltr'><strong>non</strong></span> <span class='ocrx_word' id='word_1_833' title='bbox 775 5844 1071 5903; x_wconf 83' lang='lat' dir='ltr'><strong>habentibus</strong></span> <span class='ocrx_word' id='word_1_834' title='bbox 1100 5845 1263 5905; x_wconf 86' lang='lat' dir='ltr'><strong>nulla.</strong></span> <span class='ocrx_word' id='word_1_835' title='bbox 1298 5846 1389 5908; x_wconf 84' lang='lat' dir='ltr'><strong>Sic</strong></span> <span class='ocrx_word' id='word_1_836' title='bbox 1416 5848 1558 5921; x_wconf 74' lang='lat' dir='ltr'><strong>lego,</strong></span> <span class='ocrx_word' id='word_1_837' title='bbox 1590 5851 1664 5909; x_wconf 84' lang='lat' dir='ltr'><strong>ita</strong></span> <span class='ocrx_word' id='word_1_838' title='bbox 1689 5860 1748 5908; x_wconf 88' lang='lat' dir='ltr'><strong>ut</strong></span> <span class='ocrx_word' id='word_1_839' title='bbox 1774 5851 1866 5920; x_wconf 86' lang='lat' dir='ltr'><strong>sit,</strong></span> <span class='ocrx_word' id='word_1_840' title='bbox 1889 5867 1973 5908; x_wconf 82' lang='lat' dir='ltr'><strong>ve-</strong></span> 
     </span>
    </p>
   </div>
   <div class='ocr_carea' id='block_1_121' title="bbox 2071 4568 3625 4643">
    <p class='ocr_par' dir='ltr' id='par_1_121' title="bbox 2071 4568 3625 4643">
     <span class='ocr_line' id='line_1_123' title="bbox 2071 4568 3625 4643; baseline -0.004 -21"><span class='ocrx_word' id='word_1_841' title='bbox 2071 4580 2187 4622; x_wconf 89' lang='lat' dir='ltr'><strong>tura</strong></span> <span class='ocrx_word' id='word_1_842' title='bbox 2209 4568 2351 4624; x_wconf 89' lang='lat' dir='ltr'><strong>enim</strong></span> <span class='ocrx_word' id='word_1_843' title='bbox 2378 4569 2597 4643; x_wconf 79' lang='lat' dir='ltr'><strong>(inquit)</strong></span> <span class='ocrx_word' id='word_1_844' title='bbox 2627 4568 2832 4643; x_wconf 89' lang='lat' dir='ltr'><strong>Latinis</strong></span> <span class='ocrx_word' id='word_1_845' title='bbox 2862 4579 3155 4642; x_wconf 84' lang='lat' dir='ltr'><strong>proventus</strong></span> <span class='ocrx_word' id='word_1_846' title='bbox 3173 4570 3518 4626; x_wconf 84' lang='lat' dir='ltr'><strong>animantium</strong></span> <span class='ocrx_word' id='word_1_847' title='bbox 3544 4571 3625 4628; x_wconf 86' lang='lat' dir='ltr'><strong>est,</strong></span> 
     </span>
    </p>
   </div>
   <div class='ocr_carea' id='block_1_122' title="bbox 2066 4642 3607 4714">
    <p class='ocr_par' dir='ltr' id='par_1_122' title="bbox 2066 4642 3607 4714">
     <span class='ocr_line' id='line_1_124' title="bbox 2066 4642 3607 4714; baseline 0.008 -20"><span class='ocrx_word' id='word_1_848' title='bbox 2066 4647 2121 4695; x_wconf 90' lang='lat' dir='ltr'><strong>et</strong></span> <span class='ocrx_word' id='word_1_849' title='bbox 2146 4642 2585 4714; x_wconf 70' lang='lat' dir='ltr'><strong>ipsemetlmtus,</strong></span> <span class='ocrx_word' id='word_1_850' title='bbox 2615 4642 2835 4714; x_wconf 64' lang='lat' dir='ltr'><strong>ficturae.</strong></span> <span class='ocrx_word' id='word_1_851' title='bbox 3028 4711 3077 4714; x_wconf 90' lang='lat'><em>__</em></span> <span class='ocrx_word' id='word_1_852' title='bbox 3147 4711 3236 4714; x_wconf 14' lang='lat'><strong>_7</strong></span> <span class='ocrx_word' id='word_1_853' title='bbox 3491 4708 3502 4714; x_wconf 88' lang='lat'>_</span> <span class='ocrx_word' id='word_1_854' title='bbox 3598 4703 3607 4714; x_wconf 85' lang='grc'><em>,</em></span> 
     </span>
    </p>
   </div>
   <div class='ocr_carea' id='block_1_123' title="bbox 2144 4708 3627 4784">
    <p class='ocr_par' dir='ltr' id='par_1_123' title="bbox 2144 4708 3627 4784">
     <span class='ocr_line' id='line_1_125' title="bbox 2144 4708 3627 4784; baseline -0.012 -7"><span class='ocrx_word' id='word_1_855' title='bbox 2144 4710 2283 4784; x_wconf 54' lang='lat' dir='ltr'><strong>Quid</strong></span> <span class='ocrx_word' id='word_1_856' title='bbox 2332 4715 2481 4767; x_wconf 86' lang='lat' dir='ltr'><strong>vestis</strong></span> <span class='ocrx_word' id='word_1_857' title='bbox 2512 4708 2677 4784; x_wconf 78' lang='lat' dir='ltr'><strong>omnis</strong></span> <span class='ocrx_word' id='word_1_858' title='bbox 2698 4714 2938 4783; x_wconf 82' lang='lat' dir='ltr'><strong>generis?</strong></span> <span class='ocrx_word' id='word_1_859' title='bbox 2962 4711 3116 4768; x_wconf 79' lang='lat' dir='ltr'><strong>Adde</strong></span> <span class='ocrx_word' id='word_1_860' title='bbox 3138 4711 3405 4784; x_wconf 70' lang='lat' dir='ltr'><strong>Ezigitur,</strong></span> <span class='ocrx_word' id='word_1_861' title='bbox 3426 4708 3505 4765; x_wconf 93' lang='lat' dir='ltr'><strong>vel</strong></span> <span class='ocrx_word' id='word_1_862' title='bbox 3549 4708 3627 4760; x_wconf 79' lang='lat' dir='ltr'><strong>eri-</strong></span> 
     </span>
    </p>
   </div>
   <div class='ocr_carea' id='block_1_124' title="bbox 2069 4780 3625 4854">
    <p class='ocr_par' dir='ltr' id='par_1_124' title="bbox 2069 4780 3625 4854">
     <span class='ocr_line' id='line_1_126' title="bbox 2069 4780 3625 4854; baseline -0.004 -19"><span class='ocrx_word' id='word_1_863' title='bbox 2069 4782 2225 4850; x_wconf 86' lang='lat' dir='ltr'><strong>pitur.</strong></span> <span class='ocrx_word' id='word_1_864' title='bbox 2256 4780 2409 4838; x_wconf 89' lang='lat' dir='ltr'><strong>Paul.</strong></span> <span class='ocrx_word' id='word_1_865' title='bbox 2443 4783 2658 4838; x_wconf 88' lang='lat' dir='ltr'><strong>Bauldri</strong></span> <span class='ocrx_word' id='word_1_866' title='bbox 2686 4780 2904 4854; x_wconf 78' lang='lat' dir='ltr'><strong>aliquod</strong></span> <span class='ocrx_word' id='word_1_867' title='bbox 2929 4786 3154 4841; x_wconf 88' lang='lat' dir='ltr'><strong>verbum</strong></span> <span class='ocrx_word' id='word_1_868' title='bbox 3192 4780 3459 4840; x_wconf 71' lang='lat' dir='ltr'><strong>excidisse</strong></span> <span class='ocrx_word' id='word_1_869' title='bbox 3496 4787 3625 4850; x_wconf 76' lang='lat' dir='ltr'><strong>puta-</strong></span> 
     </span>
    </p>
   </div>
   <div class='ocr_carea' id='block_1_125' title="bbox 2068 4854 3370 4926">
    <p class='ocr_par' dir='ltr' id='par_1_125' title="bbox 2068 4854 3370 4926">
     <span class='ocr_line' id='line_1_127' title="bbox 2068 4854 3370 4926; baseline 0 -18"><span class='ocrx_word' id='word_1_870' title='bbox 2068 4854 2179 4917; x_wconf 89' lang='lat' dir='ltr'><strong>bat,</strong></span> <span class='ocrx_word' id='word_1_871' title='bbox 2211 4854 2371 4926; x_wconf 83' lang='lat' dir='ltr'><strong>quale</strong></span> <span class='ocrx_word' id='word_1_872' title='bbox 2399 4864 2482 4911; x_wconf 86' lang='lat' dir='ltr'><strong>est</strong></span> <span class='ocrx_word' id='word_1_873' title='bbox 2515 4854 2644 4909; x_wconf 90' lang='lat' dir='ltr'><strong>illud</strong></span> <span class='ocrx_word' id='word_1_874' title='bbox 2672 4856 2818 4926; x_wconf 87' lang='lat' dir='ltr'><strong>quod</strong></span> <span class='ocrx_word' id='word_1_875' title='bbox 2843 4855 3056 4911; x_wconf 87' lang='lat' dir='ltr'><strong>damus.</strong></span> <span class='ocrx_word' id='word_1_876' title='bbox 3229 4924 3257 4926; x_wconf 14' lang='grc' dir='ltr'><strong>,ί</strong></span> <span class='ocrx_word' id='word_1_877' title='bbox 3366 4903 3370 4908; x_wconf 90' lang='grc'><strong>.</strong></span> 
     </span>
    </p>
   </div>
   <div class='ocr_carea' id='block_1_126' title="bbox 2140 4924 3629 4996">
    <p class='ocr_par' dir='ltr' id='par_1_126' title="bbox 2140 4924 3629 4996">
     <span class='ocr_line' id='line_1_128' title="bbox 2140 4924 3629 4996; baseline -0.004 -18"><span class='ocrx_word' id='word_1_878' title='bbox 2140 4924 2222 4996; x_wconf 77' lang='lat' dir='ltr'><strong>Ad</strong></span> <span class='ocrx_word' id='word_1_879' title='bbox 2240 4934 2432 4982; x_wconf 87' lang='lat' dir='ltr'><strong>votum.</strong></span> <span class='ocrx_word' id='word_1_880' title='bbox 2458 4927 2547 4982; x_wconf 74' lang='lat' dir='ltr'><strong>Sic</strong></span> <span class='ocrx_word' id='word_1_881' title='bbox 2574 4924 2835 4981; x_wconf 75' lang='lat' dir='ltr'><strong>vocabant</strong></span> <span class='ocrx_word' id='word_1_882' title='bbox 2858 4925 3018 4995; x_wconf 79' lang='lat' dir='ltr'><strong>festa,</strong></span> <span class='ocrx_word' id='word_1_883' title='bbox 3051 4926 3106 4981; x_wconf 91' lang='lat' dir='ltr'><strong>in</strong></span> <span class='ocrx_word' id='word_1_884' title='bbox 3151 4924 3349 4996; x_wconf 88' lang='lat' dir='ltr'><strong>quibus</strong></span> <span class='ocrx_word' id='word_1_885' title='bbox 3388 4932 3629 4996; x_wconf 74' lang='lat' dir='ltr'><strong>velaccu-</strong></span> 
     </span>
    </p>
   </div>
   <div class='ocr_carea' id='block_1_127' title="bbox 2068 4992 3627 5069">
    <p class='ocr_par' dir='ltr' id='par_1_127' title="bbox 2068 4992 3627 5069">
     <span class='ocr_line' id='line_1_129' title="bbox 2068 4992 3627 5069; baseline -0.001 -19"><span class='ocrx_word' id='word_1_886' title='bbox 2068 4994 2404 5064; x_wconf 85' lang='lat' dir='ltr'><strong>cipiebantur</strong></span> <span class='ocrx_word' id='word_1_887' title='bbox 2428 5010 2527 5069; x_wconf 85' lang='lat' dir='ltr'><strong>pro</strong></span> <span class='ocrx_word' id='word_1_888' title='bbox 2555 4998 2926 5053; x_wconf 90' lang='lat' dir='ltr'><strong>incolumitate</strong></span> <span class='ocrx_word' id='word_1_889' title='bbox 2962 4992 3018 5053; x_wconf 84' lang='lat' dir='ltr'><strong>et</strong></span> <span class='ocrx_word' id='word_1_890' title='bbox 3061 4992 3311 5052; x_wconf 75' lang='lat' dir='ltr'><strong>diuturna</strong></span> <span class='ocrx_word' id='word_1_891' title='bbox 3339 4992 3627 5069; x_wconf 81' lang='lat' dir='ltr'><strong>principum</strong></span> 
     </span>
    </p>
   </div>
   <div class='ocr_carea' id='block_1_128' title="bbox 2069 5067 3631 5138">
    <p class='ocr_par' dir='ltr' id='par_1_128' title="bbox 2069 5067 3631 5138">
     <span class='ocr_line' id='line_1_130' title="bbox 2069 5067 3631 5138; baseline -0.001 -19"><span class='ocrx_word' id='word_1_892' title='bbox 2069 5068 2209 5132; x_wconf 87' lang='lat' dir='ltr'><strong>vita;</strong></span> <span class='ocrx_word' id='word_1_893' title='bbox 2240 5077 2401 5138; x_wconf 89' lang='lat' dir='ltr'><strong>atque</strong></span> <span class='ocrx_word' id='word_1_894' title='bbox 2419 5067 2558 5125; x_wconf 81' lang='lat' dir='ltr'><strong>sicut</strong></span> <span class='ocrx_word' id='word_1_895' title='bbox 2586 5068 2883 5123; x_wconf 89' lang='lat' dir='ltr'><strong>vicennalia</strong></span> <span class='ocrx_word' id='word_1_896' title='bbox 2904 5069 3272 5133; x_wconf 88' lang='lat' dir='ltr'><strong>celebrabant,</strong></span> <span class='ocrx_word' id='word_1_897' title='bbox 3307 5067 3386 5122; x_wconf 90' lang='lat' dir='ltr'><strong>sic</strong></span> <span class='ocrx_word' id='word_1_898' title='bbox 3410 5067 3532 5121; x_wconf 84' lang='lat' dir='ltr'><strong>deos</strong></span> <span class='ocrx_word' id='word_1_899' title='bbox 3555 5075 3631 5138; x_wconf 71' lang='lat' dir='ltr'><strong>et-</strong></span> 
     </span>
    </p>
   </div>
   <div class='ocr_carea' id='block_1_129' title="bbox 2070 5134 3631 5265">
    <p class='ocr_par' dir='ltr' id='par_1_129' title="bbox 2070 5134 3631 5265">
     <span class='ocr_line' id='line_1_131' title="bbox 2070 5134 3631 5265; baseline -0.01 -65"><span class='ocrx_word' id='word_1_900' title='bbox 2070 5134 2375 5265; x_wconf 43' lang='lat' dir='ltr'><strong>Brabanlta&#39;ut</strong></span> <span class='ocrx_word' id='word_1_901' title='bbox 2398 5141 2696 5195; x_wconf 91' lang='lat' dir='ltr'><strong>tribuerent</strong></span> <span class='ocrx_word' id='word_1_902' title='bbox 2716 5142 2921 5210; x_wconf 88' lang='lat' dir='ltr'><strong>pariter</strong></span> <span class='ocrx_word' id='word_1_903' title='bbox 2962 5154 3152 5196; x_wconf 88' lang='lat' dir='ltr'><strong>eorum</strong></span> <span class='ocrx_word' id='word_1_904' title='bbox 3180 5138 3497 5194; x_wconf 84' lang='lat' dir='ltr'><strong>tricennalia</strong></span> <span class='ocrx_word' id='word_1_905' title='bbox 3519 5134 3631 5188; x_wconf 82' lang='lat' dir='ltr'><strong>cclc-</strong></span> 
     </span>
     <span class='ocr_line' id='line_1_132' title="bbox 2108 5224 2473 5265; baseline -0.016 -3"><span class='ocrx_word' id='word_1_906' title='bbox 2108 5224 2239 5262; x_wconf 70' lang='lat' dir='ltr'><strong>ra&quot;.</strong></span> <span class='ocrx_word' id='word_1_907' title='bbox 2313 5226 2473 5265; x_wconf 74' lang='grc' dir='ltr'><strong>ΛιυΖ,</strong></span> 
     </span>
    </p>
   </div>
   <div class='ocr_carea' id='block_1_130' title="bbox 2108 5210 2473 5267">
    <p class='ocr_par' dir='ltr' id='par_1_130' title="bbox 2108 5210 2473 5267">
     <span class='ocr_line' id='line_1_133' title="bbox 2108 5210 2473 5267; baseline 0.011 -6"><span class='ocrx_word' id='word_1_908' title='bbox 2108 5210 2239 5262; x_wconf 85' lang='lat' dir='ltr'><strong>rari.</strong></span> <span class='ocrx_word' id='word_1_909' title='bbox 2269 5211 2473 5267; x_wconf 73' lang='grc' dir='ltr'><strong>ΒΛιυῑ.</strong></span> 
     </span>
    </p>
   </div>
   <div class='ocr_carea' id='block_1_131' title="bbox 2145 5272 3628 5348">
    <p class='ocr_par' dir='ltr' id='par_1_131' title="bbox 2145 5272 3628 5348">
     <span class='ocr_line' id='line_1_134' title="bbox 2145 5272 3628 5348; baseline 0.001 -15"><span class='ocrx_word' id='word_1_910' title='bbox 2145 5280 2297 5348; x_wconf 83' lang='lat' dir='ltr'><strong>Quod</strong></span> <span class='ocrx_word' id='word_1_911' title='bbox 2333 5300 2432 5336; x_wconf 88' lang='lat' dir='ltr'><strong>non</strong></span> <span class='ocrx_word' id='word_1_912' title='bbox 2461 5290 2568 5337; x_wconf 87' lang='lat' dir='ltr'><strong>erat</strong></span> <span class='ocrx_word' id='word_1_913' title='bbox 2607 5282 2974 5337; x_wconf 87' lang='lat' dir='ltr'><strong>celebraturus.</strong></span> <span class='ocrx_word' id='word_1_914' title='bbox 3017 5281 3117 5338; x_wconf 86' lang='lat' dir='ltr'><strong>Hic</strong></span> <span class='ocrx_word' id='word_1_915' title='bbox 3158 5280 3312 5336; x_wconf 87' lang='lat' dir='ltr'><strong>locus</strong></span> <span class='ocrx_word' id='word_1_916' title='bbox 3358 5288 3441 5335; x_wconf 88' lang='lat' dir='ltr'><strong>est</strong></span> <span class='ocrx_word' id='word_1_917' title='bbox 3483 5272 3628 5348; x_wconf 69' lang='lat' dir='ltr'><strong>maglll</strong></span> 
     </span>
    </p>
   </div>
   <div class='ocr_carea' id='block_1_132' title="bbox 2022 5347 3628 5435">
    <p class='ocr_par' dir='ltr' id='par_1_132' title="bbox 2022 5347 3628 5435">
     <span class='ocr_line' id='line_1_135' title="bbox 2022 5347 3628 5435; baseline -0.004 -29"><span class='ocrx_word' id='word_1_918' title='bbox 2022 5348 2029 5356; x_wconf 86' lang='grc'><em>’</em></span> <span class='ocrx_word' id='word_1_919' title='bbox 2058 5347 2351 5434; x_wconf 77' lang='lat' dir='ltr'><strong>momenti,</strong></span> <span class='ocrx_word' id='word_1_920' title='bbox 2380 5368 2502 5410; x_wconf 90' lang='lat' dir='ltr'><strong>cum</strong></span> <span class='ocrx_word' id='word_1_921' title='bbox 2524 5370 2592 5409; x_wconf 82' lang='lat' dir='ltr'><strong>ex</strong></span> <span class='ocrx_word' id='word_1_922' title='bbox 2611 5368 2677 5435; x_wconf 76' lang='lat' dir='ltr'><strong>eo</strong></span> <span class='ocrx_word' id='word_1_923' title='bbox 2698 5362 2861 5435; x_wconf 42' lang='lat' dir='ltr'><strong>certo.</strong></span> <span class='ocrx_word' id='word_1_924' title='bbox 2874 5354 3161 5435; x_wconf 78' lang='lat' dir='ltr'><strong>colligatur</strong></span> <span class='ocrx_word' id='word_1_925' title='bbox 3189 5351 3469 5431; x_wconf 76' lang='lat' dir='ltr'><strong>Galerium</strong></span> <span class='ocrx_word' id='word_1_926' title='bbox 3492 5347 3628 5435; x_wconf 45' lang='lat' dir='ltr'><strong>Mari;</strong></span> 
     </span>
    </p>
   </div>
   <div class='ocr_carea' id='block_1_133' title="bbox 2069 5416 3630 5496">
    <p class='ocr_par' dir='ltr' id='par_1_133' title="bbox 2069 5416 3630 5496">
     <span class='ocr_line' id='line_1_136' title="bbox 2069 5416 3630 5496; baseline 0 -20"><span class='ocrx_word' id='word_1_927' title='bbox 2069 5424 2311 5496; x_wconf 90' lang='lat' dir='ltr'><strong>mianum</strong></span> <span class='ocrx_word' id='word_1_928' title='bbox 2335 5416 2439 5480; x_wconf 83' lang='lat' dir='ltr'><strong>non</strong></span> <span class='ocrx_word' id='word_1_929' title='bbox 2464 5425 2772 5494; x_wconf 87' lang='lat' dir='ltr'><strong>pervenisse</strong></span> <span class='ocrx_word' id='word_1_930' title='bbox 2798 5422 2864 5479; x_wconf 89' lang='lat' dir='ltr'><strong>ad</strong></span> <span class='ocrx_word' id='word_1_931' title='bbox 2890 5416 3205 5496; x_wconf 66' lang='lat' dir='ltr'><strong>vigesimum</strong></span> <span class='ocrx_word' id='word_1_932' title='bbox 3233 5437 3437 5478; x_wconf 84' lang='lat' dir='ltr'><strong>annum</strong></span> <span class='ocrx_word' id='word_1_933' title='bbox 3458 5416 3630 5496; x_wconf 68' lang='lat' dir='ltr'><strong>imperil</strong></span> 
     </span>
    </p>
   </div>
   <div class='ocr_carea' id='block_1_134' title="bbox 2073 5494 3629 5563">
    <p class='ocr_par' dir='ltr' id='par_1_134' title="bbox 2073 5494 3629 5563">
     <span class='ocr_line' id='line_1_137' title="bbox 2073 5494 3629 5563; baseline -0.005 -16"><span class='ocrx_word' id='word_1_934' title='bbox 2073 5495 2188 5563; x_wconf 89' lang='lat' dir='ltr'><strong>sui;</strong></span> <span class='ocrx_word' id='word_1_935' title='bbox 2223 5495 2366 5555; x_wconf 84' lang='lat' dir='ltr'><strong>foedo</strong></span> <span class='ocrx_word' id='word_1_936' title='bbox 2393 5496 2536 5552; x_wconf 88' lang='lat' dir='ltr'><strong>enim</strong></span> <span class='ocrx_word' id='word_1_937' title='bbox 2575 5496 2767 5552; x_wconf 86' lang='lat' dir='ltr'><strong>morbo</strong></span> <span class='ocrx_word' id='word_1_938' title='bbox 2792 5494 3239 5552; x_wconf 55' lang='lat' dir='ltr'><strong>antea&#39;extinctus</strong></span> <span class='ocrx_word' id='word_1_939' title='bbox 3266 5503 3355 5549; x_wconf 87' lang='lat' dir='ltr'><strong>est</strong></span> <span class='ocrx_word' id='word_1_940' title='bbox 3370 5520 3396 5563; x_wconf 91' lang='lat'><strong>,-</strong></span> <span class='ocrx_word' id='word_1_941' title='bbox 3414 5503 3473 5548; x_wconf 78' lang='lat' dir='ltr'><strong>ut</strong></span> <span class='ocrx_word' id='word_1_942' title='bbox 3509 5494 3629 5546; x_wconf 74' lang='lat' dir='ltr'><strong>notat</strong></span> 
     </span>
    </p>
   </div>
   <div class='ocr_carea' id='block_1_135' title="bbox 2075 5564 2562 5625">
    <p class='ocr_par' dir='ltr' id='par_1_135' title="bbox 2075 5564 2562 5625">
     <span class='ocr_line' id='line_1_138' title="bbox 2075 5564 2562 5625; baseline 0.01 -8"><span class='ocrx_word' id='word_1_943' title='bbox 2075 5564 2309 5623; x_wconf 85' lang='lat' dir='ltr'><strong>Doctiss.</strong></span> <span class='ocrx_word' id='word_1_944' title='bbox 2361 5569 2562 5625; x_wconf 68' lang='lat' dir='ltr'><strong>Bswz.</strong></span> 
     </span>
    </p>
   </div>
   <div class='ocr_carea' id='block_1_136' title="bbox 2146 5636 3634 5709">
    <p class='ocr_par' dir='ltr' id='par_1_136' title="bbox 2146 5636 3634 5709">
     <span class='ocr_line' id='line_1_139' title="bbox 2146 5636 3634 5709; baseline -0.007 -16"><span class='ocrx_word' id='word_1_945' title='bbox 2146 5639 2483 5695; x_wconf 72' lang='lat' dir='ltr'><strong>Maximinus.</strong></span> <span class='ocrx_word' id='word_1_946' title='bbox 2531 5640 2627 5696; x_wconf 83' lang='lat' dir='ltr'><strong>Ms.</strong></span> <span class='ocrx_word' id='word_1_947' title='bbox 2659 5653 2759 5709; x_wconf 86' lang='lat' dir='ltr'><strong>pro</strong></span> <span class='ocrx_word' id='word_1_948' title='bbox 2785 5652 2957 5704; x_wconf 88' lang='lat' dir='ltr'><strong>more,</strong></span> <span class='ocrx_word' id='word_1_949' title='bbox 2992 5637 3366 5693; x_wconf 70' lang='lat' dir='ltr'><strong>Maximianus.</strong></span> <span class='ocrx_word' id='word_1_950' title='bbox 3395 5636 3634 5692; x_wconf 63' lang='lat' dir='ltr'><strong>Castorum</strong></span> 
     </span>
    </p>
   </div>
   <div class='ocr_carea' id='block_1_137' title="bbox 2073 5709 3634 5786">
    <p class='ocr_par' dir='ltr' id='par_1_137' title="bbox 2073 5709 3634 5786">
     <span class='ocr_line' id='line_1_140' title="bbox 2073 5709 3634 5786; baseline -0.006 -18"><span class='ocrx_word' id='word_1_951' title='bbox 2073 5726 2141 5786; x_wconf 81' lang='lat' dir='ltr'><strong>ex</strong></span> <span class='ocrx_word' id='word_1_952' title='bbox 2170 5710 2392 5768; x_wconf 88' lang='lat' dir='ltr'><strong>Eusebii</strong></span> <span class='ocrx_word' id='word_1_953' title='bbox 2432 5712 2570 5786; x_wconf 81' lang='lat' dir='ltr'><strong>llist.</strong></span> <span class='ocrx_word' id='word_1_954' title='bbox 2601 5711 2760 5786; x_wconf 85' lang='lat' dir='ltr'><strong>ecc_l.,</strong></span> <span class='ocrx_word' id='word_1_955' title='bbox 2792 5712 2885 5766; x_wconf 92' lang='lat' dir='ltr'><strong>lib.</strong></span> <span class='ocrx_word' id='word_1_956' title='bbox 2909 5724 3175 5786; x_wconf 62' lang='lat' dir='ltr'><strong>vtu,_rap.</strong></span> <span class='ocrx_word' id='word_1_957' title='bbox 3205 5709 3293 5773; x_wconf 79' lang='grc'><strong>15,</strong></span> <span class='ocrx_word' id='word_1_958' title='bbox 3322 5718 3506 5786; x_wconf 77' lang='lat' dir='ltr'><strong>noster</strong></span> <span class='ocrx_word' id='word_1_959' title='bbox 3528 5717 3634 5786; x_wconf 61' lang='lat' dir='ltr'><strong>con;</strong></span> 
     </span>
    </p>
   </div>
   <div class='ocr_carea' id='block_1_138' title="bbox 2071 5778 3636 5850">
    <p class='ocr_par' dir='ltr' id='par_1_138' title="bbox 2071 5778 3636 5850">
     <span class='ocr_line' id='line_1_141' title="bbox 2071 5778 3636 5850; baseline -0.008 -11"><span class='ocrx_word' id='word_1_960' title='bbox 2071 5783 2352 5850; x_wconf 80' lang='lat' dir='ltr'><strong>firmatur;</strong></span> <span class='ocrx_word' id='word_1_961' title='bbox 2381 5790 2436 5837; x_wconf 89' lang='lat' dir='ltr'><strong>et</strong></span> <span class='ocrx_word' id='word_1_962' title='bbox 2458 5783 2651 5838; x_wconf 88' lang='lat' dir='ltr'><strong>iterum</strong></span> <span class='ocrx_word' id='word_1_963' title='bbox 2680 5778 2782 5837; x_wconf 89' lang='lat' dir='ltr'><strong>hoc</strong></span> <span class='ocrx_word' id='word_1_964' title='bbox 2803 5789 2990 5835; x_wconf 88' lang='lat' dir='ltr'><strong>nostro</strong></span> <span class='ocrx_word' id='word_1_965' title='bbox 3034 5780 3176 5835; x_wconf 90' lang='lat' dir='ltr'><strong>libro</strong></span> <span class='ocrx_word' id='word_1_966' title='bbox 3195 5822 3209 5845; x_wconf 88' lang='lat'><strong>,</strong></span> <span class='ocrx_word' id='word_1_967' title='bbox 3233 5794 3356 5848; x_wconf 83' lang='lat' dir='ltr'><strong>cap.</strong></span> <span class='ocrx_word' id='word_1_968' title='bbox 3382 5779 3475 5842; x_wconf 71' lang='grc'><strong>44,</strong></span> <span class='ocrx_word' id='word_1_969' title='bbox 3505 5778 3636 5845; x_wconf 79' lang='lat' dir='ltr'><strong>primi</strong></span> 
     </span>
    </p>
   </div>
   <div class='ocr_carea' id='block_1_139' title="bbox 2076 5850 3547 5914">
    <p class='ocr_par' dir='ltr' id='par_1_139' title="bbox 2076 5850 3547 5914">
     <span class='ocr_line' id='line_1_142' title="bbox 2076 5850 3547 5914; baseline -0.01 0"><span class='ocrx_word' id='word_1_970' title='bbox 2076 5854 2310 5914; x_wconf 83' lang='lat' dir='ltr'><strong>nominis</strong></span> <span class='ocrx_word' id='word_1_971' title='bbox 2333 5854 2548 5912; x_wconf 87' lang='lat' dir='ltr'><strong>titulum</strong></span> <span class='ocrx_word' id='word_1_972' title='bbox 2576 5852 2680 5914; x_wconf 84' lang='lat' dir='ltr'><strong>sibi</strong></span> <span class='ocrx_word' id='word_1_973' title='bbox 2722 5851 3038 5911; x_wconf 78' lang='lat' dir='ltr'><strong>Maximinus</strong></span> <span class='ocrx_word' id='word_1_974' title='bbox 3062 5850 3389 5909; x_wconf 83' lang='lat' dir='ltr'><strong>vindicabat.</strong></span> <span class='ocrx_word' id='word_1_975' title='bbox 3421 5850 3547 5906; x_wconf 79' lang='lat' dir='ltr'><strong>BUit.</strong></span> 
     </span>
    </p>
   </div>
  </div>
