3828 6262
1285 353 1379 411 AD
1417 348 1745 412 DONATUM
1781 305 2302 415 CONFESSOR-EM.
3329 352 3437 414 2εο

1766 474 1822 535 Α
1844 476 2063 531 solemus
2091 477 2286 531 cunctis
2324 473 2615 532 hominibus
2652 474 2852 532 veniam
2879 472 3149 550 indulgere
3174 519 3190 547 ,
3226 492 3440 547 promp-

1842 560 2090 622 tissimam
2108 569 2162 623 in
2188 570 2268 623 his
2306 586 2508 641 quoque
2534 568 2906 643 indulgentiam
2943 583 3173 629 nostram
3213 570 3440 626 credidi-

1842 676 1956 715 mus
1983 661 2345 733 porrigendum
2365 679 2385 730 ;
2406 672 2464 717 ut
2493 662 2661 717 denuo
2682 663 2784 717 sint
2812 661 3130 729 Christiani,
3154 672 3200 717 et
3224 678 3440 718 conven-

1844 752 2003 808 ticula
2042 769 2138 808 sua
2178 763 2520 825 componant,
2547 755 2622 809 ita
2649 764 2704 808 ut
2735 770 2798 809 ne
2826 754 2951 825 quid
2979 759 3158 809 contra
3199 755 3436 825 discipli-

1843 862 1966 901 nam
1986 854 2163 917 agant.
2194 847 2313 903 Alia
2340 858 2510 902 autem
2555 848 2772 918 epistola
2812 846 3067 914 iudicibus
3096 848 3444 919 signiﬁcaturi

1844 954 2053 1006 sumus,
2085 939 2208 1007 quid
2235 939 2412 994 debent
2440 940 2727 995 observare.
2754 938 2902 994 Unde
2922 942 3078 1010 juxta
3107 940 3241 994 hanc
3268 939 3445 994 indul-

1844 1031 2065 1100 gentiam
2109 1039 2334 1085 nostram
2376 1030 2624 1086 debebunt
2654 1030 2823 1085 Deum
2861 1046 3014 1086 suum
3045 1047 3193 1085 orare
3233 1048 3330 1102 pro
3360 1048 3445 1086 sa—

1846 1122 1950 1176 lute
1975 1132 2178 1189 nostra,
2208 1133 2257 1179 et
2285 1123 2630 1193 Reipublicae,
2661 1139 2723 1179 ac
2753 1140 2847 1180 sua
2865 1163 2883 1192 ,
2928 1132 2984 1178 ut
3018 1124 3447 1195 undiqueversum

1847 1214 2160 1285 Respublica
2185 1225 2373 1287 perstet
2400 1217 2704 1287 incolumis,
2735 1226 2784 1274 et
2807 1218 2975 1274 securi
3000 1219 3167 1273 vivere
3211 1218 3266 1273 in
3312 1216 3448 1272 sedi-

1848 1306 1940 1362 bus
1969 1308 2077 1362 suis
2104 1309 2322 1378 possint.

180 353 291 416 949

815 473 1055 532 XXXIV.

686 582 917 625 EDICTUI
953 583 1163 625 GALBRII
1172 607 1185 623 .

247 661 376 718 inter
413 668 590 716 cetera
616 676 733 733 qua:
768 666 863 733 pro
891 660 1209 729 Reipublicae
1234 675 1434 730 semper
1462 658 1740 714 commodis

185 767 318 826 atque
338 755 540 809 utilitate
562 753 881 825 disponimus
898 795 915 822 ,
938 769 1033 808 nos
1058 753 1263 825 quidem
1284 752 1608 807 volueramus
1645 768 1742 806 an.

188 851 313 907 lebat:
330 889 345 914 ,
361 851 510 921 juxta
537 849 671 920 leges
690 857 879 904 veteres
905 857 954 903 et
977 847 1235 919 publicam
1253 846 1576 917 disciplinam
1597 886 1612 912 ,
1633 844 1743 900 Ro-

188 958 423 997 manorum
464 951 649 996 cuncta
691 941 944 1012 corrigere
962 982 978 1007 ,
1025 949 1178 1010 atque
1236 939 1293 994 id
1338 937 1604 1010 providere
1622 979 1638 1003 ,
1687 944 1745 992 ut

189 1035 318 1088 etiam
337 1032 632 1101 Christiani,
660 1033 753 1105 qui
778 1043 1047 1104 parentum
1069 1048 1283 1088 suorum
1308 1033 1615 1102 reliquerant
1636 1047 1745 1086 sec-

189 1133 293 1192 tam,
315 1124 377 1178 ad
397 1124 553 1178 bonas
601 1132 793 1180 mentes
835 1125 1079 1180 redirent.
1129 1123 1398 1195 Siquidem
1443 1122 1616 1178 eadem
1656 1139 1745 1177 ra-

187 1215 301 1270 tione
321 1224 451 1269 tanta
485 1216 691 1271 eosdem
719 1215 1041 1272 Christianos
1064 1216 1299 1277 voluntas
1340 1215 1641 1279 invasisset,
1696 1223 1747 1270 et

185 1318 303 1363 tanta
332 1308 538 1364 stultitia
587 1320 922 1380 occupasset,
972 1320 1028 1366 ut
1066 1328 1172 1365 non
1206 1310 1300 1364 illa
1328 1319 1553 1365 veterum
1597 1309 1748 1363 insti-

184 1413 277 1457 tuta
296 1414 630 1471 sequerentur,
658 1420 775 1476 qua:
796 1405 1013 1478 forsitan
1043 1405 1263 1474 priurum
1285 1412 1517 1474 parentes
1544 1419 1747 1457 eorum-

183 1498 281 1553 denz
300 1498 654 1553 constituerant
681 1515 698 1553 :
726 1500 817 1554 sed
846 1515 942 1569 pro
966 1498 1177 1553 arbitrio
1204 1515 1332 1564 suo,
1361 1507 1511 1569 atque
1546 1506 1602 1551 ut
1643 1496 1748 1551 his-
1855 1501 1862 1508 '
1924 1491 2039 1549 Hoc
2076 1493 2313 1551 edictum
2360 1497 2681 1567 proponitur
2701 1496 3029 1553 Nicomediae
3054 1496 3226 1568 pridie
3255 1497 3450 1554 Kalen-

127 1612 145 1631 ι
190 1587 287 1642 dem
307 1598 406 1643 erat
430 1589 633 1644 libitum
652 1629 670 1656 ,
702 1590 777 1644 ita
804 1590 1001 1645 sibimet
1030 1590 1164 1662 leges
1205 1590 1460 1658 Iacerent,
1500 1605 1629 1659 quas
1659 1589 1774 1642 ob--
1850 1586 1946 1643 das
1974 1588 2165 1658 Maias,
2222 1590 2341 1662 ipso
2366 1593 2534 1649 octies
2555 1633 2570 1659 ,
2600 1602 2653 1649 et
2690 1592 2984 1649 Maximino
3014 1595 3209 1650 iterum
3240 1595 3451 1653 Consu-

184 1690 449 1748 servarent,
480 1693 529 1737 et
554 1698 650 1754 per
677 1683 879 1738 diversa
901 1683 1071 1738 varios
1101 1683 1322 1753 populos
1364 1691 1744 1754 congregarent.
1851 1679 2010 1736 libus.
2063 1681 2214 1737 Tunc
2262 1684 2464 1753 apertis
2495 1684 2834 1752 carceribus,
2888 1686 3098 1742 Donate
3137 1687 3491 1755 carissime,’

184 1771 384 1844 Denique
426 1790 544 1828 cum
583 1775 842 1844 ejusmodi
889 1785 1064 1829 nostra
1083 1775 1258 1846 jussio
1289 1775 1531 1829 extitisset
1555 1816 1568 1840 ,
1599 1784 1655 1828 ut
1682 1773 1751 1829 ad
1853 1787 1976 1829 cum
2007 1766 2231 1832 caeteris
2259 1776 2664 1834 eonfessoribus
2703 1795 2736 1835 e
2777 1780 3020 1835 custodia
3050 1780 3312 1836 liberatus
3354 1796 3445 1850 es,

183 1875 373 1919 veterum
398 1881 451 1921 se
492 1868 735 1922 instituta
771 1871 1097 1938 conferrent,
1138 1867 1286 1921 multi
1314 1867 1543 1937 periculo
1571 1866 1752 1938 subju—
1779 1875 1828 1936 Β
1855 1882 1976 1924 cum
2010 1869 2105 1925 tibi
2142 1884 2328 1927 carcer
2352 1886 2450 1927 sex
2492 1873 2649 1927 annis
2696 1888 2795 1944 pro
2821 1873 3096 1930 domicilio
3128 1873 3310 1931 fuerit.
3340 1873 3453 1932 Nec

183 1960 297 2029 geli,
323 1960 463 2015 multi
489 1961 652 2016 etiam
676 1960 932 2015 deturbati
957 1969 1108 2025 sunt;
1135 1969 1286 2031 atque
1310 1976 1427 2014 cum
1462 1960 1673 2031 plurimi
1698 1961 1754 2015 in
1858 1967 2035 2016 tamen
2067 1960 2157 2018 ille
2185 1963 2287 2017 hoc
2313 1962 2458 2019 iacto
2484 1964 2698 2020 veniam
2722 1965 2945 2021 sceleris
2977 1965 3186 2036 accepit
3213 1981 3243 2020 a
3290 1966 3403 2021 Deo
3435 1980 3451 2021 :

184 2054 415 2123 proposito
444 2063 870 2125 perseverarent,
900 2071 961 2109 ac
983 2054 1268 2109 videremus
1288 2069 1383 2108 nec
1406 2053 1506 2107 diis
1544 2055 1750 2109 eosdem
1854 2052 1949 2108 sed
1979 2061 2101 2123 post
2129 2053 2245 2109 dies
2272 2069 2473 2123 paucos
2492 2099 2506 2123 ,
2541 2056 2936 2113 commendatis
2977 2056 3186 2112 Licinio
3226 2056 3458 2129 conjuge

183 2146 350 2202 auum
371 2165 430 2203 ac
454 2148 763 2221 religionem
791 2147 1011 2203 debitam
1030 2146 1295 2213 exhibere,
1318 2162 1411 2202 nec
1441 2146 1750 2201 christiano—
1853 2158 1952 2201 sua
1979 2155 2037 2201 et
2064 2146 2205 2213 lilio,
2234 2155 2395 2217 atque
2435 2147 2487 2202 in
2515 2163 2679 2204 manu
2706 2148 2922 2205 traditis
2941 2191 2957 2218 ,
2989 2166 3112 2205 cum
3136 2149 3250 2220 jam
3293 2150 3457 2205 totius

181 2258 277 2297 tum
297 2242 450 2298 Deum
473 2245 782 2309 observare,
808 2242 1234 2310 contemplatione
1254 2240 1535 2296 mitissimte
1561 2250 1751 2296 nostra:
1847 2240 2092 2311 corporis
2147 2241 2388 2297 membra
2433 2240 2764 2309 deﬂuerent,
2816 2242 3082 2298 horrenda
3143 2242 3266 2298 tabe
3325 2256 3457 2298 con-

181 2334 423 2394 clementire
450 2337 710 2394 intuentes
729 2345 779 2392 et
804 2334 1221 2392 consuetudinem
1240 2335 1751 2406 sempiternam,qua
1852 2344 2100 2405 sumptus
2150 2342 2254 2390 est.
2306 2334 2472 2406 quue
2523 2335 2797 2406 cognitum
2841 2334 3170 2392 Nicomedia:
3196 2334 3458 2393 ld.men—-

1481 2450 1843 2512 VARIORUM
1879 2450 2108 2509 NOTAE.

177 2591 186 2602 '
233 2592 477 2650 Edictum.
542 2595 621 2651 De
662 2593 770 2651 hoc
808 2593 985 2650 edicto
1023 2592 1147 2649 vide
1190 2590 1508 2658 Eusebium,
1534 2589 1626 2647 lib.
1652 2606 1747 2646 vm

180 2663 303 2738 Hist.
322 2667 501 2735 Ecel.,
525 2681 646 2738 cap.
678 2668 768 2722 l7.

237 2736 307 2791 Ad
331 2730 494 2792 bonai
526 2730 718 2793 méntes
743 2736 982 2793 redirent.
1012 2734 1289 2806 Ejurando
1322 2730 1748 2806 scilicet‘Chris-

180 2807 347 2863 lienam
374 2809 698 2879 religionem
724 2808 778 2863 in
810 2804 1105 2879 paganism‘i
1125 2806 1382 2879 gratiam,
1411 2804 1501 2875 qui
1532 2804 1745 2879 Galerio

179 2880 272 2934 sola
298 2880 429 2934 bona
457 2874 656 2945 {etiam
681 2874 825 2934 erat;
845 2874 1271 2934 Binan—Lact.
1308 2877 1345 2931 l.
1378 2874 1439 2941 v,’
1460 2890 1510 2931 c.
1545 2875 1644 2938 l9,
1678 2874 1747 2930 ad

182 2949 267 3004 hoc
295 2949 544 3005 fortassis
571 2951 808 3006 edictum
837 2950 1129 3016 respiciens
1154 2965 1168 3001 :
1202 2947 1310 3002 Sed
1325 2947 1441 3018 rlyuec
1462 2948 1575 3018 ipsa
1602 2947 1750 3018 igua:

179 3021 286 3093 ratio
322 3023 467 3093 efﬁcit
490 3062 508 3087 ,
539 3031 597 3079 ut
636 3022 690 3075 in
720 3019 1077 3093 persequendis
1116 3017 1429 3093 sapientibus
1477 3017 1581 3071 tam
1624 3017 1750 3071 ntali

180 3091 290 3153 sint.
314 3088 615 3164 ﬁngmthue
642 3108 697 3147 se
720 3093 826 3147 illis
852 3088 1145 3157 c'onsulere,
1169 3090 1287 3144 illos
1309 3088 1377 3143 ad
1405 3089 1590 3144 bonam
1610 3105 1751 3143 men-

180 3171 261 3217 tem
282 3166 397 3219 velle
414 3179 683 3220 revocare.

238 3233 488 3290 Primum.
520 3236 720 3290 Prisca
742 3232 1008 3290 editiones
1031 3275 1045 3299 ,
1077 3231 1251 3302 primi.
1290 3263 1299 3266 η

244 3304 463 3362 Hisdem.
500 3306 601 3362 Vel
628 3306 819 3360 eisdem
847 3322 860 3358 :
889 3304 1029 3373 apud
1075 3301 1614 3364 Eusebium'Exuerog
1636 3316 1651 3367 ;
1676 3311 1758 3356 at-

182 3391 269 3446 que
294 3378 408 3432 ideo
434 3378 640 3447 legisse
666 3375 897 3443 videtur,
930 3376 1130 3447 cuique.

240 3447 462 3505 Diversa.
496 3448 652 3505 Adde
670 3489 686 3515 ,
717 3448 853 3502 loca.

2531 1403 2751 1461 XXXV.

1844 2590 2346 2719 'perstethconferat
2371 2605 2492 2662 cap.
2525 2590 2626 2659 18,
2659 2589 2751 2646 lin.
2786 2587 3098 2660 Respublica
3128 2597 3284 2645 staret
3308 2588 3455 2644 inco-

1876 2681 2027 2719 umts.
2099 2680 2186 2719 uu.
3269 2698 3273 2701 Α

1876 2681 2027 2720 umts.
2052 2680 2186 2720 mm.
3269 2698 3273 2701 Α

1924 2756 1994 2812 In
2022 2757 2227 2812 sedibus
2246 2757 2374 2811 suis.
2399 2753 2650 2811 Rumnus
2668 2754 2828 2809 vertit
2849 2754 2902 2808 in
2927 2753 3123 2809 laribus
3144 2795 3159 2820 ,
3187 2753 3455 2824 quemad-

1854 2828 2073 2883 modum
2119 2829 2313 2897 legitur
2355 2829 2407 2882 in
2456 2842 2564 2882 uno
2614 2826 2801 2882 codice
2845 2823 3334 2897 Colbertino.’Sed
3358 2824 3453 2881 alii

1855 2914 1987 2955 mss.
2019 2910 2073 2956 et
2102 2895 2365 2954 editiones
2410 2898 2607 2953 habent
2651 2898 2705 2952 in
2758 2896 3036 2950 laboribus.
3066 2895 3454 2964 Christophor—

1854 2985 2022 3025 sonus
2050 2970 2211 3025 vertit
2238 2971 2292 3024 in
2320 2972 2429 3024 suis
2454 2967 2708 3040 familiis;
2744 2967 2984 3022 Valesius
3004 3007 3019 3034 ,
3048 2967 3101 3021 in
3127 2967 3236 3021 suis
3283 2965 3457 3020 domi-

1856 3042 2005 3097 ciliis.
2038 3041 2236 3097 Bawz.
2576 3058 2579 3059 '

1779 3108 1827 3172 C
1933 3134 2046 3189 Hoc
2084 3134 2305 3190 edictum
2333 3132 2637 3203 proponitur
2668 3129 2986 3203 Nicomedia:
3019 3129 3206 3203 Apridie
3248 3129 3457 3203 kalend.

1858 3207 2043 3261 maias.
2091 3205 2223 3261 Cum
2278 3200 2766 3277 in'titulo‘prtpl‘ali
2796 3202 2958 3277 edicti
3006 3200 3240 3257 Galerius
3288 3200 3464 3277 alexi:-

1858 3279 2063 3332 mianus
2107 3271 2317 3333 dicatur
2344 3271 2639 3331 tribunitim
2676 3274 2956 3344 potestatis
2985 3289 3063 3328 xx
3092 3280 3303 3327 constat
3328 3271 3461 3344 illud

1860 3350 2118 3405 emissum
2153 3363 2273 3403 esse
2305 3356 2422 3418 post
2467 3342 2726 3401 kalendas
2756 3345 2978 3400 martias
3023 3345 3299 3418 currentis
3332 3342 3464 3399 annl

1862 3418 2017 3491 (3H)
2040 3461 2056 3487 ,
2088 3420 2283 3491 quibus
2305 3414 2668 3491 ftribnnttiam
2706 3424 3026 3491 potestatem
3053 3431 3124 3470 xx
3148 3414 3459 3482 auspicatus

1861 3486 1949 3547 est
1975 3486 2120 3545 idem
2145 3489 2415 3546 Galerius.
2448 3488 2578 3541 Post
2604 3486 2754 3541 illum
2781 3486 2925 3542 diem
2946 3486 3136 3541 datum
3155 3526 3171 3552 ,
3208 3500 3273 3539 ex
3302 3500 3458 3540 num-

252 3521 493 3590 Denique.
521 3514 825 3576 Heumann.
860 3517 989 3588 legit
1015 3516 1230 3587 proinde
1252 3556 1267 3583 ,
1292 3516 1415 3587 quia
1439 3516 1494 3572 in
1524 3514 1763 3571 Eusebio

184 3598 561 3670 cslgoqatpm'p.

244 3657 522 3718 Detu'rtiati.
590 3660 749 3733 Apud
803 3658 1094 3733 Eusebium
1138 3658 1353 3733 legitur
1413 3657 1764 3733 ταρᾳχθέντξς

188 3739 431 3807 παντοίους
452 3729 704 3795 amab;
732 3733 999 3807 ῥπέφερον,
1030 3729 1261 3807 Proinde
1288 3729 1598 3807 lfactanlius
1623 3730 1763 3782 scri-

187 3804 296 3862 bere
317 3807 530 3874 debuit,
561 3796 851 3876 perturbati
884 3796 930 3856 ét
958 3802 1112 3856 variis
1152 3800 1400 3876 mortibus
1425 3796 1598 3865 affecti
1623 3807 1760 3853 sunt.

1265 3872 1617 3927 lleuuauuus.

252 3947 538 4004 Observare.
575 3944 818 4004 Subaudi
846 3945 1038 4016 palam.

250 4019 697 4088 Contemplatione.
721 4018 799 4072 Ita
829 4014 1135 4085 legendum.
1167 4014 1226 4070 In
1253 4028 1357 4071 ms.
1388 4021 1472 4069 est
1494 4025 1623 4068 vero
1644 4028 1770 4065 con-

192 4092 519 4158 temptatione.

249 4160 311 4215 In
335 4163 434 4217 his.
467 4161 620 4218 Docti
651 4160 837 4231 legunt
867 4166 1073 4213 tantum
1098 4158 1199 4213 his.

190 4240 200 4299 ξ
253 4232 585 4288 Credidimus.
609 4231 735 4296 Ms.,
770 4231 1045 4285 credimus.
1372 4240 1377 4247 '
1414 4244 1419 4249 '

254 4302 604 4358 Conventicula
629 4320 725 4357 sua
751 4308 1077 4371 componant.
1112 4299 1239 4355 llaec
1273 4299 1353 4371 de
1380 4296 1773 4371 retedilicandis

192 4372 603 4430 Christianorum
631 4368 880 4430 ecclesiis
921 4371 1163 4427 nonnulli
1211 4370 1546 4439 intelligunt;
1583 4368 1672 4423 alii
1704 4369 1775 4423 de

196 4460 365 4499 eorum
404 4446 632 4502 coetibus
672 4442 1044 4507 celebrandis,
1077 4442 1221 4513 quod
1269 4442 1470 4497 rectius
1499 4449 1585 4496 est
1627 4457 1661 4505 :p
1690 4440 1771 4495 sic

195 4514 407 4581 Gallice,
434 4518 564 4571 tenir
589 4517 728 4571 leurs
754 4513 1073 4569 assemblées.

260 4585 339 4641 Ne
359 4580 476 4658 quid
490 4597 672 4642 contra
689 4586 1018 4655 disciplinam
1044 4582 1454 4658 agant._Plinius
1482 4598 1522 4648 ι,
1570 4580 1666 4658 lib.
1696 4597 1730 4658 ξ
1752 4621 1769 4658 ,

197 4671 274 4726 ep.
301 4651 380 4714 εἷ
416 4659 548 4732 (79).
575 4658 644 4732 HSi
685 4658 772 4729 qui
819 4651 996 4711 contra
1037 4651 1367 4726 disciplinam
1409 4654 1685 4726 gesserint,
1716 4651 1775 4707 id

198 4731 703 4801 est,egerint.Bun.
766 4800 773 4801 ί
863 4798 909 4801 __
1521 4796 1529 4801 ,
1622 4784 1670 4801 ,η

264 4795 378 4854 Αιῑτῑ
393 4812 559 4855 autem
587 4800 829 4867 epistola.
861 4798 987 4864 Ms.,
1028 4797 1201 4852 Aliam
1245 4805 1414 4851 autem
1451 4795 1722 4866 epistolam
1752 4807 1772 4848 :

202 4881 283 4923 aut
311 4871 716 4942 prteponendum
744 4887 833 4941 per
846 4872 866 4936 ζ
908 4878 1003 4925 aut
1029 4868 1330 4941 legendum
1372 4877 1432 4923 ut
1473 4867 1771 4938 repositum

202 4942 350 4997 estin
377 4954 539 5000 textu.

272 5011 843 5085 Signiﬁcaturisumus.
890 5011 1028 5075 Male
1066 5009 1348 5075 Bullinus,
1397 5008 1768 5085 indicavimus,

210 5095 310 5156 rent
328 5079 469 5156 quasi
491 5079 1209 5156 jam'peractam'narra'ns,
1252 5085 1374 5136 cum”
1418 5079 1485 5134 ad
1531 5079 1774 5156 futurum

212 5150 463 5212 referitur.
491 5150 693 5227 Neque
728 5155 883 5227 istud
925 5153 1265 5227 tribuendum
1286 5159 1381 5227 est
1415 5150 1589 5205 errori
1618 5158 1772 5221 typo-

212 5227 504 5292 graphomm
523 5272 539 5296 ,
573 5222 697 5286 eum
726 5226 865 5282 hanc
894 5226 1180 5296 lectionem
1210 5222 1656 5296 exhibeapthtres
1681 5236 1773 5276 ve-

220 5291 331 5366 i_nsti
367 5291 573 5356 codices
630 5297 987 5366 manuscripti
1035 5291 1770 5366 bibliothecarColbertinze.

219 5361 703 5501 gmholgsonus
747 5376 804 5425 et
828 5361 1078 5424 Valesius
1116 5364 1266 5422 reete
1292 5361 1572 5421 verterunt
1612 5364 1776 5432 signi-

452 5483 468 5498 .
536 5457 693 5499 ALUZ.
773 5491 777 5494 .
1066 5465 1069 5469 ν
1158 5486 1161 5489 .

452 5443 693 5499 .ΒΑιυΖ.
773 5491 777 5494 .
1066 5465 1069 5469 ν
1158 5486 1161 5489 .

283 5506 474 5569 Pastet.
515 5514 638 5577 Με..
688 5504 977 5579 Perstetur,
1020 5506 1375 5573 mendose—#-
1393 5504 1647 5563 Attamen~
1672 5504 1775 5559 Bu—

223 5587 484 5641 Demannus
520 5585 709 5650 habet,
750 5578 1322 5653 premetur-incolumis
1358 5589 1415 5653 et
1448 5586 1642 5653 notam
1692 5590 1778 5631 se-

225 5659 442 5715 (ιιιαιιεω
467 5647 703 5712 exhibet.
732 5647 1102 5707 -'—~Praestetur
1123 5650 1416 5705 incolumis.
1448 5647 1591 5702 Editi
1616 5686 1632 5710 ,
1657 5662 1780 5715 per-

234 5726 341 5785 διοίὶ
365 5735 414 5779 at
438 5742 534 5783 ms.
576 5734 892 5798 perstatur:
942 5722 1084 5777 unde
1127 5721 1435 5798 eommodo,
1470 5718 1545 5772 uti
1574 5715 1777 5798 Critico

233 5801 412 5870 {tuoque
428 5787 749 5870 anony'tnoet
775 5796 1092 5870 lleutnanno
1110 5796 1307 5870 v_i_sum_,
1332 5798 1622 5870 praestetur.
1643 5787 1777 5870 Nam

238 5855 458 5924 Eusebius
503 5855 653 5929 vei-tit
710 5867 1052 5944 παρασχεθῇ.
1114 5865 1172 5922 Si
1215 5855 1303 5922 cui
1332 5855 1525 5919 'tamen
1571 5860 1780 5931 placeat

1863 3563 1968 3616 mis
1993 3562 2156 3616 etiam
2203 3560 2397 3630 graecis
2438 3558 2579 3628 apud
2617 3556 2887 3630 Goltzium
2937 3568 3148 3630 certum
3190 3555 3455 3630 redditur.

1869 3632 2098 3689 Ultimus
2126 3625 2303 3691 enim.
2333 3629 2387 3684 in
2432 3625 2540 3699 quo
2586 3642 2760 3682 annus
2801 3628 3028 3699 Augusti
3064 3626 3202 3699 ejus
3250 3625 3466 3694 imperii

1866 3711 2105 3770 notatur,
2137 3701 2356 3757 exhibet
2385 3696 2483 3755 hos
2525 3707 2830 3770 caracteres
2871 3696 2934 3753 L.
2968 3697 3028 3752 Ζ.
3062 3696 3115 3770 id
3140 3704 3275 3770 est,
3296 3713 3466 3770 annus

1866 3766 2129 3846 septimus.
2171 3772 2305 3846 Nam
2338 3787 2459 3826 cum
2482 3813 2499 3837 ,
2531 3769 2811 3846 Lactantio
2840 3778 2991 3846 teste
3012 3810 3026 3834 ,
3059 3766 3310 3846 _ka_lend_is
3338 3767 3465 3846 maii

1868 3836 1997 3901 anni
2018 3859 2150 3900 cccv
2174 3845 2444 3914 Augustus
2470 3836 2807 3914 renuntiatus
2837 3838 3028 3914 fuerit,
3059 3837 3303 3914 kalendis
3335 3836 3464 3914 maii

1868 3917 2137 3973 currentis
2186 3908 2384 3970 Christi
2430 3914 2555 3967 anni
2616 3911 2903 3981 septimum
2947 3909 3160 3978 imperii
3202 3908 3464 3981 Augustci

1868 4003 2068 4043 annum
2103 3987 2346 4056 incmpit.
2370 3984 2549 4056 Quare
2575 3978 2697 4039 cuni
2723 3982 2866 4056 idem
2895 3979 3333 4056 imperator_jam
3362 3978 3466 4056 de_-_

1871 4059 2058 4114 ficiens
2084 4049 2319 4113 edictum
2348 4049 2479 4110 illud
2527 4053 2913 4126 promulgarit,
2948 4049 3172 4122 apparet
3195 4049 3466 4126 Lactantii

1871 4129 2194 4186 sententiam
2225 4127 2425 4184 Galerii
2453 4122 2757 4181 Maximiani
2802 4126 3037 4180 nummis
3061 4122 3469 4179 corroboratam

1872 4216 1994 4257 esse
2012 4242 2029 4267 ,
2061 4212 2453 4272 perperamque
2477 4197 2757 4272 scripsisse
2780 4195 3054 4272 Valesinm
3094 4194 3147 4248 in
3166 4193 3335 4272 __not_is
3360 4190 3471 4272 Eu-

1874 4263 2423 4339 sebianis,'aliosqne
2450 4263 2602 4324 viros
2644 4267 2873 4339 doctos,
2893 4267 3128 4339 edictum
3166 4263 3297 4339 illud
3344 4271 3472 4339 ante

1873 4358 2117 4399 mensem
2133 4331 2401 4397 'martiu'm
2443 4340 2627 4394 datum
2657 4352 2786 4410 esse
2808 4335 3032 4410 (Pagina
3075 4336 3130 4389 in
3160 4331 3472 4404 Critic.‘Ba-

1875 4432 1990 4470 ron.
2021 4415 2089 4468 ad
2113 4430 2199 4468 an.
2225 4410 2350 4468 Chr.
2375 4412 2477 4467 511
2502 4452 2517 4476 ,
2548 4426 2691 4464 num.
2720 4408 2787 4465 12
2810 4418 2856 4461 et
2885 4407 2994 4477 l3).

1794 4494 1851 4559 Ῑ)
1945 4485 2153 4541 Prodiit
2180 4483 2398 4559 tandem
2446 4474 2882 4559 absolute-anno
2912 4474 3303 4559 persecutionis
3329 4487 3466 4559 vni,

1875 4559 2093 4614 ineunte
2139 4570 2224 4623 lx,
2257 4555 2495 4626 edictum
2522 4550 2753 4626 Galerii,
2784 4564 2891 4626 quo
2915 4545 3225 4626 persecutie
3254 4545 3469 4626 penitus

1874 4631 2141 4695 extincta,
2186 4616 2325 4681 inter
2366 4623 2476 4680 kal.
2518 4622 2742 4682 martias
2763 4616 2956 4695 quibus
3006 4633 3085 4695 ρει
3140 4616 3470 4695 tribunitiam

1876 4685 2195 4769 potestatem
2225 4695 2603 4769 inchoaverat,
2647 4701 2703 4748 et
2739 4685 2907 4769 pridie
2934 4688 3042 4769 lgal.
3065 4687 3285 4769 maias,
3319 4685 3474 4769 quod

1874 4755 2199 4826 Nicomedia:
2224 4755 2711 4835 dicit-propositum
2740 4755 2928 4835 luisse
2950 4756 3280 4835 Lactantius)
3319 4755 3465 4810 Dod-

1874 4841 2049 4897 wellus
2081 4840 2220 4896 Diss.
2247 4832 2492 4910 Cyprium
2516 4835 2813 4910 XI_,_num._
2842 4832 3000 4910 82).;
3023 4888 3043 4895 κ
3150 4882 3155 4885 ,
3230 4900 3244 4910 .
3315 4876 3320 4880 .
3470 4847 3475 4851 ’

1947 4912 2097 4982 Ipso.
2137 4900 2340 4982 Nempe
2360 4900 3035 4982 GalerioMaximianOLIu
3067 4915 3197 4982 ms.,
3225 4900 3361 4982 ipsa.

1948 4970 2076 5052 Ipso
2106 4970 2291 5047 octies;
2316 4991 2363 5052 et
2389 4979 2672 5052 Maximino
2707 4972 3261 5052 iterum_Co_nsulibus.~
3310 4970 3472 5038 Anno

1875 5045 2083 5114 scilicet
2105 5055 2200 5110 5H
2228 5094 2243 5119 ,
2275 5045 2601 5116 Maximino,“
2619 5050 2671 5104 in
2700 5045 3202 5115 ms.,‘lllaximiano.
3252 5054 3284 5075 ··

1950 5127 1999 5181 Ε
2022 5126 2277 5182 custodia.
2309 5123 2371 5184 In.
2402 5137 2529 5189 ms.,
2560 5130 2608 5176 et
2627 5119 2882 5175 custodia.
3143 5125 3147 5128 ’

1950 5197 2153 5253 Fuerit.
2180 5196 2278 5251 Vel
2308 5195 2504 5267 fuisset.

1882 5351 1887 5356 ,
1948 5290 2017 5344 In
2044 5304 2222 5344 manu.
2250 5286 2356 5341 Pro
2375 5286 2429 5339 in
2454 5299 2684 5356 manum,
2716 5283 2777 5356 in.
2794 5290 2953 5339 sexto
2969 5294 3224 5356 easnpro
3246 5288 3474 5356 quarto:

1877 5351 2013 5417 infra
2045 5374 2163 5429 cap.-
2195 5356 2298 5429 39,
2330 5355 2668 5429 subinitinm
2692 5395 2707 5419 ,
2742 5354 2810 5429 in
2846 5353 3178 5429 matrimonio
3209 5351 3479 5429 postula_t;

1878 5442 1933 5489 et
1961 5422 2272 5499 saepe'apud
2299 5426 2547 5482 eumdem
2573 5422 2941 5499 Lactantium;
2974 5422 3083 5478 iib.‘
3114 5438 3348 5499 ηεξ-οδε).
3386 5422 3431 5474 5
3452 5437 3472 5473 2

1882 5504 2011 5569 Quae
2032 5490 2088 5556 in
2108 5490 2279 5554 rerum
2299 5506 2483 5561 natura
2516 5497 2739 5563 cadunt;
2770 5496 2863 5550 lib.
2898 5508 3112 5569 ινρίςιειρἒ
3148 5494 3216 5569 1'1
3237 5490 3355 5569 {in
3374 5498 3474 5543 ter-

1878 5560 1938 5628 rwa
1967 5584 2071 5629 toto
2090 5581 2139 5625 et
2164 5584 2381 5639 corpore
2412 5576 2459 5621 et
2476 5584 2573 5625 ore
2600 5560 2886 5639 projectum
2902 5560 3150 5633 ;.lib.'de
3177 5560 3320 5631 Opif.
3348 5574 3468 5628 cap.

1878 5645 1943 5712 2,
1967 5647 2019 5697 in
2046 5660 2103 5697 ea
2128 5649 2247 5696 sunt
2268 5638 2490 5712 relegata
2513 5638 2798 5712 regione.___
2930 5705 2964 5712 __
3165 5701 3194 5712 ..

1950 5714 2181 5773 Membra
2207 5701 2505 5779 deﬂuerent.
2548 5701 2803 5767 Nonnulli
2839 5705 3095 5762 mallent.
3140 5701 3426 5769 difﬂuerent
3452 5739 3468 5763 ,

1886 5796 1942 5840 ut
1970 5796 2054 5841 est
2080 5783 2173 5839 lib.
2218 5798 2275 5837 ut
2304 5780 2418 5835 Div.
2448 5780 2679 5835 lnstitut.
2710 5796 2830 5849 cap.
2864 5779 2889 5831 1
2910 5816 2926 5842 ,
2958 5780 3260 5849 corruptum
3292 5784 3473 5849 vanes-

1880 5860 1945 5913 cit
1967 5901 1981 5927 ,
2019 5874 2077 5913 ac
2100 5855 2278 5927 difﬂuit
2294 5870 2312 5919 ;
2339 5863 2392 5911 et
2416 5868 2532 5923 cap.
2566 5852 2636 5908 20
2665 5869 2677 5904 :
2710 5841 2916 5917 Corpus
2935 5843 3170 5896 relictum
3197 5841 3260 5894 ab
3283 5841 3474 5897 aninta'
