3800 6250
167 336 286 394 S57

1314 329 1406 388 AD
1448 328 1779 389 DONATUM
1819 326 2370 388 CONFESSOREM.‘

3374 335 3488 395 2258

167 427 225 505 in
269 450 405 506 iram
450 450 800 522 furoremque
856 450 1206 515 convertitur.
1253 449 1444 505 Statim
1490 450 1769 505 mulierem
1797 452 2060 512 Acentes
2084 448 2202 503 duci
2227 449 2506 517 jubentur.
2526 448 2711 505 Fletus
2731 451 3177 521 etcomploratio,
3208 469 3312 507 non
3341 455 3486 510 illius

166 541 486 613 proscribit,
516 543 658 599 bona
693 542 810 613 ejus
835 541 997 613 rapit,
1025 540 1202 598 aufert
1225 542 1476 610 comites,
1507 539 1774 611 spadones

167 634 225 689 in
258 633 546 690 tormentis
582 642 762 702 necat,
793 634 964 704 ipsam
993 648 1114 690 cum
1161 641 1336 691 matre
1360 634 1415 689 in
1440 632 1659 689 exilium
1687 646 1779 688 re-

165 725 351 796 legat;
375 741 477 782 nec
498 724 552 782 in
581 726 759 782 locum
790 734 997 782 certum
1014 741 1028 780 :
1048 724 1146 782 sed
1172 727 1275 781 huc
1298 733 1462 797 atque
1489 725 1615 780 illuc
1635 738 1776 793 prte-

162 817 388 888 cipitem
417 832 540 874 cum
579 817 810 874 ludibrio
833 817 1110 887 exturbat,
1139 826 1194 874 et
1214 815 1417 875 amicas
1443 815 1562 888 ejus
1588 814 1775 871 afﬁcto

165 908 441 968 adulterio
464 909 704 967 damnat.
767 918 782 979 ξ

923 1045 1039 1103 XL.

246 1180 379 1239 Erat
407 1181 710 1239 clarissima
740 1180 981 1249 fmmina,
1010 1181 1095 1236 cui
1122 1195 1189 1236 ex
1216 1177 1649 1250 liliisjnvenibus
1670 1175 1781 1246 jam

164 1282 402 1345 nepotes
422 1284 596 1331 erant.
614 1272 767 1329 Hanc
781 1272 996 1329 Valeria
1022 1281 1290 1342 tamquam
1311 1281 1535 1326 matrem
1560 1270 1784 1326 alteram

165 1367 459 1438 diligebat,
487 1368 643 1438 cujus
672 1367 902 1423 consilio
928 1377 1175 1438 negatam
1204 1365 1307 1421 sibi
1337 1365 1657 1435 suspicatur.
1686 1364 1788 1419 Dat

165 1462 452 1533 negotium
480 1462 700 1518 Prresidi
734 1461 1009 1528 Eratineo,
1041 1469 1099 1515 ut
1117 1474 1234 1515 eam
1256 1474 1378 1514 cum
1405 1457 1672 1514 dedecore
1700 1458 1786 1512 in-

167 1556 431 1613 terﬁciat.
463 1556 601 1612 Huic
645 1557 768 1612 alia:
792 1556 911 1612 dure
951 1555 1335 1627 adjunguntnr,
1373 1569 1528 1625 teque
1557 1554 1783 1622 nobiles,

166 1665 407 1720 quarum
434 1649 602 1705 altera
624 1648 896 1705 Vestalem
920 1648 1170 1703 famulam
1199 1647 1460 1716 virginem
1487 1644 1674 1701 Romae
1699 1660 1790 1701 re-

112 1806 121 1811 ,
166 1740 434 1812 liquerat,
477 1740 711 1813 fugitivze
742 1750 871 1797 tunc
893 1739 1120 1797 Valeria:
1169 1739 1467 1795 familiaris.
1499 1736 1682 1793 Altera
1708 1737 1792 1793 vi-

179 1848 306 1889 rum
337 1832 528 1890 habuit
554 1844 878 1901 senatorem,
910 1848 1014 1889 non
1043 1831 1204 1889 nimis
1235 1834 1487 1903 Auguste
1515 1831 1786 1901 proxima.
1815 1851 1867 1913 Β

95 1908 117 1928 ί
179 1923 297 1982 Sed
339 1934 565 1996 utraque
603 1926 674 1981 ob
701 1925 953 1981 eximiam
984 1923 1436 1996 pulchritudinem
1464 1921 1705 1993 corporis
1725 1937 1791 1979 ac

181 2017 503 2091 pudicitiam
532 2018 841 2074 necabatur.
860 2017 1157 2089 Rapiuntnr
1172 2017 1348 2074 subito
1376 2016 1646 2084 mulieres,
1680 2030 1790 2071 non

178 2111 253 2167 ad
275 2110 564 2182 judicium,
587 2109 682 2165 sed
704 2110 771 2165 ad
793 2110 1184 2189 lactrocinium.
1207 2107 1318 2165 Nec
1336 2109 1479 2164 enim
1508 2108 1790 2178 quisquam

170 2214 468 2263 accusator
501 2205 738 2271 extabat.
790 2203 1063 2259 Invenitur
1099 2202 1323 2275 quidam
1345 2201 1563 2258 Iudaeus
1590 2202 1660 2257 ob
1689 2201 1792 2257 alia

172 2297 425 2353 facinora
451 2281 602 2364 reus,
627 2297 720 2367 qui
746 2310 842 2367 spe
865 2295 1196 2367 impunitatis
1232 2294 1503 2361 inductus,
1534 2293 1793 2350 adversus

173 2390 430 2447 insontes
462 2388 774 2453 mentiatur,
805 2387 976 2444 Iudex
1004 2401 1191 2458 :equus
1209 2394 1265 2441 et
1287 2385 1515 2457 diligens
1540 2394 1692 2441 extra
1711 2385 1791 2440 ci-

175 2481 407 2539 vitatem
423 2495 547 2537 cum
560 2480 831 2552 praesidio,
870 2494 940 2535 ne
970 2478 1241 2550 lapidibus
1294 2477 1579 2545 obruatur,
1606 2484 1794 2547 protu-

158 2567 254 2632 lit.
284 2575 568 2647 Agebatur
597 2574 715 2631 haec
759 2572 1023 2645 tragmdia
1056 2572 1267 2628 Nicaeae.
1319 2570 1637 2642 lnrogantur
1676 2578 1791 2624 tor-

157 2680 353 2729 menta
377 2669 595 2739 Judteo,
630 2670 757 2726 dum
786 2684 908 2741 quae
927 2670 1111 2739 jussus
1141 2665 1293 2740 [erat
1318 2666 1556 2733 diceret;
1585 2665 1671 2739 lue
1700 2662 1791 2737 ne]

160 2762 549 2836 loquerentur,
585 2762 779 2834 pugnis
813 2777 845 2818 a
890 2760 1191 2817 tortoribus
1234 2766 1600 2816 coercentur:
1638 2758 1798 2813 inno-

1878 546 2086 595 tantum
2108 538 2306 607 mariti,
2334 538 2425 610 qui
2446 538 2631 595 aderat
2650 541 2788 597 bene
2813 543 3018 598 meritae
3041 544 3217 610 uxori,
3246 543 3342 600 sed
3370 558 3485 599 om-

1877 629 2048 699 nium,
2078 646 2213 704 quos
2234 647 2323 688 res
2348 632 2566 704 indigna
2591 643 2645 689 et
2666 633 2902 691 inaudita
2923 644 3287 692 contraxerat.
3318 645 3397 692 Ac
3419 652 3486 693 ne

1877 723 2082 797 impetu
2132 726 2314 797 populi
2362 726 2430 782 de
2489 727 2803 783 carniﬁcum
2853 729 3103 786 manibus
3144 739 3484 800 raperentur,

1878 820 2112 890 promoti
2159 819 2379 875 militari
2428 818 2591 876 modo
2626 821 2874 877 instructi
2926 822 3115 878 velites
3145 830 3201 879 et
3225 821 3487 892 sagittarii

1879 921 2299 982 prosequuntur.
2332 911 2406 966 Ita
2434 911 2628 966 mediae
2672 912 2812 967 inter
2835 927 3036 968 cuneos
3063 921 3391 970 armatarum
3417 913 3485 969 ad

1881 1005 2200 1076 supplicium
2213 1005 2479 1062 deductae.
2509 1007 2917 1077 Jacuissentque
2941 1007 3244 1079 insepultae,
3272 1008 3490 1065 domes-

1885 1098 2007 1153 ticis
2029 1098 2081 1153 in
2110 1097 2287 1169 fugam
2320 1100 2511 1164 versis,
2536 1097 2638 1152 nisi
2659 1112 2750 1153 eas
2775 1098 2967 1154 furtiva
3000 1100 3293 1156 amicorum
3325 1102 3490 1157 mise-

1883 1188 2110 1245 ricordia
2140 1189 2440 1260 sepelisset.
2493 1188 2606 1244 Nec
2633 1188 2880 1246 adultero
2909 1191 3198 1262 impunitas
3226 1191 3486 1262 promissa

1883 1280 2248 1352 persolvitur:
2286 1279 2382 1335 sed
2408 1279 2645 1348 patibulo
2666 1279 2878 1348 affixus,
2914 1283 3126 1351 aperuit
3154 1297 3316 1338 omne
3343 1298 3490 1354 mys-

1888 1373 2105 1437 terium,
2136 1381 2192 1429 et
2218 1373 2319 1428 sub
2366 1383 2610 1428 extremo
2652 1374 2843 1443 spiritu
2882 1374 3055 1444 inquit
3095 1373 3368 1442 omnibus,
3396 1376 3490 1446 qui

1887 1464 2162 1536 videbant,
2197 1462 2305 1537 [ac]
2333 1464 2648 1521 innocentes
2675 1475 2730 1521 et
2750 1466 2956 1522 occisas
2981 1480 3105 1523 esse
3131 1475 3375 1523 testatur.

2606 1575 2741 1634 XLI.

1962 1697 2200 1767 Augusta
2255 1710 2388 1752 vero
2446 1695 2499 1753 in
2553 1694 2798 1751 desertas
2847 1695 3107 1767 quasdam
3163 1697 3486 1754 solitudines

1893 1786 2069 1861 Syriae
2081 1788 2342 1859 relegata,
2363 1799 2567 1858 patrem
2599 1803 2755 1843 suum
2782 1788 3165 1844 Diocletianum
3191 1804 3286 1860 per
3310 1790 3488 1845 occul-

1895 1888 1979 1936 tos
2008 1895 2235 1952 gnarum
2264 1879 2587 1936 calamitatis
2614 1894 2726 1935 suae
2754 1878 2903 1934 fecit.
2931 1878 3092 1935 Mittit
3117 1879 3207 1937 ille
3235 1881 3442 1952 legatos
3463 1923 3480 1950 ,

1894 1983 1950 2030 et
1974 1983 2127 2046 rogat
2157 1984 2214 2031 ut
2254 1974 2320 2030 ad
2349 1990 2409 2032 se
2432 1964 2614 2030 tiliam
2653 1974 2912 2030 remittat.
2943 1973 3086 2030 Nihil
3115 1975 3347 2047 proficit.
3378 1974 3484 2031 lte—
3505 1968 3541 1989 ί

1893 2081 2014 2128 rum
2042 2081 2106 2121 ac
2126 2067 2322 2137 saepius
2366 2066 2635 2122 obsecrat.
2679 2065 2797 2122 Non
2840 2067 3151 2123 remittitur.
3198 2068 3484 2124 Postremo

1894 2171 2180 2230 cognatum
2230 2175 2387 2215 suum
2432 2160 2719 2231 quemdam
2781 2144 3067 2216 militarem
3113 2177 3176 2217 ac
3210 2171 3489 2233 potentem

1895 2252 2068 2306 virum
2098 2251 2274 2321 legat,
2304 2252 2393 2321 qui
2423 2268 2545 2307 eum
2578 2252 2961 2309 beneficiorum
2992 2268 3212 2309 suorum
3240 2253 3490 2310 admoni-

1897 2351 2010 2398 tum
2059 2343 2398 2413 deprecetur.
2447 2343 2498 2398 Is
2526 2359 2779 2416 quoque,
2832 2343 3143 2416 imperfecta
3190 2346 3487 2417 legatione,

1896 2433 2080 2490 irritas
2105 2449 2290 2506 preces
2312 2435 2596 2492 renuntiat.

2614 2504 2769 2604 XLll.

1966 2663 2279 2735 Eodemque
2311 2672 2553 2735 tempore
2586 2664 2735 2719 senis
2772 2663 3079 2720 Maximiani
3122 2675 3313 2721 statua:
3348 2664 3490 2723 Con-

1903 2757 2123 2813 stantini
2140 2758 2292 2829 jussu
2319 2758 3078 2830 revellebantur,etimagines
3098 2774 3222 2817 cum
3249 2778 3356 2833 quo
3379 2764 3493 2834 pic-

1490 2872 1856 2932 VARIORUM
1890 2872 2121 2930 NOTAE.

237 2998 481 3054 Comites.
504 2996 604 3054 Hic
621 2996 863 3055 feminini
885 2996 1119 3068 generis.

1967 2989 2213 3063 Instructi
2238 2990 2407 3045 velites
2436 3000 2481 3046 et
2523 2990 2776 3061 sagittarii
2811 3001 3206 3062 prosequuntur.
3254 2991 3341 3048 Sic
3371 2993 3491 3063 lego

236 3070 421 3141 Ipsam
441 3086 555 3124 cum
572 3079 730 3124 matre
748 3071 803 3123 in
826 3061 1262 3141 exiliumrelegat.
1285 3065 1554 3141 Valeriam
1578 3077 1772 3130 nempe
1799 3078 1846 3141 ο
1875 3076 1997 3117 cum
2032 3061 2443 3141 _Baluzio._i_nter
2483 3076 2594 3117 sua;
2636 3063 2888 3141 editionis
2929 3061 3125 3141 errata,
3170 3078 3290 3118 cum
3338 3064 3405 3118 sit
3429 3061 3488 3141 in

154 3137 289 3198 cum
316 3141 506 3197 Prisca
537 3141 853 3196 Diocletiani
874 3155 1063 3205 uxore,
1094 3137 1170 3194 de
1187 3153 1293 3209 qua
1321 3137 1565 3210 pluribus
1590 3144 1770 3191 actum

152 3223 249 3269 est
271 3212 339 3267 ad
368 3227 494 3281 cap.
526 3213 613 3267 15.
647 3210 851 3281 Ipsam,
877 3214 928 3265 in
961 3225 1062 3265 ms.
1091 3210 1228 3280 ipsa.

243 3283 456 3337 Amicas
483 3284 619 3350 eius.
640 3283 861 3338 Scilicet
890 3281 1133 3336 Valeriae.

238 3355 443 3425 Aﬁicta.
475 3354 577 3408 Ms.
598 3354 803 3425 amicta,
824 3362 1108 3425 corrupte.
1143 3405 1177 3425 Α.

241 3420 572 3494 suspicatur.
620 3420 710 3481 Sic
754 3426 808 3478 in
859 3439 962 3478 ms.
992 3420 1157 3479 'Editi
1209 3436 1341 3478 vero
1392 3420 1772 3494 suspicabatur.

155 3496 499 3555 Maximinus
524 3495 729 3552 scilicet
746 3495 1059 3566 suspicatur.

241 3586 514 3642 Eratinea.
561 3585 740 3641 Locus
788 3574 999 3639 videtur
1044 3592 1366 3652 corruptus:
1398 3580 1651 3652 Praesidis
1680 3594 1781 3635 no-

156 3630 306 3717 men.
321 3630 812 3714 13.23274
1046 3630 1782 3721 iiiiiiib",'tit's'ii'e}§aeain
1886 3630 2034 3721 “'59:

161 3732 450 3808 ἐρατεινὸν,
472 3729 615 3799 quod
635 3728 778 3783 idem
799 3743 861 3782 ac
881 3729 1141 3856 lfa'wptoc.
1167 3728 1418 3781 Attamen
1436 3723 1785 3806 Heumannus

160 3804 295 3858 loco
311 3798 559 3856 Eratinea
574 3800 879 3870 suspicatur
924 3800 1190 3869 egendum
1216 3811 1337 3852 esse
1349 3804 1610 3870 protinus,
1640 3792 1786 3870 quod

156 3873 405 3928 verbum
431 3866 710 3927 Lactantio
754 3879 839 3925 est
883 3866 1166 3938 familiare,
1209 3877 1268 3923 ut
1313 3866 1524 3922 videtur
1563 3866 1788 3935 hujusce

157 3945 297 4001 libri
326 3959 448 4013 cap.
475 3942 568 4011 29,
598 3942 667 4013 50
695 3949 750 3997 et
767 3941 859 4013 39.

162 4007 563 4158 ﬁrFamulom.
596 4012 850 4069 Nonnulli
885 4012 1068 4085 legere
1115 4009 1307 4067 volunt
1340 4007 1465 4080 jure
1493 4022 1558 4063 ac
1594 4008 1790 4064 merito

238 4102 369 4142 iam.

238 4102 369 4142 tam.

250 4178 537 4250 Fugitiate.
568 4177 626 4250 in
657 4193 762 4233 ms.
791 4176 996 4248 furtiue,
1029 4174 1190 4250 male.

253 4250 309 4304 Ν
314 4239 382 4306 υἷι
401 4251 553 4305 nimis
569 4239 819 4321 Augustae
833 4239 1101 4321 proxima.
1114 4246 1193 4321 _lta
1211 4255 1293 4300 ms
1306 4280 1319 4295 .
1341 4239 1595 4296 Nonnulli
1616 4239 1795 4320 legere

164 4322 373 4378 volunt
401 4339 504 4376 nan
524 4318 726 4388 minus;
754 4320 844 4375 alii
870 4336 973 4391 uan
995 4318 1145 4391 nihil.

256 4391 579 4447 Necabalur.
613 4392 711 4446 Ms.
743 4389 1072 4454 necabantur.

254 4462 532 4519 Invenitur
557 4463 765 4534 quidam
794 4460 1033 4535 Judteus,
1065 4469 1169 4516 etc.
1198 4456 1732 4535 Non_hoc___pri_mum
1762 4468 1792 4535 a

166 4536 479 4593 Maximino
536 4525 832 4590 inventum.
898 4533 1191 4587 Prmiverat
1247 4529 1388 4584 enim
1432 4525 1516 4583 illi
1546 4529 1627 4581 vir
1666 4525 1794 4580 boni

172 4606 428 4677 exempli
458 4604 623 4673 Nero,
650 4620 772 4660 cum
812 4604 1099 4677 Octaviani
1116 4616 1337 4677 uxorein
1362 4596 1795 4677 repudiare__vel-

167 4680 261 4737 let
283 4668 856 4747 in'graliam’l’oppea:
884 4674 1039 4747 Vide:
1057 4673 1228 4747 'l'acit.
1249 4672 1342 4747 lib.
1374 4686 1463 4725 xiv
1488 4668 1793 4724 Annalium.

254 4742 441 4804 ludia:
468 4763 643 4818 (equus
670 4742 724 4800 ei
745 4742 980 4816 diligens.
1012 4743 1218 4801 lronice
1244 4742 1467 4796 dictum.

261 4839 553 4895 Obruatur.
578 4837 797 4894 Scilicet
817 4851 848 4891 a
867 4834 1094 4898 civibus,
1116 4835 1206 4904 qui
1233 4828 1796 4904 earuin‘innocentiam

168 4918 492 4975 noverant;
521 4909 607 4964 vel
630 4908 787 4975 forte,
810 4921 879 4962 ne
907 4899 1150 4962 Judaeus'
1167 4905 1284 4974 ipse
1311 4902 1381 4958 ob
1409 4899 1601 4958 falsum
1641 4902 1796 4957 testi-

173 4981 442 5040 monium
472 4979 740 5050 lapidibus
766 4979 1040 5050 obruatur.

260 5051 458 5107 Iussus
488 5043 596 5105 erat
625 5052 846 5113 diceret;
888 5049 967 5103 lue
993 5063 1056 5101 ne
1076 5049 1420 5114 loquerentur.
1447 5043 1538 5099 Sic
1567 5043 1800 5099 restituit

174 5125 417 5180 criticus
458 5120 913 5194 anonymus,_qui
952 5133 1053 5194 ms.
1086 5115 1487 5194 inspexeratin
1528 5130 1798 5194 quoqua-

177 5194 499 5255 tuordecim
526 5187 742 5248 circiter
765 5187 973 5246 'de'sunt
1008 5190 1220 5244 litterae.
1266 5189 1368 5243 Alii
1400 5188 1584 5255 legunt
1626 5187 1801 5249 iussus

179 5268 336 5336 clam,
367 5274 504 5333 erat,
548 5264 764 5336 palant,_
784 5270 840 5336 et
875 5263 954 5336 sic
994 5261 1277 5336 legendum
1312 5272 1448 5336 esse
1480 5258 1803 5336 conjiciebat

183 5327 686 5392 doctissimus'Nic.
722 5332 992 5389 Heinsius.
1019 5327 1090 5386 A't
1126 5333 1182 5386 in
1226 5344 1329 5386 ms.
1351 5330 1452 5401 legi
1476 5327 1801 5400 loquerentur

185 5416 255 5464 et
283 5417 592 5472 coercentur,
622 5422 742 5475 qua:
771 5404 917 5475 nolui
948 5411 1174 5475 mutare.

269 5476 541 5534 labatur.
570 5474 749 5543 Adde,
779 5474 847 5531 ad
872 5474 1213 5546 supplicium.

274 5549 517 5606 Tantum.
540 5551 642 5606 Ms.
675 5548 824 5603 tanti.

268 5620 632 5679 Contr-amrin.
661 5618 721 5676 1d
744 5627 847 5685 est,
878 5617 1232 5674 advocaverat
1258 5614 1326 5671 ad
1353 5614 1739 5687 spectaculum.

269 5693 531 5751 Manibus.
562 5694 626 5749 In
655 5706 760 5747 ms.
787 5705 989 5744 manus.
1216 5708 1225 5711 '

272 5765 527 5824 Promoti'.
560 5763 662 5822 Vel
685 5760 961 5833 progressi,
987 5758 1073 5833 vel
1096 5766 1153 5812 ut
1172 5758 1355 5814 volunt
1374 5755 1615 5833 quidam,
1639 5755 1805 5814 duces

190 5838 475 5917 militares,
506 5838 605 5918 qui
621 5828 697 5897 ad
713 5828 934 5895 ordines
954 5828 1161 5911 priores
1183 5828 1413 5907 promati
1440 5835 1586 5887 sunt.

1880 3132 2363 3199 ms.,instructibile
2393 3149 2534 3187 mens
2575 3134 2884 3204 essagittari,
2926 3135 3071 3188 nullo
3107 3149 3289 3201 sensu,
3326 3145 3383 3190 et
3419 3136 3492 3189 sit

1880 3204 2021 3276 idem
2066 3205 2363 3259 litterarum
2399 3218 2690 3276 numerus.
2738 3204 2902 3276 Recte
2930 3205 3074 3259 enim
3114 3205 3201 3259 hic
3241 3205 3485 3276 (inquit)

1880 3275 2280 3345 coniunguntur
2329 3275 2500 3347 velites
2542 3281 2598 3331 et
2630 3275 2902 3346 sagittarii,
2956 3290 3077 3331 cum
3128 3276 3337 3347 utrique
3381 3275 3489 3333 sint

1882 3347 2018 3401 levis
2043 3354 2328 3400 armatura:
2356 3346 2575 3400 milites.

1954 3415 2355 3489 Iacuissentque.
2393 3414 2471 3471 lta
2509 3431 2614 3472 ms.
2644 3425 2699 3473 et
2726 3426 2893 3473 recte.
2921 3417 3082 3473 Deest
3101 3434 3199 3486 que
3224 3418 3276 3473 in
3301 3417 3490 3489 priscis

1883 3486 2228 3544 editionibus.

1957 3558 2224 3613 Adultera.
2265 3557 2481 3614 Scilicet
2507 3557 2714 3615 Judazo.
2759 3560 3027 3626 Adultera,
3071 3559 3126 3615 in
3165 3573 3290 3628 ms,
3338 3559 3489 3615 adul-

1959 3700 2192 3771 Aperuit.
2224 3698 2572 3757 Heumannus
2596 3700 2725 3771 legit
2750 3701 2932 3770 aperit.

1963 3770 2159 3840 Inquit.
2190 3771 2289 3826 Ms.
2322 3774 2375 3825 in
2420 3772 2577 3837 quod.
2634 3771 2917 3827 liedundat
2976 3772 3080 3826 hoc
3111 3770 3332 3825 verbum
3356 3810 3372 3833 ,
3401 3772 3484 3826 vel

1890 3843 2203 3899 mutandum
2234 3852 2292 3897 ut
2317 3841 2544 3898 fecimus
2567 3884 2583 3909 ,
2612 3858 2734 3897 cum
2764 3842 3038 3898 additione
3065 3841 3487 3911 eonjunetionis,

1891 3931 1952 3968 ac
1969 3928 2095 3984 qua:
2119 3915 2274 3969 deest
2309 3914 2361 3968 in
2394 3929 2497 3968 ms.
2540 3913 2696 3983 quasi
2724 3913 2961 3979 diceret,
3008 3913 3103 3967 sub
3131 3923 3354 3968 extremo
3379 3914 3488 3983 spi-

1892 3986 1997 4040 ritu
2018 3986 2219 4039 locutus
2247 3996 2319 4039 est
2342 4026 2357 4050 ,
2388 3989 2464 4039 uel
2490 3986 2562 4038 ait
2586 3984 2819 4041 omnibus
2842 3985 2930 4056 qui
2950 3986 3183 4039 videbant
3200 4023 3215 4050 ,
3237 4000 3300 4037 ac
3338 3984 3488 4038 inno-

1898 4066 2067 4112 centes
2092 4056 2286 4110 accisas
2306 4071 2413 4109 esse
2436 4064 2666 4113 testatur.

1969 4127 2222 4197 Augusta.
2250 4126 2462 4182 Valeria
2491 4141 2685 4196 nempe
2703 4168 2718 4194 ,
2737 4126 2934 4183 Galerii
2962 4125 3270 4182 Maximiani
3303 4125 3481 4182 vidua.

1969 4197 2219 4253 Gnarum.
2244 4197 2340 4252 Ms.
2373 4214 2695 4267 magnarum,
2725 4197 2885 4253 male.

1971 4268 2312 4323 Calamitatis.
2335 4270 2390 4324 in
2420 4283 2520 4322 ms.
2548 4310 2564 4335 ,
2586 4271 2921 4323 calamitates.

1971 4339 2299 4409 Deprecetur.
2324 4339 2421 4395 Ms.
2476 4338 2811 4409 Deprecatur.
2841 4368 2914 4381 —
2932 4408 2939 4409 ί
2957 4336 3282 4407 Deprecetnr.
3312 4338 3483 4394 Valde

1900 4408 2171 4482 precetur.
2202 4411 2314 4465 Cic.
2349 4411 2439 4465 lib.
2473 4426 2511 4465 ll
2534 4408 2735 4482 ,cpist.
2765 4409 2835 4482 24
2857 4427 2880 4482 γε
2911 4408 3130 4478 Legatos
3144 4420 3348 4464 senatus
3379 4426 3482 4482 non

1818 4482 1872 4543 D
1896 4481 1966 4552 ad
1985 4481 2359 4552 deprecandam
2381 4498 2586 4549 pacem,
2614 4480 2704 4536 sed
2724 4481 2809 4539 .ad
2840 4481 3034 4552 bellum
3078 4480 3481 4552 denuntiandum

1901 4550 2125 4606 miserat.
2154 4582 2224 4592 —
2264 4550 2591 4622 Deprecetur.
2645 4552 2768 4614 Ms.,
2813 4550 3131 4622 deprecatur.
3162 4550 3297 4622 Illud
3331 4551 3480 4622 prius

1899 4624 2139 4691 rectius,
2192 4637 2292 4693 pro
2343 4621 2592 4690 precetur,
2643 4637 2710 4676 ex
2759 4621 2939 4693 indole
2979 4621 3238 4693 Lactantii
3267 4662 3281 4684 ,
3327 4621 3503 4690 cujus-

1900 4698 2146 4763 exempla
2175 4691 2399 4748 indicari
2422 4693 2489 4763 ad
2517 4693 2610 4747 lib.
2634 4708 2690 4747 ιιι
2718 4692 2890 4747 lnstit.
2921 4706 3041 4759 cap.
3072 4691 3163 4763 l7.
3192 4691 3323 4746 Bon.

1973 4761 2279 4835 [inperfecta
2309 4762 2574 4835 legatione.
2611 4763 2689 4818 Ita
2732 4778 2834 4835 ms.
2885 4761 3127 4835 nonnulli
3150 4762 3346 4835 eruditi
3376 4761 3479 4835 legi

1899 4832 2187 4902 volebant,
2223 4832 2446 4907 perfecta
2493 4833 2764 4907 legatione.
2794 4834 2966 4900 Quam
2997 4832 3237 4887 ultimam
3291 4834 3478 4888 lectio-

1900 4852 2187 4902 vmebant,
2223 4852 2446 4907 perlecta
2493 4852 2764 4959 legatione.
2794 4852 2966 4900 uuam
2997 4852 3237 4887 ιιιιιῐῐιειηι
3291 4852 3478 4888 ιθαιιο·

1900 4924 2026 4965 nem
2076 4908 2231 4963 valde
2289 4905 2480 4976 probat
2577 4919 2913 4960 unemannus
2938 4914 3122 4976 notam
3164 4913 3478 4974 sequentem

1900 4974 2304 5034 exliiheus:—-_
2341 4975 2581 5046 Perfecta
2633 4978 2899 5046 legatione.
2943 4974 3033 5032 Sic
3085 4976 3307 5030 omnino
3356 4990 3481 5031 cum

1900 5049 2120 5106 Heinsio
2168 5045 2458 5119 legendum
2480 5062 2575 5119 pro
2602 5047 2729 5102 edd.
2753 5063 2819 5102 ex
2840 5062 2947 5119 ins.
2999 5045 3348 5117 imperfecta;
3379 5048 3481 5103 nisi

1899 5121 2058 5175 malis
2077 5161 2093 5186 ,
2111 5116 2243 5191 jam'
2259 5116 2493 5189 perfecta
2521 5118 2805 5191 legatione:
2837 5117 2969 5172 Bon.

1976 5188 2269 5257 Eodemque
2291 5200 2532 5260 tempore.
2558 5189 2632 5244 lta
2660 5205 2760 5244 ms.
2781 5189 2893 5244 Duo
2913 5188 3110 5247 eruditi
3129 5188 3229 5244 viri
3258 5190 3481 5260 vellent,

1902 5262 2075 5319 eodem
2101 5277 2294 5332 quoque
2315 5272 2556 5329 tempore.

1976 5334 2147 5390 Senis.
2171 5333 2227 5388 In
2257 5347 2359 5387 ms.
2388 5349 2561 5387 senem.

1974 5405 2300 5459 Maximiani.
2330 5403 2566 5460 Herculii
2587 5418 2798 5475 nempe.

1978 5474 2130 5531 Senis
2182 5475 2487 5528 Maximiani
2532 5473 2781 5530 statuisti"
2837 5474 3225 5531 recellebantur.
3277 5473 3485 5529 Confir-

1903 5555 2120 5603 mantur
2147 5547 2213 5601 ab
2237 5545 2503 5613 Eusebio,
2536 5547 2661 5601 bist.
2708 5546 2853 5601 Eccl.
2916 5547 3010 5601 lib.
3042 5562 3167 5610 Vill,
3221 5560 3337 5613 cap.
3375 5544 3483 5606 l5;

1906 5616 2597 5689 lib.iiVithonstanting
2648 5632 2767 5689 cap.
2809 5618 2899 5684 47,
2943 5617 3011 5672 de
3062 5618 3259 5687 quibus
3302 5614 3487 5683 dispu-

1906 5698 2020 5744 tant
2047 5688 2296 5743 Baluzius
2324 5686 2638 5743 et'Nurrius.
2675 5688 2805 5743 Buu.

1979 5760 2240 5829 Imagines
2270 5774 2384 5812 cum
2408 5774 2509 5825 qua
2536 5760 2698 5829 pictus
2721 5769 2869 5829 esset.
2898 5756 2974 5813 Ita
2998 5756 3343 5829 mscabsque
3379 5753 3493 5821 ulla

1907 5826 2118 5891 lacuna}
2146 5830 2276 5891 Post
2302 5826 2579 5909 imagines,
2608 5828 2819 5892 videtur
2843 5828 3032 5888 deesse
3057 5826 3218 5889 illius.
3260 5826 3293 5911 μ
