3800 6250
124 248 217 305 961

1200 240 1292 297 AI)
1335 238 1665 299 nonnon
1703 211 2227 297 consessontéu.

3256 234 3367 295 16!

126 360 344 421 Laicudas
371 355 698 421 novembris;
738 315 795 409 et
839 354 1256 426 quinquennalia
1301 356 1665 410 terminaban-
1690 353 1747 416 Α
1771 367 1959 424 magna
1987 354 2218 409 Senatus
2248 352 2543 423 populique
2583 351 2815 409 Romani
2866 349 3051 411 ltetitia
3082 315 3365 422 susceptus

126 467 213 510 tur.
242 450 583 509 Commonitus
612 456 691 504 est
716 446 770 502 in
797 448 983 523 quiete
1007 447 1395 504 Constantinus
1413 488 1434 515 ,
1463 456 1523 504 ut
1548 462 1664 505 cm-

125 550 239 604 leste
262 526 454 619 signum
486 542 575 598 Dei
600 550 806 603 notaret
853 542 907 597 in
961 541 1131 599 sentis
1156 581 1172 608 ,
1214 550 1379 613 atque
1422 541 1496 597 ita
1520 556 1665 611 pra:-

82 628 83 639 “
124 640 232 694 lium
259 635 617 692 committeret.
646 632 796 689 Fecit
846 642 906 688 ut
940 631 1118 705 justus
1160 643 1274 702 est,
1306 643 1362 689 et
1391 642 1666 693 tranversa

125 728 366 805 Xlittcra,
398 741 602 783 summo
651 726 823 795 capite
879 724 1261 792 circumﬂexo,
1313 724 1586 783 Christum
1612 725 1668 783 in

125 822 265 879 scutis
287 828 439 875 notat.
468 817 581 888 Quo
601 817 755 889 signo
779 827 1018 873 armatus
1042 817 1317 874 exercitus
1356 818 1503 888 capit
1552 817 1666 875 fer-

127 931 242 971 rum.
270 910 496 969 Procedit
524 909 693 966 bosds
728 908 937 965 obviam
975 911 1095 966 sine
1124 910 1450 981 imperatore
1473 951 1489 976 ,
1535 926 1668 982 pon-

128 1017 305 1079 temquc
332 1000 745 1073 transgreditur.“
786 1002 946 1057 Acies
984 1002 1098 1072 pari
1152 1001 1331 1059 fronte
1371 1004 1665 1060 concurrit.

130 1100 308 1155 Summa
337 1096 381 1150 vi
409 1094 654 1165 utrinque
682 1105 965 1165 pugnatur.
992 1094 1179 1166 Neque
1212 1095 1297 1151 bis
1329 1094 1451 1167 l‘uga
1497 1107 1623 1153 nota
1645 1137 1663 1165 ,

128 1206 269 1261 neque
290 1189 403 1244 illis.
427 1186 509 1245 Fit
531 1188 585 1242 in
617 1186 751 1243 urbe
776 1187 973 1242 seditio
997 1229 1012 1253 ,
1040 1196 1096 1243 et
1138 1187 1247 1243 dux
1284 1189 1662 1260 increpitatur,

127 1286 246 1342 velut
262 1283 485 1339 desertor
509 1280 702 1338 salutis
731 1281 978 1351 publieae.
1009 1280 1255 1353 Tumque
1301 1292 1527 1352 repente
1572 1297 1671 1353 p0-

126 1378 256 1449 pulns
291 1374 580 1446 (Circenses
610 1371 755 1427 enim
788 1372 949 1426 natali
981 1386 1083 1428 suo
1111 1371 1349 1444 edebat),
1383 1388 1515 1430 voce
1539 1374 1670 1430 sub-

126 1469 315 1539 clamat,
344 1464 744 1521 Constantinum
776 1463 917 1519 vinci
942 1478 1053 1520 non
1080 1478 1259 1534 posse.

179 1561 275 1629 Qua
297 1574 416 1623 voce
440 1566 819 1617 consternatus
850 1557 1079 1631 proripit
1103 1573 1185 1625 se,
1226 1573 1290 1614 ac
1315 1559 1518 1616 vocatis
1547 1559 1671 1631 qui-

81 1666 93 1685 '
127 1653 311 1710 busdam
335 1650 702 1720 Senatoribus,
743 1651 910 1707 libros
941 1651 1237 1724 Sibyllinos
1264 1653 1455 1723 inspici
1489 1652 1667 1723 jubet,

1770 445 2073 517 Imperator
2117 443 2546 512 Constantinus,
2604 443 2883 500 Maximini
2928 442 3207 514 perﬁdiam
3264 456 3366 497 co-

1768 540 2006 611 gnoscit,
2036 539 2241 596 litteras
2260 536 2646 610 deprehendit,
2669 547 2877 594 statuas
2901 547 2958 594 et
2988 537 3250 608 imagines
3279 537 3364 592 inc

1768 633 1939 690 venit.
1997 632 2228 690 Senatus
2275 632 2655 701 Constantino,
2698 634 2914 690 virtutis
2961 633 3155 703 gratia,
3206 631 3370 703 primi

1772 724 2010 781 nominis
2041 723 2254 780 titulum
2287 723 2553 791 decrevit,
2584 738 2744 794 quem
2772 722 2873 779 sibi
2904 723 3225 780 Maximinus
3253 722 3372 779 vin-

1771 815 2007 884 dicabat,
2047 816 2114 871 ad
2145 830 2303 887 quem
2332 816 2556 871 victoria
2582 815 2825 871 liberatae
2850 815 3007 871 Urbis
3034 830 3199 886 quum
3230 814 3371 872 fuis-

1772 917 1858 967 set
1897 909 2080 976 allata,
2113 924 2223 965 non
2266 908 2427 965 aliter
2462 907 2712 978 accepit,
2752 923 2912 979 quam
2949 909 2997 964 si
3038 908 3154 979 ipse
3191 912 3372 967 vietus

1772 1012 1936 1060 esset.
1964 1001 2196 1074 Cognito
2232 1001 2434 1058 deinde
2479 1001 2716 1058 Senatus
2757 1001 3001 1069 decreto,
3048 1001 3128 1057 sic
3168 1003 3375 1059 exarsit

1771 1095 1983 1163 dolore,
2028 1105 2092 1152 ut
2129 1096 2441 1152 inimicitias
2483 1105 2672 1166 aperte
2713 1096 3078 1166 prollteretur,
3128 1097 3373 1152 convicia

1768 1186 1907 1257 iocis
1930 1187 2094 1244 mixta
2115 1187 2376 1245 adversus
2404 1187 2787 1259 imperatorem
2813 1188 3111 1245 maximum
3138 1188 3366 1247 diceret.

2488 1316 2650 1378 XLV.

1844 1461 2250 1527 Constantinus,
2292 1458 2457 1516 rebus
2497 1458 2555 1513 in
2599 1457 2745 1515 Urbe
2794 1458 3133 1529 compositis,
3179 1457 3374 1531 hyeme

1773 1557 2020 1628 proxima
2050 1553 2410 1610 Mediolanum
2436 1551 2735 1608 contendit.
2771 1550 2979 1607 Eodem
3007 1551 3245 1609 Licinius
3272 1551 3374 1606 ad-
3397 1540 3423 1562 ’

1772 1651 1945 1717 venit,
1976 1658 2035 1704 ut
2063 1648 2336 1718 acciperet
2378 1660 2625 1701 uxorem.
2667 1643 2992 1701 Maximinus
3032 1645 3121 1702 ubi
3154 1660 3250 1701 eos
3287 1645 3374 1701 in-

126 1746 169 1800 in
188 1744 350 1814 quibus
372 1749 644 1813 repertum
676 1749 778 1810 est,
813 1741 908 1796 illo
933 1740 1022 1798 die
1047 1741 1258 1800 hostem
1296 1742 1664 1807 Romanorum
1695 1750 1747 1812 Β
1774 1744 1983 1801 tellexit
2016 1742 2326 1814 nuptiarum
2357 1739 2696 1797 solemnibus
2735 1746 3050 1809 occupatos,
3079 1737 3376 1794 exercitum

125 1854 221 1895 esse
250 1837 544 1909 periturum.
575 1836 697 1905 Quo
727 1849 989 1909 responso
1019 1836 1071 1892 in
1111 1851 1266 1908 spem
1296 1837 1545 1913 .ViCIOI'iKB
1586 1840 1668 1895 in-

123 1932 280 1999 ductus
306 1930 559 2006 procedit,
601 1930 660 1985 in
701 1930 875 1987 aciem
910 1930 1075 1985 venit.
1118 1930 1263 1987 Pons
1304 1946 1338 1986 a
1373 1942 1524 2003 tergo
1550 1933 1667 2004 ejus

122 2023 360 2081 scinditur.
403 2023 479 2087 Eo
520 2022 663 2089 viso,
710 2035 885 2093 pugna
915 2021 1208 2091 crudescit,
1239 2030 1295 2078 et
1334 2039 1527 2083 manus
1572 2025 1668 2083 Dei

120 2124 356 2187 supererat
399 2116 553 2174 aciei.
601 2114 975 2172 Maxentianus
1030 2125 1399 2185 proterretur;
1444 2117 1561 2187 ipse
1611 2119 1665 2175 in

122 2209 267 2283 fugam
293 2224 467 2265 versus
504 2217 766 2280 properat
803 2207 871 2261 ad
912 2216 1167 2278 pontem,
1198 2208 1289 2280 qui
1328 2208 1665 2279 interruptus

82 2314 83 2319 ‘
118 2313 225 2371 erat,
248 2318 305 2360 ac
330 2302 670 2373 multitudine
704 2301 1024 2373 fugientium
1043 2302 1308 2372 ‘pressus,
1339 2302 1392 2359 in
1422 2302 1663 2360 Tiberim

117 2365 690 2457 deturbaturYCnnlecto
720 2365 939 2453 tandem
967 2365 1319 2459 acerbissimo
1346 2397 1511 2464 bello,
1541 2413 1664 2456 cum

1774 1838 1943 1894 movit
1969 1852 2002 1893 e
2027 1835 2206 1907 Syria,
2239 1833 2437 1905 hyeme
2469 1847 2635 1904 quam
2660 1846 2784 1888 cum
2815 1832 3052 1887 maxime
3089 1831 3371 1897 saeviente,

1773 1945 1830 1992 et
1874 1931 2241 1989 mansionibus
2279 1929 2605 2001 geminatis,
2653 1927 2706 1984 in
2736 1926 3044 1999 Bithyniam
3074 1927 3371 1992 concurrit,

1771 2027 2052 2086 debilitate
2077 2023 2309 2097 agmine.
2352 2023 2490 2080 Nam
2522 2022 2773 2079 maximis
2812 2021 3103 2089 imbribus,
3132 2030 3189 2077 et
3226 2021 3368 2075 nivi-

1770 2123 1895 2190 bus,
1918 2129 1974 2178 et
2001 2121 2134 2187 luto,
2166 2128 2221 2174 et
2248 2117 2474 2189 frigore,
2508 2125 2564 2172 et
2588 2114 2780 2172 labore
2798 2114 3040 2186 iumenta
3065 2113 3244 2170 omnis
3268 2128 3370 2184 ge-

1773 2212 2173 2271 nerisamissa
2223 2217 2370 2277 sunt,
2423 2223 2655 2280 quorum
2711 2205 3037 2263 miserabilis
3090 2221 3191 2276 per
3232 2206 3374 2260 viam

1774 2316 1982 2378 strages
2022 2304 2258 2375 speciem
2283 2302 2395 2373 jam
2426 2300 2588 2357 futuri
2615 2298 2765 2366 belli,
2798 2307 2855 2354 et
2891 2297 3124 2354 similem
3154 2296 3368 2353 cladem

1774 2397 2038 2454 militibus
2059 2394 2360 2452 nuntiabat.
2385 2392 2498 2450 Nec
2520 2391 2639 2463 ipse
2658 2391 2801 2447 intra
2824 2389 2962 2446 lines
2985 2404 3114 2446 suos
3134 2398 3374 2448 moratus

1390 2530 1755 2591 νΑῐιιοιιωι
1795 2531 2025 2590 NOTIE.

170 2645 290 2711 Dies,
315 2662 406 2712 quo
426 2644 726 2699 Maxentius
749 2644 1021 2716 imperium
1051 2654 1324 2717 ceperat...
1380 2646 1415 2702 6
1443 2647 1650 2704 kalend.

117 2719 324 2790 peremo,
351 2726 451 2772 etc.
494 2717 821 2790 Maxentius,
847 2725 930 2790 Ant
973 2717 1360 2790 ex‘Lactantio
1401 2720 1591 2790 liquet,
1622 2719 1657 2775 6

117 2786 288 2844 kalend.
330 2789 572 2845 novemb.
607 2787 668 2843 id
705 2796 810 2850 est,
836 2788 906 2843 27
933 2788 1114 2843 octob.
1148 2789 1442 2858 imperator
1459 2786 1657 2846 Roma:

118 2861 363 2928 appellatus
387 2869 486 2916 est.
521 2858 865 2921 Maxentium
904 2860 1035 2914 vicit
1072 2860 1460 2917 Constantinus
1502 2861 1535 2916 6
1564 2860 1659 2917 ιω.

118 2929 229 2985 lead.
255 2934 487 2986 novemh.
515 2940 743 2985 auctore
765 2931 957 2987 eodem
984 2930 1285 2985 Lactantio.

171 3001 479 3083 Commonith
508 3002 779 3074 inquiete.
801 3003 1091 3083 Proprium
1130 3003 1232 3083 hoc
1262 3001 1507 3083 verbum.
1534 3002 1655 3057 Μο-

1760 2658 1997 2704 cunctus.
3320 2698 3337 2711 θ

1834 2719 2121 2776 Scinditur.
2153 2718 2231 2775 De
2251 2718 2434 2789 exciso
2461 2727 2624 2789 ponte
2643 2719 2767 2775 vide
2789 2719 2988 2779 Euseb.
3013 2720 3108 2775 lib.
3133 2735 3186 2777 ιι
3215 2721 3353 2778 ilist.

1761 2792 1974 2847 Eccles.
2004 2806 2125 2860 cap.
2158 2791 2212 2853 9,
2243 2798 2299 2845 et
2329 2788 2631 2862 animttm,
2663 2790 2755 2846 lib.
2792 2807 2866 2857 XI,
2893 2806 3010 2862 cap.
3048 2791 3136 2851 152

1836 2864 2117 2933 Supererat
2144 2862 2290 2916 aciei.
2330 2861 2534 2916 Biblica
2564 2862 2679 2933 hgec
2711 2863 2923 2932 phrasis
2954 2860 3074 2919 esse
3115 2860 3328 2920 videtur
3354 2879 3371 2920 :

1763 2930 1952 3005 Exod.
1990 2947 2111 3002 cap.
2157 2946 2401 3005 x_vu,‘v._
2454 2933 2539 3005 ιι.
2588 2930 2752 2989 Forte
2806 2934 3088 3005 legendum
3140 2935 3375 2999 snberrat

1764 3006 1893 3059 aciei
1935 2998 2132 3078 (inquit
2167 2998 2410 3078 Battldri)
2453 3002 2505 3057 id
2537 3012 2656 3078 est,
2690 3019 2826 3078 sese
2853 2998 2956 3059 liuc
3004 3017 3059 3061 et
3107 3005 3233 3078 illuc
3279 3023 3374 3074 per

120 3074 204 3149 neri
238 3073 363 3149 enim
409 3064 686 3149 dicuntur,
726 3064 933 3149 quibus
956 3073 1102 3149 _Deus
1146 3074 1347 3149 aliquid
1388 3090 1483 3144 per
1509 3089 1655 3130 som-
1682 3064 1727 3128 C
1765 3064 2115 3149 pugnantium
2166 3064 2410 3149 ordines:
2440 3074 2722 3143 extendit,
2780 3068 2886 3149 vim
2935 3090 3089 3149 suam
3116 3064 3372 3149 latenter

120 3147 231 3199 nium
249 3145 473 3214 imperat.
504 3144 642 3201 Vide
668 3142 915 3214 inscript.
941 3145 1121 3214 Antiq.
1147 3142 1404 3200 TOLLIUS.

172 3213 349 3273 Calene
401 3217 627 3284 signum.
681 3213 1006 3287 [inmortale
1044 3213 1247 3287 signum
1313 3216 1440 3272 alibi
1502 3227 1662 3274 vocat

120 3286 376 3358 Lactantius
418 3288 508 3342 lib.
549 3302 629 3354 tv,
672 3301 792 3355 cap.
820 3288 914 3352 27,
958 3285 1013 3341 id
1052 3285 1156 3353 est,
1200 3289 1413 3358 signum
1457 3295 1657 3344 erucis.

122 3357 202 3413 Iste
218 3372 357 3431 porro
380 3359 525 3431 locus
551 3368 644 3414 est
670 3359 847 3429 magni
876 3359 1155 3431 momenti.
1190 3357 1375 3428 Signat
1407 3360 1573 3424 enim,
1604 3371 1662 3416 et

121 3429 347 3496 locuin,et
366 3430 500 3486 diem
524 3442 636 3500 quo
658 3445 810 3493 crux,
843 3431 895 3484 in
918 3444 1019 3498 qua
1049 3429 1309 3495 vinceret,
1342 3438 1663 3486 ostensaest

121 3501 435 3556 Constantino.
465 3500 597 3556 Nam
628 3516 752 3555 cum
779 3517 847 3555 ex
877 3501 1183 3555 testimonio
1212 3500 1449 3562 Eusebii,
1479 3500 1572 3569 qui
1599 3516 1663 3556 se

123 3571 162 3625 itl
180 3573 414 3640 accepisse
437 3574 507 3626 ait
528 3573 597 3629 ab
627 3587 727 3627 ore
756 3570 1092 3627 Constantini
1114 3611 1128 3633 ,
1162 3580 1375 3640 constet
1400 3573 1574 3626 visum
1592 3574 1661 3627 ab

121 3656 172 3695 ea
194 3638 343 3700 crucis
370 3643 670 3713 tropbteum
693 3644 745 3697 in
766 3642 906 3699 coelo
936 3641 1081 3697 horis
1102 3638 1434 3711 meridianis,
1459 3643 1578 3698 sole
1602 3641 1660 3696 in

122 3728 323 3770 ocmsum
370 3712 659 3786 vergente;
717 3724 772 3769 et
829 3712 1490 3786 addubitanti_qu_idttatn
1557 3713 1662 3786 hoc

123 3797 345 3852 spectrnnt
389 3782 485 3841 sibi
527 3786 714 3852 vellet,
761 3796 921 3840 nocte
964 3784 1206 3853 sequenti
1247 3782 1520 3839 Christum
1564 3782 1663 3841 Dei

122 3856 360 3912 dormienti
392 3857 709 3926 apparuisse
750 3871 873 3910 cum
905 3852 1060 3926 signo
1104 3855 1216 3921 illo,
1244 3853 1396 3926 quod
1436 3856 1491 3911 in
1520 3852 1663 3926 coelo

124 3936 350 3983 ostensum
380 3922 568 3990 fuerat,
598 3922 1050 3998 praecepisseque,
1079 3934 1138 3979 ut
1165 3922 1564 3998 militarisigno
1590 3922 1659 3987 ad
1692 3930 1697 3937 '

124 3999 471 4054 similitudinem
500 3995 645 4068 ejus,
678 3995 821 4069 quod
853 4000 907 4051 in
941 3995 1082 4052 caelo
1108 3997 1349 4069 vidisset,
1375 3995 1657 4065 fabricato,

125 4082 176 4121 eo
203 4078 440 4141 tamquam
480 4067 709 4125 salutari
747 4069 998 4138 praesidio
1042 4069 1094 4122 in
1140 4067 1338 4141 procliis
1377 4077 1659 4141 uteretur:

125 4151 296 4212 eertum
313 4139 392 4197 est
429 4152 715 4212 utramque
739 4141 1001 4199 visionem
1031 4154 1139 4194 uno
1175 4142 1227 4194 in
1266 4139 1406 4207 loco,
1438 4147 1494 4195 et
1520 4139 1659 4194 intra

127 4211 318 4282 Spatium
336 4213 529 4282 aliquot
552 4211 810 4282 horarum
837 4212 1149 4280 contigisse.

185 4281 241 4336 Et
265 4281 533 4338 transuersa
567 4281 621 4337 Χ
659 4282 848 4346 littera,
886 4298 1085 4352 summa
1112 4282 1280 4350 capite
1307 4281 1657 4352 circumﬂexo.

130 4350 345 4408 Christum
380 4356 434 4408 in
463 4356 620 4409 scutis
651 4363 811 4408 notat.
842 4353 938 4406 Ms.
971 4350 1192 4407 Christo.
1234 4352 1359 4407 Haec
1399 4355 1468 4407 ita
1502 4350 1660 4406 intel-

127 4420 298 4499 [igenda
324 4436 458 4493 sunt,
498 4436 576 4499 ut_
590 4425 797 4499 Christi
835 4424 1229 4499 Monogramma
1257 4423 1658 4499 circumﬂexum

128 4490 256 4617 inierit
278 4496 328 4551 in
363 4490 530 4569 capite
556 4497 773 4564 Labari,
806 4506 863 4552 ut
892 4490 1136 4551 videmus
1169 4496 1222 4551 in
1255 4490 1489 4551 nummis
1515 4503 1661 4550 vete-

128 4578 162 4616 l'l
193 4581 261 4617 us.
1182 4615 1189 4617 ξ

128 4578 261 4620 τιυιιε.
1180 4615 1191 4625 .

187 4634 293 4708 Sine
314 4637 630 4708 imperatore.
665 4638 794 4696 Sine
822 4638 1110 4695 Maxentio.

185 4705 443 4782 Concurrit.
473 4711 809 4776 Concurrere,
849 4712 1048 4782 passim
1080 4717 1163 4764 est
1196 4708 1262 4763 ad
1296 4725 1526 4782 pugnam
1552 4751 1566 4774 ,
1597 4709 1665 4765 ad

131 4781 333 4841 praelium
373 4785 682 4852 procedere.
729 4781 950 4852 Accipio
996 4790 1173 4835 autem
1216 4781 1308 4836 hic
1349 4783 1464 4850 pari
1503 4787 1669 4852 fronte

131 4864 403 4917 concurrere,
436 4869 529 4924 pro
558 4855 751 4908 eadem
778 4853 967 4908 ﬁducia
996 4863 1049 4907 et
1075 4852 1375 4924 alacritate,
1404 4868 1508 4922 qua
1539 4868 1672 4907 con-

131 4925 196 4973 tra
221 4932 265 4979 te
288 4921 492 4982 veniant
520 4926 727 4991 hostes,
763 4925 973 4980 obviam
1004 4924 1109 4979 illis
1130 4921 1230 4977 ire.
1268 4922 1361 4978 Vel
1392 4921 1437 4977 si
1474 4927 1664 4990 mavis,

132 5004 274 5047 omnes
307 4997 480 5066 teqttali
517 5003 686 5068 fronte
719 5004 1049 5051 concurrunt.
1096 4991 1391 5061 Concurrit,
1420 4994 1511 5049 alii
1547 5010 1672 5049 con-

131 5074 323 5120 currunt.

136 5202 147 5214 '
194 5132 349 5214 Neque
371 5140 447 5214 Itis
471 5144 764 5214 fuga_nota,
782 5153 940 5214 neque
965 5136 1089 5214 illis.
1114 5136 1241 5193 Haec
1264 5135 1470 5208 Virgilii
1498 5135 1674 5214 Verba

136 5207 180 5255 in
215 5207 557 5275 antiquissimo
593 5207 867 5266 Lactantii
896 5208 1082 5264 codice
1118 5207 1436 5265 conservata
1477 5207 1675 5265 contir-

136 5285 306 5332 manta
336 5280 502 5339 Pierio
534 5292 769 5348 asserta,
800 5281 891 5336 lib.
924 5296 957 5337 x
988 5280 1116 5337 IEn.
1145 5279 1452 5337 vers.757':
1483 5280 1556 5333 bis
1587 5295 1674 5334 nc-

137 5360 459 5474 seque,
495 5370 602 5410 non
628 5369 780 5422 vero,
810 5362 869 5408 ut
894 5352 1074 5421 hodie,
1096 5368 1254 5424 neque
1279 5368 1369 5406 nec
1391 5350 1673 5422 legendum

246 5456 261 5473 .
328 5437 401 5474 uti.

136 5428 261 5475 €550.
292 5428 401 5479 ΒυΙ.

199 5485 308 5565 Qu
330 5495 666 5565 increpitatur.
693 5495 1017 5552 Maxentius.
1386 5518 1389 5521 -

198 5558 362 5639 Ιχᾳιᾳιὶ
378 5558 484 5639 suo.
501 5567 558 5622 Id
575 5569 789 5639 est,.die_
807 5569 900 5623 illo
924 5582 1033 5638 quo
1061 5566 1354 5638 imperator
1374 5565 1546 5621 factus
1568 5573 1672 5639 est.

200 5628 388 5709 Iidem.
415 5638 512 5697 Ms.
542 5628 833 5709 Cumque...
866 5648 913 5694 et
939 5628 1316 5695 debitafnullo
1355 5652 1539 5709 sensu.
1570 5636 1676 5691 Pro

139 5707 178 5779 et
200 5701 372 5779 detrita,
394 5724 512 5764 cum
542 5701 813 5766 nonnullis
842 5709 969 5764 viris
994 5710 1168 5764 doctis
1200 5711 1316 5778 lego
1346 5707 1545 5774 edebat,
1573 5710 1679 5779 sei-

140 5767 246 5829 licet
287 5767 589 5838 Maxentius.
632 5781 733 5839 Ms.
782 5779 1043 5852 Cumque,
1093 5780 1217 5852 lego
1250 5767 1504 5852 iuraque;
1530 5767 1679 5834 'aliis

1764 3145 1953 3203 contra
1995 3145 2501 3218 Maxentiiumilites
2546 3160 2799 3201 exerens.
2851 3146 3011 3200 Acies
3041 3147 3185 3203 enim
3228 3162 3374 3218 saepe

1762 3214 2385 3291 pttgna,gseuupr:nlium
2409 3227 2533 3291 _est.
2572 3218 2858 3291 Suberrare
2899 3218 3275 3291 antcnt_aciei,
3308 3214 3376 3275 ιιι

1762 3287 1902 3359 apud
1936 3287 2312 3357 Claudianum,
2338 3287 2606 3342 suberrare
2629 3288 2908 3343 montibus.
2932 3288 3039 3359 Sed
3069 3288 3369 3344 Heumann.

1763 3356 1835 3414 ita
1880 3361 2165 3430 legendum
2203 3356 2325 3412 esse
2366 3368 2517 3427 putat
2553 3376 2566 3411 :
2600 3365 2668 3413 At
2721 3375 2879 3413 manu
2927 3356 3026 3414 Dei
3074 3372 3372 3430 superante,

1762 3433 1899 3484 acies
1926 3424 2261 3485 Maxentiana
2286 3424 2622 3499 proterretur.
2850 3498 2859 3499 ί
3140 3424 3150 3430 ’
3184 3442 3191 3457 ⁸

1839 3501 2205 3555 Maxentianus
2234 3498 2564 3565 proterretur.
2598 3500 2674 3555 Ita
2707 3516 2812 3557 ms.
2847 3498 3226 3559 Maxentianus
3268 3504 3376 3561 sci-

1764 3573 1893 3645 licet
1938 3573 2112 3645 miles.
2158 3570 2263 3645 _Alii
2307 3571 2516 3645 volunt,
2564 3569 2927 3645 Maxentium,
2981 3589 3176 3645 nempe
3215 3577 3372 3629 acies.

1763 3644 2016 3699 Nonnulli
2046 3642 2294 3715 _malttnt,
2344 3640 2670 3715 Maxentiani
2718 3640 3198 3715 proterrentttr.'Si
3245 3646 3373 3715 quid

1764 3712 2154 3789 immutandum
2198 3721 2363 3778 esset,
2399 3712 2660 3789 _mallem,
2716 3712 3016 3768 Maxentius
3068 3712 3369 3789 proteritur.

1766 3785 2066 3841 Proterrere
2090 3792 2173 3839 est
2196 3781 2453 3855 terrendo
2485 3781 2691 3855 fugare.

1834 3857 1929 3911 Ac.
1959 3857 2017 3911 In
2046 3868 2171 3920 ms.,
2204 3853 2325 3908 hac.
2513 3902 2522 3911 .

1838 3928 2088 3982 Tandem.
2123 3927 2246 3994 Mm,
2270 3934 2461 3983 tamen.

1836 3998 2086 4053 Titttlum.
2140 3997 2360 4054 Scilicet
2417 3998 2648 4054 niaximi.
2706 3996 2839 4056 Post
2886 4008 3118 4061 mortem
3166 3996 3374 4058 Galerii

1764 4071 2108 4144 Maximinus,
2139 4070 2262 4139 quia
2296 4070 2447 4144 prior
2487 4068 2693 4144 Caesar,
2736 4088 3042 4144 quanquam
3087 4083 3373 4142 postremo

1764 4146 2038 4213 Augustus
2082 4137 2275 4214 fuerat,
2298 4137 2509 4210 primas
2550 4143 2654 4197 sibi
2686 4137 2957 4198 in'titul'is
2999 4137 3160 4214 atque
3193 4146 3370 4214 Itono-

1764 4212 1916 4269 ribus
1956 4212 2252 4283 inlerﬂejus
2298 4214 2554 4283 temporis
2601 4216 2876 4283 Augustos
2924 4212 3253 4279 vindicabat,
3298 4213 3376 4268 ait

1766 4284 2063 4355 Eusebius,
2089 4282 2226 4341 Hist.
2259 4282 2465 4341 Eccles.
2514 4285 2609 4345 lib.
2658 4282 2746 4349 tx,
2796 4300 2918 4355 cap.
2951 4285 3041 4340 10.
3082 4285 3202 4340 .lam
3245 4299 3375 4340 vero

1762 4359 1993 4428 Senatus
2034 4353 2293 4421 decrevit,
2326 4365 2385 4410 ut
2412 4355 2621 4426 primus
2658 4353 3027 4427 Augustorum
3056 4356 3368 4412 Constanti-

1766 4442 1868 4485 11υὸ
1885 4437 2050 4485 8558!.
2224 4464 2235 4472 υ

1855 4497 2171 4555 Vindicabat.
2198 4497 2383 4565 Forte,
2411 4497 2713 4555 uindicaret.

1841 4591 2499 4663 Adversus_imperatorem
2544 4592 2844 4663 maximum.
2890 4592 3244 4663 Imperatoris
3296 4593 3362 4648 li-

1770 4664 1923 4729 lium,
1971 4662 2074 4732 qui
2102 4659 2483 4732 Transalpinas
2527 4662 2834 4731 provincias
2883 4659 3222 4732 haereditate,
3262 4664 3369 4719 Ita-

1771 4737 1896 4792 liam
1925 4730 2237 4787 et'Al‘ricam
2276 4731 2501 4785 victoria
2532 4730 2779 4787 tenebat.
2815 4732 2931 4790 Non
2971 4736 3116 4789 enim
3147 4730 3259 4791 veri
3288 4747 3374 4793 est

1772 4805 1970 4867 simile,
1992 4810 2230 4877 senatus
2265 4800 2366 4877 illo
2400 4801 2621 4857 decreto
2656 4805 2874 4877 proximi
2921 4815 3373 4877 ttuttcognomen

1772 4879 1955 4932 datum
1985 4873 2169 4929 fuisse.
2198 4873 2299 4928 Adi
2329 4873 2619 4943 Cuperum.
2642 4874 2810 4931 Ceu.

1845 4946 2134 5003 Contendit.
2181 4944 2417 4999 Verbum
2464 4946 2606 4999 istud
2654 4948 2709 5000 in
2754 4964 2857 5009 ms.
2902 4963 3155 5007 mancum
3194 4957 3281 5006 est
3324 4959 3380 5006 et

1968 5017 2245 5079 detritum.
2269 5031 2334 5071 ac
2365 5017 2452 5072 vix
2481 5016 2586 5087 legi
2611 5026 2808 5087 potest.

1899 5105 2094 5144 xorem.
2156 5088 2373 5144 Scilicet
2419 5087 2832 5159 Constantiam,
2886 5091 3228 5151 Constantini
3281 5109 3371 5151 so-

1774 5175 1976 5217 rorem.

1852 5254 2043 5329 Quam.
2070 5253 2329 5329 Voculam
2352 5252 2495 5329 hanc
2513 5252 2800 5329 del_e_ndam
2826 5266 2978 5329 putat
3004 5256 3375 5315 Heumannus.

1850 5324 2209 5380 Mansionibus
2253 5326 2539 5396 geminatis.
2595 5324 2653 5385 Id
2704 5324 2972 5394 est,'una
3024 5330 3118 5385 die
3171 5340 3380 5385 tantum

1776 5396 1907 5468 fecit
1946 5397 2173 5462 itineris,
2204 5395 2461 5468 quantum
2509 5395 2628 5451 duae
2672 5400 2987 5455 mansiones
3018 5400 3071 5455 in
3102 5401 3186 5456 via
3216 5399 3382 5468 Regia

1776 5467 2047 5523 distabant
2091 5468 2341 5522 invicem.
2393 5466 2505 5523 Nec
2552 5469 2609 5523 in
2650 5470 2848 5538 prima,
2891 5471 2988 5526 sed
3037 5473 3091 5525 in
3146 5466 3383 5525 secunda

1776 5540 2107 5610 quiescebat.
2137 5538 2375 5595 Camn.

1853 5633 1922 5697 In
1965 5632 2263 5703 Bithyniam
2302 5632 2581 5691 concurrit.
2624 5632 2701 5690 Ita
2732 5648 2836 5691 ms.
2868 5634 3120 5691 Nonnulli
3163 5634 3374 5697 volunt,

1778 5706 2036 5787 accurrit;
2063 5705 2331 5787 Almelov.
2358 5705 2609 5787 cucurrit.
2634 5704 2771 5764 Nam
2791 5704 2950 5765 facile
2976 5722 3061 5775 ett,
3091 5706 3147 5763 in
3165 5720 3305 5773 curn,
3322 5709 3387 5760 et

1783 5786 1967 5851 postea
1995 5783 2051 5832 in
2074 5792 2192 5846 con,
2218 5783 2479 5832 mutatum
2501 5785 2612 5832 est.

1774 5034 1872 5090 Im!

2891 5957 2951 5965 ι.-
