3828 6262
237 346 331 406 275

1345 354 1550 416 LIBER
1591 359 1679 418 DE
1716 361 1927 420 MORT.
1972 365 2352 426 PERSECUT.

3401 384 3509 441 274

231 478 340 535 gain
364 461 590 536 quidem,
624 479 766 569 cum
797 465 899 569 sibi
928 465 1131 569 videret
1149 464 1278 569 esse
1301 473 1804 569 pereunduleue-
1829 479 1883 538 A
1912 492 2097 547 poenas
2118 479 2286 536 dedit.
2320 482 2502 540 Doctae
2524 485 2685 556 igitur
2706 488 2960 546 mulieres
2979 506 3103 550 cum
3129 444 3331 568 ingenti
3352 512 3511 569 spec-

232 565 305 610 rat
330 571 484 610 ausus
521 557 809 625 occidere;
851 562 973 616 item
1016 552 1433 630 Candidianum,
1454 581 1616 635 quem
1648 566 1810 624 Vale-

231 646 301 701 ria
327 661 388 700 ex
416 648 712 704 concubina
743 651 979 721 genitum
1008 653 1078 708 ob
1119 655 1463 712 sterilitatem
1513 657 1808 728 adoptave-

230 749 331 804 rat,
376 741 548 794 necari
590 741 773 811 jussit.
842 744 1029 801 Mulier
1071 756 1283 814 tamen,
1339 758 1397 803 ut
1445 764 1567 805 eum
1610 750 1811 806 vixisse

228 832 481 903 cognovit,
529 843 738 888 mutato
767 836 977 904 habitu,
1024 837 1303 895 comitatui
1335 839 1452 911 ejus
1478 856 1540 898 se
1569 842 1808 910 miscuit,

228 935 278 977 ut
295 924 554 979 fortunam
586 926 906 983 Candidiani
927 931 1335 1002 specularetur;
1366 934 1458 1003 qui
1488 934 1615 1005 quia
1646 933 1810 990 Nico-

226 1015 401 1071 media:
430 1033 489 1071 se
511 1018 807 1087 obtulerat,
851 1029 906 1077 et
934 1021 988 1077 in
1035 1023 1243 1078 honore
1282 1021 1473 1080 haberi
1505 1024 1808 1093 videbatur,

223 1111 340 1165 nihil
382 1113 486 1167 tale
528 1121 819 1179 metuens,
861 1117 1073 1171 occisus
1121 1125 1222 1173 est.
1272 1117 1342 1172 Et
1372 1116 1483 1182 illa,
1516 1117 1666 1173 exitu
1693 1119 1812 1189 ejus

219 1205 407 1269 audito.
450 1207 700 1277 protinus
745 1207 899 1280 fugit.
972 1209 1116 1266 ldem
1145 1209 1331 1267 Severi
1365 1210 1532 1267 ﬁlium
1554 1212 1809 1268 Severia-

218 1315 353 1365 num,
372 1299 485 1371 jam
508 1311 675 1357 aetate
695 1301 998 1367 robustum,
1031 1302 1121 1372 qui
1145 1301 1438 1374 fugientem
1458 1303 1810 1359 Maximinum

217 1389 374 1445 fuerat
417 1406 484 1445 ex
523 1391 644 1447 acie
665 1402 967 1467 sequutus,
1010 1400 1279 1464 tamquam
1321 1403 1441 1464 post
1463 1394 1670 1449 obitum
1692 1394 1810 1465 ejus

215 1482 276 1539 de
312 1483 570 1539 sumenda
617 1499 857 1556 purpura
900 1486 1214 1557 cogitasset,
1265 1486 1483 1556 capitali
1524 1487 1811 1543 sententiae

214 1575 497 1645 subjectum
534 1576 835 1632 interemit.
895 1577 997 1646 Qui
1039 1592 1229 1633 omnes
1264 1577 1526 1632 Licinium
1553 1578 1663 1647 jam
1696 1579 1811 1649 pri-

216 1668 345 1732 dem,
389 1668 545 1738 quasi
590 1669 798 1724 malum
829 1680 1156 1736 metuentes,
1197 1685 1319 1725 cum
1358 1670 1649 1726 Maximino
1688 1686 1813 1729 esse

220 1762 525 1827 maluerant,
576 1772 779 1834 praeter
817 1764 1109 1832 Valeriam,
1161 1780 1283 1835 quae
1305 1765 1491 1833 volens
1517 1765 1725 1821 Licinio
1756 1766 1810 1821 in

1912 570 2089 625 taculo
2115 579 2170 627 et
2195 572 2545 631 miseratione
2572 579 2705 633 tanti
2748 582 3007 651 casuslad
3052 588 3402 657 supplicium,
3429 601 3507 656 et,

1909 664 2201 733 amputatis
2226 666 2524 736 capitibus,
2557 685 2785 742 corpora
2815 690 3001 731 earum
3041 677 3095 733 in
3125 695 3277 738 mare
3301 683 3514 754 abjecta

1910 764 2056 812 sunt.
2088 756 2160 812 Ita
2184 757 2289 815 illis
2317 760 2570 829 pudicitia
2598 773 2655 819 et
2687 766 2926 824 conditio
2950 770 3118 827 exitio
3148 772 3266 830 fuit.

2657 856 2767 913 ιη.

1982 937 2115 1008 Qua:
2137 943 2314 998 omnia
2337 945 2635 1002 secundum
2667 949 2828 1005 ﬁdem
2856 950 3072 1026 (scienti
3098 955 3244 1012 enim
3266 958 3509 1034 loquor),

1910 1033 1985 1089 ita
2014 1043 2073 1090 ut
2092 1045 2244 1106 gesta
2283 1049 2410 1093 sunt
2447 1040 2749 1097 mandanda
2809 1042 3004 1101 litteris
3028 1047 3271 1117 credidi;
3322 1066 3392 1108 ne
3418 1033 3514 1108 aut

1911 1127 2175 1184 memoria
2206 1136 2474 1186 tantarum
2503 1148 2684 1188 rerum
2708 1134 2972 1203 interiret,
2991 1148 3104 1203 aut,
3129 1139 3175 1195 si
3202 1141 3322 1212 quis
3344 1142 3518 1200 ltisto-
3572 1174 3577 1179 -

1912 1217 2050 1273 riam
2090 1219 2331 1278 scribere
2359 1221 2639 1289 voluisset,
2663 1238 3040 1297 corrumperet
3085 1231 3395 1300 veritatem,
3428 1236 3513 1292 vel

1914 1317 2132 1378 peccata
2162 1308 2380 1366 illorum
2427 1312 2689 1370 adversus
2742 1317 2933 1384 Deum,
2965 1320 3052 1375 vel
3095 1321 3360 1391 judicium
3414 1325 3512 1384 Dei

1913 1399 2174 1456 adversus
2203 1402 2325 1458 illos
2360 1404 2656 1461 reticendo.
2697 1405 2864 1478 Cujus
2907 1421 3128 1467 :eterna:
3181 1414 3364 1483 pietati
3391 1431 3515 1485 gra-

1915 1495 2017 1550 tias
2040 1510 2204 1567 agere
2237 1497 2520 1567 debemus,
2546 1500 2665 1571 ‘qui
2697 1502 2913 1559 tandem
2942 1507 3182 1576 respexit
3205 1508 3257 1563 in
3289 1516 3512 1576 terram,

1916 1587 2060 1659 quod
2087 1604 2305 1659 gregem
2336 1605 2494 1646 suum
2526 1594 2718 1663 partim
2750 1604 3020 1652 vastatum
3057 1612 3089 1653 a
3116 1597 3257 1670 lupis
3302 1604 3512 1672 rapaci-

1914 1680 2038 1747 bus,
2073 1681 2265 1750 partim
2296 1697 2426 1738 vero
2453 1684 2780 1755 dispersum,
2814 1688 3041 1745 reﬁcere
3088 1704 3153 1746 ac
3194 1691 3513 1763 recolligere

1917 1771 2170 1843 dignatus
2197 1783 2304 1843 est,
2328 1786 2383 1832 et
2408 1776 2611 1833 bestias
2638 1780 2807 1835 malas
2835 1782 3129 1853 extirpare,
3172 1800 3293 1854 quae
3341 1785 3512 1842 divini

212 1869 385 1910 omnes
413 1854 731 1912 Maximiani
763 1857 1105 1914 haereditates
1142 1858 1264 1928 jttre
1293 1873 1393 1913 suo
1418 1859 1634 1924 cedere,
1668 1859 1809 1914 idem
1838 1862 1890 1923 B
1915 1867 2094 1937 gregis
2115 1881 2310 1937 pascua
2339 1869 2719 1939 protriverant,
2743 1872 2940 1928 cubilia
2964 1873 3382 1945 dissipaverant.
3410 1878 3513 1935 Ubi

213 1947 487 2005 Maximino
508 1961 829 2024 negaverat.
877 1953 1050 2024 Ipsius
1076 1969 1290 2026 quoque
1310 1954 1582 2011 Maximini
1613 1955 1806 2026 lilium,

212 2053 311 2099 tum
338 2045 667 2113 maximum,
689 2056 941 2117 agentem
972 2047 1023 2101 in
1046 2049 1202 2103 annis
1223 2056 1367 2113 octo,
1410 2057 1465 2103 et
1488 2047 1649 2103 ﬁliam
1676 2064 1805 2118 sep-

207 2146 426 2204 tennem,
466 2153 601 2211 qua:
618 2138 892 2210 desponsa
932 2139 1106 2197 fuerat
1144 2140 1504 2207 Candidiano,
1547 2141 1803 2197 extinxit.

204 2233 299 2292 Sed
328 2235 475 2305 prius
499 2243 688 2292 mater
715 2250 903 2292 eorum
935 2236 988 2290 in
1014 2236 1290 2292 Orientem
1336 2235 1667 2306 praecipitata
1696 2243 1802 2292 est.

204 2325 270 2381 lbi
314 2341 458 2398 saepe
506 2327 610 2384 illa
651 2336 830 2382 castas
868 2325 1118 2401 fmminas
1164 2327 1333 2397 mergi
1373 2327 1633 2395 jusserat.
1708 2326 1804 2382 Sic

203 2434 374 2476 omnes
405 2420 569 2491 impii
595 2434 728 2476 vero
780 2427 837 2474 et
867 2419 1015 2490 justo
1048 2418 1254 2489 judicio
1300 2418 1393 2474 Dei
1441 2417 1633 2473 eadem
1677 2433 1804 2490 quae

203 2509 427 2567 fecerant
446 2517 808 2580 receperunt.

954 2600 1041 2658 LI.

263 2694 469 2752 Valeria
499 2710 728 2767 quoque
765 2678 862 2766 per
910 2697 1088 2750 varias
1142 2696 1446 2765 provincias
1490 2695 1799 2768 quindecim

203 2786 465 2844 mensibus
498 2789 724 2859 plebeio
774 2788 921 2845 cultu
950 2798 1266 2861 pervagata.
1329 2798 1604 2859 postremo
1656 2792 1801 2861 apud

201 2881 636 2943 Thessalonicam
692 2886 930 2958 cognita,
988 2885 1379 2957 comprehensa
1444 2902 1568 2943 cum
1621 2898 1799 2947 matre

1911 1956 2038 2015 sunt
2083 1961 2245 2016 modo
2273 1962 2555 2033 magniﬁca
2600 1965 2689 2020 illa
2716 1975 2773 2021 et
2796 1966 2940 2021 clara
2987 1983 3082 2038 per
3106 1979 3295 2039 gentes
3328 1970 3512 2028 Jovio—

1910 2067 2029 2106 rum
2056 2061 2107 2107 et
2129 2052 2504 2109 Herculiorum
2540 2057 2885 2126 cognomina,
2913 2074 3035 2129 qua:
3065 2061 3299 2131 primum
3323 2076 3355 2117 a
3387 2063 3514 2118 Dio-

1908 2141 2050 2198 clete
2075 2157 2138 2198 ac
2169 2142 2494 2202 Maximiano
2524 2146 2822 2204 insolenter
2848 2163 3146 2221 assumpta,
3175 2169 3240 2209 ac
3270 2162 3512 2224 postmo-

1908 2231 2036 2288 dum
2094 2234 2160 2290 ad
2211 2250 2553 2294 successores
2593 2254 2781 2295 eorum
2835 2243 3139 2310 translata,
3200 2246 3512 2303 vilueruut?

1907 2324 2115 2398 Nempe
2133 2328 2334 2385 delevit
2352 2345 2417 2386 ea
2448 2332 2706 2388 Dominus
2726 2375 2742 2400 ,
2770 2343 2828 2390 et
2853 2339 3018 2392 erasit
3047 2338 3114 2393 de
3147 2349 3313 2395 terra.

1981 2420 2332 2479 Celebremus
2354 2424 2512 2496 igitur
2534 2427 2863 2498 triumphum
2897 2430 2993 2486 Dei
3011 2445 3132 2487 cum
3147 2434 3504 2500 exultatione,

1909 2513 2189 2569 victoriam
2220 2515 2431 2572 Domini
2458 2533 2579 2573 cum
2609 2518 2855 2576 laudibus
2884 2521 3326 2594 frequentemus,
3358 2526 3508 2583 diur-

1908 2608 1994 2664 nis
2030 2610 2413 2679 nocturnisque
2462 2611 2712 2680 precibus
2736 2613 3113 2683 celebremus;
3142 2616 3506 2681 celebremus.

1908 2713 1970 2759 ut
2012 2718 2199 2775 pacem
2254 2713 2374 2772 post
2404 2719 2576 2760 annos
2616 2704 2806 2761 decem
2840 2707 2985 2778 plebi
3021 2723 3134 2764 sua:
3162 2708 3343 2765 datam
3372 2725 3505 2767 con-

1906 2796 2089 2854 ﬁrmet
2109 2797 2160 2852 in
2189 2796 2467 2853 sarculum.
2499 2796 2578 2852 Tu
2609 2799 2897 2869 praecipue,
2930 2800 3135 2857 Donate
3162 2801 3500 2872 cltarissime,

1901 2892 1994 2961 qui
2033 2906 2062 2946 a
2106 2891 2219 2948 Deo
2240 2890 2469 2946 mereris
2497 2891 2693 2959 audiri,
2747 2892 3032 2948 Dominum
3073 2893 3407 2965 deprecare,
3442 2906 3506 2953 ut

1512 3003 1876 3063 VARIORUM
1912 3006 2148 3064 ΝΟΤιΕ.

262 3094 383 3152 Item
406 3096 816 3154 Candidianum.
842 3096 968 3165 Ms.,
998 3097 1133 3153 idem
1155 3096 1552 3153 Candidianum.

263 3167 448 3224 Mulier
473 3179 684 3230 tamen.
711 3179 767 3223 ut
796 3185 913 3223 eum
931 3170 1118 3224 uixisse
1144 3170 1393 3238 cognovit.
1427 3168 1505 3223 lta
1537 3183 1638 3224 ms.
1659 3168 1796 3226 Vide

201 3234 509 3362 folumbum
553 3248 611 3296 et
648 3239 875 3295 Paulum
925 3240 1166 3297 Bauldri.
1199 3234 1411 3305 Mulier,
1445 3239 1496 3295 id
1541 3248 1646 3305 est,
1692 3239 1796 3296 Va-

222 3327 334 3362 erm.

222 3327 334 3363 crta.

262 3382 357 3454 Qui
374 3383 527 3454 quia.
554 3381 615 3436 In
642 3395 744 3435 ms.
770 3380 919 3438 deest
940 3382 1047 3452 qui.

263 3451 437 3508 Exitu.
468 3453 531 3508 ld
558 3461 663 3513 est.
695 3462 891 3507 morte.

260 3523 453 3580 Praeter
489 3524 773 3579 Valeriam.
798 3524 923 3590 Ms.,
956 3538 1063 3592 pra:
1100 3522 1328 3577 Valeria.

272 3594 476 3651 Valens.
530 3595 766 3650 Doctiss.
797 3592 1041 3663 Cuperus
1092 3592 1380 3665 legendum
1431 3608 1554 3649 esse
1604 3602 1795 3651 censet

201 3667 382 3722 notem.
409 3666 544 3730 Ms.,
570 3666 776 3721 uolenti.
807 3696 879 3706 —
897 3664 1109 3735 Cupero
1134 3664 1359 3720 assentit
1400 3665 1700 3735 Buneman.
1737 3675 1793 3723 et

202 3735 474 3793 lectionem
496 3744 815 3806 sequentem
842 3734 1219 3803 exhibet.Quae
1241 3736 1419 3790 nolens
1439 3734 1663 3791 Licinio.
1689 3736 1788 3793 Ms.

200 3809 513 3889 momenti
543 3806 765 3862 Licinio.
794 3806 922 3889 Non
949 3807 1109 3874 male,
1136 3818 1201 3889 με
1230 3816 1418 3888 censet
1459 3808 1709 3889 Nurrius,
1732 3823 1791 3889 ρ.

201 3877 317 3945 272,
348 3880 493 3936 hunc
537 3893 758 3934 sensum
804 3878 1026 3933 elicieus
1075 3896 1089 3932 :
1134 3877 1399 3932 Licinium
1444 3878 1682 3934 voluisse
1733 3877 1791 3933 in

201 3962 376 4020 eiunes
416 3948 679 4020 invadere
725 3948 928 4005 Galerii
977 3948 1343 4020 h_aereditates,
1374 3956 1554 4020 atque
1584 3950 1790 4004 idcirco

205 4018 461 4075 Valeriam
486 4019 776 4077 confestim
802 4020 872 4075 ab
899 4035 964 4076 eo
996 4018 1219 4086 fugisse,
1245 4028 1303 4072 ut
1323 4018 1388 4074 ad
1415 4018 1787 4085 Maximinum,

203 4090 295 4161 qui
309 4107 534 4148 uxorem
556 4091 812 4157 habebat,
838 4105 960 4146 sese
981 4091 1148 4146 tutius
1164 4090 1452 4160 reciperet.
1503 4091 1787 4146 Bonarum.

269 4158 333 4215 In
359 4179 555 4219 omnes.
579 4162 704 4225 Ms.,
728 4164 781 4217 in
807 4163 1001 4216 omnia.
1279 4158 1292 4160 “
1392 4173 1405 4178 ’

269 4231 542 4288 Maximini
568 4235 761 4303 filium,
787 4243 894 4287 tum
917 4230 1226 4289 Maximum.
1251 4230 1356 4287 Pro
1376 4240 1485 4286 tum
1529 4240 1613 4287 est
1634 4247 1789 4286 suum

203 4300 254 4357 in
280 4318 377 4358 ms.
412 4300 721 4359 Maximum.
748 4300 904 4360 ’Adde
924 4312 1070 4357 natu.

273 4373 435 4430 Mater
452 4392 652 4431 eorum.
686 4374 834 4431 Uxor
858 4373 1157 4441 Maximini,
1188 4371 1344 4444 cujus
1389 4388 1587 4429 nomen
1634 4373 1786 4443 igno-

205 4452 310 4498 tum
327 4457 426 4502 est.
1698 4486 1703 4491 -

267 4513 333 4569 In
365 4516 621 4572 Orientem
647 4516 966 4586 praecipitata
992 4524 1087 4570 est.
1117 4515 1193 4586 Ita
1240 4530 1343 4570 ms.
1375 4514 1624 4585 Plerique
1643 4530 1778 4571 con-

200 4582 433 4656 iecerunt
457 4582 862 4644 rescribendum
893 4602 1014 4642 esse
1042 4587 1096 4639 in
1126 4585 1390 4648 Orontem,
1421 4582 1552 4656 quia
1565 4596 1779 4642 constat

206 4653 412 4713 fluvium
436 4661 492 4715 in
531 4661 635 4715 hoc
661 4658 783 4713 loco
807 4657 1078 4728 designari
1108 4677 1123 4728 ς
1151 4657 1293 4726 quod
1341 4653 1588 4727 pluribus
1609 4673 1777 4728 argu-

205 4731 393 4783 mentis
423 4730 636 4786 erudite
668 4729 910 4799 profecto
931 4726 1176 4799 ostendit
1226 4726 1558 4799 clarissimus
1596 4726 1778 4797 Cupe-

208 4810 312 4870 r_us.
359 4799 485 4867 Quia
523 4797 704 4855 tamen
755 4809 811 4855 et
861 4800 975 4870 ipse
1026 4797 1188 4853 tradit
1242 4798 1779 4870 nonnullosgveteres

211 4864 449 4946 Qrientérn
476 4886 704 4927 vocasse
732 4886 853 4946 eum
883 4864 1139 4946 'ﬁuvium,
1183 4885 1342 4939 quem
1377 4868 1564 4940 reliqui
1619 4869 1780 4941 vulgo

207 4937 382 5009 dicunt
406 4943 670 5009 Orontem,
694 4942 840 4997 nolui
865 4938 1067 4998 textum
1090 4937 1397 4996 immutare.

273 5008 384 5065 Est.
407 5015 563 5069 Deest
592 5015 645 5067 in
679 5029 781 5068 ms.

275 5079 356 5154 {bi
375 5102 501 5154 stepe
528 5085 642 5139 illa.
673 5084 749 5139 Ita
774 5098 901 5150 ms.,
930 5098 1062 5149 non,
1092 5083 1197 5138 ille.

278 5149 468 5224 Plebeia
483 5155 647 5212 cultu.
680 5155 738 5211 Id
765 5164 868 5220 est,
888 5149 1094 5224 plebeio
1121 5154 1316 5209 habitu.

214 5242 217 5243 ν
280 5220 397 5294 Cum
418 5237 598 5282 matre.
625 5226 808 5282 Prisca
831 5220 1058 5294 scilicet,
1087 5242 1259 5282 uxore
1283 5222 1619 5280 Diocletiani.

284 5290 407 5351 Illis.
435 5298 491 5354 In
520 5312 624 5354 ms.
649 5297 676 5352 Ι
684 5297 792 5353 llic.
1045 5290 1053 5294 ’
1370 5302 1377 5309 ’

259 5429 271 5442 ,
294 5362 372 5442 lla
392 5369 489 5424 illis
512 5369 769 5442 pudicitia
796 5377 846 5442 et
869 5366 1093 5442 conditio
1121 5369 1274 5442 emilio
1297 5367 1418 5442 ﬁuit.
1450 5365 1574 5442 Ms.,
1604 5366 1785 5442 condi-

237 5434 366 5512 tiqui,
387 5434 668 5512 mendose.
688 5439 882 5512 Exitio
926 5440 1047 5509 fuit,
1068 5440 1201 5512 quia
1228 5434 1516 5494 etLiciuio
1527 5449 1592 5512 et
1613 5437 1782 5512 Maxi-

232 5507 364 5558 mino
387 5508 586 5568 Valeria
610 5510 815 5567 nubere
837 5507 1124 5566 recusavit.
1148 5511 1398 5566 Tomos.
1426 5539 1499 5551 —-
1527 5507 1658 5563 Pars
1689 5508 1785 5577 igi-

231 5578 958 5657 turipudicitizeeqquoque
1002 5580 1202 5638 saeculo
1258 5579 1554 5657 habebatur
1578 5619 1595 5645 ,
1633 5580 1785 5636 verbi

225 5650 393 5711 εηιίπ,
418 5652 466 5705 in
497 5650 840 5716 mulieribus,
870 5650 1027 5707 unius
1075 5661 1283 5707 tantum
1327 5650 1426 5704 viri
1458 5650 1622 5705 fuisse
1650 5665 1785 5704 uxo-

227 5725 330 5769 res.
356 5716 449 5778 Suo
488 5726 635 5781 enim
667 5739 789 5780 aevo
832 5722 1221 5779 Tertulliauum
1275 5737 1399 5777 cum
1447 5720 1784 5776 Montanistis

229 5796 583 5865 mmummium
614 5796 669 5850 in
718 5807 947 5865 utroque
991 5810 1119 5850 sexu
1156 5792 1505 5865 requisivisse
1533 5792 1784 5865 omnibus

232 5863 392 5916 notum
405 5875 477 5920 est
496 5883 561 5924 ex
585 5868 710 5938 ejus
732 5862 874 5921 libro
895 5864 962 5920 de
990 5862 1343 5938 Monogamia.
1371 5862 1778 5920 Observandum

1828 3101 1875 3165 C
1906 3102 2121 3158 interim
2152 3143 2167 3167 ,
2214 3102 2558 3156 conditionem
2610 3115 2773 3171 quam
2827 3101 2915 3156 hic
2964 3110 3149 3157 noster
3195 3118 3502 3172 memorat.

1905 3173 2187 3244 aequaliter
2213 3173 2429 3234 nuidem
2460 3172 2617 3227 matri
2640 3183 2695 3229 et
2719 3172 2864 3237 tilize,
2904 3186 3023 3238 seu,
3049 3175 3193 3243 quod
3222 3174 3364 3231 idem
3393 3187 3498 3244 est,

1902 3243 2102 3299 Prisca:
2147 3253 2203 3299 et
2235 3244 2459 3316 Valeria:
2480 3243 2774 3316 convenire
2804 3261 2818 3298 :
2851 3259 3038 3316 verum
3079 3244 3259 3300 addita
3298 3243 3503 3316 pudici-

1898 3316 1986 3370 tia:
2006 3317 2208 3370 mentio
2231 3314 2539 3385 specialiter
2563 3314 2794 3384 pertinet
2824 3315 2891 3368 ad
2918 3315 3216 3370 Valeriam.
3238 3314 3496 3375 Dxucont.

1896 3416 1968 3426 ——
2024 3385 2188 3440 Miror
2240 3386 2577 3441 Lactantium
2632 3400 2738 3440 non
2794 3386 2999 3456 dixisse
3061 3388 3224 3456 fuisse
3281 3388 3501 3445 Valeria:

1895 3458 2052 3511 exitio
2080 3457 2354 3525 sacrificia,
2372 3458 2566 3529 quibus
2594 3466 2804 3528 cogente
2850 3455 3173 3511 Diocletiano
3212 3469 3355 3529 putre
3399 3478 3498 3516 suo

1896 3528 2094 3596 polluta
2124 3530 2311 3599 fuerat,
2357 3526 2672 3583 Christiana
2710 3541 2833 3582 cum
2881 3535 3044 3594 esset,
3088 3526 3219 3599 cap.
3248 3530 3333 3585 15.
3366 3530 3491 3586 Τοι-

1893 3614 2055 3653 NARD.

1965 3667 2172 3735 Fidem,
2195 3669 2372 3723 scienti
2400 3668 2536 3722 enim
2564 3669 2768 3735 loquor,
2810 3670 2902 3731 ita,
2948 3678 3055 3723 etc.
3084 3668 3182 3724 Ms.
3221 3670 3379 3727 habet
3407 3689 3490 3727 se~

1894 3741 2120 3795 cundum
2167 3740 2322 3809 finem
2343 3740 2521 3794 scienti
2545 3741 2681 3793 enim
2708 3738 2889 3807 loquor
2908 3739 2982 3792 ita
3000 3738 3024 3804 ,'
3048 3749 3152 3794 etc.
3187 3739 3330 3795 Editi
3364 3756 3495 3796 vero

1894 3810 2093 3867 habent
2121 3811 2400 3865 secundum
2420 3811 2572 3875 ﬁdem
2590 3811 2856 3866 scientiam
2879 3809 3082 3879 loquor,
3102 3810 3196 3875 ita,
3218 3819 3348 3874 etc..
3393 3812 3494 3868 sed

1894 3883 2056 3938 male.
2083 3881 2168 3937 Nil
2192 3880 2504 3936 mutandum
2536 3892 2682 3950 puto,
2709 3882 2811 3936 nisi
2832 3882 3012 3948 ﬁnem,
3038 3880 3190 3950 cujus
3212 3882 3331 3937 loco
3355 3883 3492 3939 scri-

1894 3953 2071 4009 bimus
2100 3953 2271 4021 ﬁdem.
2299 3952 2492 4007 Scienti
2514 3953 2649 4006 enim
2678 3951 2878 4022 loquor,
2925 3950 3059 4006 duas
3110 3953 3251 4008 inter
3288 3968 3491 4023 paren-

1894 4024 2096 4079 theses.
2124 4024 2222 4080 Hic
2246 4033 2426 4079 autem
2472 4024 2733 4078 Donatum
2764 4023 3053 4094 alloquitur
3083 4033 3270 4079 auctor
3301 4035 3491 4081 uoster

1893 4096 1995 4150 sub
2036 4095 2199 4150 ﬁnem
2227 4095 2371 4160 libri,
2406 4094 2541 4150 sicut
2568 4095 2721 4151 initio
2748 4094 2908 4166 fecit;
2937 4103 2990 4150 et
3012 4095 3082 4149 ita
3114 4103 3262 4150 recte
3294 4110 3490 4166 proce-

1892 4167 1973 4221 dit
2001 4167 2194 4221 oratio.
2228 4166 2465 4221 Donatus
2491 4167 2635 4220 enim
2663 4179 2788 4234 pars
2813 4165 2928 4234 ipse
2957 4165 3348 4233 persecutionis
3370 4167 3487 4223 lue-

1891 4246 1998 4305 rat,
2029 4253 2151 4292 cum
2180 4238 2232 4291 in
2262 4252 2384 4293 eum
2417 4251 2513 4305 per
2544 4237 2727 4306 plures
2773 4250 2947 4289 anuos
2993 4235 3267 4290 servierint
3304 4252 3488 4305 perse-

1890 4319 2125 4363 cutores.
2154 4308 2319 4363 Miror
2345 4323 2475 4377 ergo
2497 4309 2633 4362 hanc
2658 4306 2945 4362 lectionem
2976 4317 3083 4360 tam
3113 4307 3345 4377 facilem,
3375 4316 3485 4363 tam

1891 4388 2216 4448 promptam,
2254 4393 2359 4433 non
2391 4376 2558 4434 fuisse
2585 4377 2966 4433 subodoratam
2998 4394 3026 4429 ει
3080 4376 3352 4446 prioribus
3384 4377 3485 4433 hu-

1883 4450 2038 4520 jusce
2065 4450 2188 4506 libri
2215 4448 2533 4505 editoribus.

1809 4556 1859 4615 Ῑ)
1955 4541 2213 4599 Interit-et.
2246 4538 2304 4595 In
2331 4556 2459 4615 ms.,
2484 4541 2706 4615 interire.

1955 4612 2615 4682 Corrumperetveritatem.
2652 4611 2709 4665 In
2771 4626 2897 4676 ms.,
2947 4611 3291 4681 prmmittitur
3339 4628 3486 4681 non;

1882 4687 1977 4744 sed
2008 4683 2168 4740 male.

1953 4758 2194 4813 Peccata.
2224 4755 2287 4811 In
2317 4768 2445 4819 ms.,
2478 4762 2669 4824 specta.

1953 4829 2232 4885 Adversus.
2264 4826 2321 4881 lu
2352 4840 2479 4891 ms.,
2508 4823 2773 4879 adversos.

1953 4924 2207 4981 aEternae.
2230 4921 2495 4977 Heuman.
2521 4919 2649 4990 legit
2669 4928 2908 4991 pateruw.

1958 5015 2163 5079 Pietati,
2194 5013 2250 5068 In
2279 5028 2405 5079 ms.,
2433 5013 2654 5083 pietatis.
2687 5012 2876 5067 Pietati
2897 5028 3046 5080 vero,
3080 5013 3130 5067 id
3178 5023 3282 5082 est,
3319 5016 3478 5073 beni-

1882 5088 2095 5161 gnitati,
2125 5084 2449 5161 clementiae.

1953 5160 2151 5215 Bestiae
2171 5157 2353 5213 malas.
2385 5154 2690 5228 Tyraﬁnnos,
2721 5154 3135 5228 christianorum
3162 5169 3477 5224 persecuto-

1882 5246 1994 5296 res,
2024 5232 2094 5286 de
2121 5232 2315 5300 quibus
2335 5225 2573 5300 suprain
2606 5237 2718 5300 not.
2761 5226 2829 5281 ad
2858 5225 3019 5296 hujus
3066 5228 3189 5282 libri
3207 5238 3373 5294 caput
3400 5230 3435 5283 ξ).
3469 5248 3485 5285 :

1882 5302 1952 5356 Et
1977 5297 2161 5356 bestias
2181 5301 2367 5355 malas.
2397 5298 2462 5353 Et
2486 5297 2640 5353 deest
2669 5298 2722 5352 in
2746 5311 2848 5352 ms.

1956 5391 2258 5462 Magniﬁca.
2292 5390 2416 5455 Ms.,
2447 5388 2849 5462 magnificentia,
2874 5388 3088 5444 vitiose.

1967 5459 2253 5516 Viluerunt.
2281 5463 2327 5517 Α
2356 5459 2561 5516 υὲιεδεό.
2586 5460 2643 5516 In
2672 5477 2776 5517 ms.
2800 5460 3072 5531 viguerunt
3096 5476 3115 5514 :
3156 5460 3249 5514 sed
3301 5459 3482 5516 minus

1883 5534 2046 5590 bene.

1964 5626 2059 5680 Ea.
2092 5624 2147 5680 In
2175 5639 2302 5689 ms.,
2329 5640 2462 5679 eam.

1957 5716 2295 5772 Celebremus.
2339 5715 2431 5771 Bis
2474 5715 2528 5769 in
2560 5731 2663 5771 ms.
2705 5714 2973 5786 repetitur
3021 5709 3238 5766 verbum
3289 5705 3429 5786 is_tur_l
3463 5726 3479 5763 :

1884 5789 2007 5846 ideo
2032 5787 2113 5843 bis
2140 5786 2269 5841 illud
2299 5787 2624 5854 scribimus;
2652 5797 2705 5842 et
2733 5774 2800 5840 eo
2820 5783 2925 5839 loci
2948 5797 3051 5849 non
3076 5792 3259 5851 parum
3277 5774 3343 5828 ad
3365 5777 3483 5832 ele-

1881 5860 2119 5931 gantiam
2147 5859 2374 5914 conl‘ert.
