3828 6262
87 365 226 434 285

1563 361 1652 419 DE
1694 362 1986 422 PASCHA.

3298 368 3405 428 288

97 478 411 551 Pauperiem
442 485 773 543 extremam,
821 486 877 534 et
919 489 1094 535 rerum
1151 475 1404 534 inferiora
1453 486 1693 545 secutus,
1721 477 1774 540 Α
1801 475 2024 534 Flebilis
2046 496 2060 546 ;
2080 479 2316 536 innocuo
2343 486 2652 550 terramque
2671 477 2866 535 cruore
2887 476 3194 537 madentem

100 578 324 641 Semper
351 585 515 641 agens
547 570 770 625 monitis
800 569 1029 624 humana
1057 569 1362 624 salubribus
1391 569 1546 624 almae

107 664 320 735 Ingenia
348 663 413 718 ad
441 663 682 718 studium
713 662 1012 732 probitatis,
1043 671 1224 732 aperta
1251 663 1450 716 salubri

115 759 340 818 Plurima
365 757 626 810 doctrinm
657 756 938 824 injungens
965 756 1216 810 miracula
1245 773 1258 820 ;
1287 769 1454 826 quare

105 848 210 907 25.
238 849 383 918 Impia
415 847 754 902 Hierusalem
779 845 980 900 rabidis
1009 845 1244 901 exercita
1269 847 1412 900 curis

112 940 336 1002 Invidia},
363 939 628 1008 szevisque
659 937 798 992 odiis
824 946 879 992 et
898 952 1036 992 caeca
1063 937 1260 1003 furore,

115 1031 304 1090 Insonti
334 1041 414 1085 est
447 1031 626 1100 pceuis
657 1030 947 1085 ietlialibus
973 1045 1102 1084 ausa
1131 1040 1410 1085 cruentam

117 1128 185 1181 In
209 1139 346 1178 cruce
377 1123 605 1178 terribili
636 1133 864 1177 mortem
892 1123 1023 1176 mihi
1054 1137 1317 1192 quaerere.
1350 1124 1480 1191 Quae
1509 1125 1553 1178 si

121 1217 294 1273 Latius
321 1215 429 1286 ipse
455 1216 621 1289 velim
653 1215 1010 1285 distinguere,
1042 1216 1192 1286 sique
1214 1230 1308 1284 per
1333 1229 1522 1270 omnes

117 1312 209 1365 50.
237 1309 306 1364 ιω
322 1309 464 1379 juvet
491 1307 746 1379 gemitus,
779 1323 990 1364 mecum
1017 1319 1070 1363 et
1105 1310 1308 1364 sentire
1336 1310 1586 1374 dolores;

124 1403 317 1472 Collige
344 1403 564 1456 consilia
598 1401 928 1470 insidiasque
955 1401 1170 1471 meique
1197 1401 1483 1456 nefandum

122 1494 390 1564 Sanguinis
420 1493 638 1546 innocui
671 1493 924 1562 pretium,
958 1500 1013 1546 et
1040 1493 1287 1546 simulata
1310 1492 1522 1546 clientis

122 1587 325 1650 Oscula,
351 1595 404 1639 et
441 1586 694 1652 insultus,
717 1594 774 1640 et
802 1599 962 1640 saeva:
983 1584 1159 1656 jurgia
1187 1585 1376 1640 turbm.

127 1679 341 1734 Verbera
395 1687 678 1747 praetcrea,
709 1686 763 1732 et
810 1667 1084 1748 promptas
1112 1677 1178 1731 ad
1215 1677 1442 1732 crimina
1483 1677 1690 1749 linguas

122 1771 207 1826 55.
227 1771 343 1842 Fige
370 1773 569 1836 animo,
591 1779 645 1824 et
675 1778 864 1835 testes,
889 1780 940 1824 et
963 1771 1091 1824 caeci
1117 1768 1330 1824 infanda
1366 1771 1521 1825 Pilati

119 1863 333 1924 Judicia,
358 1862 738 1932 ingentemque
763 1863 1017 1915 humeros
1043 1870 1096 1915 et
1124 1860 1263 1915 fessa
1295 1871 1628 1930 prementem

117 1955 281 2026 Terga
294 1969 498 2012 crucem
514 1966 677 2025 atque
691 1970 880 2025 graves
893 1955 1160 2009 horrenda
1176 1955 1240 2009 ad
1259 1955 1441 2010 fuitera
1458 1970 1694 2026 gressus.

115 2048 266 2104 Nunc
290 2065 389 2116 me,
419 2063 560 2102 nunc
588 2063 720 2103 vero
751 2048 1043 2112 desertum,
1070 2055 1313 2102 extrema
1345 2060 1590 2108 secutum

119 2141 395 2210 Supplicia,
428 2149 481 2195 et
507 2139 652 2194 dulci
681 2141 913 2208 procula
943 2139 1203 2208 genitrice
1227 2141 1484 2208 levatum,

115 2229 204 2285 40.
229 2231 426 2287 Vertiee
447 2231 510 2284 ad
535 2245 705 2301 usque
724 2230 888 2302 pedes
911 2247 997 2285 me
1015 2232 1178 2286 lustra
1197 2250 1210 2287 ς
1227 2247 1295 2288 en
1318 2235 1498 2304 aspice
1518 2235 1698 2292 crines

116 2324 371 2392 Sanguine
395 2334 698 2390 concretos,
727 2335 783 2380 et
818 2326 1230 2397 sanguinolenta
1261 2328 1362 2383 sub
1388 2329 1518 2399 ipsis

115 2417 259 2470 C(illa
306 2419 487 2480 comis,
533 2419 810 2488 spinisque
860 2429 1021 2487 caput
1067 2419 1378 2475 crudelibus
1424 2421 1696 2489 haustum,

119 2504 349 2577 Undique
373 2508 490 2561 diva
514 2509 706 2578 plueus
734 2509 909 2562 vivum
939 2523 1106 2579 super
1133 2525 1224 2564 ora
1246 2526 1515 2569 cruorem.

115 2599 454 2670 Compressos
479 2603 776 2670 speculare.
797 2603 1008 2669 oculos,
1042 2613 1097 2657 et
1122 2604 1241 2660 luce
1283 2617 1553 2674 carentes,

119 2693 205 2749 45.
232 2695 566 2767 Amictasque
595 2713 783 2768 genas,
810 2708 1053 2754 arentem
1078 2701 1291 2770 suspice
1316 2703 1549 2772 linguam

119 2784 262 2841 Felle
290 2799 616 2854 venenatam,
638 2801 692 2844 et
723 2791 984 2859 pallentes
1015 2793 1202 2847 iuuere
1247 2796 1445 2848 vultus.

121 2873 288 2932 Cerne
312 2896 487 2934 manus
504 2881 676 2936 clavis
697 2881 852 2945 lixas,
882 2891 1188 2952 tractosque
1220 2885 1468 2952 lacertos,

123 2974 292 3040 Atque
315 2977 491 3044 ingens
517 2976 672 3029 lateri
702 2977 897 3030 vulnus
930 2993 942 3028 :
977 2991 1142 3031 cerne
1173 2978 1299 3032 inde
1324 2978 1551 3035 tluorem

125 3062 483 3133 Sanguineum,
503 3068 789 3138 iussusque
817 3068 1000 3138 pedes,
1017 3080 1276 3139 artusque
1305 3084 1584 3128 cruentos.

1801 567 1908 624 Ore
1937 577 2125 638 petens
2151 569 2363 637 humili,
2383 571 2634 642 Iacrymis
2659 569 2910 625 sull‘unde
2930 569 3189 637 subortis,

1803 661 1872 716 Et
1895 678 1980 718 me
2004 677 2386 734 nonnunquam
2409 663 2608 720 devoto
2632 665 2682 718 in
2712 664 2898 728 corde,
2925 678 3186 735 meosque

1803 753 1909 810 Fer
1937 756 2192 809 monitus.
2218 755 2437 810 Sectarc
2463 770 2599 810 meae
2631 755 2853 822 vestigia
2887 754 3007 807 vitre
3034 771 3048 818 ;
3251 736 3256 742 ’

1802 848 1892 906 55.
1920 848 2144 918 Ipsaque
2164 848 2422 918 supplicia
2447 846 2757 918 intpieiens,
2779 856 3114 915 mortemque
3133 862 3398 916 severam,

1804 943 2078 1013 Corporis,
2112 943 2425 998 innumeros
2473 955 2782 997 memorans
2837 941 3110 1010 animique
3148 939 3403 1009 dolores,

1805 1033 1959 1088 Disce
1997 1034 2223 1088 adversa
2256 1039 2363 1103 pati
2388 1043 2443 1088 et
2472 1033 2703 1104 pr0pri:e
2732 1031 3016 1101 invigilare
3042 1032 3224 1086 saluti.

1807 1123 1931 1178 llazc
1958 1125 2288 1190 monimenta
2317 1123 2431 1191 tibi,
2463 1125 2506 1178 si
2530 1124 2744 1193 quando
2766 1123 2818 1176 in
2851 1132 3032 1177 mente
3053 1123 3265 1192 juvabit

1804 1215 2054 1282 Volvere,
2074 1217 2116 1270 si
2136 1231 2238 1285 qua
2267 1215 2399 1270 iidcs
2422 1216 2603 1270 animo
2629 1215 2721 1270 tibi
2750 1215 2890 1270 ferre
2913 1227 3180 1282 meorum,

1803 1307 1896 1363 60.
1929 1307 2114 1363 Debita
2144 1309 2189 1362 si
2220 1307 2410 1376 pietas,
2443 1317 2496 1362 et
2519 1308 2686 1377 gratia
2719 1307 2879 1378 digna
2907 1307 3159 1360 laborum-

1806 1400 2017 1471 Surget,
2049 1410 2209 1456 erunt
2235 1416 2376 1455 veras
2404 1400 2604 1454 stimuli
2627 1399 2859 1465 virtutis,
2895 1408 3158 1468 eruntque

1807 1493 1989 1548 Hostis
2023 1495 2078 1548 in
2105 1493 2328 1549 insidias
2360 1492 2560 1563 clypei,
2587 1491 2783 1561 quibus
2804 1505 2932 1545 acer
2961 1490 3015 1544 in
3043 1493 3190 1545 omni

1803 1588 1974 1644 Tutus
1994 1590 2120 1656 eris,
2153 1589 2430 1657 victorque
2453 1585 2594 1640 feres
2617 1585 2915 1639 certamine
2937 1584 3189 1653 palmam.

1803 1680 1932 1735 Hzec
1951 1681 2281 1735 monimenta
2310 1689 2430 1734 tuos
2451 1678 2494 1732 si
2527 1678 2701 1733 labilis
2725 1676 2878 1732 orbis
2905 1677 3112 1730 amicos

1804 1773 1892 1829 65.
1929 1773 2188 1829 Avertent
2206 1788 2418 1838 sensus,
2440 1773 2677 1842 fugiente
2697 1770 2912 1825 decoris
2937 1771 3006 1825 ab
3028 1770 3212 1825 umbra

1732 1871 1779 1932 Β
1807 1865 2077 1926 Mundani,
2109 1864 2380 1924 efﬁcient.
2409 1879 2478 1918 ne
2528 1877 2625 1931 spe
2654 1870 2902 1932 captatus
2949 1862 3118 1926 inani,

1803 1958 2015 2014 Mobilis
2037 1957 2283 2012 occiduis
2312 1957 2543 2012 fortuna:
2572 1955 2737 2011 ﬁdere
2765 1955 2926 2010 rebus

1803 2051 2046 2117 Anseris,
2081 2062 2171 2106 aut
2197 2051 2321 2104 vitae
2351 2065 2574 2120 sperare
2598 2049 2874 2119 fugacibus
2891 2043 3087 2102 annis.’

1807 2146 1913 2201 Sed
1943 2157 1996 2201 et
2025 2146 2280 2201 nimirum
2304 2145 2384 2200 sic
2412 2145 2511 2200 ista
2541 2143 2748 2200 caduca
2776 2142 3050 2198 videntem

1804 2238 1893 2292 70.
1926 2239 2146 2302 Secura,
2169 2249 2224 2293 et
2251 2246 2472 2294 exutum
2502 2237 2688 2305 patrue
2711 2235 2953 2290 melioris
2983 2247 3192 2300 amore,

1805 2330 1962 2386 Orbis
1992 2346 2144 2401 opes,
2176 2344 2469 2399 rerumque
2495 2343 2646 2394 usus,
2679 2338 2735 2382 et
2759 2335 2881 2382 vota
2909 2326 3120 2397 piorum

1807 2423 2048 2478 Moribus
2073 2423 2338 2478 extollent
2364 2422 2556 2485 sacris,
2587 2422 2822 2488 vitaeque
2845 2421 3020 2474 beatae

1807 2515 1936 2584 Spe,
1958 2515 2120 2569 duras
2147 2515 2291 2569 inter
2315 2529 2521 2584 poenas,
2554 2523 2606 2568 te
2636 2527 2762 2569 rore
2793 2512 3051 2567 favebunt

1803 2605 2050 2673 Caelesti,
2075 2607 2324 2676 pectique
2368 2607 2495 2661 boui
2525 2604 2810 2659 dulcedine
2841 2611 3082 2673 paseent.

1805 2699 1896 2755 75.
1934 2699 2260 2768 Purpuream
2289 2697 2482 2763 donec,
2504 2705 2624 2766 post
2651 2695 2836 2749 ultima
2868 2694 2975 2748 fata
2997 2693 3190 2749 relicto

1805 2787 2354 2864 Corpore,sublimes
2380 2790 2612 2844 animam
2641 2787 2915 2842 revocabit
2942 2786 3012 2840 ad
3031 2800 3192 2839 auras

1803 2889 1984 2944 Gratia
2012 2902 2200 2957 magna
2229 2885 2342 2939 tibi.
2368 2884 2521 2938 Tunc
2543 2896 2758 2936 omnem
2787 2889 2947 2936 exuta
2972 2879 3233 2945 laborem,

1802 2981 2088 3052 Angelicos
2119 2990 2246 3033 tunc
2269 2979 2390 3031 laeta
2414 2977 2611 3030 choros
2631 2975 2885 3043 aciesque
2911 2971 3101 3026 beatas

1803 3072 2125 3128 Sanctorum
2160 3070 2472 3140 inspiciens,
2505 3077 2724 3122 aeternae
2753 3065 2901 3135 pacis
2926 3076 3141 3120 animae

122 3152 207 3211 50.
239 3157 405 3216 Flecte
450 3176 611 3230 genu,
649 3161 957 3231 lignumque
985 3161 1161 3217 crucis
1193 3165 1502 3220 venerabile
1529 3166 1694 3221 adora
1723 3157 1767 3222 C
1802 3167 1891 3223 80.
1925 3168 2190 3236 Perpetuo
2209 3164 2342 3220 felix
2370 3177 2582 3219 mecum
2607 3160 2854 3231 regnabit
2879 3159 2934 3214 in
2953 3158 3097 3212 aula.

1345 3302 1638 3360 LECTION
1647 3305 1726 3364 ES
1763 3302 2179 3364 VARIANTES.

230 3475 241 3486 .
367 3442 564 3506 semper
580 3453 748 3506 agens,
772 3449 871 3490 etc.
895 3440 973 3491 ΑΙ.
1001 3444 1178 3506 Egms.

368 3501 497 3568 Fige.
521 3501 801 3568 AlfFinge.
858 3565 872 3568 Α
958 3565 966 3568 _
1042 3501 1061 3506 '
1248 3533 1252 3536 -

227 3600 240 3611 .
261 3565 330 3614 52.
363 3565 617 3630 Sumatde.
641 3565 1011 3630 AIJPcrfumle.

226 3661 241 3674 .
370 3633 425 3680 Et
445 3628 518 3680 me
541 3628 900 3694 nmmunquam.
929 3628 1006 3677 Al.
1033 3631 1092 3678 Et
1109 3639 1184 3677 me
1208 3641 1452 3692 nunquam
1470 3642 1582 3680 non.

183 3438 223 3487 ν

184 3501 222 3548 γ

184 3562 222 3608 ν

185 3624 222 3672 ν

1867 3443 1928 3494 ν.
1953 3442 2015 3493 58
2039 3448 2092 3492 et
2112 3441 2194 3492 64.
2221 3441 2344 3490 Haec
2367 3437 2675 3488 monimenta.
2699 3432 2777 3498 Al.
2796 3426 3326 3498 Hea,

1863 3491 1927 3556 νζ
1951 3491 2288 3556 ’ῘΞξΜὸι-ἱὺω
2333 3499 2563 3556 extollant
2601 3494 2773 3554 sacris.
2800 3494 2878 3543 Al.
2908 3491 3128 3544 Moribus
3165 3491 3412 3559 expolia“

1803 3581 2032 3680 “$37.7.
2068 3625 2238 3677 Gratia
2253 3637 2432 3688 mgna
2452 3622 2556 3674 tibi.
2582 3621 2657 3674 Al.
2687 3615 2859 3671 Gratia
2878 3628 3058 3680 magna
3075 3615 3186 3667 Dei.

154 3761 3387 3796 m—W

1227 3873 1770 3954 VENANTII
1826 3871 2295 3946 HONOBII

491 4059 1792 4174 CLEMENTIANI
1867 4060 3018 4210 I-‘OB'I‘IINATI,

682 4253 1117 4310 PRESBYTERI
1158 4253 1428 4327 ITALICI,
1473 4255 1566 4309 AD
1604 4254 1905 4311 FELICEM
1944 4255 2350 4321 EPlSCOPUM,
2394 4254 2482 4316 DE
2522 4242 2808 4312 PASCllA.

261 4412 510 4484 Tempora
539 4411 793 4482 ilorigero
821 4413 1043 4466 rutilant
1069 4411 1322 4466 distincta
1352 4424 1581 4478 sereno;

327 4507 389 4561 Et
414 4508 616 4575 majore
640 4506 746 4574 poli
781 4505 981 4559 lumine
1004 4513 1154 4574 porta
1182 4512 1349 4574 patet.

266 4600 426 4656 Altius
447 4601 775 4671 ignivomum
801 4599 972 4656 solem
1001 4599 1125 4654 coeli
1158 4599 1328 4654 orbita
1350 4597 1515 4664 ducit,

327 4696 419 4762 Qui
442 4710 606 4767 vagus
634 4695 878 4750 Oceanas
894 4694 1028 4758 exit,
1059 4703 1112 4748 et
1139 4693 1303 4747 intrat
1328 4707 1514 4762 aquas.

181 4784 208 4840 5
268 4789 503 4843 Armatus
532 4787 697 4841 radiis
724 4787 988 4841 elementa
1019 4785 1275 4857 liquentia
1299 4785 1558 4850 lustrans,

332 4881 436 4936 Hac
464 4883 516 4936 in
537 4889 696 4935 nocte
727 4880 873 4934 brevi
902 4878 1069 4933 tendit
1093 4879 1148 4932 in
1169 4878 1303 4932 orbe
1323 4877 1487 4932 diem.

265 4971 543 5043 Splendida
572 4973 790 5028 sincero
815 4970 1122 5042 producunt
1149 4968 1353 5024 aethera
1385 4968 1536 5024 vultu
1563 5011 1576 5033 ,

330 5067 700 5137 Lzetitiamque
726 5080 877 5120 suam
905 5064 1082 5119 sidera
1111 5063 1255 5118 clara
1284 5065 1534 5130 probant.

263 5158 415 5216 Terra
444 5160 595 5215 ferax
625 5157 777 5213 vario
805 5156 981 5212 fundit
1005 5154 1324 5210 munuscula
1354 5153 1522 5219 cultu,

157 5246 210 5303 to
324 5252 452 5308 Cum
477 5252 621 5308 bene
650 5251 924 5316 vernarit;
951 5247 1129 5304 reddit
1157 5256 1211 5302 et
1233 5258 1591 5317 annuS'opes.

1728 4411 1784 4471 D

1952 4410 2128 4467 Mollia
2157 4424 2481 4482 purpureum
2513 4408 2738 4478 pingunt
2764 4405 2986 4460 violaria
3012 4419 3259 4476 campum
3287 4423 3300 4460 :

2028 4503 2184 4556 Prata
2216 4502 2392 4556 virent
2423 4501 2624 4564 herbis,
2658 4509 2712 4554 et
2741 4499 2904 4553 micat
2935 4498 3100 4552 herba
3129 4501 3321 4554 comis.

1946 4595 2206 4651 Paulatim
2237 4595 2468 4649 subeunt
2497 4593 2762 4654 stellantia
2797 4591 2993 4648 lumina
3028 4589 3262 4650 florum:

2021 4689 2266 4744 Floribus
2291 4688 2532 4742 arrident
2561 4687 2803 4756 gramina
2824 4693 3019 4749 cuncta
3047 4685 3180 4742 suis.

1811 4783 1880 4840 l5
1955 4782 2172 4838 Semine
2198 4780 2464 4850 deposito,
2500 4781 2603 4836 late
2633 4791 2790 4850 seges
2819 4775 2971 4832 exilit
3001 4776 3167 4838 arvis,

2031 4873 2313 4943 Spondens
2335 4871 2584 4942 agricolae
2614 4871 2830 4929 vincere
2857 4883 3018 4937 posse
3048 4867 3270 4926 fantem.

1949 4965 2182 5020 Candice
2209 4963 2446 5029 deserto,
2481 4963 2741 5034 lacrymat
2772 4976 2865 5025 sua
2896 4960 3088 5034 gaudia
3123 4960 3366 5032 palmes:

2030 5057 2184 5117 Unde
2205 5071 2416 5117 merum
2445 5054 2665 5120 tribuat,
2696 5053 2789 5112 dat
2811 5053 2973 5116 modo
2999 5052 3124 5114 vitis
3149 5066 3366 5124 aquam.

1949 5150 2164 5205 Cortice
2191 5150 2262 5219 de
2292 5149 2478 5204 matris
2507 5157 2695 5204 tenera
2721 5147 2975 5217 lanugine
3004 5159 3230 5218 surgens

1809 5241 1883 5299 20
2025 5241 2297 5312 Praeparat
2329 5240 2397 5296 ad
2436 5249 2649 5312 partum
2679 5236 2889 5309 turgida
2917 5250 3129 5310 gemma
3155 5237 3334 5293 sinum
3360 5253 3375 5302 ;

1489 5377 2047 5446 ANNOTATIONES.

168 5500 180 5511 ’
235 5499 501 5560 Venantii...
519 5506 592 5560 ad
612 5503 815 5574 felicem
840 5503 1152 5574 episcopum.
1174 5498 1232 5553 In
1251 5495 1581 5574 carminibus
1603 5494 1709 5550 Be-

171 5578 485 5644 surrectionis,
515 5568 641 5648 quia
671 5568 1158 5648 aperte'inve'nitur
1181 5571 1335 5648 cujus
1387 5568 1474 5623 illa
1512 5575 1717 5648 essent,

1812 5494 1924 5550 visa
1955 5501 2041 5564 est
2059 5491 2219 5564 lectio
2238 5492 2496 5564 vulgaris,
2520 5506 2678 5562 quam
2703 5490 2790 5551 illa
2819 5483 3292 5564 codicisVaticani,
3316 5485 3418 5544 Est

1827 5559 1969 5634 enim
1993 5561 2081 5618 ille
2096 5563 2266 5635 codex
2290 5559 2441 5618 valde
2459 5559 2740 5635 corruptus
2759 5581 2782 5635 ;r
2798 5570 2974 5615 tamen
2999 5562 3041 5615 is
3063 5568 3164 5635 est,
3182 5559 3412 5635 quicum

172 5627 898 5716 mutata—esi'tot‘avinscriptio,
917 5653 979 5716 et
993 5659 1056 5698 ea
1080 5627 1350 5716 adscripta
1377 5648 1478 5705 est,
1501 5653 1620 5708 qua:
1643 5627 1724 5716 est
1824 5628 2247 5716 iuvarepossit,
2273 5635 2359 5715 qui
2387 5651 2453 5715 eo
2478 5650 2598 5716 eum
2617 5627 2824 5703 j‘udicio
2855 5627 3147 5716 utaturaEIt.
3176 5641 3307 5716 sane
3336 5628 3414 5682 sic

176 5715 317 5789 iugillis
336 5721 628 5789 opusculis,
662 5710 914 5773 Venantii
940 5714 1188 5789 Honorii,
1219 5710 1649 5789 e_tc.._gu-tc_sunt
1671 5710 1724 5764 in

173 5780 442 5846 bibliotheca
457 5780 738 5858 Vaticana,
755 5805 819 5845 ca
844 5786 1039 5858 quibus
1061 5784 1227 5858 multa
1247 5783 1298 5838 in
1329 5780 1478 5858 libris
1501 5781 1724 5858 impres-

170 5858 227 5914 δὲ
245 5863 593 5934 ememlantur;
617 5850 786 5920 multa
811 5850 993 5918 tamen
1015 5857 1203 5914 relicta
1231 5862 1374 5922 sunt,
1391 5852 1513 5924 quia
1533 5850 1724 5907 melior

1829 5699 2131 5761 iaciendum
2155 5699 2352 5770 est'ei's,
2369 5708 2456 5775 qui
2483 5699 2813 5758 lianc’curam
2832 5699 3152 5775 emendandi
3173 5707 3414 5775 veterum

1830 5786 2105 5844 auctorum
2132 5777 2295 5830 libros
2322 5766 2636 5844 suscipiunt,
2657 5785 2710 5834 ut
2732 5788 2875 5841 swpc
2906 5767 3236 5844 expluribus
3259 5766 3415 5824 malis

1828 5843 2102 5905 codicibus
2131 5848 2345 5902 unicum
2376 5843 2633 5916 optimum
2659 5844 2907 5902 cl'ticiam.
2978 5843 3305 5895 Tuouasws.
