3800 6250
457 327 564 390 287
1915 326 2002 387 DE
2031 326 2318 388 PASCHA.
3012 288 3023 296 ’
3611 325 3680 393 tat

601 446 820 519 Subque
849 444 1059 518 hyemis
1089 451 1304 516 tempus
1348 443 1600 502 foliorum
1645 444 1793 502 crine
1835 445 2016 502 refuso
2035 485 2051 513 ,
2081 449 2130 509 Α
2159 445 2355 503 Tristia
2385 455 2669 503 cessarunt
2698 445 2926 504 infernze
2956 442 3171 503 vincula
3202 444 3332 519 legis
3353 445 3398 512 ;'

676 541 793 597 Jam
821 549 1036 610 reparat
1057 539 1296 595 viridans
1325 541 1544 596 frondea
1574 549 1710 596 tecta
1739 556 1947 596 nemus.
2234 540 2567 610 Expavitque
2595 537 2762 595 chaos
2791 539 3010 595 luminis
3039 553 3136 595 ore
3167 539 3354 610 premi.

601 633 761 689 Mixta
787 633 921 688 salix
941 674 957 700 ,
987 632 1160 701 abies,
1191 633 1408 705 corylus
1431 675 1445 698 ,
1473 633 1599 688 siler
1620 671 1636 699 ,
1667 633 1880 696 ulmus,
1913 647 2060 699 acer,
2162 630 2469 700 Depereunt
2500 633 2736 688 tenebrae
2766 632 2968 687 Christi
3003 631 3213 703 fulgore
3243 631 3431 704 fugatae
3462 651 3475 687 :

1811 723 1988 797 [nux,]
2231 722 2472 779 Eternaa
2503 725 2675 779 noctis
2707 725 2868 794 pallia
2899 738 3084 780 crassa
3113 722 3338 779 cadunt.

681 815 894 872 Plaudit
922 831 1150 888 quicque
1177 817 1290 873 suis
1317 817 1480 872 arbor
1517 832 1729 873 ammna
1759 816 1950 871 comis.
2160 812 2230 871 65
2253 816 2552 872 Sollicitam
2577 819 2671 872 sed
2694 817 2862 874 redde
2886 816 3073 884 fidem,
3099 830 3310 887 precor,
3337 817 3468 870 alma
3491 827 3681 888 potestas.

463 909 536 967 25
607 911 994 966 Constructura
1026 909 1176 966 favos
1206 911 1322 981 apis
1367 910 1494 966 hinc
1521 911 1754 966 alvearia
1785 910 2056 980 linquens,
2231 907 2410 963 Tertia
2443 909 2533 964 lux
2564 909 2723 966 rediit
2757 927 2772 966 :
2801 923 2961 978 surge
2983 950 2997 972 ,
3029 907 3240 979 scpulte
3268 922 3435 962 meus.

678 1002 925 1058 Floribus
953 1003 1300 1072 instrepitaus
1331 1002 1534 1072 poplite
1563 1003 1724 1057 mella
1751 1003 1912 1073 rapit.
2158 997 2274 1054 Non
2304 999 2461 1056 decet
2491 1010 2549 1056 ut
2578 1001 2668 1056 vili
2702 1001 2908 1055 tumulo
2932 1010 3019 1054 tua
3044 999 3284 1054 membra
3317 1008 3574 1069 tegantur;

599 1093 678 1148 Ad
707 1103 897 1148 cantus
927 1103 1211 1149 revocatur
1246 1095 1384 1160 avis,
1415 1109 1560 1164 qum,
1585 1096 1824 1150 carmine
1849 1095 2056 1162 clanso,
2231 1090 2348 1146 Non
2381 1093 2614 1162 pretium
2647 1091 2832 1146 mundi
2865 1092 2993 1145 vilia
3024 1105 3154 1145 saxa
3187 1100 3446 1160 premant.

680 1183 889 1255 Pigrior
913 1182 1159 1256 hyberno
1185 1185 1380 1256 frigore
1407 1193 1552 1239 muta
1584 1184 1700 1239 fttit.
2159 1182 2439 1253 Indignum
2470 1196 2582 1251 est,
2615 1184 2770 1253 cujus
2799 1183 3126 1241 clauduntur
3155 1193 3350 1238 cuncta
3382 1183 3589 1255 pugillo,
3687 1180 3689 1182 ’

600 1276 739 1334 Hinc
765 1277 1066 1334 Philomela
1098 1278 1210 1333 suis
1241 1285 1563 1348 attemperat
1590 1291 1788 1348 organa
1829 1277 2014 1332 cannis
2041 1293 2056 1343 ;
2159 1277 2232 1332 70
2261 1276 2326 1336 Ut
2356 1285 2498 1345 tegat
2527 1279 2791 1334 inclusum
2825 1293 2958 1348 rupe
2987 1286 3204 1333 vetante
3235 1277 3392 1346 lapis.

459 1369 532 1426 30
675 1370 869 1442 Fitque
897 1386 1221 1442 repercusso
1245 1371 1456 1426 dulcior
1483 1387 1614 1427 aura
1646 1371 1807 1426 melo.
2159 1369 2347 1424 Lintea
2380 1371 2535 1436 tolle,
2572 1386 2800 1442 precor;
2833 1370 3048 1426 sudaria
3082 1369 3266 1436 linque
3294 1368 3568 1438 sepulcro:

601 1463 744 1519 Ecce
771 1465 1106 1519 renascentis
1136 1474 1363 1520 testatur
1391 1464 1559 1535 gratia
1590 1465 1800 1532 mundi,
2229 1461 2310 1515 Tu
2341 1462 2471 1517 satis
2501 1478 2562 1518 es
2593 1464 2786 1530 nobis;
2819 1473 2876 1519 et
2906 1463 3024 1518 sine
3055 1471 3108 1518 te
3139 1459 3275 1515 nihil
3305 1469 3408 1515 est.

673 1557 864 1612 Omnia
892 1573 1015 1613 cum
1040 1558 1260 1614 domino
1286 1559 1424 1614 dona
1454 1559 1664 1615 redisse
1689 1575 1806 1614 suo.
2161 1552 2328 1610 Solve
2355 1563 2636 1611 catenatas
2669 1553 2865 1612 inferni
2895 1555 3131 1610 carceris
3165 1553 3412 1620 umbras,

604 1651 844 1724 Namque
874 1654 1223 1721 triumphanti
1259 1663 1378 1722 post
1407 1653 1576 1708 tristia
1610 1662 1809 1708 tartara
1838 1651 2060 1709 Christo
2232 1646 2302 1701 Et
2331 1661 2524 1704 revoca
2553 1662 2767 1703 sursum
2797 1641 3054 1719 quicq‘uid
3086 1645 3156 1720 ad
3189 1647 3294 1701 ima
3326 1647 3450 1700 ruit.

681 1743 929 1815 Undique
951 1744 1143 1800 fronde
1172 1760 1392 1810 nemus,
1423 1745 1667 1816 gramina
1689 1744 1825 1801 ﬂore
1851 1744 2054 1801 favent.
2159 1739 2230 1796 75
2258 1740 2446 1796 Redde
2475 1749 2622 1796 tuam
2653 1741 2842 1798 faciem
2865 1783 2880 1809 ,
2913 1740 3135 1796 videant
3164 1748 3222 1796 ut
3251 1740 3443 1795 stecula
3473 1739 3636 1805 lumen;

454 1835 526 1891 55
600 1835 830 1905 Legibus
853 1835 1047 1893 inferni
1079 1839 1385 1908 oppressis,
1426 1853 1590 1907 super
1613 1847 1756 1893 astra
1785 1846 2053 1894 meantem
2085 1832 2132 1892 B
2229 1833 2418 1890 Redde
2445 1835 2589 1890 diem
2613 1877 2628 1901 ,
2659 1835 2752 1906 qtti
2784 1849 2886 1890 nos
2906 1877 2922 1902 ,
2955 1843 3008 1891 te
3039 1834 3344 1900 moriente,
3380 1833 3521 1904 fugit.

673 1931 917 1986 Laudant
944 1932 1048 1987 rite
1078 1932 1246 1986 Deum
1281 1931 1366 1986 lux
1387 1973 1402 1998 ,
1434 1931 1589 2002 polus
1610 1973 1627 2000 ,
1654 1947 1811 1998 arva,
1838 1932 2055 1986 fretum.
2162 1924 2266 1985 Sed
2297 1926 2455 1997 plane
2487 1926 2717 1997 implesti
2750 1941 3032 1992 remeans,
3064 1926 3155 1998 pie
3186 1925 3384 1991 victor,
3413 1927 3672 1997 olympum:
3764 1956 3765 2004 ι

603 2022 705 2092 Qui
724 2023 1015 2078 cruciﬁxus
1041 2032 1180 2090 erat,
1209 2024 1350 2080 Deus
1373 2039 1502 2079 ecce
1524 2040 1620 2094 per
1644 2027 1823 2079 omnia
1849 2032 2056 2094 regnat;
2232 2017 2453 2072 Tartara
2482 2033 2670 2088 pressa
2697 2019 2912 2089 jacent,
2949 2033 3050 2074 nec
3079 2033 3175 2074 sua
3200 2018 3325 2088 jura
3359 2027 3552 2101 tenent.
3764 2007 3765 2072 1

673 2117 918 2186 Dantque
947 2118 1177 2172 creatori
1205 2124 1605 2173 cuncta‘creata
1635 2131 1870 2186 precem.
2161 2109 2371 2168 Inferus
2401 2113 2830 2171 insaturabiliter
2859 2128 2989 2168 cava
3020 2121 3238 2183 guttura
3274 2111 3532 2183 pandens,

599 2208 758 2264 Salve
777 2250 793 2275 ,
827 2207 964 2264 festa
991 2208 1138 2276 dies,
1175 2218 1289 2264 toto
1315 2207 1636 2263 venerabilis
1665 2222 1786 2262 aevo
1805 2247 1822 2272 ,
2159 2208 2229 2264 80
2257 2207 2357 2275 Qtti
2389 2217 2604 2276 raperet
2631 2221 2874 2277 semper,
2909 2206 2978 2262 sit
3009 2215 3097 2261 tua
3128 2204 3314 2276 praeda
3337 2244 3354 2271 ,
3389 2204 3536 2259 Deus.

455 2300 528 2356 40
557 2300 672 2370 Qua
700 2301 842 2356 Deus
873 2301 1143 2356 infernum
1173 2300 1304 2356 vicit
1331 2309 1387 2356 et
1415 2309 1559 2355 astra
1590 2308 1758 2356 tenet.
2164 2297 2340 2366 Eripis
2373 2298 2714 2354 innumerum
2748 2298 3005 2368 populum
3036 2297 3105 2354 de
3133 2311 3358 2352 carcere
3388 2296 3592 2360 mortis;

464 2342 526 2356 ,ν
559 2342 672 2370 κη..
703 2342 842 2356 νυν..
1183 2342 1304 2356 ην..
1333 2342 1387 2356 ν.
1415 2342 1559 2355 μυ...
1592 2342 1758 2356 .........
2164 2342 2340 2366 --.παν
2373 2342 2714 2354 .............-...
2749 2342 3005 2368 γυνη...
3037 2342 3105 2354 ..ν
3135 2342 3358 2352 -........-
3388 2342 3592 2360 .-.-...-,

464 2393 732 2448 Mobilitas
760 2392 922 2457 anni,
956 2407 1202 2448 mensum
1225 2433 1241 2459 ,
1276 2391 1366 2446 lux
1396 2392 1540 2447 alma
1571 2390 1781 2447 dierum
1808 2433 1824 2456 ,
2235 2388 2302 2442 Et
2330 2389 2574 2459 sequitur
2602 2389 2764 2456 liber,
2797 2403 2904 2459 quo
2933 2403 3062 2443 suus
3090 2397 3283 2443 auctor
3313 2387 3450 2441 abis.
3765 2342 3767 2462 ξ

530 2483 794 2540 Horarum
825 2483 1105 2555 splendor,
1136 2484 1360 2539 stridula
1389 2492 1584 2539 cuncta
1610 2481 1810 2538 favent.
2161 2480 2376 2536 Evomit
2403 2483 2715 2552 absorptam
2747 2481 2943 2553 pavide
2973 2482 3086 2537 fera
3120 2480 3305 2537 bellua
3335 2480 3568 2551 plebem;

460 2577 600 2633 llinc
631 2577 726 2632 tibi
759 2578 911 2651 sylva
958 2579 1166 2647 comis,
1200 2578 1324 2633 hinc
1355 2578 1560 2648 plaudit
1590 2592 1811 2648 campus
1839 2576 2055 2643 aristis;
2233 2576 2297 2630 Et
2327 2575 2394 2630 de
2423 2575 2576 2630 fauce
2608 2575 2719 2645 lupi
2749 2573 3021 2630 subtrahit
3047 2588 3220 2644 agnus
3249 2586 3403 2628 oves.

533 2669 667 2724 Hinc
695 2679 875 2740 grates
907 2669 1069 2724 tacito
1101 2670 1319 2739 palmite
1348 2669 1472 2724 vitis
1497 2669 1627 2740 agit.
2160 2665 2231 2723 85
2262 2669 2395 2724 llinc
2426 2669 2692 2723 tumulum
2735 2676 2988 2738 repetens
3038 2676 3163 2739 post
3211 2675 3448 2730 tartara,
3475 2679 3610 2722 carne
3631 2679 3688 2720 re-

455 2760 527 2816 45
557 2728 820 2817 Ηίιιονιίὺί
851 2776 998 2816 nunc
1028 2728 1208 2815 avium
1255 2769 1516 2816 resonant
1533 2728 1771 2830 virgulta
1801 2773 2055 2826 susurro;
2799 2728 2812 2738 ’
3038 2728 3054 2739 ’
3415 2758 3646 2832 [sumpta,]
3768 2728 3769 2790 ι

528 2853 636 2908 Has
664 2852 806 2909 inter
836 2853 1004 2910 nimio
1032 2866 1220 2924 passer
1239 2867 1426 2908 amore
1445 2851 1612 2908 canit.
2229 2856 2461 2926 Belliger
2490 2857 2556 2910 ad
2587 2857 2760 2912 ctelos
2789 2855 2969 2926 ampla
2999 2853 3242 2926 trophzea
3275 2853 3465 2911 refers.

455 2945 673 3004 Christe
693 2948 841 3004 salus
861 2963 1064 3020 rerum,
1091 2948 1234 3004 bone
1255 2947 1506 3004 conditor
1535 2954 1696 3018 atque
1725 2945 2054 3018 redemptor,
2159 2949 2306 3017 Quos
2335 2947 2521 3003 habuit
2554 2948 2767 3018 ptenale
2797 2945 2995 3012 chaos,
3024 2946 3134 3016 jatn
3167 2945 3412 3001 reddidit
3439 2944 3558 3008 istc;

531 3042 694 3098 Unica
729 3043 1017 3113 progenies
1045 3057 1111 3098 ex
1144 3041 1344 3098 deitate
1372 3041 1541 3112 patris
1566 3081 1581 3105 ,
2231 3042 2302 3099 Et
2328 3057 2463 3114 quos
2493 3057 2640 3097 mors
2671 3051 2879 3113 peteret
2899 3083 2914 3107 ,
2951 3041 3050 3095 hos
3080 3054 3220 3094 nova
3253 3039 3367 3094 vita
3402 3045 3553 3095 tenet.

455 3133 863 3190 lrrecitabiliter
892 3147 1119 3188 manans
1147 3132 1217 3189 de
1245 3132 1410 3188 corde
1440 3131 1679 3203 parentis
1699 3172 1715 3198 ,
2158 3137 2276 3193 Rex
2305 3151 2480 3202 sacer,
2514 3150 2642 3192 ecce
2674 3135 2750 3188 tui
2785 3133 2960 3188 radiat
2991 3147 3118 3204 pars
3150 3145 3350 3202 magna
3382 3129 3610 3201 trephtei,

451 3225 525 3282 50
562 3225 800 3280 Verbum
831 3224 1134 3278 subsistens
1160 3266 1175 3288 ,
1206 3234 1260 3279 et
1293 3224 1460 3294 patris
1489 3238 1584 3279 ore
1614 3232 1840 3293 potens,
2084 3219 2130 3284 C
2161 3231 2231 3286 90
2258 3229 2396 3285 Cum
2427 3242 2588 3298 puras
2615 3228 2824 3283 animas
2853 3241 3007 3281 sacra
3039 3226 3254 3280 lavacra
3287 3225 3470 3281 beant.

457 3318 741 3388 Equalis,
776 3332 1038 3384 concors,
1071 3320 1284 3384 socius,
1318 3334 1438 3374 cum
1465 3328 1615 3388 patre
1643 3333 1856 3374 comvus
1877 3359 1893 3385 ,
2023 3349 2028 3352 -
2159 3321 2433 3378 Candidus
2463 3322 2742 3392 egreditur
2771 3320 2960 3376 nitidis
2991 3320 3268 3375 exercitus
3301 3317 3488 3383 undis;

528 3411 648 3477 Quo
677 3411 906 3478 sumpsit
934 3409 1168 3466 mundus
1198 3411 1438 3481 principe
1471 3410 1832 3481 principium;
2235 3418 2409 3484 Atque
2438 3422 2592 3469 vetus
2620 3412 2808 3468 vitium
2841 3421 3031 3483 purgat
3055 3413 3107 3466 in
3130 3425 3293 3466 amne
3325 3424 3477 3465 novo.

459 3503 687 3558 Ethera
718 3503 1040 3573 suspendis,
1074 3503 1188 3558 sola
1218 3504 1464 3575 congeris
1486 3545 1502 3570 ,
1536 3519 1751 3575 aequora
1784 3504 1960 3559 fundis

2159 3509 2451 3579 Fulgentes
2480 3509 2689 3564 animas
2719 3505 2887 3563 vestis
2915 3520 3132 3576 quoque
3160 3503 3394 3559 candida
3425 3502 3607 3571 signat;

528 3597 770 3668 Qureqtte
801 3597 936 3652 locis
966 3597 1246 3665 habitant,
1281 3615 1402 3670 quae
1433 3598 1710 3654 moderata
1742 3597 1944 3668 vigent.
2240 3602 2306 3656 Et
2333 3616 2498 3672 grege
2528 3601 2596 3656 de
2626 3601 2785 3654 niveo
2813 3596 3007 3670 gaudia
3041 3603 3228 3666 pastor
3261 3594 3445 3649 habet.

461 3687 533 3747 55
562 3688 661 3756 Qui
700 3703 870 3760 genus
901 3688 1193 3744 humanum
1234 3704 1464 3746 cernens
1505 3705 1744 3746 mersum
1783 3706 1904 3746 esse
1935 3705 2065 3761 pro-
2165 3695 2238 3752 95
2267 3695 2501 3751 Additur
2532 3694 2633 3750 hac
2663 3693 2813 3749 Felix
2844 3706 3077 3746 concors
3109 3689 3368 3744 mercede
3398 3683 3645 3745 sacerdos.

1751 3781 1987 3854 [tundo,]
2235 3789 2336 3857 Qui
2367 3790 2497 3846 dare
2526 3789 2642 3844 vult
2675 3787 2904 3842 Domino
2934 3785 3095 3856 dupla
3128 3783 3252 3840 talet

1977 3781 1987 3854 I
2235 3789 2336 3857 Qui
2367 3790 2497 3846 dare
2526 3789 2642 3844 vult
2675 3787 2904 3842 Domino
2934 3785 3095 3856 dupla
3128 3783 3332 3840 talenta
3363 3797 3478 3838 suo.

529 3874 596 3932 Ut
627 3874 901 3931 hominem
933 3876 1175 3947 eriperes
1199 3918 1214 3944 ,
1247 3891 1306 3932 es
1336 3891 1553 3948 quoque
1583 3875 1762 3932 factus
1793 3875 1977 3930 homo.
2162 3880 2244 3937 Ad
2275 3881 2500 3938 meliora
2533 3880 2756 3936 trahens
2785 3878 2972 3950 gentili
3003 3892 3194 3933 errore
3221 3885 3478 3948 vagantes
3497 3914 3512 3938 ,

452 3967 564 4023 Nec
595 3978 780 4022 nostro
812 3979 1019 4024 tantum
1048 3969 1266 4025 voluisti
1297 3986 1328 4025 e
1358 3985 1591 4040 corpore
1622 3971 1769 4026 nasci
1791 4012 1806 4033 .
2232 3973 2408 4029 Bestia
2441 3989 2509 4029 ne
2539 3982 2791 4045 raperet,
2826 3971 3000 4027 munit
3029 3970 3173 4026 ovile
3205 3969 3327 4025 Dei.

523 4059 632 4114 Sed
663 4075 790 4116 caro
809 4102 823 4124 ,
858 4077 977 4132 quae
1011 4063 1155 4116 nasci
1187 4061 1448 4131 pertulit,
1480 4070 1642 4132 atque
1673 4062 1831 4117 mori.
2159 4064 2307 4131 Quos
2337 4064 2491 4136 prius
2521 4064 2631 4120 Eva
2663 4079 2868 4120 nocens
2897 4061 3200 4128 infecerat,
3235 4059 3338 4114 bos
3368 4057 3519 4114 modo
3545 4051 3673 4110 reddit

453 4151 685 4207 Funeris
713 4155 969 4223 exequias
1002 4155 1169 4224 patris
1199 4169 1374 4210 novus
1402 4165 1616 4220 auctor,
1648 4166 1704 4210 et
1733 4156 1881 4211 orbis
1902 4199 1918 4222 ,
2161 4158 2266 4214 100
2295 4157 2551 4214 Ecclesiae
2581 4165 2766 4228 pastor
2795 4157 2965 4214 ubere
2994 4156 3134 4212 lacte
3163 4155 3308 4210 sinu.

448 4244 521 4301 60
550 4244 693 4305 Intra
725 4248 914 4303 mortis
944 4247 1046 4303 iter
1072 4247 1255 4304 dando
1284 4248 1475 4303 salutis
1503 4264 1684 4319 opem.

1699 4410 2085 4470 LECTIONES
2124 4369 2539 4467 VARIANTES.

511 4543 574 4612 Χ.
713 4548 842 4612 4cer
865 4562 984 4601 nam.
1011 4549 1108 4600 Alii
1133 4551 1330 4612 legunt,
1356 4563 1580 4602 acernus.
2070 4549 2124 4611 D
2212 4551 2272 4601 νο
2300 4550 2381 4601 διο
2418 4550 2651 4612 Λῖιϐνηωο
2673 4547 2755 4612 AL,
2777 4550 2837 4612 Ει
2855 4553 3023 4612 ιεητςες

508 4608 570 4657 ν.
597 4608 674 4657 42.
713 4610 911 4661 Cuncta.
938 4612 1015 4661 At.
1041 4608 1249 4664 Puncta.
1315 4608 1324 4612 ⁷
2070 4608 2102 4611 ί
2218 4613 2279 4662 ν.
2299 4614 2378 4662 65.
2417 4611 2707 4663 Sollicitam.
2732 4610 2812 4661 Al.
2837 4609 3137 4661 Pollicitam.

510 4669 572 4720 ν.
600 4673 681 4736 gi.
717 4673 824 4736 Has
846 4671 993 4736 inter,
1015 4684 1111 4724 etc.
1139 4676 1332 4726 Aliter:
2219 4675 2281 4724 ν.
2306 4674 2386 4725 68.
2424 4677 2556 4725 Non.
2578 4673 2656 4724 Al.
2684 4675 2810 4736 Nec.
2835 4673 2908 4722 Al.
2931 4675 3060 4736 Neu.

601 4733 705 4804 ﬁas
715 4734 856 4804 inter
880 4733 1108 4804 minimus
1131 4750 1300 4804 passer
1323 4749 1491 4788 amore
1515 4750 1655 4789 cano.
2221 4737 2280 4804 Χ.
2306 4736 2388 4804 δερ.
2423 4741 2652 4804 augeret.
2678 4733 2980 4804 Al.__Itapuit.

507 4791 570 4866 χ.
593 4794 672 4866 ἕρ.
708 4795 1001 4866 gavisam.
1028 4791 1415 4866 Al._1?tmetrare.
2222 4799 2284 4866 Χ.
2310 4800 2387 4866 βξ.
2423 4791 2559 4866 Aliis.
2581 4799 2658 4866 Al.
2685 4795 2821 4866 Adit.

507 4853 568 4904 ν.
595 4858 674 4922 ﬁt).
711 4857 944 4922 Funeris,
970 4867 1071 4909 etc.
1102 4862 1262 4911 Aliter
1291 4876 1303 4910 :
2223 4861 2284 4910 V.
2309 4860 2389 4911 8'7.
2428 4863 2549 4911 Iste.
2569 4861 2654 4922 Al.
2677 4863 2743 4910 In
2764 4865 2827 4910 te.

604 4917 817 4986 Funeris
842 4917 1084 4986 exequias
1101 4925 1284 4984 pateris
1299 4925 1412 4974 vitae
1433 4931 1602 4974 auctor
1621 4931 1674 4974 et
1695 4924 1851 4974 orbis.
2223 4924 2281 4986 Υ.
2303 4923 2386 4972 89.
2427 4920 2674 4986 Trapltazi.
2699 4922 2779 4986 Al.
2812 4919 3088 4986 Triumphi.

509 4976 570 5040 Υ.
596 4980 677 5030 60.
716 4981 877 5032 Intra.
905 4976 983 5033 Δι’.
1013 4976 1201 5036 Intras.
2226 4985 2286 5036 V.
2312 4987 2394 5040 95.
2435 4976 2666 5039 (.‘oric'ors.
2693 4983 2772 5036 Al.
2795 4976 3021 5036 Consors.

508 5038 570 5090 Υ.
590 5043 676 5092 61.
719 5041 903 5096 Tristia
925 5055 1193 5100 cessarunt.
1210 5047 1288 5100 Al.
1318 5045 1502 5103 Tristia
1518 5055 1782 5101 cesserunt.

1857 5199 2412 5260 ANNOTATIONES.

523 5353 791 5438 Vers._'59.
823 5355 1143 5438 Salaefesta
1163 5363 1294 5430 dies,
1325 5375 1428 5423 toto
1455 5369 1752 5425 venerabilis
1773 5385 1899 5435 tero,
1931 5367 2050 5438 Qua
2156 5365 2244 5424 cui
2274 5363 2510 5421 disticho
2541 5370 2690 5418 recte
2714 5361 2876 5416 etiam
2901 5359 3034 5416 illud
3055 5358 3397 5414 continenter
3414 5347 3670 5422 adjungiluf

442 5425 625 5538 35:13.;
631 5427 696 5538 εἴ
691 5440 1276 5538 θιῖἶῗιᾝέῗέἰζῗῗὶῗεὶ
1298 5445 1825 5538 ‘fﬁei;.é.“2‘£’.'l"it‘ﬁ
1834 5443 2049 5538 ξὲάὲξέδ
2283 5477 2526 5529 Nobilitas
2547 5477 2678 5538 anni.
2702 5487 2947 5538 mensum.
2973 5471 3058 5538 'le
3081 5473 3209 5522 anna
3229 5471 3440 5538 dierum.

444 5497 958 5602 Xﬁi.‘f“"‘.f.'1"‘:£2i
980 5511 1554 5602 ξὲίζῖῐειέἕιξιεεὲξεει
1580 5513 2049 5602 ιζειξδινίείῐιμιίξὲἱες
2282 5497 3440 5602 £33351“:234635333313iﬁ‘pﬁi'éia"i§i33ii

440 5567 592 5648 tjclia
608 5610 623 5629 ,
674 5583 782 5648 quo
825 5582 958 5648 sane
984 5573 1040 5648 i_n
1073 5574 1192 5630 loco
1222 5567 1346 5635 esse
1375 5579 1556 5637 debet.
1582 5567 1726 5640 Nam
1759 5567 1884 5639 ante
1915 5582 2050 5637 nihil
2283 5567 2526 5592 mulum
2549 5567 2803 5648 W'W‘fu"
2829 5567 3036 5648 “imm
3060 5567 3239 5646 Vw?"
3461 5635 3503 5648 ,,
3539 5633 3570 5648 _,

442 5638 511 5694 de
551 5637 813 5714 Passione
857 5642 942 5696 vel
984 5642 1401 5704 Resurrectione
1426 5635 1888 5712 Chr-istimdicitur
1915 5635 2053 5709 {sed
2238 5649 2502 5704 Nobilitas
2530 5647 2675 5702 enim
2704 5642 2990 5714 legendum
3023 5650 3108 5696 est
3153 5638 3223 5714 ex
3251 5638 3434 5714 codice
3461 5635 3694 5714 Vaticana.

440 5725 536 5764 ver
568 5709 742 5787 ipsum
771 5727 835 5787 e_x
866 5714 1048 5770 multis
1079 5701 1877 5787 ιιτοριῖίίέ
1898 5701 2053 5781 (Eo-in:
2167 5701 2371 5776 ulla—us
2398 5701 2574 5786 aliqua
2603 5717 2682 5771 illi
2713 5701 2818 5769 (tibi
2837 5756 2851 5778 ,
2885 5729 3044 5784 quem
3074 5712 3297 5768 laudare
3325 5701 3695 5787 vultznaljribuﬁ

435 5761 746 5861 τῐιεηίῖίιιιιτι
783 5761 1228 5861 Postttusm'ver'i.
1251 5761 2058 5854 τᾶεἰῗῖὲξὶ’ῖηέ“ἐι“ὖὸ’ἷίὲἔιιΐιῖἓὲ-
2169 5761 2446 5856 ὖίπέῗὲἶιῖῖι
2479 5761 2547 5843 ἐκ
2581 5761 2920 5861 ιηοδίιὶιειίθῗ
2947 5795 3004 5838 ιιι
3025 5792 3149 5861 erat
3193 5793 3347 5861 τξιιιρο
3381 5761 3516 5861 ηηῖῐο
3541 5761 3697 5861 ¹π¹1ξέέ

438 5851 634 5920 tionis,
682 5837 836 5936 recte
876 5837 1504 5946 ill'udmaddittirwzvgalve
2330 5837 2873 5930 “siiiiuéin'aeéédere
2895 5837 3100 5926 possit,
3129 5856 3251 5924 quia
3282 5837 3382 5909 hoc
3407 5856 3488 5905 est
3515 5837 3700 5901 onmins
