3828 6262
440 273 545 332 291
1900 272 1934 328 Α

2136 271 2298 333 ᾹΤΑ.
2327 297 2329 300 ⁴
2794 285 2797 290 ·
3614 289 3696 349 qm

1070 394 1156 449 10.
1194 392 1419 448 Clarias.

445 483 599 539 Unda
631 483 702 539 fui
727 483 1017 555 quondam,
1043 485 1185 556 quod
1215 503 1300 541 me
1327 487 1435 541 cito
1464 485 1627 541 credo
1658 485 1890 541 futuram
1916 505 1926 540 ε

443 575 598 633 Nunc
627 577 779 648 rigidi
809 577 930 633 cceli
957 577 1108 633 duris
1151 593 1393 635 connexa
1423 578 1626 634 catenis
1649 619 1663 644 ,

442 669 554 726 Nec
576 669 778 726 calcata
804 670 910 746 pati
943 684 1183 742 pOSSum,
1219 685 1320 726 nec
1349 669 1490 728 nuda
1528 671 1718 725 teneri.

921 784 1009 844 11.
1050 783 1272 841 Flunzen
1301 794 1350 841 et
1381 786 1556 857 piscis.

444 878 544 933 Est
571 877 764 932 domus
789 878 841 931 in
869 878 1052 944 terris,
1083 877 1228 932 clara
1259 894 1376 948 qua:
1407 893 1542 932 voce
1571 877 1830 933 resultat:

444 969 561 1040 ipsa
591 969 786 1024 domus
812 977 1055 1033 resonat,
1091 970 1281 1024 tacitus
1304 968 1396 1023 sed
1421 984 1528 1023 non
1552 976 1707 1022 sonat
1738 969 1966 1036 hospes;

439 1061 616 1118 Ambo
633 1071 820 1120 tamen
846 1051 1095 1126 currunt,
1129 1061 1330 1132 hospes
1351 1061 1510 1116 simul
1537 1070 1590 1116 et
1619 1060 1812 1116 domus
1843 1074 1966 1114 una.

1117 1154 1202 1210 12.
1239 1153 1366 1209 Nix.

439 1245 623 1302 Pnlvis
649 1257 805 1318 aqum
839 1246 1017 1304 tenuis
1047 1245 1264 1304 tnodico
1291 1260 1412 1300 cum
1445 1245 1681 1314 pondere
1711 1244 1892 1314 lapsus
1913 1285 1928 1310 ,

441 1340 568 1396 Sole
588 1341 836 1408 madens,
866 1351 1052 1396 testate
1076 1340 1271 1405 ﬂuens,
1303 1341 1357 1395 in
1391 1340 1588 1410 frigore
1617 1339 1793 1394 siccus
1813 1382 1827 1406 ,

443 1432 692 1502 Flumina
723 1433 984 1504 facturus,
1017 1442 1159 1488 totas
1189 1432 1344 1506 prius
1372 1445 1578 1502 occupo
1609 1440 1802 1486 terras.

1096 1526 1184 1582 15.
1209 1523 1393 1580 Navis.

444 1620 629 1691 Longa
658 1619 804 1674 feror
838 1618 996 1674 velox
1029 1617 1283 1673 formosae
1313 1617 1422 1675 lilia
1443 1617 1593 1672 silvae
1613 1657 1628 1683 ,

446 1713 731 1769 lnnumera
764 1714 959 1783 pariter
988 1712 1244 1768 comitum
1268 1713 1501 1781 stipante
1529 1719 1738 1766 caterva
1762 1726 1774 1762 :

446 1806 619 1862 Curro
647 1807 760 1862 vias
789 1806 1006 1872 multas,
1034 1804 1258 1874 vestigia
1287 1805 1432 1860 nulla
1463 1804 1796 1876 relinquens.

431 1950 442 1956 -
994 1899 1078 1955 14.
1116 1897 1300 1953 Pullus
1330 1898 1382 1953 in
1403 1915 1517 1954 ovo.

446 1992 578 2048 Mira
613 1993 706 2047 tibi
729 2001 961 2048 referam
991 2000 1190 2046 nostra:
1219 1991 1510 2061 primordia
1541 1991 1685 2044 vitae.

447 2087 695 2142 Nondum
729 2097 884 2141 natus
913 2101 1062 2141 eram
1083 2127 1098 2151 ,
1138 2100 1238 2141 nec
1268 2101 1417 2140 eram
1448 2093 1558 2140 tum
1591 2086 1776 2140 matris
1809 2085 1860 2139 in
1894 2087 2048 2141 alvo:

446 2177 567 2233 Jam
600 2177 771 2248 posito
801 2187 976 2248 partu,
1008 2185 1190 2232 natum
1224 2192 1311 2231 me
1342 2191 1504 2232 nemo
1539 2175 1774 2234 videbat.

1079 2270 1170 2325 15.
1214 2267 1419 2338 Vipera.

446 2365 562 2421 Non
592 2379 811 2435 possum
835 2363 1006 2427 nasci.
1033 2362 1080 2418 si
1105 2377 1211 2420 non
1241 2361 1492 2417 occidero
1515 2369 1764 2416 matrem.

449 2458 633 2518 Occidi
675 2465 903 2514 matrem
939 2473 951 2509 :
981 2454 1076 2514 sed
1108 2469 1194 2509 me
1224 2463 1408 2510 manet
1433 2455 1612 2508 exitus
1639 2453 1805 2507 idem.

447 2549 507 2607 ld
533 2566 649 2607 mea
679 2565 825 2608 mors
857 2549 1077 2620 patitur,
1108 2547 1252 2618 quod
1281 2547 1390 2616 jam
1418 2561 1538 2604 mea
1570 2545 1696 2600 fecit
1717 2544 1888 2615 origo.

1098 2640 1188 2695 16.
1222 2637 1401 2694 Tiuea.

452 2738 656 2795 Littera
685 2752 772 2792 me
799 2736 964 2807 pavit,
992 2747 1092 2790 nec
1121 2731 1250 2803 quid
1281 2732 1350 2786 sit
1378 2731 1556 2785 littera
1580 2729 1725 2785 novi.

449 2831 507 2886 ln
532 2829 682 2886 libris
705 2829 833 2898 vixi,
862 2842 962 2884 nec
990 2841 1111 2884 sum
1142 2823 1436 2880 studiosior
1459 2821 1605 2876 inde.

448 2924 615 2982 Exodi
645 2924 844 2990 lusos,
877 2936 978 2980 nec
1005 2919 1186 2977 adhuc
1212 2927 1393 2973 tamen
1423 2916 1537 2988 ipsa
1571 2911 1798 2985 profeci.

1097 3014 1185 3067 17.
1219 3013 1442 3066 Αηιηεα.

448 3111 625 3170 Pallas
649 3125 737 3166 me
765 3107 948 3165 docuit
973 3104 1192 3162 texendi
1225 3118 1387 3161 nosse
1416 3102 1678 3158 laborem.

449 3207 563 3263 Nec
592 3203 736 3276 pepli
765 3201 946 3258 radios
975 3207 1229 3270 poscunt,
1259 3211 1362 3252 nec
1392 3195 1511 3251 licia
1536 3193 1676 3264 telae.

448 3297 606 3353 Nulla
636 3295 768 3353 mihi
796 3308 989 3350 manus
1016 3301 1123 3357 est,
1180 3288 1409 3359 pedibus
1449 3295 1633 3343 tamen
1675 3283 1855 3340 omnia
1897 3281 2048 3338 ﬁunt.

1066 3382 1155 3439 18.
1202 3380 1443 3436 Cochlea.

452 3481 619 3539 Porto
642 3478 860 3534 domum
894 3489 1125 3540 mecum,
1159 3489 1375 3544 semper
1402 3473 1635 3542 migrare
1667 3478 1847 3541 parata
1869 3511 1887 3538 ,

455 3573 765 3641 Mutatoqua
792 3571 911 3628 solo
945 3584 1052 3625 non
1075 3581 1194 3624 sum
1224 3565 1546 3622 miserabilis
1565 3564 1717 3620 exsul
1735 3603 1751 3628 ,

453 3667 563 3725 Sed
592 3665 725 3722 mihi
751 3663 1040 3722 consilium
1061 3661 1131 3718 de
1159 3660 1301 3717 caelo
1327 3658 1567 3715 nascitur
1589 3657 1728 3728 ipso.

1110 3761 1197 3817 19.
1235 3759 1404 3814 Rana.

453 3859 638 3914 Rauca
669 3871 868 3912 sonans
895 3869 996 3926 ego
1017 3868 1136 3909 sum
1173 3851 1350 3907 media
1377 3848 1580 3905 vocalis
1607 3849 1663 3902 in
1693 3845 1834 3901 unda
1859 3863 1874 3910 ;

454 3949 561 4006 Sed
590 3963 695 4004 vox
737 3947 897 4002 laude
923 3952 1106 4006 sonat,
1144 3959 1247 4014 qua
1277 3957 1337 3998 se
1363 3954 1577 4010 quoque
1607 3937 1790 3994 laudet
1821 3943 1878 3991 et
1901 3936 2017 4007 ipsa
2042 3953 2053 3989 :

454 4039 698 4110 Cumque
729 4052 923 4095 eam
951 4049 1188 4105 semper,
1221 4033 1399 4089 nullus
1426 4046 1548 4088 mea
1569 4031 1808 4085 carmina
1849 4027 2053 4082 laudat.

1087 4124 1179 4180 20.
1209 4123 1453 4178 Testudo.

462 4220 636 4276 Tarda
665 4219 832 4292 gradu
860 4219 1030 4285 lento,
1064 4216 1314 4288 specioso
1343 4214 1566 4286 prtedita
1594 4213 1789 4281 dorso,

454 4313 617 4370 Docta
645 4313 861 4384 quidem
888 4309 1089 4378 studio,
1117 4308 1211 4364 sed
1233 4321 1380 4364 sevo
1404 4305 1608 4376 perdita
1643 4305 1783 4372 fato,

456 4404 591 4464 Vivo
619 4404 756 4463 nihil
787 4404 920 4472 dixi,
943 4417 1065 4474 quin
1089 4401 1171 4458 sic
1193 4398 1354 4455 modo
1382 4407 1594 4454 mortua
1619 4407 1800 4452 cauto.

1098 4493 1190 4548 21.
1215 4491 1407 4562 Talpa.

455 4589 610 4645 Czeca
643 4587 776 4644 mihi
804 4586 972 4644 facies
1016 4586 1149 4641 atris
1177 4586 1408 4640 obscura
1435 4582 1692 4637 tenebris.

453 4682 570 4740 Nox
592 4693 677 4739 est
701 4684 816 4755 ipsa
846 4681 986 4749 dies,
1011 4697 1114 4737 nec
1134 4679 1217 4735 sol
1249 4678 1380 4733 mihi
1403 4677 1643 4733 cernitur
1666 4675 1830 4731 ullus.

455 4777 597 4834 Malo
623 4775 728 4847 tegi
749 4784 893 4832 terra
927 4791 943 4830 :
971 4773 1050 4830 sic
1079 4787 1166 4828 me
1188 4785 1403 4841 quoque
1432 4785 1592 4826 nemo
1623 4767 1844 4826 videbit.

1061 4865 1154 4919 22.
1179 4863 1442 4918 Formica.

454 4961 687 5018 Provida
708 4976 827 5016 sum
853 4958 1000 5026 vitae,
1033 4957 1172 5013 duro
1195 4973 1301 5013 non
1331 4956 1478 5026 pigra
1505 4953 1677 5008 labori
1704 4993 1720 5020 ,

451 5049 573 5121 Ipsa
601 5052 782 5106 ferens
803 5047 1044 5105 humeris
1073 5063 1278 5103 securae
1305 5045 1522 5118 praemia
1552 5044 1786 5100 brumas:

454 5144 566 5202 Nec
591 5158 724 5216 gero
757 5158 949 5218 magna
979 5141 1164 5210 simul,
1189 5140 1286 5198 sed
1322 5154 1558 5214 congero
1593 5139 1759 5194 multa
1792 5135 2050 5192 vicissim.

1078 5235 1170 5291 25.
1219 5233 1422 5289 Musca.

453 5331 704 5403 lmproba
734 5343 875 5397 sum.
899 5327 1106 5394 fateor;
1135 5325 1264 5398 quid
1287 5326 1429 5380 enim
1457 5323 1583 5394 gula
1618 5333 1773 5400 turpe
1793 5320 2054 5378 veretur?

455 5427 680 5498 Frigora
711 5424 966 5490 vitabam,
992 5437 1112 5494 quae
1135 5433 1278 5476 nunc
1305 5426 1494 5473 aestate
1522 5425 1796 5472 revertor:

452 5519 561 5578 Sed
589 5519 699 5574 cito
725 5531 1058 5574 summoveor
1100 5513 1238 5567 falso
1267 5510 1555 5567 conterrita
1583 5519 1763 5566 vento.

1068 5603 1160 5661 ει.
1189 5603 1447 5660 Curculio.

453 5706 573 5765 Non
599 5705 776 5762 bonus
801 5701 1071 5771 agricolis,
1095 5712 1204 5753 non
1226 5695 1465 5766 frugibus
1488 5695 1632 5748 utilis
1660 5695 1881 5764 hospes:

449 5799 568 5858 Non
598 5811 824 5869 magnus
850 5795 1042 5861 forma,
1073 5803 1184 5848 non
1216 5795 1366 5844 recto
1393 5784 1612 5842 nomine
1633 5785 1842 5843 dictus:

1135 5921 1180 5936 ν

2076 394 2129 456 Α
2157 393 2268 449 Νοη
2294 403 2474 462 gratus
2504 395 2712 465 Cereri,
2745 413 2852 453 non
2881 411 3096 468 parvam
3120 415 3276 456 sumo
3297 400 3550 472 saginam.

2827 490 2920 550 23.
2947 490 3088 546 Mus.

2147 575 2318 632 Parva
2349 581 2478 634 mihi
2508 579 2700 636 domus
2727 590 2810 636 est
2830 621 2844 648 ,
2877 582 2969 636 sed
2999 583 3161 653 janua
3192 599 3410 658 semper
3436 599 3616 658 aperta.

2147 667 2356 739 Exiguo
2383 681 2598 746 sumptu
2627 671 2823 730 furtiva
2851 674 2970 729 vivo
2997 675 3203 746 sagina.

2155 760 2310 828 Quod
2328 762 2458 818 mihi
2478 780 2672 819 nomen
2690 764 2848 833 inest,
2870 764 3055 819 nonne
3071 783 3284 840 quoque
3297 769 3486 826 consul
3501 770 3698 829 habebat.

2815 857 2905 912 26.
2933 857 3088 914 Cras.

2150 943 2352 1000 Littera
2376 961 2494 1002 sum
2525 948 2646 1004 cceli
2677 963 2881 1018 pennas
2913 966 3006 1020 per
3037 953 3235 1022 scripta
3266 953 3530 1018 volantes,

2149 1043 2300 1098 Bella
2329 1054 2551 1100 cruenta
2583 1061 2797 1115 gerens,
2828 1047 3062 1104 volucris
3083 1048 3398 1104 discrimina
3421 1050 3616 1115 Martis;

2149 1133 2259 1190 Nec
2283 1151 2473 1191 vereor
2499 1152 2721 1212 pugnas,
2751 1137 2877 1192 dum
2907 1155 3012 1192 non
3041 1141 3110 1193 sit
3142 1141 3353 1212 longior
3379 1141 3561 1200 hostis.

2788 1231 2880 1284 27.
2911 1229 3123 1285 Cornix.

2152 1317 2288 1375 Vivo
2317 1335 2508 1408 novem
2542 1322 2698 1388 vitas,
2723 1323 2768 1376 si
2796 1337 2901 1376 non
2929 1340 3014 1378 me
3037 1324 3241 1382 Graecia
3265 1324 3434 1390 fallit;

2149 1413 2389 1486 Atraque
2417 1430 2538 1471 sum
2566 1431 2780 1486 semper
2812 1419 2959 1472 nullo
2996 1420 3270 1490 compulsa
3303 1420 3488 1478 dolore
3515 1442 3525 1474 :

2153 1507 2225 1569 Et
2255 1526 2364 1567 non
2394 1511 2631 1568 irascens
2657 1511 2802 1568 ultro
2826 1511 3064 1569 convicia
3093 1513 3234 1569 dico.

2745 1605 2839 1661 28.
2895 1606 3220 1677 Vcspertilio.

2149 1695 2265 1751 Nox
2293 1695 2425 1751 mihi
2450 1696 2540 1751 dat
2570 1714 2766 1756 nomen
2795 1698 2967 1769 primo
2993 1699 3061 1754 de
3086 1710 3330 1774 tempore
3356 1703 3549 1758 noctis.

2075 1784 2127 1844 B
2155 1786 2341 1840 Pluma
2371 1788 2502 1842 mihi
2527 1804 2632 1843 non
2654 1800 2755 1855 est,
2789 1806 2910 1844 cum
2943 1791 3010 1845 sit
3039 1791 3170 1845 mihi
3205 1790 3364 1860 pinna
3395 1794 3624 1848 volantis.

2155 1881 2264 1938 Sed
2292 1883 2458 1939 redeo
2482 1883 2535 1938 in
2571 1884 2834 1948 tenebris,
2859 1900 2959 1939 nec
2980 1901 3066 1940 me
3088 1886 3372 1941 committo
3407 1886 3604 1942 diebus.

2783 1976 2874 2031 29.
2898 1976 3124 2031 Ericius.

2159 2067 2325 2123 Plena
2357 2067 2550 2124 domus
2575 2069 2766 2139 spinis,
2802 2071 2949 2139 parvi
2979 2071 3072 2124 sed
3101 2071 3347 2140 corporis
3375 2070 3604 2142 hospes,

2159 2156 2423 2214 Incolumi
2453 2159 2617 2216 dorso
2647 2160 2765 2214 telis
2793 2161 3038 2215 confixus
3063 2165 3258 2218 acutis.

2159 2250 2402 2307 Sustinet
2429 2261 2663 2308 armatas
2691 2264 2903 2324 segetes
2924 2254 3194 2311 habitator
3223 2257 3464 2313 inermis.

2769 2347 2859 2402 '50.
2895 2346 3147 2404 Pediculi.

2161 2435 2264 2495 Est
2288 2451 2424 2494 nova
2457 2445 2703 2492 notarum
2729 2439 2938 2494 cunctis
2959 2451 3180 2510 captura
3206 2441 3442 2496 ferarum
3461 2485 3474 2507 ,

2111 2551 2129 2569 -
2159 2527 2250 2594 Ut,
2273 2530 2318 2585 si
2349 2529 2476 2600 quid
2503 2531 2706 2600 Capias,
2738 2530 2791 2586 id
2825 2540 2880 2590 tu
2912 2532 3004 2586 tibi
3032 2531 3176 2590 terre
3198 2548 3416 2590 recuses
3437 2576 3452 2603 ,

2161 2621 2251 2689 Et,
2282 2623 2425 2692 quod
2455 2639 2564 2680 non
2591 2623 2794 2694 capias,
2824 2633 3002 2680 tecum
3035 2634 3213 2686 tamen
3238 2627 3357 2698 ipse
3383 2636 3635 2698 reportes.

2713 2728 2717 2732 ”
2772 2719 2862 2774 51.
2908 2717 3149 2776 Phania.

2166 2808 2281 2864 Vita
2311 2808 2441 2865 mihi
2473 2825 2620 2866 mors
2649 2819 2768 2877 est;
2798 2813 3023 2880 morior,
3051 2814 3096 2867 si
3123 2828 3348 2884 coepero
3373 2816 3542 2872 nasci:

2159 2899 2265 2956 Sed
2295 2901 2442 2971 prius
2468 2911 2549 2958 est
2581 2902 2745 2959 fatutn
2777 2902 2890 2970 leti,
2917 2921 3076 2975 quam
3102 2905 3238 2961 lucis
3262 2908 3436 2978 origo.

2161 2994 2253 3054 Sic
2277 2997 2425 3079 solus
2451 2997 2634 3056 Manes
2670 2999 2815 3068 ipsos
2844 3000 2974 3054 mihi
3003 3000 3124 3056 dico
3153 3013 3429 3071 parentes.

2781 3093 2870 3149 ⁸52.
2905 3092 3131 3150 Taurus.

2083 3178 2128 3242 C
2162 3180 2404 3238 Moschus
2430 3197 2578 3240 eram
2607 3183 2771 3255 regis.
2802 3183 2897 3242 sed
2925 3185 3101 3256 lignea
3122 3185 3370 3246 membra
3389 3187 3662 3258 sequebar;

2158 3273 2227 3328 Et
2259 3273 2485 3330 Cilicum
2518 3289 2673 3332 mons
2693 3289 2834 3340 sum,
2862 3274 2960 3331 sed
2990 3291 3096 3331 non
3133 3292 3252 3332 sum
3281 3277 3504 3336 nomine
3530 3278 3662 3340 solo;

2159 3367 2228 3422 Et
2254 3367 2427 3428 vehor
2455 3366 2511 3420 in
2533 3367 2706 3433 caelis.
2729 3376 2786 3423 et
2811 3367 2865 3421 in
2894 3367 3023 3438 ipsis
3047 3367 3265 3426 ambulo
3294 3371 3474 3428 terris.

2806 3463 2897 3520 '53.
2929 3461 3127 3532 Lupus.

2163 3558 2422 3614 Dentibus
2452 3558 2655 3616 insanis
2679 3573 2780 3628 ego
2811 3574 2952 3624 sum,
2980 3559 3073 3626 qui
3096 3549 3253 3616 vinea
3278 3559 3561 3628 bidentes,

2160 3649 2494 3721 Sanguineas
2515 3667 2763 3720 quaerens
2792 3651 3001 3722 praedas
3025 3653 3305 3723 victusque
3331 3664 3578 3710 cruentos

2161 3745 2325 3808 Μυιω
2347 3760 2467 3801 cum
2501 3746 2648 3802 rabie
2683 3763 2696 3800 :
2726 3761 2910 3801 vocem
2948 3761 3162 3816 quoque
3192 3748 3383 3804 tollere
3411 3762 3631 3819 possum.

2795 3837 2886 3894 54.
2922 3837 3130 3910 Vulpes.

2162 3935 2427 4005 Exiguum
2454 3948 2670 4004 corpus,
2695 3932 2789 3990 sed
2814 3947 2910 3990 cor
2938 3932 3069 3991 mihi
3098 3948 3329 4004 corpore
3358 3935 3550 4004 majus.

2163 4029 2294 4083 Smn
2317 4034 2534 4082 versuta
2563 4024 2726 4090 dolis,
2753 4035 2946 4097 arguto
2975 4025 3171 4084 callida
3191 4041 3396 4093 sensu;

2163 4120 2232 4175 Et
2255 4119 2366 4175 fera
2390 4133 2508 4175 sum
2538 4118 2776 4188 sapiens,
2802 4119 3018 4188 sapiens
3043 4117 3156 4176 fera
3182 4119 3358 4190 siqua
3389 4131 3612 4176 vocatur.

2804 4210 2894 4270 55.
2920 4210 3109 4278 Capra.

2164 4303 2322 4361 Alma
2344 4301 2491 4359 lovis
2518 4303 2722 4369 nutrix,
2755 4303 2914 4372 longo
2941 4303 3129 4358 vestita
3151 4303 3379 4373 capillo,

2159 4397 2409 4456 Culmina
2438 4396 2641 4451 difﬁcili
2664 4411 2955 4467 peragrans
2983 4397 3076 4452 sed
3108 4407 3163 4452 et
3187 4399 3351 4452 ardua
3383 4415 3590 4469 gressu,

2161 4489 2388 4546 Custodi
2410 4489 2626 4560 pecoris
2653 4489 2883 4546 tremula
2911 4490 3213 4560 respondeo
3239 4490 3441 4563 lingua.

2085 4578 2140 4639 D
2790 4582 2880 4638 56.
2908 4581 3128 4640 Porcus.

2162 4675 2418 4746 Setigerte
2450 4676 2638 4732 matris
2669 4676 2915 4731 fmcunda
2938 4687 3094 4733 natus
3117 4678 3171 4732 in
3203 4680 3360 4748 alvo,

2163 4769 2402 4838 Desuper
2423 4785 2487 4824 ex
2511 4769 2621 4825 alto
2640 4768 2841 4824 virides
2860 4779 3121 4840 exspecto
3149 4773 3366 4842 saginas
3385 4811 3402 4837 ν

2161 4861 2390 4918 Nomine
2415 4877 2616 4920 numen
2638 4861 2867 4928 habens,
2901 4863 2944 4918 si
2976 4863 3149 4922 littera
3171 4865 3345 4934 prima
3379 4867 3584 4936 periret.

2825 4955 2913 5008 57.
2942 4951 3110 5009 Mula.

2163 5042 2448 5100 Dissimilis
2479 5044 2638 5114 patri,
2673 5045 2832 5098 matri
2863 5043 3075 5100 diversa
3105 5045 3270 5115 ﬁgura
3296 5090 3310 5114 ,

2157 5137 2379 5193 Coufusi
2403 5138 2642 5208 generis,
2671 5138 2858 5207 generi
2882 5155 2988 5192 non
3011 5149 3132 5209 apta
3160 5133 3432 5212 propago,

2160 5230 2239 5290 Ex
2271 5232 2392 5288 aliis
2419 5245 2631 5300 nascor,
2658 5245 2759 5286 nec
2788 5231 3073 5304 quicquam
3105 5233 3344 5290 nascitur
3366 5251 3429 5291 ex
3457 5249 3553 5290 me.

2803 5322 2892 5378 58.
2928 5322 3111 5395 Tigris.

2161 5417 2208 5473 A
2230 5416 2393 5473 ﬂuvio
2420 5417 2594 5483 dicor,
2621 5416 2814 5474 ﬂuvius
2841 5421 2924 5474 vel
2955 5419 3150 5474 dicitur
3167 5435 3232 5476 ex
3263 5436 3380 5476 me:

2160 5510 2458 5580 iunctaque
2489 5525 2608 5566 sum
2637 5521 2822 5577 vento,
2847 5521 3006 5567 vento
3030 5511 3265 5569 velocior
3287 5513 3407 5584 ipso
3430 5554 3445 5579 ,

2157 5603 2230 5660 Et
2256 5604 2386 5659 mihi
2415 5603 2508 5660 dat
2532 5615 2723 5661 ventus
2751 5614 2925 5672 natos,
2959 5622 3064 5659 non
3091 5622 3274 5676 qutero
3297 5608 3559 5668 maritum.

2742 5697 2832 5754 59.
2872 5696 3175 5754 Centaurus.

2152 5789 2418 5859 Quattuor
2434 5788 2660 5861 insignis
2681 5789 2924 5860 pedibus,
2950 5789 3299 5861 manibusque
3321 5790 3518 5849 duabus
3534 5827 3550 5854 ,
