3800 6250
142 295 237 352 293
1515 296 1921 365 ΛΕΝΙϐΜΛΤΑ.
3101 330 3110 337 “
3270 325 3377 384 εθι

137 408 386 466 Dissimilis
410 405 532 462 mihi
561 420 696 473 sum,
735 407 859 482 quia
890 421 1009 463 sum
1042 422 1147 465 non
1181 424 1319 469 unus
1340 419 1394 467 et
1421 426 1594 480 unus;

138 500 194 556 Et
216 500 359 555 vehor
380 508 428 555 et
452 497 680 572 gradior,
700 499 824 571 quia
853 515 942 557 me
964 501 1071 559 duo
1097 518 1326 576 corpora
1356 515 1592 577 portant.

670 588 758 649 40.
812 591 1067 668 Papaver.

134 678 312 739 Grande
335 682 452 737 mihi
476 690 634 753 caput
658 693 759 755 est,
788 658 933 741 intus
958 685 1055 743 sed
1077 690 1318 748 membra
1346 658 1551 755 minuta
1577 713 1597 755 :

134 777 220 832 Pes
244 792 364 831 unus
385 776 542 845 solus,
567 774 662 833 sed
687 791 783 851 pes
813 777 1162 853 longissimus
1190 798 1359 841 unus:

133 869 189 924 Et
208 883 282 924 me
303 882 511 924 somnus
535 879 697 938 amat,
729 872 950 943 proprio
970 888 1074 929 nec
1104 873 1316 934 dormio
1344 892 1559 941 somno.

724 987 816 1045 41.
847 986 1047 1047 Halms.

133 1099 315 1157 Anseris
337 1114 450 1161 esse
469 1098 633 1182 pedes
650 1102 856 1160 similes
880 1106 1034 1174 mihi,
1059 1108 1184 1165 nolo
1214 1125 1444 1182 negare:

133 1191 219 1246 Nec
236 1191 328 1246 duo
341 1201 458 1250 sunt
486 1180 713 1264 tantum,
738 1195 836 1251 sed
861 1196 1046 1268 plures
1076 1200 1266 1259 ordine
1285 1180 1499 1274 cernis;

133 1286 184 1343 Et
205 1294 361 1345 tamen
389 1284 485 1347 bos
503 1285 648 1357 ipsos
672 1304 864 1346 omnes
886 1307 989 1363 ego
1016 1303 1174 1365 porto
1192 1298 1437 1369 supinos.

732 1385 825 1441 42.
855 1384 1007 1440 Beia.
1370 1380 1401 1422 ⁸

130 1472 236 1528 Tota
259 1486 401 1531 vocor
420 1488 615 1543 graec,
645 1476 742 1531 sed
770 1494 879 1533 non
905 1495 1024 1535 sum
1052 1490 1164 1539 tota
1192 1483 1395 1551 latine;

131 1567 240 1619 Ante
264 1574 421 1619 tamen
451 1566 678 1624 mediam
704 1573 964 1642 cauponis
992 1575 1192 1646 scripta
1224 1577 1522 1635 tabernam.

131 1657 174 1711 In
194 1660 324 1714 terris
347 1673 561 1729 nascor,
591 1662 810 1734 lympha
837 1666 1009 1732 lavor,
1042 1684 1216 1740 ungor
1238 1672 1403 1729 olivo.

656 1762 748 1816 45.
789 1760 1084 1820 Cucurbita.

132 1872 323 1941 Pendeo,
350 1873 468 1930 dum
497 1889 695 1932 nascor
726 1896 739 1930 :
766 1890 952 1935 rursus
979 1880 1268 1953 pendendo
1293 1893 1558 1942 tumesco.

132 1968 329 2024 Pendeus
354 1978 692 2027 commoveor
717 1974 915 2043 ventis,
943 1981 997 2030 ct
1023 1977 1233 2032 nutrior
1263 1978 1444 2035 undis.

129 2060 319 2117 Pendula
346 2061 508 2119 sinon
534 2063 659 2133 sim,
696 2080 801 2121 non
832 2081 951 2122 sum
976 2066 1090 2139 jam
1113 2069 1333 2143 jamque
1364 2072 1555 2129 futura.

725 2158 818 2213 44.
862 2158 1019 2228 Cepa.

129 2267 304 2325 llordeo
326 2269 644 2340 mordentes,
676 2272 819 2331 ultro
847 2293 954 2337 non
983 2278 1206 2337 mordeo
1233 2296 1588 2357 quemquam;

128 2363 210 2419 Sed
231 2377 340 2421 sunt
366 2365 696 2426 mordentem
725 2371 875 2427 multi
907 2372 1160 2431 mordere
1184 2376 1356 2451 parati
1388 2394 1402 2431 :

128 2454 261 2512 Nemo
284 2458 417 2515 timet
442 2476 703 2531 morsum,
729 2463 918 2523 dentes
949 2467 1073 2540 quia
1100 2482 1208 2524 non
1236 2469 1409 2527 habeo
1436 2472 1592 2528 ullos.

720 2557 810 2613 45.
856 2556 1012 2617 Rosa.

130 2642 322 2713 Purpura
350 2660 457 2735 sum
489 2656 670 2717 terrae,
702 2649 933 2725 pulchro
957 2653 1175 2724 perfusa
1204 2654 1411 2725 colore.

128 2733 363 2807 Seplaque,
394 2754 456 2793 ne
479 2739 672 2808 violer,
705 2741 824 2799 telis
856 2743 1119 2803 defendor
1145 2747 1338 2805 acutis.

126 2824 158 2881 0
179 2825 300 2894 felix,
324 2828 470 2902 longo
498 2832 541 2886 si
569 2847 789 2905 possem
818 2835 1002 2893 vivere
1027 2835 1177 2895 fato!

702 2926 793 2984 46.
845 2928 1015 2986 Viola.

129 3013 271 3086 Magna
283 3016 480 3091 quidem
498 3035 603 3077 non
621 3037 771 3089 sum,
790 3021 886 3079 sed
906 3024 1048 3081 inest
1064 3024 1195 3086 mihi
1212 3024 1446 3083 maxima
1464 3028 1657 3086 virtus.

129 3106 313 3175 Spiritus
336 3121 409 3169 est
436 3129 680 3185 magnus,
714 3116 963 3189 quamvis
993 3117 1047 3173 in
1078 3132 1311 3189 corpore
1340 3133 1532 3193 parvo.

1694 417 1751 485 Ᾱ

2357 455 2363 462 -
2404 426 2499 482 δι.
2541 424 2764 487 Horitas.

1780 509 2042 582 Exiguum
2070 528 2289 586 corpus,
2324 515 2474 576 flexu
2505 524 2785 583 mucronis
2810 524 3011 582 adunci

1772 601 2023 665 Fallaces
2051 621 2208 669 escas
2233 609 2416 677 medio
2443 611 2770 672 circumfero
2791 615 2959 677 ﬂuctu
2988 637 3001 677 :
3082 664 3092 679 ..

1773 695 2050 771 Blandior,
2086 704 2145 763 ut
2171 719 2435 774 noceam;
2470 709 2638 769 morti
2666 712 2939 781 [immitto
2964 713 3229 787 saginam.
3320 784 3326 790 ,

2428 799 2522 861 55.
2565 803 2724 863 Acus.

1775 882 1980 956 Longa,
2014 886 2110 942 sed
2137 888 2313 956 exilis,
2346 891 2492 955 tenui
2523 893 2787 963 producta
2817 895 3056 965 metallo,
3085 916 3092 925 '

1773 972 1953 1033 Mollia
1979 975 2120 1036 duco
2148 977 2259 1037 levi
2281 981 2597 1041 comitantia
2627 984 2840 1047 vincula
2871 984 3019 1049 ferro
3049 1004 3064 1041 :

1777 1064 1845 1121 Et
1873 1065 2064 1124 faciem
2093 1069 2260 1137 lmsis,
2292 1082 2347 1132 et
2372 1089 2570 1131 nexum
2598 1076 2770 1139 reddo
2798 1077 3020 1145 minus.

2020 1215 2027 1221 .
2407 1170 2497 1229 56‘.
2541 1171 2742 1245 Caliga.

1773 1252 1947 1324 Major
1975 1270 2122 1311 eram
2154 1257 2314 1329 longe
2343 1261 2635 1330 quondam,
2670 1264 2798 1319 dum
2831 1265 2939 1320 vita
2968 1266 3222 1323 manebat
3257 1290 3269 1326 :

1774 1344 1883 1402 Sed
1910 1364 2053 1407 nunc
2077 1352 2364 1420 exanimis.
2393 1354 2652 1423 lacerata,
2687 1357 2873 1433 ligata,
2902 1360 3117 1421 revulsa
3138 1404 3154 1428 ,
3277 1422 3284 1430 ,

1774 1437 1964 1496 Dedita
1989 1456 2109 1507 sunt
2139 1452 2333 1511 terra);
2362 1448 2569 1511 tumulo
2594 1449 2689 1509 sed
2716 1450 2934 1513 condita
2962 1469 3071 1515 non
3094 1470 3240 1514 sum.

2264 1538 2355 1595 D7.
2400 1538 2586 1597 Clavus
2613 1543 2878 1613 caligaris.

1773 1623 1832 1680 In
1861 1634 2022 1696 caput
2045 1628 2336 1699 ingredior,
2363 1634 2456 1704 qui
2484 1633 2555 1690 de
2582 1635 2719 1706 pede
2743 1636 2957 1706 pendeo
2987 1638 3105 1694 solo
3138 1660 3151 1696 :

1774 1717 1990 1776 Vertice
2020 1733 2181 1794 tango
2210 1724 2386 1785 solum
2417 1743 2429 1781 :
2455 1727 2646 1798 capitis
2672 1729 2896 1800 vestigia
2926 1731 3083 1803 signo
3113 1751 3124 1793 :

1693 1803 1746 1873 Β
1775 1808 1881 1867 Sed
1910 1811 2063 1867 multi
2088 1816 2316 1875 comites
2342 1832 2526 1875 casum
2560 1820 2837 1889 patiuntur
2866 1822 3144 1881 eumdem.

2378 1910 2470 1966 58.
2512 1908 2769 1984 Capillus.

1771 1991 2004 2051 Findere
2031 2012 2119 2053 me
2150 1999 2280 2054 nulli
2310 2011 2554 2071 possunt,
2583 2004 2882 2073 prmeidere
2916 2006 3091 2061 multi.

1769 2083 1877 2141 Sed
1906 2101 2026 2142 sum
2059 2090 2375 2165 versicolor,
2408 2093 2566 2153 albus
2592 2094 2918 2168 quandoque
2944 2098 3177 2159 futurus.

1767 2177 1907 2234 Malo
1936 2195 2156 2239 manere
2183 2183 2336 2255 niger
2365 2204 2378 2243 :
2413 2187 2594 2245 minus
2625 2187 2812 2247 ultima
2835 2189 2940 2248 lata
2973 2194 3223 2257 verebor.

2437 2281 2531 2339 59.
2574 2280 2718 2339 Pila.

1766 2364 1885 2420 Non
1913 2381 2031 2423 sum
2060 2368 2237 2425 cincta
2266 2373 2461 2447 comis,
2490 2382 2546 2431 et
2574 2390 2682 2433 non
2711 2389 2831 2431 sum
2857 2387 3072 2448 compta
3099 2381 3340 2452 capillis;

1766 2457 1915 2513 Intus
1946 2460 2088 2514 enim
2118 2462 2297 2521 crines
2326 2465 2457 2523 mihi
2485 2473 2634 2534 sunt,
2656 2482 2793 2541 quos
2820 2483 2930 2529 non
2963 2471 3109 2530 videt
3134 2474 3276 2533 ullus
3302 2494 3316 2531 :

1766 2549 1958 2620 Meque
1980 2569 2169 2610 manus
2189 2555 2428 2625 mittunt,
2455 2559 2817 2633 manibusque
2836 2562 3087 2625 remittor
3108 2565 3164 2623 in
3180 2582 3363 2637 auras.

2410 2651 2496 2713 60.
2538 2651 2719 2713 Serra.

1768 2732 2029 2791 Dentibus
2052 2735 2351 2795 innumeris
2380 2750 2492 2803 toto
2517 2758 2639 2801 sum
2669 2761 2900 2819 corpore
2925 2750 3085 2818 plena
3117 2769 3132 2806 :

1765 2826 2184 2891 Frondicomam
2210 2833 2458 2895 sobolem
2491 2853 2676 2898 morsu
2703 2840 2969 2914 depascor
2996 2854 3158 2903 acuto
3188 2863 3202 2903 :

1764 2919 1958 2979 Mando
1983 2931 2161 2986 tamen
2194 2925 2411 2995 frustra,
2444 2944 2564 3000 quae
2596 2924 2796 3007 respuo
2822 2936 3046 3009 praemia
3072 2935 3271 2997 dentis.

2429 3018 2518 3079 61.
2561 3020 2723 3083 Pons.
3199 3050 3203 3054 ·

1768 3104 1887 3162 Stat
1910 3121 2105 3163 nemus
2131 3108 2186 3163 in
2215 3110 2472 3185 lymphis,
2501 3122 2606 3169 stat
2635 3114 2691 3177 in
2722 3115 2831 3171 alto
2857 3119 3070 3190 gurgite
3093 3118 3253 3187 silva,

127 3200 210 3258 Nec
233 3205 341 3261 mihi
365 3181 575 3278 germen
604 3181 767 3271 habet
806 3227 1003 3271 noxam
1022 3254 1038 3285 ,
1063 3228 1165 3271 nec
1179 3181 1358 3286 culpa.
1378 3215 1658 3274 ruborem.
1685 3181 1731 3263 εἶ
1764 3201 1834 3257 Ei
1864 3212 2046 3258 manet
2072 3205 2125 3263 in
2154 3204 2350 3267 mediis
2377 3208 2536 3269 undis
2570 3210 2845 3275 immobile
2872 3214 3061 3274 robur.

751 3304 803 3357 7.
848 3304 1008 3360 Thus.

751 3304 803 3357 7.
848 3301 890 3359 Τ
931 3321 960 3359 n
995 3345 1008 3360 .

129 3388 268 3449 Dulcis
284 3391 403 3452 odor
426 3395 663 3455 nemoris
690 3303 1191 3472 ﬂimmahft‘imoque
1217 3398 1452 3471 fatigor:

130 3480 179 3535 Et
198 3483 340 3552 placet
366 3486 462 3543 hoc
488 3489 703 3558 superis
724 3530 739 3556 ,
771 3490 981 3547 medios
1007 3492 1153 3567 quod
1180 3493 1369 3549 mittor
1395 3493 1448 3549 in
1478 3488 1657 3569 ignes,

127 3572 229 3630 Cum
254 3577 368 3633 mihi
392 3581 643 3651 peccandi
672 3583 926 3641 meritum
956 3594 1147 3645 natura
1175 3587 1403 3658 negarit.

677 3676 768 3733 ιε.
811 3676 1047 3750 Myrrha.

130 3758 187 3816 De
207 3761 425 3835 lacrymis
448 3776 497 3825 et
528 3784 624 3839 pro
648 3768 898 3841 lacrymis
926 3785 1044 3827 mea
1069 3769 1235 3841 erepit
1262 3771 1436 3843 origo.

128 3848 186 3906 Es
210 3857 354 3915 oculis
378 3858 520 3925 ﬂuxi,
549 3861 644 3917 sed
680 3876 825 3920 nunc
850 3878 917 3919 ex
942 3862 1138 3920 arbore
1168 3878 1386 3932 nascor,

128 3939 265 4001 Latus
286 3946 442 4006 honos
464 3950 662 4027 frondi,
697 3953 868 4008 tristis
896 3953 989 4009 sed
1020 3955 1197 4026 imago
1225 3954 1452 4011 doloris.

714 4045 808 4102 49.
851 4046 1013 4100 Ebur.

129 4128 236 4186 Deus
256 4148 340 4206 ego
363 4152 473 4194 sum
501 4128 757 4212 magnus,"
778 4141 990 4214 populis
1017 4152 1281 4215 cognatus
1303 4144 1457 4205 Eois.

127 4221 245 4281 Nunc
264 4243 350 4301 ego
373 4247 460 4301 per
481 4246 662 4309 patres
694 4234 746 4289 in
777 4249 1003 4307 corpora
1032 4236 1199 4293 multa
1228 4240 1457 4307 recessi,

128 4315 212 4374 Nec
233 4335 477 4381 remanent
501 4327 668 4393 vires,
698 4325 793 4385 sed
823 4327 1009 4385 formae
1036 4329 1206 4399 gratia
1235 4330 1454 4389 mansit.

662 4416 755 4477 50.
797 4415 1037 4475 Fanum.

130 4497 266 4557 Herba
292 4504 355 4560 fui
382 4509 639 4585 quondam
668 4508 823 4565 viridi
853 4509 921 4567 de
944 4511 1187 4585 gramine
1218 4520 1412 4579 terras;

127 4588 207 4646 Sed
227 4595 437 4669 chalybis
464 4600 593 4657 duro
623 4600 803 4656 mollis
834 4602 1055 4673 praecisa
1084 4603 1325 4669 metallo,

131 4682 235 4744 Mole
258 4704 447 4761 premor
470 4698 680 4768 propria
706 4738 721 4764 ,
752 4706 895 4755 tecto
924 4696 1179 4754 conclusa
1209 4696 1310 4754 sub
1338 4697 1468 4755 alto.

712 4791 803 4847 5|.
849 4790 1014 4847 Mala.

132 4870 267 4931 Ambo
289 4893 454 4936 sumus
475 4882 696 4955 lapides.
728 4900 831 4939 una
864 4900 1074 4952 sumus,
1106 4884 1265 4942 ambo
1292 4884 1576 4958 jacemtts;

131 4966 263 5030 Quam
287 4974 417 5043 piger
439 4987 516 5033 est
543 4994 696 5049 nnns,
727 4987 933 5033 tantum
962 4994 1068 5035 non
1100 4982 1280 5055 segnis
1310 4983 1351 5036 it
1379 4981 1537 5038 alter.

134 5056 209 5115 llic
226 5077 380 5121 manet
404 5068 671 5139 immotus,
704 5087 810 5125 non
835 5070 1039 5126 desinit
1065 5070 1154 5127 ille
1183 5072 1409 5126 moveri.

676 5159 769 5217 δὲ.
812 5159 1029 5215 Farina.

134 5239 247 5299 inter
267 5261 376 5305 saxa
399 5252 486 5318 fui,
516 5270 633 5325 qua:
658 5271 744 5311 me
769 5256 1002 5312 contrita
1042 5254 1361 5324 premebant
1387 5271 1400 5306 :

137 5328 219 5387 Vix
242 5344 388 5397 tamen
408 5343 560 5416 eifugi
587 5348 712 5402 totis
735 5344 924 5401 collisa
951 5344 1204 5401 medullis
1227 5359 1242 5401 :

138 5420 195 5479 Et
213 5442 327 5486 nunc
340 5433 491 5492 iorma
517 5437 645 5494 mihi
672 5439 852 5494 minor
879 5446 982 5504 est,
1014 5436 1112 5495 sed
1134 5436 1291 5507 copia
1318 5435 1516 5506 major.

707 5532 798 5593 55.
849 5530 998 5589 Vitis.

135 5603 243 5699 iiolo
265 5614 398 5675 thoro
417 5620 558 5697 jungi
576 5668 592 5692 ,
615 5624 856 5699 quamvis
883 5625 1061 5698 placet
1088 5639 1210 5683 esse
1239 5624 1510 5680 maritam.

135 5696 242 5791 dolo
264 5708 413 5769 virum
441 5696 669 5773 thalamo
699 5736 712 5773 :
743 5733 838 5791 per
867 5696 954 5773 me
987 5733 1102 5774 mea
1133 5731 1258 5773 nata
1286 5731 1525 5790 propago
1548 5724 1658 5776 est.

136 5789 245 5853 Νθιο
264 5806 476 5875 sePulcra
504 5811 608 5887 pati
628 5829 644 5881 ;
664 5789 779 5874 scio
806 5829 891 5872 me
914 5814 1264 5891 submergere
1292 5822 1475 5871 terrae.

1764 3293 1932 3355 Terra
1965 3306 2145 3361 tamen
2170 3298 2359 3367 mittit,
2390 3299 2535 3375 quod
2564 3310 2729 3363 terrae
2758 3321 2982 3371 munera
3011 3316 3257 3383 praestat.

2378 3392 2467 3451 62.
2500 3392 2755 3470 Spongia.

1762 3476 1883 3549 Ipsa
1905 3481 2082 3553 gravis
2108 3496 2214 3538 non
2243 3498 2383 3552 sum,
2409 3485 2503 3544 sed
2530 3499 2685 3563 aquae
2717 3489 2847 3545 mihi
2876 3490 3086 3561 pondus
3108 3492 3368 3564 inhaeret;

1763 3570 1986 3633 Viscera
2019 3585 2129 3633 tota
2158 3586 2366 3637 tument
2392 3580 2590 3649 patulis
2622 3580 2814 3644 diffusa
2842 3586 3112 3647 cavernis.

1763 3662 1914 3722 lntus
1940 3666 2158 3739 lympha
2191 3668 2340 3739 latet,
2373 3670 2468 3727 sed
2491 3686 2601 3733 non
2627 3688 2688 3733 se
2713 3684 2906 3747 sponte
2937 3677 3197 3739 refundit.
3288 3666 3293 3672 ’

2381 3760 2472 3819 65.
2530 3761 2763 3823 Tridens.

1762 3849 1900 3907 Tres
1925 3851 2054 3908 mihi
2084 3853 2427 3938 sunt‘den'tes
2460 3872 2475 3911 :
2503 3872 2640 3928 quos
2678 3874 2818 3915 unus
2837 3862 3079 3918 continet
3104 3862 3240 3919 ordo
3274 3881 3287 3919 :

1763 3943 1916 4001 Unus
1946 3956 2210 4017 praeterea
2239 3947 2373 4004 deus
2399 3957 2483 4004 est
2510 3957 2565 4005 et
2590 3948 2743 4007 solus
2772 3952 2825 4009 in
2853 3954 2996 4021 imo;

1762 4035 1959 4109 Meque
1981 4045 2127 4095 tenet
2149 4055 2370 4112 numen,
2395 4051 2586 4099 ventus
2608 4044 2784 4113 timet,
2814 4060 3034 4119 aequora
3054 4056 3267 4107 curant.

2382 4130 2473 4187 64.
2509 4132 2736 4209 Sagitta.
3220 4140 3225 4145 ’

1761 4216 1927 4292 Septa
1951 4223 2100 4291 gravi
2132 4221 2299 4297 ferro,
2331 4222 2541 4283 levibus
2569 4224 2899 4287 circumdata
2934 4231 3150 4301 pennis,

1763 4314 1904 4370 Aera
1936 4329 2031 4387 per
2061 4317 2298 4373 medium
2322 4319 2533 4375 volucri
2560 4322 2833 4377 contendo
2860 4322 3063 4393 meatu,

1763 4406 2033 4479 Missaque
2058 4407 2345 4466 discedens
2373 4410 2522 4466 nullo
2553 4413 2805 4470 mittente
2834 4424 3099 4469 revertor.

2341 4504 2429 4561 65.
2464 4502 2780 4578 Flagellum.

1681 4570 1740 4639 1)
1764 4591 1839 4648 De
1872 4591 2091 4664 pecudis
2118 4592 2283 4649 dorso
2308 4593 2541 4669 pecudes
2567 4570 2668 4669 ego
2691 4604 2869 4655 terreo
2894 4604 3136 4664 cunctas,

1762 4688 2089 4760 Obsequium
2117 4689 2350 4745 reddens
2381 4688 2649 4746 moderati
2678 4691 2796 4765 lege
2823 4689 3029 4751 doloris
3061 4709 3075 4746 :

1761 4780 1873 4837 Nec
1901 4782 2023 4836 volo
2053 4782 2348 4853 contemni,
2387 4779 2484 4837 scd
2512 4792 2698 4837 contra
2724 4782 2849 4837 nolo
2878 4797 3095 4839 nocere.

2371 4871 2461 4929 66.
2505 4871 2754 4928 Lalerna.

1760 4962 2030 5019 Cornibus
2055 4972 2177 5035 apta
2204 4963 2373 5033 cavis,
2407 4964 2564 5020 tereti
2596 4962 2871 5037 perlucida
2900 4979 3058 5039 gyro,

1762 5057 1969 5115 Lumen
2001 5057 2209 5114 habens
2237 5057 2378 5114 intus
2406 5056 2572 5113 divini
2605 5056 2802 5117 sideris
2832 5055 3020 5125 instar,

1760 5151 2021 5210 Noctibus
2047 5150 2099 5207 in
2125 5149 2320 5207 mediis
2349 5151 2541 5215 faciem
2573 5168 2680 5207 non
2711 5150 2880 5225 perdo
2905 5149 3137 5207 dierum.

2353 5246 2442 5302 67.
2486 5245 2762 5317 Spesular.

1759 5340 2065 5413 Perspicior
2092 5343 2329 5417 penitus,
2362 5356 2461 5398 nec
2484 5340 2706 5401 luminis
2726 5356 2890 5397 arceo
2922 5342 3089 5409 visus,

1760 5431 2155 5493 Transmittens
2178 5437 2367 5493 oculos
2392 5435 2532 5491 intra
2560 5448 2681 5490 mea
2710 5433 2951 5490 membra
2984 5442 3260 5491 meantes'

1760 5523 1873 5581 Nec
1915 5541 2001 5581 me
2028 5527 2222 5584 transit
2253 5528 2448 5595 hiems,
2476 5525 2573 5583 sed
2604 5523 2688 5581 sol
2721 5533 2903 5582 tamen
2932 5526 3128 5583 emicat
3154 5525 3206 5580 in
3242 5537 3351 5581 mo.

2337 5618 2426 5674 68.
2474 5618 2779 5690 Speculum.

1760 5707 1916 5766 Nulla
1941 5711 2072 5767 mihi
2103 5720 2249 5768 certa
2278 5719 2379 5778 est,
2407 5710 2550 5766 nulla
2579 5719 2662 5767 est
2692 5709 2975 5783 peregrina
3000 5709 3189 5781 figura.

1762 5803 1962 5875 Fulgor
1990 5805 2128 5862 inest
2151 5803 2299 5864 intus
2323 5802 2555 5861 radianti
2581 5802 2702 5859 luce
2728 5816 3050 5867 coruscans,
