3800 6250
434 248 544 347 εθε
1202 320 1207 323 -
1883 280 1935 337 Α

2242 280 2285 341 ι·
3600 309 3675 374 296

435 405 539 475 Qui
568 404 701 463 nihil
732 405 986 472 ostendit,
1019 401 1120 458 nisi
1144 401 1188 457 si
1220 400 1350 474 quid
1378 400 1573 457 viderit
1598 406 1742 455 ante.
2056 397 2108 458 Α
2138 398 2250 455 Una
2284 394 2414 457 mihi
2452 412 2612 462 soror
2640 414 2744 473 εει,
2776 405 2960 479 plures
2979 406 3105 469 licet
3132 428 3257 472 esse
3290 424 3545 487 putentur.

1021 495 1112 553 69.
1157 494 1457 566 Clepsydra.
2134 493 2212 551 De
2244 495 2389 553 fumo
2415 494 2602 569 facies,
2626 501 2887 573 sapientia
2918 504 2987 561 de
3009 521 3157 565 mare
3177 518 3305 565 nata
3334 520 3440 567 est.

439 591 554 650 Lex
578 595 718 651 bona
743 590 977 661 dicendi,
1005 590 1092 645 lex
1118 604 1237 645 sum
1265 602 1480 661 quoque
1506 586 1639 642 dura
1669 581 1905 642 tacendi.
2746 596 2837 652 34,
2880 596 3121 655 Μαιιεηδ,

438 687 536 743 Jns
559 685 733 741 avidae
758 684 979 755 linguas,
1014 682 1137 738 ﬁnis
1158 682 1279 738 sine
1309 680 1415 736 ﬁne
1447 678 1720 750 loquendi.
2135 683 2251 741 Non
2280 699 2380 756 ego
2402 686 2471 743 de
2499 695 2611 743 toto
2636 688 2768 745 mihi
2796 704 3026 764 corpore
3052 694 3266 752 vindico
3290 696 3455 767 vires,

436 778 555 851 Ipsa
577 779 770 846 ﬂuens,
802 776 931 833 dum
958 776 1123 832 verba
1148 776 1304 837 llunt,
1332 781 1390 828 ut
1416 774 1592 844 lingua
1624 771 1887 843 quiescat.
2136 776 2242 832 Sed
2272 780 2467 850 capitis
2495 794 2671 852 pugna
2694 783 2825 839 nulli
2864 795 3074 842 certare
3099 802 3313 844 recuso.

1058 866 1150 922 70.
1196 865 1415 962 Paleas.
1504 957 1515 962 _
1709 954 1729 962 _
1819 954 1832 962 -
2134 871 2353 930 Grande
2378 873 2508 930 mihi
2530 884 2827 948 eaputest:
2859 889 3026 935 totum
3053 897 3268 955 quoque
3291 883 3496 956 pondus
3515 886 3559 944 in
3580 888 3676 962 ipso.

433 964 606 1021 Mersa
631 961 815 1034 procul
844 964 1004 1018 terris
1033 960 1089 1015 in
1116 960 1322 1029 cespite
1353 956 1571 1029 lympha
1604 954 1905 1027 profundo,
2741 970 2833 1026 35,
2879 970 3139 1030 Ρεδιίιιαδ,

434 1057 660 1114 Nonnisi
686 1056 948 1128 perfossis
973 1067 1194 1125 possum
1224 1048 1520 1122 procedere
1551 1049 1747 1115 venis;
2134 1052 2370 1113 Contero
2392 1069 2585 1116 cuncta
2616 1062 2779 1119 simul
2807 1066 3020 1131 virtutis
3046 1067 3259 1124 robore-
3271 1084 3487 1141 magno.

438 1149 510 1206 Et
538 1150 725 1205 trahor
752 1147 821 1204 ad
844 1161 1074 1219 superos
1100 1146 1277 1201 alieno
1306 1143 1467 1213 ducta
1495 1143 1700 1199 labore.
2138 1144 2253 1202 Una
2283 1149 2412 1204 mihi
2443 1153 2644 1217 cervix,
2665 1155 2899 1223 capitum
2921 1156 3015 1212 sed
3038 1142 3483 1217 forma-duorum.

1067 1241 1156 1295 71.
1198 1237 1393 1293 Tubus.
2140 1237 2243 1294 Pro
2271 1239 2497 1310 pedibus
2526 1255 2688 1315 caput
2709 1255 2822 1302 est:
2862 1263 2988 1303 nam
3026 1254 3223 1308 caetera
3253 1254 3498 1324 corporis
3519 1257 3681 1321 absunt.

434 1335 710 1393 Truncum
741 1343 883 1390 terra
909 1333 1061 1404 tegit,
1092 1331 1307 1387 latitant
1336 1331 1388 1385 in
1414 1328 1621 1399 cespite
1649 1325 1885 1399 lympha:
1916 1340 1932 1380 :

1649 1325 1885 1399 lympha:
1916 1340 1932 1380 :
2406 1344 2431 1373 ν
2747 1340 2837 1396 86.
2883 1342 3133 1414 Strigilis.

438 1430 637 1486 Alveus
667 1436 752 1484 est
778 1426 1041 1490 modicus,
1072 1424 1164 1495 qui
1194 1424 1340 1494 ripas
1367 1437 1474 1478 non
1504 1420 1667 1477 habet
1693 1420 1851 1475 ullas.
2135 1423 2342 1493 Ruben,
2373 1443 2559 1495 curva,
2588 1444 2775 1501 capax,
2807 1433 2996 1494 alienis
3025 1433 3243 1492 humida
3271 1437 3458 1509 guttis,

437 1521 497 1578 In
523 1522 670 1594 ligno
694 1519 910 1576 vehitur
933 1517 1135 1584 medio,
1159 1516 1301 1587 quod
1327 1515 1467 1586 ligna
1497 1512 1747 1569 vehebat.
2137 1516 2453 1576 Luminibus
2477 1520 2630 1578 falsis
2655 1524 2772 1580 auri
2802 1527 3023 1583 mentita
3050 1528 3316 1596 colorem,

1088 1610 1177 1665 72.
1204 1608 1389 1664 Follis.
2142 1611 2324 1667 Dedita
2353 1612 2559 1683 sudori,
2588 1615 2801 1672 modico
2823 1620 3117 1677 succumbo
3136 1619 3340 1677 labori.

438 1710 561 1767 Non
586 1724 689 1781 ego
713 1707 973 1764 continuo
999 1706 1226 1770 morior,
1257 1702 1383 1758 dum
1419 1700 1641 1772 spiritus
1670 1698 1816 1766 exit;
2734 1709 2824 1764 87,
2870 1709 3142 1767 Balneum,

432 1803 567 1860 Nam
592 1802 732 1858 redit
754 1800 991 1866 assidue,
1025 1796 1268 1869 quamvis
1289 1807 1343 1850 et
1364 1810 1509 1865 saape
1530 1793 1768 1849 recedat.
2056 1791 2108 1855 B
2134 1793 2238 1850 Per
2261 1805 2397 1853 totas
2421 1798 2566 1855 ardes
2592 1800 2842 1857 innoxius
2865 1804 3053 1861 introit
3080 1805 3254 1877 ignis:

439 1893 510 1950 Et
534 1892 667 1949 mihi
695 1906 837 1948 nunc
865 1905 1057 1962 magna
1081 1898 1165 1943 est
1188 1888 1402 1954 animae,
1429 1900 1575 1942 nunc
1600 1884 1748 1941 nulla
1773 1881 2029 1940 facultas.
2136 1887 2233 1942 Est
2260 1888 2409 1945 calor
2431 1891 2484 1947 in
2507 1892 2684 1948 medio
2706 1896 2929 1966 magnus
2957 1912 3119 1966 quem
3152 1913 3318 1954 nemo
3339 1909 3559 1957 veretur.

1084 1983 1173 2039 73.
1215 1980 1392 2051 Lapis.
1874 1977 1879 1982 ‘
2136 1979 2254 2036 Non
2274 1990 2359 2039 est
2379 1983 2522 2040 nuda
2548 1983 2762 2054 domus,
2795 1989 2893 2044 sed
2923 1990 3098 2046 nudus
3116 1992 3378 2051 convenit
3397 1992 3594 2066 hospes.

447 2077 789 2135 Deucalionis
814 2090 916 2148 ego
941 2073 1149 2131 crudeli
1178 2085 1367 2143 sospes
1393 2069 1463 2125 ab
1489 2069 1650 2138 unda,
2758 2081 2847 2138 88,
2895 2082 3125 2140 Τεεδενα,

440 2170 634 2228 Aftinis
664 2181 846 2237 terrae,
873 2168 969 2224 sed
999 2167 1156 2238 longe
1185 2165 1371 2221 durior
1399 2164 1509 2219 illa.
2141 2168 2327 2225 Dedita
2356 2186 2472 2227 sum
2498 2188 2715 2246 semper
2744 2187 2890 2247 voto,
2914 2194 3021 2234 nou
3051 2181 3436 2239 certa'futuri:

444 2265 645 2322 Littera
671 2262 902 2320 decedat
935 2278 949 2316 :
980 2260 1213 2317 volucris
1241 2272 1457 2330 quoque
1480 2272 1679 2313 nomen
1713 2254 1940 2310 habebo.
2137 2262 2323 2318 Jactor
2349 2264 2404 2319 in
2431 2250 2693 2336 ancipites
2721 2270 2865 2324 varia
2890 2272 3153 2343 νει-ιίείηθ
3172 2289 3361 2342 casus,

1098 2355 1188 2410 74.
1240 2353 1389 2408 Catx.
2139 2356 2292 2413 Nunc
2320 2373 2421 2430 ego
2449 2369 2642 2416 maesta
2672 2363 2850 2432 malis,
2877 2380 3019 2422 nunc
3046 2367 3208 2424 rebus
3234 2369 3364 2425 laeta
3386 2369 3626 2426 secundis.

449 2453 610 2511 Evasi
639 2451 904 2514 ﬂammas,
934 2446 1071 2517 ignis
1100 2452 1364 2500 tormenta
1398 2441 1626 2514 profugi.
2753 2455 2843 2513 89.
2887 2455 3139 2517 Pecunia.

457 2546 574 2618 Ipsa
602 2542 810 2601 medela
838 2555 960 2596 meo
986 2545 1185 2610 pugnat
1212 2535 1481 2592 contraria
1507 2535 1633 2589 falO-
2138 2542 2310 2600 Terra
2332 2544 2405 2600 fui
2430 2545 2606 2617 primo
2633 2548 2855 2605 latebris
2876 2550 3193 2609 abscondita
3226 2562 3420 2611 terrm:

451 2639 634 2697 Ardeo
661 2637 731 2692 de
752 2632 1024 2709 lymphis;
1054 2629 1244 2687 mediis
1273 2628 1532 2684 ίῐιοθιιάοΐ
1557 2627 1625 2682 ιιι)
1652 2624 1828 2681 undi?»
2137 2636 2290 2693 Nunc
2318 2640 2460 2695 aliud
2489 2643 2717 2712 pretium
2742 2641 2973 2700 ﬂammzc
3005 2662 3311 2721 nomenque
3333 2648 3598 2705 dederunt.

1093 2723 1182 2779 75.
1213 2721 1377 2778 Silex.
1706 2813 1711 2814 γ
2139 2730 2249 2788 Nec
2273 2734 2383 2804 jam
2409 2743 2548 2789 terra
2575 2751 2757 2801 vocor,
2784 2736 2908 2794 licet
2936 2754 3003 2795 ex
3027 2756 3112 2796 me
3130 2750 3277 2798 terra
3305 2752 3539 2814 paretur.

443 2828 670 2905 Semper
690 2827 829 2881 inest
859 2824 911 2879 iu
936 2813 1044 2890 me,
1075 2818 1169 2875 sed
1195 2832 1318 2873 raro
1346 2816 1587 2873 cernitur
1609 2813 1768 2884 ignis.
2523 2825 2612 2881 9t).
2659 2827 2851 2883 Mulier
2878 2833 3108 2902 geminos
3136 2813 3367 2905 pariens.

444 2922 590 2978 Intus
619 2900 765 2976 enim
793 2918 985 2982 latitat,
1015 2914 1110 2969 sed
1135 2912 1283 2968 solos
1311 2910 1491 2979 prodit
1518 2910 1586 2963 ad
1616 2909 1790 2972 ictus;
2139 2914 2271 2970 Plus
2298 2931 2399 2986 ego
2423 2918 2652 2976 sustinui
2689 2937 2849 2989 quam
2880 2900 3079 2994 corpus
3103 2900 3292 2982 debuit
3320 2942 3505 2983 unum.

440 3016 549 3073 Nec
578 3015 760 3086 lignis,
789 3020 849 3067 ut
871 3011 1038 3077 vivat,
1063 3016 1205 3079 eget,
1231 3020 1350 3072 nec,
1381 3016 1437 3060 ut
1466 3004 1695 3072 occidat,
1731 3002 1909 3058 undis;

2137 3007 2274 3066 Tres
2302 3012 2509 3068 animas
2532 3013 2712 3080 habui,
2737 3031 2869 3087 quas
2889 3032 3078 3075 omnes
3105 3018 3250 3076 intus
3272 3020 3556 3077 habebant:

1095 3101 1185 3156 76.
1230 3101 1397 3155 Rotw.
2144 3102 2453 3161 Discessere
2480 3105 2623 3172 dum,
2657 3107 2752 3163 sed
2778 3109 2938 3165 tertia
2970 3126 3116 3181 pene
3144 3122 3331 3170 secuta
3364 3123 3466 3170 est.

436 3202 704 3271 Quattuor
733 3195 967 3267 aequales
997 3203 1223 3248 currunt
1249 3208 1316 3247 ex
1345 3200 1462 3247 arte
1492 3205 1729 3255 sorores,
2060 3182 2110 3247 C
2635 3196 2725 3254 9L
2748 3198 2899 3256 Miles
2919 3204 3247 3274 podagricus.

437 3295 530 3351 Sic
549 3291 701 3365 quasi
726 3296 1018 3354 certantes,
1049 3301 1170 3341 cum
1194 3286 1264 3341 sit
1290 3284 1444 3341 labor
1466 3284 1716 3339 omnibus
1744 3295 1907 3350 unus,
2142 3289 2476 3361 Bellipotens
2503 3290 2657 3359 olim,
2683 3293 2845 3348 savis
2875 3294 3199 3351 metuendus
3222 3296 3277 3351 in
3304 3297 3475 3353 armis

439 3385 511 3442 Et
536 3397 703 3454 prope
730 3389 856 3436 sunt
881 3378 1105 3450 pariter,
1136 3392 1238 3433 nec
1268 3393 1329 3433 se
1359 3376 1674 3447 contingere
1708 3382 1950 3447 possunt.
2140 3381 2387 3454 Quinque
2409 3382 2572 3452 pedes
2596 3382 2779 3450 habui,
2803 3400 2940 3455 quos
2967 3401 3201 3458 unquam
3227 3403 3392 3444 nemo
3413 3387 3620 3461 negavit;

1087 3471 1176 3526 77.
1202 3470 1390 3526 Scalae.
2138 3474 2295 3531 Nunc
2322 3476 2453 3531 mihi
2476 3476 2563 3532 vix
2593 3476 2701 3532 duo
2722 3489 2879 3532 sunt:
2914 3480 3126 3551 inopem
3151 3496 3239 3536 me
3271 3485 3429 3554 conia
3459 3484 3582 3540 fecit.

437 3571 549 3629 Nos
577 3585 788 3639 sumus,
817 3569 884 3625 ad
910 3568 1107 3625 caelum
1138 3583 1257 3639 qua:
1287 3566 1565 3623 tendimus
1594 3565 1699 3620 alta
1727 3573 1996 3636 petentes,
2533 3567 2625 3624 92.
2668 3566 2870 3624 Luscus
2897 3570 3080 3625 allium
3108 3572 3370 3629 vendens-

438 3663 707 3720 Concordi
735 3661 934 3719 fabrica
965 3677 1100 3734 quas
1131 3676 1268 3717 unus
1289 3660 1538 3716 continet
1568 3658 1725 3725 ordo,
2139 3656 2375 3719 Cernere
2390 3658 2500 3730 jam
2520 3658 2602 3718 fas
2630 3671 2734 3728 est,
2767 3662 2910 3732 quod
2933 3663 3020 3718 vix
3053 3662 3144 3719 tibi
3175 3666 3407 3722 credere
3428 3664 3503 3721 fas
3529 3673 3611 3720 est.

440 3755 511 3815 Ut
532 3755 693 3815 simul
719 3755 989 3812 haerentes
1017 3769 1114 3827 per
1140 3768 1239 3809 nos
1264 3751 1553 3821 scandatur
1578 3751 1645 3806 ad
1673 3765 1853 3805 auras.
2141 3748 2291 3805 Urius
2306 3753 2446 3807 inest
2469 3752 2676 3820 oculus,
2706 3755 2940 3824 capitum
2961 3756 3056 3811 sed
3078 3756 3244 3811 millia
3273 3759 3465 3814 multa.

511 3845 515 3849 ’
1069 3856 1158 3912 78.
1202 3857 1393 3926 Scopa.
2140 3840 2244 3909 Qui
2260 3842 2400 3913 quod
2422 3841 2587 3900 habet
2602 3844 2806 3914 vendit,
2830 3847 2971 3916 quod
2994 3863 3099 3903 non
3126 3848 3310 3918 habet,
3342 3851 3484 3907 unde
3501 3843 3680 3923 parabit?

438 3954 622 4011 Mundi
650 3967 841 4023 magna
863 3965 1077 4023 parens,
1108 3949 1301 4019 laqueo
1330 3959 1573 4002 connexa
1599 3943 1793 4011 tenaci,

1694 3943 1793 4011 aci,
2684 3951 2774 4009 95.
2819 3952 3195 4011 Funambulus.

440 4047 633 4103 Juncta
656 4045 773 4099 solo
800 4044 959 4113 plano
985 4040 1228 4096 manibus
1255 4052 1571 4109 comprensa
1602 4036 1831 4104 duabus,
2140 4043 2286 4100 Inter
2304 4044 2585 4127 luciferum
2615 4049 2812 4103 calum
2837 4057 3112 4120 terrasque
3131 4050 3378 4121 jacentes

445 4140 624 4196 Ducor
639 4136 837 4208 ubique
853 4149 1102 4206 sequens,
1121 4140 1274 4187 etme
1286 4146 1501 4201 quoque
1513 4139 1704 4185 cuncta
1717 4139 2033 4201 sequuntur.
2139 4144 2278 4196 Aera
2309 4155 2407 4212 per
2434 4140 2665 4197 medium
2696 4143 2855 4198 docta
2884 4154 3026 4200 meai
3055 4154 3171 4201 aue
3199 4147 3409 4203 νίειοιιε

853 4290 858 4295 θ
965 4225 1055 4280 79.
1087 4221 1531 4278 Tintinuabulum.
2140 4233 2348 4291 Semita

2140 4233 2348 4291 Semita
2372 4233 2466 4291 sed
2491 4234 2670 4291 brevis
2689 4244 2793 4305 est,
2827 4236 3050 4307 pedibus
3083 4254 3183 4295 nec
3205 4240 3410 4297 sufficit
3440 4239 3570 4312 ipsis.

444 4328 575 4386 Ere
599 4326 781 4397 rigens
805 4337 973 4379 curvo
1003 4318 1242 4392 patulum
1272 4330 1572 4387 componor
1598 4315 1651 4371 in
1685 4315 1892 4371 orbem.
2486 4343 2491 4349 η
2765 4330 2857 4386 94,
2904 4330 3117 4387 Umbra.

446 4420 657 4477 Mobilis
682 4428 769 4475 εει
796 4418 943 4473 intus
969 4413 1164 4486 lingua:
1189 4409 1502 4481 crepitantis
1529 4410 1706 4480 imago
1726 4409 1760 4481 ;]

2139 4424 2365 4482 Insidias
2396 4426 2567 4481 nullas
2598 4442 2789 4482 vereor
2809 4427 2878 4483 de
2909 4428 3095 4483 fraude
3126 4430 3338 4495 latenti,

443 4513 560 4568 Non
588 4520 806 4568 resonat
832 4509 1058 4583 positus,
1090 4516 1270 4562 metus
1299 4518 1515 4575 quaque
1542 4518 1687 4574 saepe
1715 4502 1944 4559 resultat

2063 4575 2112 4588 __
2144 4521 2276 4577 Nam
2310 4522 2450 4576 Deus
2477 4522 2721 4577 attribuit
2751 4521 2906 4577 nobis
2927 4522 3043 4578 haec
3065 4538 3291 4579 munera
3313 4522 3517 4588 forma),

876 4612 924 4674 ε,
945 4602 1034 4658 80.
1088 4598 1333 4655 Conditus
1372 4609 1539 4671 potus.
2062 4575 2119 4639 Ῑ)
2146 4575 2377 4673 mnam.

2062 4575 2119 4639 Ι)
2146 4613 2217 4673 Ut
2237 4629 2398 4671 nemo
2425 4624 2659 4681 moveat,
2689 4615 2794 4670 nisi
2816 4616 2904 4686 qui
2937 4616 3086 4686 prius
3111 4616 3226 4688 ipse
3253 4627 3515 4673 movetur.

446 4698 582 4753 Tres
609 4695 736 4753 olim
764 4692 985 4760 fuimus,
1016 4692 1105 4764 qui
1138 4690 1357 4747 nomine
1378 4688 1650 4762 iungimur
1677 4706 1805 4746 uno.
2786 4707 2876 4764 95.
2921 4706 3086 4764 Echo.

445 4789 522 4844 Εκ
556 4787 726 4843 tribus
755 4794 839 4841 εει
869 4800 1025 4852 unus.
1058 4792 1113 4839 ει
1140 4794 1249 4839 "es
1278 4784 1572 4840 miscemur
1598 4783 1650 4838 in
1679 4798 1823 4849 ηηοῖ
2145 4798 2304 4871 Virgo
2335 4799 2577 4856 modesta
2602 4799 2761 4856 nimis
2790 4800 2962 4871 legem
2990 4800 3128 4863 bene
3149 4817 3313 4859 servo
3336 4802 3559 4874 pudoris.

447 4876 883 4948 Quisquebonus
911 4892 1005 4946 per
1032 4891 1091 4931 se
1123 4893 1137 4931 :
1167 4875 1375 4941 melior,
1408 4875 1500 4947 qui
1522 4875 1760 4931 continet
1784 4889 1946 4932 omne

2173 4895 2246 4949 lre
2275 4909 2472 4965 procax
2496 4911 2600 4950 nou
2629 4910 2770 4959 sum,
2805 4910 2904 4951 nec
2924 4911 3043 4951 sum
3068 4898 3352 4954 temeraria
3382 4891 3583 4969 lingua;
3666 4899 3674 4911 ’

731 4968 822 5026 81.
883 4966 1067 5023 Vinum
1100 4984 1396 5023 conversum
1436 4971 1489 5023 in
1533 4978 1749 5023 acetum.
2140 4983 2229 5040 υιι

2140 4983 2294 5040 Ultro
2322 4985 2449 5041 nolo
2472 4986 2638 5056 loqui,
2668 4985 2763 5042 sed
2785 4985 2855 5042 do
2886 5001 3146 5058 respousa
3172 4988 3434 5061 loquenti.

447 5064 730 5121 Sublatum
751 5061 884 5117 nihil
910 5072 1015 5129 est,
1047 5060 1179 5117 nihil
1200 5071 1283 5116 est
1303 5062 1642 5118 extrinsecus
1665 5072 1917 5126 auctum;
2550 5108 2553 5111 ι
2750 5097 2840 5154 96⁶
2878 5066 3138 5157 Somnus.

441 5156 554 5213 Nec
584 5165 763 5211 tamen
789 5153 1020 5221 invenio,
1044 5153 1301 5225 quidquid
1331 5153 1477 5223 prius
1502 5150 1616 5224 ipse
1643 5152 1856 5224 reliqui.

443 5249 598 5320 Quod
627 5247 826 5317 fuerat,
856 5262 964 5303 non
989 5207 1075 5304 οεῖ
1098 5267 1112 5303 :
1133 5234 1319 5317 chapit,
1349 5246 1513 5317 quod,
1548 5263 1654 5301 non
1691 5257 1828 5312 erat,
1858 5225 1998 5302 esse.
2143 5207 2740 5320 ΞΨΨὛἾΨΪῨΨΨΡ
2761 5213 3186 5320 V‘ff'“i°s“?"‘!°
3217 5214 3437 5285 ﬁgmas'

1071 5302 1415 5397 sagum“
1500 5302 1512 5313 ’
1736 5378 1746 5390 ι
1815 5302 1828 5312 ’
1962 5370 1973 5381 _
2143 5302 2312 5373 Fingo
2345 5312 2518 5357 metus
2548 5318 2715 5360 vanos
2737 5304 2884 5359 nullo
2907 5305 3220 5362 discrimine
3249 5321 3402 5363 vero.

444 5437 650 5493 Nomen
676 5434 881 5490 habens
905 5393 1161 5505 gmch'n;
1193 5434 1469 5490 comendo
1496 5448 1686 5506 magna
1714 5432 1935 5489 dearum
1955 5475 1972 5503 ’
2142 5393 2248 5451 Sed
2278 5409 2365 5451 me
2388 5408 2546 5451 nemo
2573 5394 2739 5465 videt,
2764 5395 2866 5451 nisi
2892 5398 2982 5468 qui
3000 5411 3096 5453 sua
3122 5398 3321 5454 lumina
3343 5396 3551 5487 clatulit.

445 5526 615 5586 Fraus
638 5528 852 5600 juvenis
877 5527 1111 5599 pulchri,
1136 5528 1421 5582 multarunt
1446 5543 1573 5583 cura
1603 5542 1878 5595 sororum,

1718 5542 1878 5595 trum,
2662 5508 2752 5564 97.
2810 5508 3219 5567 Monumentum.

447 5620 729 5681 Excidium
758 5620 957 5694 Troiae,
985 5620 1111 5678 dum
1144 5620 1281 5676 bella
1311 5616 1533 5677 crnent’a
1565 5620 1769 5694 peregi.
2146 5622 2350 5679 Nomen
2383 5623 2585 5681 habens
2611 5622 2843 5679 hominis
2871 5634 2986 5695 post
3016 5625 3199 5682 ultima
3234 5625 3341 5682 fata
3367 5621 3609 5683 remansi:

1073 5715 1162 5772 85.
1217 5712 1412 5770 Perna.
2145 5716 2348 5774 Nomen
2372 5717 2530 5774 inane
2560 5725 2758 5785 manet,
2783 5717 2877 5773 sed
2910 5718 3080 5775 dulcis
3109 5718 3214 5773 vita
3243 5718 3497 5790 profugit.

449 5814 636 5878 Nobile
662 5819 802 5878 duco
822 5790 993 5897 genus
1022 5818 1201 5892 magni
1227 5817 1294 5874 de
1320 5825 1482 5889 gente
1505 5813 1743 5881 Catonis.
2147 5809 2266 5870 Vita
2297 5820 2474 5884 tamen
2505 5820 2751 5885 superest
2779 5810 2937 5871 morti
2962 5821 3081 5891 post
3113 5819 3358 5887 tempora
3380 5814 3521 5872 vitae.
