3800 6250
338 305 448 376 319

345 518 446 577 pro
463 505 582 577 fide
611 505 833 560 Christi.

434 576 918 648 Victoriasb'othor.
951 585 998 631 et
1043 577 1272 633 Sarmat.
1306 578 1439 644 Quia
1486 578 1841 648 imperatores
1885 595 1945 635 se

347 648 403 704 in
437 648 589 703 titulo
627 647 786 703 edicti
821 648 1084 704 vocabant
1109 649 1371 705 Gothicos
1399 659 1454 703 et
1500 647 1854 715 Sarmaticos,
1887 661 1946 706 ut

347 721 402 791 in
428 721 590 775 veteri
619 719 993 790 lnscriptione.
1015 737 1173 790 quam
1220 722 1383 777 refert
1409 721 1767 791 Guspinianus
1796 723 1846 775 in
1882 723 1946 776 li-

347 790 448 846 bro
478 791 545 846 de
572 793 896 860 Cmsaribus,
949 807 1069 862 pag.
1103 793 1206 850 155
1231 834 1244 846 .
1277 794 1332 848 111
1367 790 1530 847 titulo
1569 804 1750 848 autem
1783 793 1943 848 edicti

350 863 522 934 posita
557 863 769 919 fuerunt
793 879 898 918 non
930 865 1105 919 solum
1126 867 1338 919 nomina
1366 865 1680 919 Diocletiani
1708 863 1944 920 etMaxi-

348 933 512 992 iniani
562 934 968 1003 imperatorum,
999 935 1091 990 sed
1123 939 1284 991 etiam
1312 935 1615 991 Constantii
1642 945 1697 991 et
1739 935 1944 991 Galerii

349 1005 656 1063 Maximiani
677 1006 973 1074 Caesarum,
1008 1016 1066 1062 ut
1087 1005 1243 1064 facile
1265 1007 1445 1078 colligi
1479 1017 1657 1076 potest
1676 1023 1740 1062 ex
1772 1007 1946 1061 histo-

351 1078 724 1152 ijanpassionis
755 1090 1063 1152 sanctorum
1091 1088 1397 1152 martyrum
1420 1079 1718 1146 Saturnini,
1748 1079 1943 1152 Dativi,

347 1147 554 1222 Felicis
575 1158 630 1222 et
656 1150 961 1222 sociorum,
991 1159 1044 1206 et
1071 1167 1134 1206 ex
1179 1147 1438 1222 martyrio
1464 1160 1774 1206 sanctarum
1805 1149 1948 1220 Aga-

353 1235 468 1291 pes,
496 1219 737 1276 Chionize
761 1231 816 1277 et
842 1222 1044 1278 lrenes.

425 1311 671 1382 Legitime
697 1324 886 1368 coctus.
915 1315 1101 1370 Modus
1127 1315 1388 1382 coquendi
1437 1315 1775 1370 Christianos
1798 1314 1949 1368 vivos

351 1385 655 1458 explicatur
696 1386 864 1452 infra,
907 1401 1025 1458 cap.
1069 1387 1153 1441 9.1.
1211 1387 1471 1456 Legitime
1509 1397 1688 1442 autem
1737 1397 1949 1458 coetum

353 1455 517 1519 dixit,
546 1457 670 1526 quia
698 1468 883 1512 coctus
908 1455 1025 1512 erat
1053 1455 1348 1513 secundum
1382 1459 1529 1528 leges
1558 1471 1692 1527 quas
1724 1455 1952 1527 Augusti

353 1528 624 1592 tulerant;
667 1531 806 1584 sicut
833 1529 924 1586 lib.
960 1546 994 1583 v
1023 1529 1281 1595 lnstitut.,
1309 1545 1428 1599 cap.
1466 1530 1523 1583 ll
1549 1570 1563 1593 ,
1597 1528 1834 1598 legitima
1866 1543 1952 1581 sa-

352 1614 440 1654 cra
473 1609 628 1654 vocat
651 1615 737 1666 ea,
766 1617 885 1670 quze
909 1601 1204 1656 secundum
1228 1611 1468 1656 veterem
1495 1615 1698 1654 morem
1730 1600 1949 1665 tiebant,

354 1671 479 1740 quia
511 1688 628 1726 mos
655 1673 761 1727 vim
800 1673 935 1740 legis
961 1673 1188 1728 obtinet.
1222 1673 1419 1727 Eadem
1444 1671 1654 1726 ratione
1677 1671 1833 1733 dixit,
1854 1670 1945 1723 lib.

357 1757 432 1805 vr,
462 1758 581 1812 cap.
613 1743 666 1808 9,
693 1744 913 1814 injurias
945 1743 1188 1798 hostibus
1226 1745 1462 1812 legitime
1489 1742 1710 1808 inferri,
1741 1741 1952 1814 scilicet

354 1811 658 1894 postquam,
691 1811 908 1894 servato
937 1815 1061 1870 belli
1085 1811 1460 1894 jurcLbellum
1486 1829 1582 1894 per
1617 1813 1820 1894 legatos
1848 1811 1945 1894 110-
1981 1833 2028 1894 Β

355 1883 658 1940 nuntiatum
686 1894 739 1941 et
787 1887 1041 1941 indictum
1071 1883 1171 1941 est.
1209 1885 1438 1941 Fallitur
1464 1883 1608 1940 enim
1641 1885 1761 1940 heic
1787 1883 1950 1937 vehe—

355 1967 565 2012 menter
593 1957 862 2027 Josephus
897 1958 1078 2024 Isaaus,
1108 1959 1196 2028 qui
1249 1973 1434 2013 vocem
1480 1957 1701 2028 legitime
1748 1955 1953 2028 irouice

352 2030 585 2100 positam
619 2026 767 2098 putat
815 2030 917 2084 hoc
949 2030 1066 2083 loco
1097 2026 1240 2096 esse,
1269 2030 1393 2100 quia
1427 2026 1679 2083 videlicet
1729 2041 1834 2082 non
1864 2026 1951 2081 in-

357 2099 565 2155 tellexit
586 2115 766 2156 veram
795 2101 912 2170 ejus
943 2099 1410 2172 significationem.

429 2191 555 2246 Cum
585 2193 872 2248 admirabili
899 2196 1162 2263 patientia.
1198 2195 1369 2250 Verba
1396 2203 1516 2249 sunt
1551 2192 1750 2248 Bullini
1783 2192 1952 2247 inter-

358 2267 623 2336 pretantis
645 2275 696 2319 et
725 2265 1042 2334 explicantis
1090 2267 1399 2322 Eusebium.
1448 2265 1703 2320 Continuo
1734 2265 1872 2318 onmi
1902 2265 1952 2317 in

357 2353 472 2389 eum
491 2336 803 2390 crudelitatis
829 2354 1009 2408 genere
1037 2338 1377 2399 deswvientes,
1407 2354 1470 2391 ne
1496 2338 1588 2390 hoc
1637 2337 1847 2408 quidem
1867 2352 1952 2386 so-

359 2409 464 2462 lum
495 2409 685 2478 efﬁcere
713 2407 1012 2476 quiverunt,
1044 2419 1096 2462 ut
1124 2426 1240 2462 eum
1279 2419 1511 2463 mmstum
1540 2408 1726 2476 aliquis
1767 2407 1955 2460 videret

357 2479 410 2551 in
433 2480 591 2546 poenis
617 2519 630 2540 ,
664 2479 753 2532 sed
774 2480 889 2533 lwto
919 2491 1069 2550 atque
1091 2481 1246 2534 hilari
1275 2479 1440 2546 vultu,
1472 2496 1588 2533 cum
1605 2483 1722 2551 jam
1763 2479 1954 2551 viscera

358 2550 410 2602 in
446 2550 712 2618 suppliciis
757 2549 1092 2620 defecissent,
1137 2553 1344 2619 spiritus
1387 2560 1552 2604 tamen
1584 2549 1852 2604 laetabatur
1904 2549 1955 2620 in

359 2621 520 2694 vultu.
557 2620 636 2674 Ea:
675 2638 773 2694 quo
803 2632 1016 2677 tortores
1055 2624 1137 2678 sui
1176 2624 1378 2694 gravius
1407 2621 1786 2682 cruciabantur,
1817 2619 1956 2690 quod

358 2693 530 2746 omnia
558 2692 925 2761 suppliciorum
951 2711 1135 2763 genera
1176 2692 1533 2748 consumebant
1562 2694 1613 2746 in
1648 2708 1766 2746 eum
1805 2706 1955 2761 quem

360 2779 422 2820 ne
448 2764 638 2819 tristem
662 2763 864 2836 quidem
894 2782 957 2820 ea;
977 2766 1055 2820 his
1080 2765 1291 2820 reddere
1321 2774 1572 2835 poterant.

934 2879 1163 2936 CAPUT
1235 2879 1378 2936 XIV.

433 2992 659 3067 S‘ubjecit
679 2995 992 3051 incendium.
1011 2995 1294 3062 Eusebius,
1324 2999 1418 3054 lib.
1435 3014 1550 3065 vm,
1575 3013 1694 3066 cap.
1713 2997 1766 3062 6,
1791 3012 1957 3067 agens

357 3063 425 3119 de
452 3065 552 3140 hoc
585 3066 853 3140 incendio,
893 3070 1105 3140 nescire
1131 3085 1190 3140 se
1229 3070 1426 3124 fatetur
1447 3063 1554 3140 quo
1583 3063 1711 3125 casu
1748 3063 1957 3124 excita-

358 3144 469 3191 tum
513 3136 694 3193 fuerit.
733 3140 832 3192 Alii
865 3139 1118 3207 palatium
1144 3138 1366 3196 fulmine
1406 3136 1568 3196 ictum
1594 3141 1958 3208 conﬂagrasse

1663 315 2006 376 STEPHANI
2042 320 2314 378 BALUZII

343 430 499 490 deret
536 430 928 504 imprudentem
950 440 1006 490 et
1033 432 1473 505 intempestivum
1516 433 1660 490 illius
1693 432 1944 490 ardorem
1975 439 2030 498 Α

3547 323 3644 382 3'20

2618 437 2848 497 CAPUT
2912 437 3029 498 XV.

2121 575 2313 629 Filiam
2347 575 2620 631 Valeriam.
2669 575 2898 647 Nuptam
2929 575 3145 632 Galerio
3175 576 3507 634 Maximiano
3528 582 3640 636 Cu:-

2046 649 2176 713 sari,
2195 663 2317 717 qua:
2345 647 2596 702 miseram
2620 648 2782 702 vitam
2812 648 3050 702 traduxit
3100 659 3221 719 post
3253 661 3487 706 mortem
3539 671 3638 706 ma-

2046 719 2157 778 riti,
2188 727 2242 773 et
2292 719 2582 774 miserabili
2615 728 2787 773 morte
2809 735 2931 774 cum
2961 732 3133 775 matre
3164 721 3360 789 periit,
3395 724 3504 776 sub
3555 726 3643 778 im-

2048 790 2215 863 perio_
2228 789 2414 844 Licinii
2436 830 2451 854 ,
2485 799 2540 844 ut
2569 790 2728 845 docet
2754 789 3064 846 Lactantius
3093 792 3143 845 in
3178 793 3284 847 fine
3337 793 3502 863 hujus
3525 809 3645 862 ope-

2048 861 2143 916 ris.
2176 861 2378 934 Ex‘qua
2401 863 2719 934 narratione
2748 863 3125 934 pessumdatur
3171 861 3644 934 omnino'conji-c-

2049 942 2168 986 tura
2215 931 2564 986 illustrissimi
2597 931 2883 989 cardinalis
2929 933 3165 1000 Baronii,
3195 935 3286 1002 qui
3333 935 3399 989 ad
3451 931 3644 991 annum

2047 1003 2152 1076 29-5
2184 1004 2373 1076 scribit
2423 1003 2589 1076 filiam
2622 1004 3126 1076 Diocletiani,iquzc
3170 1005 3428 1076 eonjugio
3472 1008 3645 1076 juncta

2049 1073 2147 1129 fuit
2177 1074 2394 1130 Galerio
2421 1074 2761 1140 Maximiano,
2797 1075 2940 1130 haud
2969 1073 3062 1130 diu
3093 1086 3214 1145 post
3243 1073 3646 1144 iiup'tias'fuisse

2051 1148 2422 1215 superstitem,
2446 1161 2567 1199 cum
2596 1147 2741 1202 nulla
2779 1146 2895 1216 ejus
2939 1147 3196 1202 memoria
3227 1157 3377 1203 extet
3417 1149 3474 1202 in
3519 1154 3644 1203 anti-

2051 1217 2330 1286 quioribus
2374 1218 2760 1283 monumentis,
2794 1217 2887 1272 sed
2921 1233 3019 1272 nec
3041 1234 3108 1272 ex
3139 1233 3201 1272 ea
3251 1219 3435 1286 proles
3483 1221 3645 1287 aliqua

2052 1289 2259 1357 legatur
2279 1303 2402 1344 esse
2445 1297 2720 1358 suscepta.
2750 1289 2912 1344 Addit
2939 1289 3134 1344 deinde
3167 1300 3396 1357 patrem,
3430 1299 3493 1344 ut
3537 1291 3647 1347 tilia:

2051 1359 2320 1420 defunctze
2348 1361 2662 1415 memoriam
2691 1370 3036 1415 consecraret
3065 1361 3353 1416 azternitati
3373 1402 3390 1428 ,
3441 1362 3646 1416 Panno~

2053 1431 2154 1485 nia:
2175 1441 2378 1500 partem
2411 1430 2526 1500 ejus
2566 1432 2784 1486 nomine
2819 1432 3023 1486 institui
3074 1440 3238 1501 atque
3277 1434 3646 1503 cognominari

2055 1504 2322 1566 voluisse;
2351 1503 2586 1572 citatque
2614 1503 2667 1556 in
2697 1517 2816 1558 eam
2846 1518 2958 1557 rem
2984 1503 3176 1557 librum
3226 1518 3317 1557 xIx
3372 1504 3641 1558 Ammiani

2053 1573 2368 1628 Marcellini.
2395 1573 2594 1629 Verum
2633 1573 2685 1627 id
2715 1589 2821 1628 non
2845 1574 2976 1628 dicit
3003 1573 3350 1629 Marcellinus
3373 1617 3390 1640 ,
3417 1575 3520 1630 sed
3547 1585 3649 1628 tan-

2053 1654 2168 1698 tum
2199 1660 2317 1698 eam
2351 1645 2642 1700 Pannoniae
2665 1656 2871 1715 partem
2897 1644 3242 1700 adlionoretn
3274 1645 3513 1700 Valeria:
3540 1646 3649 1700 Dio-

2053 1715 2266 1770 cletiani
2289 1716 2415 1769 filia:
2439 1725 2494 1770 et
2521 1717 2838 1783 institutam,
2867 1724 2922 1772 et
2949 1716 3525 1786 itaﬂcognominatam.
3560 1717 3649 1771 Re-

2056 1787 2219 1842 feram
2271 1797 2450 1842 autem
2483 1787 2596 1856 ipsa
2621 1788 2739 1856 ejus
2771 1790 2931 1842 verba
2965 1805 2979 1842 :
3021 1785 3274 1841 Valeriam
3303 1790 3442 1841 venit
3469 1829 3485 1850 ,
3542 1807 3647 1855 par-

2055 1867 2154 1913 tem
2175 1858 2434 1926 quondam
2456 1857 2758 1924 Pannoniis,
2784 1861 2874 1913 sed
2894 1859 2961 1912 ad
2991 1858 3231 1912 honorem
3267 1857 3497 1913 Valeria:
3541 1858 3651 1914 Dio-

2055 1930 2262 1984 cletiani
2286 1930 2410 1996 ﬁlia:
2437 1939 2485 1983 et
2509 1931 2816 1995 institutam,
2841 1939 2886 1983 et
2917 1930 2988 1983 ita
3015 1930 3459 1998 cognominatam.
3496 1930 3655 1985 Porro

2057 2016 2156 2055 nec
2205 2001 2502 2054 institutam
2546 2017 2574 2052 a
2617 2001 2979 2063 Diocletiano,
3040 2016 3140 2055 nec
3187 2001 3654 2068 cognominatam,

2056 2072 2151 2126 sed
2196 2087 2226 2124 a
2267 2072 2484 2127 Galerio
2539 2072 2861 2126 Maximiano
2901 2072 3056 2126 docet
3082 2071 3341 2126 Aurelius
3378 2072 3567 2128 Victor
3609 2075 3656 2128 in

2054 2144 2194 2197 libro
2220 2143 2288 2197 de
2315 2143 2617 2198 Caesaribus
2649 2161 2660 2196 :
2701 2143 3028 2196 Provinciam
3066 2144 3243 2196 uxoris
3271 2145 3486 2197 nomine
3521 2142 3656 2197 Vale-

2055 2215 2188 2268 riam
2219 2215 2514 2285 appellavit.
2538 2215 2630 2269 llis
2659 2215 2727 2268 ita
2759 2214 3084 2278 constitutis,
3117 2223 3379 2284 tanquam
3412 2224 3563 2269 certa
3583 2231 3659 2270 es-

2056 2295 2208 2352 sent,
2263 2286 2410 2340 addit
2463 2286 2722 2341 Baronius
2770 2285 3199 2347 Diocletianum,
3247 2300 3376 2340 cum
3440 2285 3658 2340 Valeria:

2057 2370 2230 2411 morte
2259 2356 2489 2412 resoluta
2533 2368 2676 2412 esset
2701 2356 2936 2410 aftinitas
2957 2373 3077 2425 qua:
3106 2357 3243 2410 inter
3270 2371 3403 2410 eum
3427 2367 3487 2408 et
3515 2357 3658 2412 Gale-

2057 2429 2195 2482 rium
2223 2438 2493 2483 contracta
2517 2438 2654 2493 erat,
2685 2443 2845 2498 quam
2877 2429 2928 2482 in
2961 2442 3054 2481 sua
3085 2427 3418 2498 cognatione
3444 2427 3661 2483 haberet

2055 2499 2224 2568 gradu
2253 2501 2684 2568 propinquiorem
2706 2497 2991 2570 virginem,
3015 2513 3135 2570 eam
3178 2497 3253 2551 illi
3283 2497 3500 2554 findere
3535 2516 3660 2567 nup-

2058 2572 2252 2625 tiarum
2305 2571 2631 2639 conjungere
2685 2569 3345 2625 feStinasse:Susannam
3410 2570 3665 2624 nimirum

2059 2643 2222 2696 filiam
2250 2641 2458 2696 Gabinii
2491 2643 2728 2710 germani
2760 2640 2872 2696 Caii
2904 2656 3053 2710 papa:
3073 2682 3088 2705 ,
3119 2640 3211 2710 qui
3263 2644 3434 2694 ambo
3465 2642 3666 2694 Diocle-

2061 2713 2209 2768 tiano
2233 2714 2493 2781 sanguine
2521 2713 2793 2782 conjuncti
2825 2722 2981 2768 erant
3000 2753 3015 2777 ,
3048 2720 3234 2780 utpote
3264 2711 3379 2765 nati
3408 2727 3475 2765 ex
3511 2712 3666 2766 fratre

2058 2784 2299 2850 ejusdem
2327 2784 2660 2846 Diocletiani,
2685 2796 2740 2838 ut
2757 2794 2903 2852 patet
2923 2799 2989 2837 ex
3016 2782 3166 2836 Actis
3189 2782 3441 2848 ejusdem
3466 2792 3661 2836 sattctzc

2061 2856 2338 2912 Susannzr.
2378 2855 2571 2909 Verum
2605 2865 2713 2910 tota
2742 2857 2857 2909 hanc
2880 2853 3115 2909 Historia
3147 2854 3274 2918 ruit,
3312 2864 3516 2909 ruente
3555 2855 3663 2907 Ῐιιιιο

2059 2928 2314 2982 damento
2341 2941 2501 2995 super
2531 2943 2638 2996 quo
2667 2927 2835 2996 posita
2883 2925 3079 2987 fuerat,
3116 2923 3168 2996 id
3217 2932 3323 2987 est,
3353 2937 3541 2980 morte
3573 2926 3663 2978 Va~

2062 2999 2207 3053 ierim
2230 3039 2245 3062 ,
2275 2994 2434 3066 quam
2475 2994 2564 3052 diu
2595 2994 2961 3066 supervixisse
2988 2994 3204 3051 Galerio
3233 3005 3474 3050 constat.
3525 2996 3663 3051 Adeo

2060 3079 2238 3124 autem
2267 3069 2549 3137 periculosi
2601 3079 2726 3123 sunt
2771 3083 3088 3137 magnorum
3132 3067 3373 3120 virorum
3423 3082 3663 3132 errores,

2062 3151 2121 3195 ut
2147 3141 2234 3195 hic
2284 3141 2495 3196 Baronii
2539 3141 2719 3211 lapsus
2751 3138 3214 3211 plerosque_viros
3261 3138 3462 3211 doctos
3491 3155 3663 3211 secum

357 3209 620 3275 scribunt,
648 3218 708 3264 ut
745 3210 1136 3282 Constantinus
1181 3211 1235 3266 in
1281 3213 1524 3268 oratione
1549 3211 1616 3266 ad
1646 3221 1956 3266 sanctorum
1982 3215 2029 3277 C
2064 3213 2306 3278 traxerit,
2339 3209 2627 3268 Ddoricum
2649 3209 3311 3282 Raynaldun1,.loannem
3343 3209 3663 3265 Bollandum

357 3288 580 3345 coetum,
609 3295 728 3349 cap.
753 3281 844 3337 25.

434 3350 624 3406 Omnes
650 3367 770 3406 suos
815 3361 946 3420 prot.
981 3369 1135 3418 prrec.
1185 3353 1239 3408 lu
1292 3355 1460 3409 veteri
1497 3355 1684 3411 codice
1714 3355 1910 3424 legitur
1941 3372 1954 3410 :

359 3437 536 3493 omnes
566 3439 687 3478 suos
715 3423 948 3491 protinus
977 3427 1129 3493 cepit.
1160 3425 1269 3479 Nos
1294 3426 1718 3481 emendavimus.

432 3489 862 3566 Datapotestate.
887 3489 1217 3564 Lactantius,
1246 3497 1338 3552 lib.
1363 3514 1396 3550 ν
1426 3497 1685 3561 lnstitut.,
1716 3512 1834 3566 cap.
1867 3499 1955 3564 Η,

359 3563 425 3618 de
449 3563 550 3620 hac
578 3563 692 3634 ipsa
723 3568 1097 3634 persecutione
1132 3563 1299 3638 agens
1325 3588 1336 3622 :
1373 3571 1594 3635 Accepta
1623 3570 1756 3622 enim
1786 3563 1958 3636 potes-

359 3645 480 3710 tate,
511 3653 603 3704 pro
619 3637 724 3710 suis
749 3639 975 3692 moribus
1001 3640 1213 3709 quisque
1237 3641 1420 3696 steviit.
1445 3641 1545 3694 Alii
1572 3656 1679 3710 pra:
1708 3641 1866 3694 nimia
1890 3641 1957 3692 ti-

359 3707 588 3784 miditate
631 3709 746 3784 plus
783 3707 1047 3784 ausisunt
1076 3707 1236 3784 quam
1253 3707 1581 3784 jubebaturﬁ
1604 3713 1707 3767 Alii
1741 3712 1959 3784 proprio

357 3779 600 3833 adversus
615 3783 788 3852 justas
829 3783 968 3843 odio,
996 3783 1208 3852 quidam
1239 3779 1464 3838 naturali
1505 3784 1686 3838 mentis
1730 3779 1956 3849 feritate,

359 3851 592 3924 nonnulli
618 3851 672 3904 ut
703 3853 990 3924 placerent,
1010 3851 1069 3906 et
1099 3855 1194 3906 hoc
1219 3855 1382 3924 o/Iicio
1406 3857 1540 3908 viam
1562 3853 1656 3906 sibi
1676 3852 1745 3904 ad
1773 3852 1961 3904 altiora

359 3923 636 3994 munirent.
672 3922 848 3994 Aliqui
876 3923 943 3976 ad
964 3922 1298 3977 occidendum
1329 3925 1616 3994 prwcipites
1651 3924 1958 3986 extiterunt,

358 3992 486 4065 sicut
509 4008 638 4046 unus
663 3993 715 4045 in
741 3991 990 4065 Phrygia,
1013 3996 1100 4063 qui
1123 3991 1409 4050 universum
1431 3991 1684 4065 populum
1703 4009 1818 4046 cum
1849 3994 1962 4062 ipso

361 4063 558 4132 pariter
582 4063 935 4118 conventiculo
961 4068 1322 4120 concremavit.

436 4155 775 4229 Torquebant.
831 4159 920 4214 Sic
960 4159 1219 4229 scriptum
1250 4168 1336 4215 est
1362 4161 1415 4214 in
1444 4158 1611 4214 veteri
1663 4157 1801 4211 libro
1827 4174 1838 4208 :
1865 4157 1961 4229 sed

364 4244 526 4296 supra
554 4228 794 4284 ultimam
821 4230 1040 4290 lineam.
1074 4228 1131 4285 ut
1162 4233 1272 4286 fere
1301 4232 1379 4297 fit,
1405 4231 1707 4300 appositum
1735 4237 1820 4282 est
1857 4228 1963 4298 sig-

363 4315 500 4373 num
519 4300 671 4373 quod
709 4302 1023 4358 ostenderet
1060 4302 1342 4373 legendum
1393 4317 1514 4356 esse
1560 4301 1955 4373 torquebantur,

361 4370 650 4444 manifesto
679 4387 809 4429 sane
825 4389 1032 4429 errore.
1069 4370 1244 4444 Atque
1277 4373 1419 4428 hunc
1445 4387 1567 4427 esse
1599 4370 1805 4444 fontem
1841 4372 1960 4438 plu-

363 4443 626 4499 rimorum
661 4453 963 4500 erratorum
1005 4462 1124 4514 quae
1163 4443 1215 4498 in
1253 4445 1480 4499 vetustis
1527 4443 1835 4514 auctoribus
1874 4456 1965 4496 occ

362 4525 606 4582 currunt,
639 4531 738 4571 nos
764 4532 908 4586 saape
949 4513 1408 4583 deprehendimus
1436 4515 1487 4568 in
1520 4513 1806 4586 codicibus
1845 4528 1962 4566 ma-

363 4587 674 4668 nuscriptis.
705 4584 934 4668 Librarii
965 4586 1109 4668 enim
1145 4589 1318 4668 primo
1348 4586 1726 4668 describebant
1755 4584 1923 4668 libr_os
1947 4625 1962 4649 ,
1991 4607 2045 4668 D

364 4658 454 4728 qui
485 4657 680 4713 deinde
705 4657 1054 4713 tradebantur
1081 4658 1537 4713 emendatoribus.
1575 4657 1663 4710 Isti
1693 4671 1823 4709 vero
1855 4656 1963 4707 fre-

364 4737 593 4797 quenter
629 4729 824 4784 bonam
873 4729 1163 4783 lectionem
1213 4729 1495 4785 vertebant
1537 4729 1593 4782 in
1642 4728 1838 4782 malam
1873 4740 1969 4794 per

365 4801 603 4870 speciem
653 4799 1069 4856 emendationis.

442 4890 606 4944 Erant
636 4898 906 4945 certantes.
942 4891 1251 4947 Lactantius
1281 4893 1330 4946 in
1361 4893 1478 4947 loco
1503 4889 1661 4959 paulo
1704 4897 1828 4942 ante.
1856 4888 1968 4941 lau-

365 4962 535 5034 dator:
569 4961 748 5030 Itaque
791 4962 842 5015 in
873 4964 1218 5033 excogitandis
1251 4980 1514 5031 poenarum
1542 4961 1812 5034 generibus
1840 4959 1972 5013 nihil

366 5033 517 5087 aliud
544 5050 699 5101 quam
729 5034 992 5088 victoriam
1022 5037 1326 5105 excogitant.

448 5125 723 5180 Familiam
771 5126 1006 5183 Caesaris.
1061 5128 1115 5183 ld
1166 5137 1280 5193 est,
1320 5127 1540 5183 Galerii.
1594 5125 1743 5179 llanc
1792 5125 1970 5192 itaque

370 5199 572 5274 placuit
599 5199 856 5274 escipere
877 5209 1178 5274 ,_tanquam
1209 5198 1745 5274 abominabileesset
1774 5194 1968 5274 nullum

370 5265 854 5345 scelusadvcrsus
901 5265 1599 5345 Diocletianumsuspicari
1648 5266 1717 5345 de
1771 5265 1972 5345 familia

375 5341 611 5397 Cazsaris
633 5381 647 5407 ,
681 5349 738 5396 et
765 5356 832 5396 ne
861 5353 1108 5398 auctores
1134 5342 1404 5408 incendii,
1432 5337 1520 5409 qui
1547 5354 1614 5392 ex
1664 5337 1976 5409 domomejus

372 5412 710 5538 prpdierant,
737 5412 1152 5485 detegerentur,
1181 5417 1227 5472 si
1255 5407 1407 5470 locus
1448 5407 1786 5479 inquisitioni
1816 5407 1976 5462 datus

399 5493 587 5538 uisset.

399 5493 587 5538 uisset.

447 5577 773 5654 Profectiones
802 5594 1011 5654 parata.
1048 5585 1250 5640 Bellum
1278 5597 1340 5638 ea
1395 5584 1716 5648 tempestate
1746 5573 1974 5654 nullum,

371 5648 516 5719 quod
569 5652 756 5706 sciam.
791 5653 894 5708 Sed
946 5656 1015 5710 ita
1045 5655 1441 5714 contumaciter
1491 5647 1547 5705 et
1594 5647 1826 5719 superbe
1865 5647 1975 5719 egit

372 5715 538 5798 hoino
582 5725 761 5798 vesani
795 5739 857 5777 ac
903 5726 1117 5798 ferocis
1141 5727 1328 5798 animi,
1363 5735 1420 5798 ut
1448 5723 1550 5776 hoc
1572 5715 1762 5798 agendi
1807 5715 1976 5798 modo

371 5791 762 5864 Diocletianum
816 5797 1192 5852 vehementius
1236 5788 1652 5864 impelleretra’d
1706 5788 1973 5864 excidium

369 5861 997 5940 cliristian:e_religionis,
1022 5885 1183 5940 quem
1213 5861 1428 5934 videbat
1450 5863 1688 5922 molliter
1711 5861 1974 5934 hactenus

371 5941 520 5994 lauto
545 5937 696 6010 operi
726 5937 1061 5996 incumbere.

2064 3294 2118 3340 et
2149 3284 2308 3338 alios.

2134 3353 2414 3427 Conjugem
2431 3355 2834 3427 Priscam.Qu:e
2863 3363 3069 3427 postea,
3097 3355 3225 3408 vivo
3251 3351 3436 3427 adhuc
3455 3354 3666 3427 marito,

2064 3427 2117 3481 in
2137 3424 2356 3481 exilium
2374 3443 2494 3481 cmn
2524 3427 2628 3480 tilia
2662 3426 2871 3480 Valeria
2902 3425 3136 3495 projecta
3164 3437 3249 3480 est
3272 3441 3314 3495 a7
3338 3424 3662 3486 Maximino.

2063 3509 2120 3552 et
2148 3499 2364 3552 deruunt
2392 3498 2546 3567 jussu
2581 3497 2764 3550 Licinii
2794 3497 2970 3566 capite
2999 3494 3171 3567 plexa,
3202 3504 3260 3552 ut
3286 3494 3514 3567 docebit
3543 3495 3663 3548 Lac-

2065 3571 2266 3624 tantius
2289 3571 2340 3624 in
2371 3564 2476 3623 line
2509 3568 2666 3638 hujus
2687 3564 2889 3636 operis.
2939 3565 3045 3624 Sed
3075 3567 3161 3623 hic
3190 3583 3252 3622 se
3290 3566 3451 3638 ollert
3481 3564 3666 3637 ingens

2063 3641 2367 3696 difﬁcultas.
2425 3640 2556 3694 Nam
2582 3637 2585 3638 ⁷
2610 3641 2660 3692 in
2695 3639 2919 3693 vetustis
2960 3638 3111 3693 Actis
3152 3647 3354 3693 sancta:
3402 3637 3664 3692 Susanna:

2064 3713 2307 3781 virginis,
2332 3727 2454 3782 quae
2482 3711 2795 3782 martyrium
2820 3709 3007 3764 Ratira:
3027 3723 3442 3782 consummasse
3481 3709 3668 3763 scribi-

2068 3780 2281 3837 tur’sub
2312 3780 2540 3853 imperio
2571 3780 2918 3845 Diocletiani,
2949 3782 3150 3853 mentio
3179 3789 3264 3835 est
3305 3780 3665 3853 5010111011Αο-

2065 3863 2236 3925 gusta:
2264 3850 2450 3908 uxoris
2481 3853 2726 3925 ejusdem
2757 3852 3015 3925 principis
3037 3895 3052 3920 ,
3094 3851 3458 3925 quzeocculte
3486 3850 3669 3925 Chrisf

2069 3922 2213 3979 iiana
2249 3935 2368 3978 erat
2390 3966 2405 3990 ,
2438 3925 2529 3979 ubi
2558 3924 2676 3978 dies
2716 3925 2907 3978 natalis
2927 3923 3048 3992 ejus
3092 3923 3448 3992 consignatus
3475 3934 3566 3977 est
3606 3922 3668 3976 ad

2065 3997 2209 4052 diem
2239 3998 2299 4052 l7
2319 3996 2575 4051 kalendas
2600 3995 2958 4064 septembrcs.
2976 3994 3172 4050 Gravis
3201 4009 3332 4048 sane
3356 3993 3668 4058 difﬁcultas,

2067 4069 2114 4122 si
2144 4069 2212 4122 de
2237 4071 2491 4122 Actorum
2523 4066 2734 4120 illorum
2764 4065 2992 4122 veritate
3020 4075 3075 4121 et
3102 4066 3428 4120 auctoritate
3455 4075 3669 4120 consta-

2068 4149 2171 4194 ret.
2199 4139 2307 4196 Sed
2331 4155 2454 4195 cnm
2484 4138 2572 4192 illa
2626 4137 2792 4191 nmlta
2820 4153 2992 4206 eaque
3044 4151 3256 4208 magna
3283 4138 3672 4208 suppositionis

2068 4211 2262 4266 indicia
2295 4212 2546 4274 habeant,
2582 4219 2694 4263 tum
2726 4225 2792 4264 ex
2840 4209 2943 4263 hoc
2969 4224 3101 4264 sane
3142 4206 3321 4278 capite
3355 4206 3508 4262 falsa
3554 4222 3671 4262 esse

2069 4283 2396 4352 probantur,
2454 4281 2595 4351 quod
2613 4281 2871 4336 Serenam
2899 4295 3122 4335 uxorem
3143 4277 3467 4352 Diocletiani
3510 4279 3672 4352 fuisse

2071 4350 2273 4418 volunt.
2309 4350 2517 4421 Quippe
2553 4361 2868 4406 ostensurus
2917 4366 3036 4405 sum
3090 4350 3426 4404 Diocletiano
3472 4350 3670 4421 nullam

2069 4426 2226 4479 aliam
2269 4419 2380 4478 toto
2420 4419 2755 4492 principatus
2802 4423 2887 4476 sui
2916 4432 3160 4492 tempore
3188 4436 3414 4492 uxorem
3454 4419 3672 4492 fuisse,

2069 4512 2228 4566 quam
2267 4490 2525 4550 Priscam.
2558 4493 2766 4548 Etenim
2791 4493 2837 4547 si
2863 4508 2925 4566 ea
2947 4490 3129 4566 mater
3155 4491 3408 4566 Valerize
3445 4490 3579 4554 fuit,
3622 4498 3676 4543 ut

2071 4563 2200 4623 sane
2226 4567 2344 4632 fuit,
2381 4580 2603 4619 necesse
2631 4574 2716 4618 est
2744 4579 2864 4619 eam
2898 4563 3232 4619 Diocletiano
3255 4564 3510 4632 nupsisse
3527 4572 3674 4614 ante-

2073 4654 2232 4709 quam
2265 4639 2310 4692 is
2334 4631 2494 4709 lieret
2521 4637 2835 4709 imperator,
2867 4633 2922 4709 id_
2936 4644 3050 4709 est,
3083 4643 3210 4709 ante
3241 4649 3451 4709 annum
3479 4631 3677 4709 Chris_ti

2073 4703 2215 4773 984,
2245 4725 2368 4763 cum
2405 4703 2612 4760 Valeria
2641 4706 2857 4765 Galcrio
2906 4705 3229 4761 Maximiano
3249 4704 3438 4774 juncta
3492 4703 3675 4757 matri-

2076 4782 2259 4836 monio
2283 4780 2354 4833 sit
2376 4793 2518 4832 anno
2537 4778 2666 4843 295,
2697 4776 2869 4830 aetatis
2896 4792 3010 4832 sua:
3047 4784 3103 4831 ut
3141 4777 3432 4830 minimum
3475 4774 3675 4830 duode-

2075 4854 2237 4908 cimo.
2276 4850 2482 4904 Vixissc
2509 4859 2686 4904 autem
2721 4857 2830 4902 tum
2879 4848 3118 4902 Priseam
3146 4856 3377 4901 matrem
3407 4845 3526 4916 ejus
3556 4847 3676 4900 hinc

2075 4935 2224 4980 certe
2272 4921 2560 4990 colligitur,
2593 4917 2736 4990 quod
2787 4918 2876 4972 diu
2923 4929 3107 4988 postea
3138 4928 3418 4988 superstes
3459 4919 3555 4971 fuit
3579 4959 3594 4983 ,
3628 4926 3678 4970 ct

2075 5009 2220 5048 anno
2248 5003 2452 5047 tantum
2500 4993 2606 5046 5ιό
2648 4990 2882 5056 extincta
2913 4997 2998 5044 est
3037 4999 3156 5059 post
3178 4990 3489 5052 victoriam,
3517 5003 3676 5056 quant

2081 5065 2317 5122 Licinius
2356 5063 2656 5132 reportavit
2683 5060 2752 5132 de
2791 5060 3103 5132 Maximino.
3159 5060 3286 5115 Hazc
3333 5072 3679 5132 monumenta

2082 5154 2190 5193 non
2247 5130 2489 5190 senserat
2530 5131 2923 5186 illustrissimus
2963 5130 3250 5186 Annalium
3289 5130 3679 5186 ecclesiastico-

2085 5225 2205 5265 l'lllll
2235 5206 2502 5269 conditor,
2525 5202 2828 5258 Cardinalis
2867 5203 3130 5259 Baronius
3154 5221 3169 5256 :
3194 5212 3250 5256 et
3281 5214 3460 5257 tamen
3501 5201 3676 5269 suSpi-

2086 5281 2310 5336 cabatur
2338 5277 2546 5330 laturos
2565 5317 2578 5339 ,
2605 5274 2696 5344 qui
2725 5289 2849 5335 eam
2867 5273 2936 5329 de
2969 5274 3175 5330 Serena
3206 5272 3450 5344 Augusta
3499 5272 3673 5327 llisto—

2087 5352 2222 5406 riam
2252 5349 2305 5403 in
2334 5347 2555 5402 dubium
2581 5353 2919 5412 revocarent,
2949 5346 3092 5416 quod
3123 5345 3268 5399 nulla
3297 5347 3512 5415 penitus
3529 5344 3601 5416 de
3620 5358 3679 5416 ea

2088 5422 2292 5478 mentio
2321 5418 2445 5474 alibi
2475 5418 2753 5482 habeatur,
2784 5415 3133 5488 neque’apud
3167 5416 3468 5486 scriptores
3509 5415 3680 5469 ethni-

2089 5509 2206 5560 cos,
2241 5505 2415 5561 ueque
2443 5489 2498 5542 in
2526 5489 2762 5561 antiquis
2787 5489 3276 5561 inscriptionibus;_
3310 5501 3376 5541 ac
3431 5497 3678 5561 tanquam

2086 5566 2138 5619 ei
2165 5558 2494 5618 difficillimae
2519 5558 2806 5630 quaestioni
2857 5560 3022 5616 finem
3051 5559 3421 5628 imposuisset,
3452 5559 3679 5612 interro-

2085 5645 2174 5706 gat
2203 5635 2546 5696 litteratulos,
2577 5631 2623 5686 si
2657 5631 2738 5685 bis
2783 5631 3067 5706 displiceat
3097 5646 3295 5706 nomen
3328 5630 3544 5706 serena:
3575 5630 3680 5681 Au-

2085 5700 2278 5776 gustae,
2305 5715 2360 5759 ut
2382 5707 2560 5776 dicant
2582 5719 2825 5776 t'onam
2840 5703 2951 5776 alio
2977 5701 3190 5776 nomine
3220 5700 3529 5776 Diocletiani
3553 5714 3681 5753 con-

2080 5772 2176 5848 jux
2197 5781 2432 5848 Augusta
2453 5775 2523 5848 ab
2543 5775 2936 5848 antiquioribus
2961 5775 3099 5848 dicta
3129 5772 3453 5848 inveniatur,
3483 5781 3533 5824 et
3559 5784 3680 5823 cum

2084 5845 2194 5906 non
2224 5845 2564 5912 invenerint,
2609 5861 2717 5900 non
2753 5846 2952 5901 iaciant
2981 5845 3050 5900 de
3103 5845 3323 5900 nomine
3367 5853 3683 5899 controver-

2083 5921 2242 5982 siam.
2281 5917 2626 5977 Satisfactum
2673 5926 2756 5974 est
2793 5917 2950 5988 igitur
2977 5917 3420 5989 jcutitulatissime
3455 5916 3685 5970 interro-
