3800 6250
118 245 205 301 Sil

805 230 1015 292 NOTAE
1055 234 1121 293 IN
1162 235 1291 293 LIB.
1333 234 1421 294 DE
1458 229 1806 295 MORTIBUS
1845 230 2229 295 PERSECUT.
2271 237 2428 295 CAP.
2471 234 2611 297 XVI.

3249 242 3360 306 322

113 353 288 426 gationi
315 349 446 422 ejus.
479 344 683 432 lit-iectu
728 347 1288 432 itaquemsupposititia
1317 350 1403 405 illa
1444 351 1656 432 Diocle-
1683 355 1737 415 Α
1761 351 2158 432 ianuam-altiles
2205 351 2399 408 vinctos
2442 363 2489 432 et
2536 354 2744 432 scaphis
2780 355 3046 432 impositos
3082 362 3360 432 carniﬁces

116 419 226 482 [iani
252 419 425 486 uxore,
464 422 845 493 videamusﬂan
898 419 1234 489 Eleutherio,
1261 438 1420 493 quam
1446 424 1525 478 vir
1546 424 1660 491 cla-

114 499 328 554 rissimus
355 534 370 560 ,
405 493 693 547 Hadrianus
716 490 976 563 Valesius
1007 494 1058 546 in
1090 490 1403 550 defensione
1448 494 1659 563 discep-

116 569 303 624 tationis
326 580 432 619 Slla‘.
459 563 525 618 de
567 562 806 619 Basilicis
857 578 1078 618 uxorem
1131 566 1443 622 Diocletiani
1495 562 1662 622 fuisse

113 639 299 710 collegit
328 651 387 691 ex
417 634 534 690 Vita
558 632 726 710 Vigilii
748 649 920 710 papa»,
944 651 1062 704 qua:
1086 644 1233 691 extat
1260 639 1311 692 in
1337 638 1501 710 gestis
1529 653 1663 705 pon-

116 706 386 773 tiﬁcalibus,
412 721 528 777 qua:
553 707 708 777 vulgo
739 706 1041 761 tribuuntur
1070 706 1663 764 AnastasioBibliotbe-

114 785 257 845 extio,
283 793 401 834 vere
434 776 741 849 Diocletiani
768 793 908 832 uxor
955 777 1137 835 fuerit.
1172 778 1403 836 Venerat
1436 780 1664 849 Vigilius

111 848 593 917 Constantinopolim
619 863 683 902 ex
718 860 986 918 przecepto
1013 849 1297 905 Justiniani
1325 862 1377 906 et
1409 848 1664 907 Theodo-

113 939 205 1002 rae;
227 929 299 1002 et,
320 935 437 976 cum
460 919 527 973 ad
551 930 915 1002 ea‘cogeretur
940 937 1060 1002 qua:
1087 921 1273 1002 facere
1288 924 1519 1002 nolebat,
1550 924 1659 977 ait:

117 996 172 1048 Ut
196 993 342 1058 video,
368 1007 467 1044 non
488 1006 568 1044 me
594 994 821 1062 fecerunt
858 992 1027 1047 venire
1064 994 1134 1047 ad
1152 1010 1205 1047 se
1242 992 1571 1048 Justinianus
1617 1004 1665 1049 et

115 1065 350 1120 Tlteodora
367 1062 579 1135 piissimi
593 1064 870 1135 principes,
901 1063 990 1118 sed
1020 1065 1170 1119 hodie
1197 1066 1302 1120 scio
1317 1066 1453 1135 quod
1471 1065 1667 1120 Diocle-

112 1139 278 1191 tianum
304 1144 349 1189 et
366 1133 717 1206 Eleutheriam
746 1135 931 1189 inveni.
967 1135 1042 1190 Ex
1070 1137 1171 1191 hoc
1195 1133 1373 1206 itaque
1403 1138 1522 1191 loco
1547 1138 1664 1192 colo

114 1210 219 1277 legit
237 1208 310 1261 vir
329 1206 416 1261 ille
436 1205 772 1277 clarissimus
796 1206 1156 1262 Eleutheriam
1196 1205 1507 1263 Diocletiani
1534 1223 1667 1263 uxo-

113 1277 400 1340 maluisse,
429 1276 575 1349 τιμοά
604 1286 812 1331 certum
835 1278 904 1332 sit
933 1279 1039 1333 illic
1064 1280 1520 1349 comparationem
1568 1279 1666 1334 in-

113 1351 235 1403 stitui
282 1350 414 1403 inter
449 1345 813 1403 Justinianum
853 1361 907 1403 et
944 1345 1362 1416 Diocletianum,
1420 1359 1474 1406 et
1527 1352 1667 1406 inter

114 1421 409 1491 Theodoram
427 1417 713 1474 Iustiniani
732 1421 1012 1490 conjugem
1035 1429 1089 1476 et
1104 1421 1493 1487 Eleutheriatn,
1513 1437 1668 1491 prop-

115 1502 235 1547 terea
266 1490 573 1565 Diocletiani
605 1506 848 1565 uxorem.
877 1492 1071 1548 Verum
1096 1508 1163 1548 cx
1192 1490 1668 1565 argumentisqute

113 1565 335 1619 adversus
365 1561 631 1616 Serenam
674 1564 834 1619 allata
877 1573 1001 1618 sunt
1047 1561 1281 1619 ellicituf
1308 1567 1468 1619 etiam
1506 1561 1668 1620 Eleu-

117 1636 324 1699 theriatn,
354 1634 469 1689 sive
496 1632 844 1701 Lutheriam,
877 1646 929 1689 ιιι
956 1644 1038 1690 est
1070 1637 1121 1690 in
1164 1637 1532 1691 vetustissimo
1572 1651 1669 1691 coo

115 1707 210 1762 dice
229 1703 581 1774 manuscripto
594 1703 631 1758 4
642 1707 660 1760 ι
673 1706 703 1760 7
718 1706 1053 1763 bibliotheca:
1068 1705 1415 1774 Colbertinaz,
1428 1717 1520 1762 aut
1531 1707 1670 1762 Len-

117 1781 321 1849 tlterem,
363 1749 641 1849 ιιιιοῶρᾶο
694 1777 950 1847 scriptum
1006 1779 1197 1849 legitur
1240 1779 1291 1833 in
1341 1749 1529 1835 cddice
1568 1779 1675 1835 733
1700 1749 1749 1811 Β

117 1848 412 1903 bibliotheca:
432 1847 621 1918 regiae,
649 1865 753 1903 non
774 1849 937 1904 fuisse
961 1847 1182 1906 uxorem
1204 1850 1673 1915 Diocletiani,cum

116 1930 286 1975 certum
311 1921 397 1985 sit,
422 1931 478 1973 ut
503 1929 665 1974 antea
690 1921 822 1982 dixi.
855 1921 1053 1975 nullam
1092 1922 1252 1976 aliam
1284 1937 1410 1977 eum
1449 1937 1674 1978 uxorem

117 1992 332 2063 habuisse
366 2006 528 2061 quam
574 1990 847 2063 Priscum,
894 2002 1008 2047 toto
1038 1994 1369 2063 principatus
1404 1995 1485 2048 sui
1534 2003 1676 2048 temo

119 2077 242 2132 pore.
273 2061 475 2117 Erravit
494 2077 631 2129 ergo
662 2062 883 2133 Vigilius
914 2065 966 2118 in
989 2061 1244 2131 Historia,
1271 2074 1364 2119 aut
1390 2075 1676 2134 corruptus

118 2136 158 2187 in
181 2135 269 2187 hoc
295 2134 407 2188 loco
429 2144 514 2188 est
550 2134 837 2190 Gestorum
863 2134 1245 2204 pontiﬁcalium
1274 2136 1427 2190 liber.
1457 2138 1597 2192 Sane
1623 2139 1675 2192 in

115 2207 269 2260 codice
295 2205 395 2259 756
421 2206 676 2275 ejusdem
706 2206 1045 2262 bibliothecae
1066 2205 1387 2262 Colbertinae
1407 2208 1477 2261 ita
1509 2207 1676 2263 habe-

119 2287 187 2330 tur
212 2296 224 2331 :
252 2275 353 2331 Sed
373 2277 526 2330 Itodie
558 2278 664 2331 scio
691 2280 828 2345 quod
860 2276 1236 2332 Diocletianum
1262 2288 1309 2332 et
1337 2278 1569 2345 Decium,
1599 2280 1678 2334 uel

118 2347 402 2402 Leutherium
438 2350 649 2420 inueni.
690 2347 809 2420 .lam
833 2366 961 2420 ergo
1004 2349 1224 2405 fosmina
1272 2350 1359 2405 illa
1401 2352 1451 2404 in
1502 2350 1676 2407 virum

117 2429 283 2474 mutata
306 2419 616 2492 est._Porro
641 2436 705 2475 ex
734 2419 816 2474 his
838 2419 957 2492 qua:
993 2420 1255 2476 hactenus
1277 2421 1416 2476 dicta
1460 2431 1587 2476 sunt
1609 2423 1677 2478 de

118 2491 362 2564 Serenaet
407 2490 728 2564 Eleutheria
784 2490 937 2564 facile
980 2492 1232 2563 colligere
1279 2494 1678 2564 quivispotest

116 2577 209 2635 quze
237 2562 357 2635 lides
379 2562 690 2635 adhibenda
716 2565 788 2617 sit
817 2563 1065 2635 Historiae
1094 2562 1264 2635 sancti
1291 2562 1513 2635 Georgii
1535 2563 1677 2619 Mar-

120 2631 243 2705 tyris,
266 2632 312 2687 in
333 2649 432 2704 qua
458 2634 726 2705 scriptum
755 2643 838 2690 est
863 2634 1222 2690 Alexandrant
1257 2631 1674 2705 imperatriccm,

119 2703 393 2777 Diocletiani
417 2703 738 2777 coniugem,
765 2706 882 2761 viso
906 2706 1139 2777 quodam
1187 2703 1381 2777 insigni
1417 2703 1678 2763 miraculo

117 2774 158 2848 in
182 2789 382 2848 persona
414 2774 674 2848 Martyris
697 2774 1021 2848 perpetrato,
1055 2774 1333 2833 veritatem
1356 2778 1676 2847 agnovisse,

116 2846 268 2911 idest,
292 2847 486 2903 Christi
543 2846 704 2903 tidem
743 2846 864 2904 esse
914 2849 1236 2918 amplexam.
1274 2850 1399 2905 llzec
1428 2850 1676 2905 nimirum

117 2929 183 2992 est
219 2918 547 2992 Alexandra,
601 2918 915 2992 Diocletiani
945 2921 1178 2990 conjux,
1218 2930 1389 2975 mater
1434 2922 1678 2992 conjugis

122 2986 382 3063 ltlasimiani
403 3031 418 3055 ,
443 2999 500 3045 ut
535 2988 772 3063 refertur
790 2991 844 3046 in
872 2991 986 3046 Vita
1013 2986 1255 3059 ejusdem
1284 2986 1552 3063 Gcorgiif
1578 2986 1675 3048 cit-

116 3060 184 3128 jus
207 3060 555 3133 fragmentum
586 3062 639 3116 in
661 3070 807 3116 tomo
838 3063 993 3117 tertio
1019 3062 1242 3133 Aprilis,
1267 3079 1387 3133 pag.
1409 3060 1534 3131 {05,
1565 3066 1676 3119 edi-

1763 423 2151 506 in_pro[itndum
2178 440 2317 478 mare
2343 423 2791 506 proiecereldem
2822 423 2875 483 in
2903 428 3042 506 libro
3063 431 3133 506 de
3158 423 3358 506 Marty-

1763 493 1919 575 ribus
1936 494 2262 575 Palmstinm,
2288 493 2409 575 cap.
2429 493 2505 575 '6,
2523 512 2749 575 narrans
2775 502 3097 575 martyrium
3128 493 3327 575 ‘Agapii
3343 545 3362 573 ,

1763 569 1845 641 ait
1866 566 2013 620 illum
2036 567 2293 637 appensis
2309 566 2376 623 ad
2404 568 2570 638 pedes
2586 569 2704 640 ejus
2728 566 2999 641 lapidibus
3021 566 3361 633 medio'niari

1764 627 2272 694 submersum'esse.

1841 707 2010 762 llomo
2040 726 2143 764 non
2167 710 2297 764 adeo
2324 710 2566 766 clemens.
2622 711 2933 769 Herculium
2984 714 3366 777 Maximianum

1767 776 1934 834 fuisse
1960 780 2233 837 hominem
2261 796 2547 849 asperum,
2579 782 2858 840 crudelem
2903 801 2967 842 ac
3012 776 3366 847 inhumanum

1766 850 1984 925 tradunt
2005 853 2202 906 vetusti
2221 852 2545 922 Scriptores.
2573 854 2885 925 Eutropius,
2914 857 3005 912 lib.
3031 874 3085 914 Ix
3115 877 3128 913 :
3164 859 3366 916 Hercu-

1768 919 1866 1002 lius
1893 933 2061 976 autem
2091 919 2358 1002 prapalani
2387 927 2525 1002 ferus
2554 935 2600 1002 et
2621 919 2841 1002 incivilia
2864 919 3054 1002 ingenii
3078 972 3095 998 ,
3126 933 3371 1002 asperita—

1768 1000 1866 1069 t_e_t_n
1887 1009 2033 1069 suam
2055 996 2208 1047 etiam
2237 995 2405 1069 vultus
2427 996 2638 1050 Itorroi'e
2662 995 2982 1069 signiﬁcans.
3012 995 3143 1057 Item
3171 995 3266 1058 lib.
3295 1021 3367 1063 x:

1777 1060 1869 1142 γῆν
1895 1066 1964 1118 ad
1985 1080 2191 1142 omnem
2221 1068 2548 1142 asperitatem
2592 1060 2940 1142 stevt'tiamque
2968 1073 3224 1142 proclivas
3242 1116 3256 1140 ,
3287 1060 3371 1130 in;

1768 1133 1942 1215 (idus,
1978 1133 2364 1215 incommodus,
2412 1139 2675 1215 civilitatis
2719 1133 2921 1209 penit'us
2959 1133 3158 1215 expers.
3191 1133 3369 1204 Eliam

1770 1206 2166 1281 Diocletianus,
2194 1208 2285 1281 qui
2336 1224 2604 1265 summum
2640 1206 2925 1281 imperium
2961 1206 3083 1270 cum
3115 1231 3183 1270 eo
3212 1232 3369 1273 com-

1770 1277 2140 1354 municaverat
2159 1320 2174 1346 ,
2202 1279 2319 1354 ejus
2341 1282 2694 1354 asperitatem
2718 1277 3140 1354 reprehendere
3180 1288 3372 1345 solitus

1770 1357 1886 1428 erat
1904 1389 1920 1415 ,
1947 1349 2184 1428 nt_d_ocet
2203 1349 2421 1428 Flavius
2443 1351 2706 1421 Vopiscus
2725 1355 2777 1428 in
2802 1349 2874 1428 D.
2891 1358 3197 1428 Aureliano.
3234 1359 3371 1417 Vide

1770 1420 1933 1545 etiam
1988 1420 2262 1477 lulianum
2320 1420 2702 1493 imperatorem
2756 1427 2810 1481 in
2866 1427 3004 1482 libro
3064 1427 3134 1484 de
3186 1429 3371 1487 Caesa-

1773 1504 1818 1544 rt
1861 1505 1943 1545 us.

1773 1504 1943 1545 I‘IDUS.

1845 1560 2079 1642 Parietes
2102 1563 2238 1618 dirui
2263 1580 2447 1642 passus
2462 1575 2588 1642 est;
2590 1566 2791 1623 Contra
2818 1568 3109 1642 Eusebius,
3132 1570 3227 1627 lib.
3255 1589 3370 1642 vni,

1771 1647 1893 1712 cap.
1932 1636 2033 1702 15,
2072 1644 2262 1712 aperte
2313 1636 2499 1692 scribit
2549 1635 2921 1712 constantium
2971 1635 3146 1712 neque
3193 1635 3374 1700 eccle;

1775 1705 1976 1778 siarutn
2006 1706 2150 1761 mdes
2174 1747 2190 1773 ,
2220 1708 2334 1761 sive
2363 1709 2735 1765 conventicula
2759 1751 2775 1778 ,
2831 1720 2885 1766 ut
2926 1713 3013 1767 hic
3052 1705 3184 1769 dicit
3238 1715 3379 1772 Lac-

1778 1775 2009 1855 tantius,
2036 1778 2545 1855 itemQueRuflinus
2583 1783 2636 1836 in
2669 1775 2917 1839 versione
2945 1783 3104 1855 hujus
3125 1785 3226 1841 loci
3259 1786 3372 1842 Eu-

1778 1847 2414 1925 sebiani,sub_vertisse,
2445 1867 2545 1909 nec
2597 1855 2885 1925 quicquam
2937 1847 3198 1913 adiersus
3246 1873 3368 1913 nos-

1780 1927 1894 1973 tros
1915 1934 2037 1975 esse
2061 1921 2329 1975 molitum.

1863 1988 2045 2045 Verum
2065 1989 2165 2045 Dei
2188 1993 2453 2063 templum.
2476 1993 2533 2049 Id
2561 2005 2681 2063 est,
2709 1995 2982 2052 hominem
3003 1998 3378 2058 christianum.

1778 2060 2115 2141 Lactantius,
2144 2063 2239 2118 lib.
2260 2060 2299 2119 ν’
2321 2064 2519 2141 lnstit.,
2542 2060 2729 2141 cap.'78
2761 2087 2773 2122 :
2804 2068 2965 2141 Cujus
2995 2071 3241 2141 templum
3271 2083 3379 2137 est,

1777 2149 1882 2213 non
1914 2134 2145 2204 lapides,
2177 2145 2267 2213 aut
2312 2135 2475 2213 lutum
2494 2180 2508 2203 ,
2538 2134 2629 2192 sed
2676 2140 2828 2194 ltonto
2866 2134 3006 2209 ipse,
3038 2134 3127 2213 qui
3152 2134 3379 2213 ﬁguram

1781 2203 1875 2283 Dei
1889 2215 2057 2283 gestat
2067 2207 2250 2283 _,'_quod
2272 2210 2514 2283 templum
2537 2227 2638 2283 non
2663 2226 2792 2265 auro
2816 2221 2863 2266 et
2883 2203 3216 2283 gemmarum
3230 2215 3380 2269 donis

1778 2276 2191 2347 cbrruptibilibus
2210 2319 2225 2344 ,
2277 2279 2366 2332 sed
2394 2282 2597 2335 aeternis
2627 2276 3187 2340 virtutum'muneribus
3228 2302 3384 2341 oma-

1779 2348 2078 2428 tur.-l_dem,
2106 2349 2196 2402 lib.
2232 2364 2322 2428 γι,
2352 2365 2471 2420 cap.
2504 2352 2575 2407 25
2605 2371 2623 2428 _:
2654 2351 2777 2407 Non
2816 2355 3007 2428 templa
3031 2356 3110 2409 illi
3131 2358 3384 2428 congestis

1777 2418 1831 2471 in
1849 2419 2172 2498 altitudinem
2199 2420 2338 2473 saxis
2365 2418 2649 2498 extruendo
2676 2435 2793 2498 sunt
2814 2441 2835 2478 :
2860 2418 3033 2479 in'suo
3057 2418 3382 2498 cuique'con-

1778 2490 2059 2568 sperandus
2084 2502 2158 2544 est
2181 2501 2401 2568 pectore.
2430 2494 2498 2548 Et
2540 2494 2675 2549 infra
2707 2512 2720 2549 :
2753 2496 2940 2551 Secum
2962 2490 3177 2568 denique
3199 2498 3384 2554 habeat

1779 2558 1948 2640 Deum
1963 2558 2189 2640 semper
2202 2563 2254 2615 in
2276 2564 2430 2640 corde
2455 2581 2547 2640 suo
2574 2577 2922 2640 consecratum
2946 2609 2962 2635 ,
2989 2558 3231 2639 quoniam
3269 2571 3384 2640 ipse

1780 2641 1853 2712 est
1875 2630 1971 2712 Dei
1996 2635 2258 2712 templum.
2286 2633 2661 2712 ltlet_tt,_lib._tt,
2683 2652 2801 2708 cap.
2826 2630 3109 2708 2,]ib.'v1,
3138 2655 3259 2712 cap.
3288 2630 3382 2710 λυ,

1779 2703 1854 2758 ait
1875 2704 2147 2761 hominem
2165 2719 2287 2760 esse
2315 2707 2407 2761 Dei
2438 2703 2804 2764 simulacrum.

2369 2818 2599 2876 CAPUT
2642 2821 2780 2877 XVI.

1856 2917 2055 2993 Prteter
2091 2917 2311 2993 Gallias.
2341 2920 2602 2993 Libellus
2656 2937 2875 2993 precum
2927 2922 3285 2981 Constantino
3309 2924 3379 2981 Μ.

1782 2991 1998 3063 oblatus
2028 3006 2056 3044 a
2091 2991 2384 3063 Donatistis
2404 2993 2544 3062 apud
2575 2991 2826 3063 Upiatum
2870 2995 3256 3063 Milevitanum,
3286 2997 3379 3052 lib.

1782 3078 1799 3115 ι
1826 3079 1845 3138 _:
1879 3061 2142 3138 Rogamus
2164 3072 2242 3129 te,
2260 3134 2270 3138 _
2290 3079 2321 3116 ο
2343 3061 2678 3119 Constantine
2706 3068 2896 3136 optime
2925 3067 3227 3137 imperator,
3245 3061 3386 3138 'quo-

119 3133 182 3209 dit
215 3130 522 3209 Codcfritlns
576 3133 931 3209 Enscltenius.
975 3130 1233 3209 Eamdem
1254 3130 1558 3191 defunctam
1611 3136 1678 3192 ab
1705 3140 1752 3205 ρ
1783 3134 1922 3187 niam
1950 3130 2015 3187 de
2042 3150 2224 3205 genere
2241 3134 2388 3209 justo
2416 3151 2470 3190 es
2488 3177 2505 3203 ,
2542 3139 2692 3209 cujus
2722 3130 2869 3207 pater
2893 3130 3025 3191 inter
3050 3130 3387 3193 caeteros'im-

120 3202 269 3275 inieris
296 3205 548 3259 oratione
568 3204 681 3259 sola
709 3205 953 3274 ejusdem
984 3204 1198 3275 Georgii
1239 3217 1542 3262 revocatam
1570 3215 1681 3264 tra-

118 3272 517 3351 ditnNieephorus
554 3272 955 3351 GallistinsJib.
981 3293 1052 3331 vti
1075 3324 1091 3351 ,
1123 3272 1240 3351 cap.
1271 3276 1359 3331 15.

157 3342 334 3418 ~Pollui
360 3348 555 3418 coegit.
599 3346 683 3401 Ex
719 3346 824 3403 hoc
851 3349 970 3403 loco
991 3342 1089 3402 vir'
1116 3342 1462 3403 doctissimus
1492 3348 1683 3405 llenri-

120 3417 522 3491 cus‘Dodvvell’us
560 3418 778 3489 collegit
802 3420 857 3491 in
888 3419 1354 3475 dissertationibus
1402 3420 1683 3491 Cypriani-

120 3487 184 3560 cis
209 3486 502 3560 Diocletiani
541 3486 765 3545 uxorein
799 3490 1038 3547 Priscum
1075 3499 1131 3546 et
1178 3492 1342 3545 tiliam
1371 3486 1496 3560 ejus
1524 3491 1682 3547 Vale-

121 3557 227 3611 riam
249 3558 400 3633 fuisse
422 3560 789 3633 christianas;
822 3577 1047 3633 eamque
1067 3561 1385 3617 sententiam
1399 3557 1687 3633 conﬁrmat

122 3630 399 3704 auctoritate
425 3631 692 3698 Eusebii,
725 3634 815 3704 qui
870 3630 1127 3700 libivnt,
1172 3647 1292 3701 cap.
1334 3634 1356 3687 l
1401 3632 1537 3688 Hist.
1582 3634 1686 3690 Ec-

123 3700 250 3775 clesi,
277 3717 715 3760 commemorans
741 3700 821 3760 'ea
850 3720 969 3775 qua:
1013 3700 1442 3775 persecutionem
1478 3705 1686 3761 Diocle—

125 3771 227 3826 tiani
252 3784 692 3846 antecesserunt,
722 3777 796 3831 ait
847 3771 1042 3831 uxores
1085 3777 1467 3844 imperatorum
1509 3779 1684 3846 palam

124 3856 173 3895 ac
195 3845 381 3912 publice
415 3846 592 3903 fuisse
619 3846 975 3916 cltristianas,
1021 3856 1076 3901 et
1120 3862 1181 3901 ea
1235 3863 1355 3915 qua:
1408 3848 1688 3917 religionis

124 3926 214 3990 suae
250 3930 395 3982 erant
416 3960 431 3984 ,
467 3928 586 3973 tam
619 3919 801 3973 verbis
835 3934 993 3989 quam
1030 3917 1185 3972 lactis
1216 3919 1387 3973 libere
1416 3934 1689 3990 exequen-

124 3984 167 4061 di
188 4000 352 4044 coram
379 3990 805 4060 imperatoribus
826 3984 1142 4059 potestatem
1159 3990 1226 4045 ab
1256 3990 1386 4061 ipsis
1412 3984 1687 4047 habuisse.

126 4053 236 4132 {iam
258 4053 492 4128 quamvis
548 4053 903 4130 imperatores
945 4077 1053 4115 non
1105 4053 1382 4127 nominet,
1414 4063 1504 4132 qui
1549 4061 1689 4119 hanc

125 4125 396 4186 facultatem
420 4125 694 4188 dedero-nt
722 4134 984 4188 uxoribus
1020 4134 1165 4196 suis,
1201 4134 1315 4187 haec
1344 4125 1521 4188 tamen
1553 4132 1691 4188 Lac-

127 4200 252 4273 tantii
299 4203 461 4258 verba
513 4206 747 4259 innuere
795 4203 1042 4259 videnlur
1099 4203 1323 4273 intelligi
1371 4204 1573 4260 debere
1622 4205 1692 4260 de

130 4269 428 4329 Diocletiano
457 4284 513 4330 et
544 4273 781 4330 Galerio.
804 4275 1016 4330 Atenim
1042 4275 1087 4329 si
1110 4274 1215 4329 illa:
1237 4269 1364 4330 vére
1382 4274 1693 4331 christiana:

129 4337 344 4417 luerunt,
376 4348 652 4417 quomodo
675 4346 967 4402 existimari
1016 4355 1195 4416 potest
1245 4345 1507 4402 sacrilicio
1532 4348 1693 4402 fuisse

132 4410 363 4480 pollutas,
393 4410 589 4473 'etiatn
645 4420 898 4472 coactas?
925 4410 1056 4486 Quis
1109 4417 1252 4471 enim
1291 4418 1475 4473 credat
1517 4417 1693 4473 itemi-

133 4496 213 4536 nas
239 4487 495 4558 principes
541 4488 597 4543 in
644 4488 791 4544 edito
819 4488 941 4543 loco
991 4488 1316 4544 constitutas
1369 4505 1477 4544 noti
1525 4489 1694 4545 fuisse

131 4568 267 4630 ausas
295 4560 586 4630 refragari,
633 4575 756 4616 cum
800 4558 950 4630 pueri
998 4569 1053 4616 et
1101 4561 1467 4630 mulierculae,
1525 4571 1583 4615 ut
1637 4562 1689 4616 in

133 4623 250 4702 libro
272 4623 460 4702 quinto
493 4623 815 4687 Divinarum
834 4631 1232 4687 lnstitutionum
1251 4671 1267 4696 ,
1300 4647 1423 4702 cap.
1452 4623 1544 4687 ’15
1564 4674 1579 4699 ,
1617 4633 1692 4688 ait

136 4692 442 4764 Lactantius,
474 4703 762 4759 tormentis
808 4719 912 4758 non
941 4692 1263 4768 cederenta
1296 4692 1537 4758 Eunuchi
1564 4692 1693 4759 vero

136 4770 291 4848 pecari
318 4773 600 4848 maluerint
628 4789 848 4848 ,Aquam
862 4789 1057 4845 negare
1079 4774 1238 4848 ﬁdem
1268 4773 1500 4848 Christi,
1532 4790 1693 4845 quam

135 4843 279 4905 impio
294 4843 557 4916 sacriﬁcio
583 4843 748 4916 pollui
771 4846 794 4899 ἲ
821 4843 1085 4902 Prteierea
1105 4844 1428 4916 ubicumque
1451 4847 1520 4903 de
1551 4843 1697 4901 Pris-

138 4920 188 4987 ca
215 4917 264 4963 et
294 4910 719 4987 valeriaagitur
767 4918 821 4971 in
852 4916 953 4972 hoc
978 4918 1146 4982 libro,
1173 4910 1375 4975 nullum
1403 4918 1513 4973 illic
1538 4918 1700 4975 vesti-

140 4984 263 5057 gium
289 4984 559 5058 religionis
583 4984 816 5053 earum;
855 4989 1009 5058 cujus
1042 4999 1220 5044 tamen
1265 4990 1592 5045 mentionem
1620 4990 1698 5044 fe-«

142 5053 283 5106 cisset
307 5053 632 5130 Lactantius,
660 5059 851 5114 saltem
877 5053 998 5130 cap.
1042 5060 1113 5124 2,
1138 5060 1235 5117 ,ubi
1274 5058 1590 5115 describens
1616 5076 1707 5116 ea-

144 5133 258 5202 rutn.
297 5128 524 5202 exitum,
585 5132 660 5186 ait
715 5130 817 5186 illis
885 5128 1195 5202 pudicitiam
1239 5140 1295 5185 et
1338 5131 1706 5189 conditionem

146 5193 293 5248 exitio
314 5193 517 5255 fuisse.»
885 5193 903 5202 '
1334 5232 1343 5235 -

177 5334 189 5346 ⁸
217 5262 646 5347 Eunucltinecati.
682 5271 752 5347 Et
773 5273 912 5330 inter
941 5273 1041 5347 hos
1073 5274 1477 5347 Petrustcujus
1507 5274 1710 5347 marty-

152 5339 274 5389 rium
295 5339 540 5417 describit
564 5343 846 5411 Eusebius,
868 5339 1081 5400 libfvnt
1100 5385 1115 5411 ,
1140 5361 1258 5417 cap.
1278 5339 1339 5401 ’6.
1366 5339 1497 5401 lietn
1529 5339 1708 5414 ludes,

155 5418 203 5459 ut
228 5410 598 5487 produntActa
623 5410 867 5487 martyrii
894 5418 1032 5484 eius.
1095 5481 1098 5484 ,

142 5498 180 5555 °_
214 5478 289 5533 Ad
305 5485 604 5539 cautionem
647 5478 803 5555 rapti.
839 5478 1139 5543 Confirmat
1180 5486 1280 5542 ista
1316 5487 1579 5545 Eusebius
1607 5488 1709 5543 ibi-

150 5545 294 5616 dem,
320 5556 560 5629 scribens
594 5545 856 5628 imperiali
879 5560 1035 5627 jussu
1074 5567 1335 5629 quotquot
1379 5559 1706 5615 Nicomediae

149 5632 285 5701 erant
325 5625 424 5701 .Dei
472 5625 704 5701 cultores
765 5625 1056 5684 acervatittt
1093 5625 1239 5683 cum'
1280 5632 1394 5685 suis
1447 5630 1659 5686 familiis
1689 5674 1705 5701 ,

148 5690 271 5775 alios
290 5693 463 5775 gladio
483 5738 499 5765 ,
528 5700 656 5775 alios
682 5698 924 5775 ﬂammis
941 5711 1293 5775 consumptos
1316 5702 1557 5775 periisse.

209 5759 341 5823 κτιῑὶ
364 5759 730 5844 ωα-ῥώαηιιιν.
763 5770 1033 5831 Eusebius
1067 5759 1265 5833 ibidem
1291 5759 1485 5845 {Alios
1508 5789 1708 5849 quoque

1719 4524 1773 4586 D

1787 3214 2043 3281 portitores
2072 3207 2466 3281 persecutionem
2515 3207 2618 3261 non
2651 3210 2876 3265 exercuit
2897 3219 2989 3281 ,Aet
3036 3210 3098 3263 ab
3128 3210 3222 3264 hoc
3248 3211 3384 3281 faci-

1787 3292 1910 3354 nore
1937 3277 2177 3354 immunis
2206 3286 2280 3354 est
2307 3276 2516 3354 Callia,
2544 3281 2759 3348 petimus
2778 3289 2835 3354 ut
2853 3278 3081 3354 e_Gallia
3111 3276 3263 3354 nobis
3285 3284 3383 3354 'ju-

1786 3347 1923 3423 dices
1948 3346 2061 3401 dari
2107 3349 2374 3423 praecipiat
2421 3346 2581 3419 pietas
2610 3360 2716 3405 tua.
2766 3351 2951 3407 Gallia!
2995 3367 3125 3423 ergo
3168 3346 3390 3409 fuerunt

1787 3419 2066 3496 immunes
2085 3419 2154 3473 ab
2178 3418 2278 3496 bac
2293 3418 2677 3496 persecutione
2698 3464 2713 3489 ,
2743 3423 2887 3492 quod
2934 3423 3044 3478 illic
3061 3418 3387 3496 'impcraret

1786 3488 2133 3566 Cotistantius
2184 3488 2600 3566 benignissimus
2660 3488 2977 3566 imperator,
3030 3502 3085 3550 et
3151 3488 3279 3566 qui,
3329 3505 3388 3551 ut

1788 3560 2057 3616 Eusebius
2083 3560 2246 3615 tradit
2274 3605 2288 3629 ,
2316 3560 2715 3632 persecutionis
2739 3560 3029 3619 adversum
3077 3560 3184 3620 nos
3208 3560 3391 3622 conci-

1790 3639 1913 3707 tata:
1941 3645 2137 3707 expers
2163 3632 2388 3707 omnino
2414 3632 2543 3699 fuit,
2585 3644 2638 3689 et
2668 3636 2907 3691 cultores
2951 3635 3047 3707 Dei
3093 3637 3193 3691 sub
3221 3636 3388 3707 ipsius

1788 3702 2019 3775 imperio
2037 3702 2294 3771 degentes
2324 3704 2395 3758 ab
2438 3709 2584 3759 omni
2618 3720 2755 3759 noxa
2797 3714 2853 3760 ct
2898 3706 3091 3775 injuria
3121 3702 3389 3764 imm—uncs

1788 3774 2057 3840 servavit,
2086 3789 2150 3846 ac
2181 3789 2354 3845 neque
2386 3775 2743 3845 Ecclesiarum
2793 3774 3020 3831 aediliCia
3073 3778 3343 3832 subvertit
3366 3782 3391 3846 ,'

1789 3860 1890 3901 nec
1920 3847 2042 3899 novi
2066 3845 2355 3915 quicquam
2378 3846 2642 3903 adversus
2662 3862 2760 3901 nos
2785 3849 2992 3902 statuit.
3022 3847 3161 3916 Quin
3188 3858 3244 3904 et
3272 3845 3383 3904 Etté

1791 3918 2001 3987 tropius
2028 3916 2079 3971 in
2113 3919 2265 3971 initio
2307 3917 2427 3973 libri
2453 3919 2647 3973 decimi
2678 3919 2860 3974 dicere
2889 3919 3099 3975 videtur
3123 3917 3386 3976 Gallicum

1790 3988 2107 4058 sanguinem
2159 4003 2265 4043 non
2299 3989 2464 4046 fuisse
2512 3989 2691 4045 fusum
2744 3992 2798 4045 in
2840 3992 2942 4046 hac
2987 3993 3387 4058 persecutione.

1789 4059 2044 4129 Loquens
2081 4058 2224 4114 cnim
2256 4060 2323 4116 de
2348 4062 2665 4117 Constantio
2688 4103 2702 4126 ,
2728 4061 2798 4116 ita
2822 4063 2896 4116 ait
2930 4079 2942 4115 :
2978 4058 3078 4115 Hic
3108 4079 3210 4118 non
3236 4063 3391 4117 modo

1791 4131 2028 4206 amabilis
2049 4171 2064 4196 ,
2093 4131 2203 4206 sed
2246 4133 2400 4206 etiam
2433 4134 2732 4188 uenerabilis
2762 4131 2927 4206 Gallis
2976 4134 3394 4206 fuit,_prtecipue

1791 4202 1928 4272 quod
1954 4202 2262 4257 Diocletiani
2286 4215 2570 4274 suspectam
2600 4205 2923 4274 prudentiam
2947 4202 3037 4271 ,‘et
3081 4202 3397 4259 Maximiani

1792 4274 2181 4346 sanguinariam
2207 4277 2543 4343 temeritatem
2568 4276 2781 4344 imperio
2826 4277 2938 4346 ejus
2963 4287 3245 4330 evaserant.
3286 4276 3394 4332 Sed

1793 4345 2054 4401 adversus
2084 4346 2199 4400 haec
2242 4346 2538 4401 reclamant
2570 4346 2809 4401 historiae
2849 4345 3228 4402 nonnullarum
3259 4346 3391 4402 Gal-

1795 4416 1882 4489 liae
1902 4416 2187 4489 civitatum
2210 4432 2273 4471 ac
2320 4417 2751 4489 provinciarum,
2794 4434 2915 4489 qua:
2959 4427 3397 4489 suosmartyres

1799 4486 1899 4542 hac
1926 4488 2301 4559 persecutione
2322 4486 2395 4543 ad
2430 4488 2595 4543 Deum
2643 4487 2934 4559 translatos
2964 4486 3291 4559 praedicant;
3323 4490 3395 4543 ita

1800 4567 1859 4614 ut
1888 4557 1973 4611 vix
2003 4559 2106 4612 ulla
2132 4560 2320 4613 civitas
2364 4561 2525 4613 fuerit
2551 4565 2687 4613 intra
2715 4557 3101 4628 Galliamque:
3132 4570 3244 4614 tum
3287 4573 3394 4614 non

1800 4630 2010 4686 dicatur
2040 4628 2310 4685 maduisse
2358 4630 2619 4698 sanguine
2663 4628 3119 4684 Christianorum.
3168 4632 3273 4686 Ista
3318 4631 3399 4685 sic

1802 4700 2078 4757 conciliari
2098 4710 2354 4772 possunt,
2383 4701 2536 4755 initio
2586 4700 2806 4770 quidem
2842 4700 3045 4757 Gallias
3071 4716 3100 4755 a
3147 4715 3402 4772 persecu-

1804 4772 2081 4842 tionenon
2110 4771 2278 4828 fuisse
2300 4785 2523 4841 prorsus
2569 4772 2836 4827 immunes
2859 4814 2876 4840 ,
2911 4771 3174 4842 occupato
3208 4772 3402 4828 videli-

1804 4853 1893 4901 cet
1938 4841 2255 4916 Constantio
2309 4853 2496 4916 contra
2556 4842 2815 4916 b_arbaros
2857 4844 2957 4916 (ut
3002 4841 3399 4900 illustrissimus

1806 4916 2094 4986 episcopus
2118 4915 2528 4985 Monspeliensis
2574 4913 2891 4970 Franciscus
2917 4914 3219 4985 Bosquetus
3245 4915 3403 4986 aitin

1808 4988 1948 5042 libro
1966 4985 2159 5058 quarto
2190 4988 2543 5041 Historiarum
2563 4986 2817 5058 Ecclesiae
2839 4986 3150 5058 Gallicana},
3173 5002 3292 5057 cap.
3316 4985 3402 5056 2),

1810 5073 1874 5113 ac
1903 5057 2004 5128 pro
2052 5058 2478 5123 consuetudine,
2537 5067 2592 5113 et
2642 5057 2803 5111 solito
2855 5057 3145 5128 Gentilium
3189 5061 3403 5124 furore,

1811 5127 2009 5185 multos
2039 5129 2364 5184 christianos
2395 5131 2446 5184 in
2469 5128 2659 5183 Galliis
2677 5143 2848 5183 caesos
2892 5129 3078 5185 fuisse.
3107 5127 3407 5185 Confirmat

1813 5200 1930 5272 haec
1973 5203 2232 5256 Eusebius
2264 5203 2314 5254 in
2340 5204 2443 5255 line
2466 5200 2585 5255 libri
2610 5200 2678 5256 de
2706 5201 3031 5272 martyribus
3062 5201 3402 5272 Palaestinae:

1816 5271 1957 5327 Nam
1981 5289 2097 5344 qua:
2116 5274 2327 5327 ulterius
2364 5274 2476 5327 sine
2514 5282 2632 5344 sunt
2669 5271 2901 5342 regiones
2929 5314 2943 5340 ,
2992 5274 3204 5343 inquit,
3246 5271 3409 5326 Italia

1813 5344 2040 5399 videlicet
2064 5354 2171 5398 tota
2192 5384 2206 5409 ,
2238 5354 2284 5398 et
2310 5344 2495 5400 Sicilia
2513 5385 2527 5408 ,
2559 5343 2731 5397 Gallia
2754 5360 2951 5414 quoque
2973 5384 2989 5411 ,
3018 5354 3065 5399 et
3094 5357 3410 5414 quwcunque

1815 5416 1883 5469 ad
1908 5431 2144 5468 occasum
2184 5416 2308 5469 solis
2347 5416 2697 5539 porriguntur,
2749 5412 3002 5485 Hispania
3030 5456 3046 5482 ,
3089 5412 3407 5469 Mauritania

1816 5497 1863 5539 et
1888 5487 2099 5539 Africa.
2129 5502 2244 5539 cum
2270 5489 2352 5539 via:
2386 5488 2488 5539 duo
2529 5504 2584 5539 ns
2627 5487 2804 5539 primis
2856 5487 3218 5539 persecutionis
3259 5486 3407 5538 annis

1816 5497 1863 5541 et
1888 5487 2099 5556 Africa,
2129 5502 2244 5541 cum
2270 5489 2352 5539 via:
2386 5486 2584 5541 duobus
2627 5487 2804 5556 primis
2854 5487 3218 5556 persecutionis
3259 5486 3408 5556 annis

1814 5555 2026 5628 integris
2062 5562 2287 5629 furorem
2323 5557 2443 5612 belli
2490 5555 2718 5625 experta:
2756 5555 2920 5612 essent
2944 5598 2960 5624 ,
2992 5558 3149 5609 divini
3188 5555 3407 5609 numinis

1815 5630 2537 5700 prcesentissimumauxilium
2581 5638 2628 5683 et
2672 5646 2845 5695 pacem
2873 5631 3008 5683 brevi
3031 5638 3149 5700 sunt
3173 5640 3406 5700 consecu-

1815 5698 1897 5756 ιω.
1934 5702 2083 5754 llunc
2111 5710 2288 5756 tamen
2316 5700 2491 5756 locum
2536 5700 2608 5754 ita
2638 5700 2862 5769 intelligi
2911 5701 3031 5769 vult
3061 5698 3407 5759 doctissimus

1816 5771 2124 5833 Dodwellus
2163 5773 2217 5832 in
2265 5770 2739 5833 Dissertationibus
2782 5768 3154 5845 C’yprianicis,
3204 5777 3262 5831 ut
3310 5780 3412 5831 sn-
