3800 6250
410 252 518 310 ὅίὅ
1732 245 2076 305 STEPHANI

2113 244 2385 304 BALUle
3600 247 3684 309 ω

412 383 542 424 num
589 346 742 421 illum
792 365 1152 421 Occidentalis
1197 364 1409 433 imperii
1454 372 1686 418 tractum
1733 364 2000 418 Eusebius
2027 371 2081 430 Α
2103 380 2367 434 mgnum,
2396 379 2551 431 quam
2573 361 2671 417 Dei
2701 362 2864 416 oculis
2891 372 3208 417 sacramento
3236 376 3301 417 ac
3325 362 3685 421 damnationi.

413 438 697 510 praecipuis
723 434 1014 510 Provinciis
1048 436 1336 510 nominatis
1364 435 1671 510 designaret
1691 475 1704 495 .
1737 451 1836 489 nec
1862 436 1999 510 ultra

412 506 708 573 secundum
753 506 1141 578 persecutionis
1187 523 1388 562 anuum
1429 508 1600 573 ipsum
1632 506 1685 560 in
1743 516 1857 578 toto
1907 508 2004 560 illo

412 585 585 636 tractu
615 576 837 635 durasse
887 578 1183 641 indicaret,
1213 594 1278 635 ae
1323 588 1504 634 tamen
1555 579 1769 632 interim
1799 576 2003 635 Gallias

411 652 481 707 ab
511 668 572 707 ea
627 651 888 707 innuunes
923 649 1107 706 fuisse.
1148 648 1227 704 Ac
1264 665 1393 705 sane
1439 650 1555 717 eius
1605 649 2006 719 argumentatio

412 724 634 778 inultam
664 723 775 777 veri
804 722 1039 793 speciem
1069 722 1258 785 habet,
1305 730 1361 775 et
1388 720 1441 774 in
1464 719 1611 793 hanc
1647 730 2004 793 egoseuten-

414 794 540 848 liam
572 793 727 849 facile
754 791 1038 848 transirem
1058 833 1074 858 ,
1107 792 1205 846 nisi
1257 800 1531 847 constaret
1575 791 1865 846 Eusebium
1900 807 1999 846 uo-

412 864 653 935 ininatim
685 862 886 935 Gallias
906 866 1215 935 exprimere
1245 863 1500 935 voluisse.

483 934 610 991 Trei
654 934 845 989 bestico.
898 932 954 990 ld
986 932 1143 999 'est,
1197 934 1602 999 Diocletianus,
1648 933 2006 989 Maximianus

413 1002 696 1063 Herculius
737 1018 794 1061 et
845 1000 1091 1061 Galerius
1128 1005 1501 1061 Maximianus.
1550 1004 1766 1059 Perstat
1826 1005 2006 1073 itaque

411 1078 725 1135 Lactantius
752 1074 805 1130 iu
835 1078 1133 1144 sententia,
1178 1087 1232 1132 et
1258 1073 1630 1130 C'tnstantiutn
1687 1075 1877 1132 Galliis
1904 1078 2005 1130 im-

411 1159 690 1219 perantem
719 1160 823 1203 non
856 1150 1005 1219 petiit
1031 1149 1081 1202 in
1117 1163 1341 1204 numero
1371 1156 1795 1216 persecuturum.

484 1218 788 1291 Flaccinurn
817 1218 1136 1291 prtefectum.
1162 1219 1458 1290 Bithyniae,
1491 1222 1541 1272 iu
1593 1234 1701 1288 qua
1745 1218 2005 1291 priesida-

410 1300 526 1347 tum
556 1293 722 1361 gessit
751 1289 1058 1357 Hierocles,
1086 1289 1371 1361 antequam
1404 1290 1781 1361 prastecturam
1802 1289 2006 1361 λΕςγρτ

411 1362 451 1417 ti
476 1405 493 1429 ,
523 1356 626 1433 qua
654 1378 778 1418 eum
831 1371 1089 1433 ornatum
1139 1356 1305 1433 fuisse
1356 1356 1422 1414 in'
1453 1356 2006 1433 annotationibus

412 1431 725 1499 Eusebium,
758 1448 877 1502 pag.
910 1431 1036 1498 177,
1063 1432 1222 1488 docet
1252 1432 1513 1502 Henricus
1535 1431 1800 1495 Valesius,
1837 1431 2008 1485 admi-

409 1505 686 1560 niStrarel.
744 1501 1029 1559 Crudeletn
1083 1514 1259 1557 autem
1305 1501 1470 1556 fuisse
1522 1502 1832 1557 Flaccinum
1882 1504 2007 1557 hinc

408 1577 697 1643 colligitur,
729 1574 873 1644 quod
921 1590 1045 1629 eum
1073 1573 1385 1628 Lactantius
1412 1582 1709 1644 vocatum]
1752 1573 2002 1643 pusillum

336 1644 339 1649 ’
410 1643 757 1702 homicidam.
791 1643 992 1701 Eadem
1045 1656 1365 1715 tempestate
1396 1645 1524 1698 vixit
1550 1643 1840 1698 Flavianus
1864 1660 2003 1711 pra:-

410 1716 586 1789 [ectus
635 1716 902 1789 Egypti,
954 1716 1111 1785 cujus
1159 1714 1577 1789 mentiorextat‘
1606 1714 1671 1789 in
1703 1715 2006 1789 Meuologio

408 1783 805 1844 Crtecorum'ad
829 1787 971 1843 diem
995 1783 1239 1842 octavam
1262 1786 1413 1852 Julii,
1438 1786 1580 1856 quod
1609 1787 1812 1841 editum
1831 1783 2004 1841 est‘ab

408 1855 643 1916 Henrico
671 1858 888 1915 Canisio
929 1859 983 1914 in
1013 1869 1159 1913 tomo
1192 1857 1430 1913 secundo
1461 1855 1706 1913 lectionis
1743 1860 2002 1926 antiquae.

485 1926 796 1986 Hieroclem.
823 1927 923 1985 llic
964 1928 1116 1984 locus
1144 1930 1432 1985 conﬁrmat
1455 1929 1821 1998 conjecturam
1853 1929 2005 1982 illus-

407 2003 631 2059 trissimi
658 2002 949 2058 cardinalis
990 2002 1241 2066 Baronii,
1292 2000 1383 2070 qui
1427 2002 1709 2069 sequentia
1738 2001 2004 2055 Lactantii

408 2073 607 2138 verba,
647 2074 767 2145 Qua:
808 2087 904 2145 nos
929 2072 1247 2145 descripturi
1277 2087 1469 2145 sumus
1517 2087 1581 2125 ex
1636 2072 1776 2126 libro
1808 2072 2006 2145 quinto

408 2140 718 2211 Divinarum
739 2140 1133 2198 institutionum
1155 2183 1171 2208 ,
1205 2141 1614 2197 existimaverat
1657 2158 1779 2197 esse
1806 2143 2007 2196 intelli-

405 2215 580 2285 genda
611 2216 679 2271 dc
726 2216 991 2270 llieroclc.
1033 2212 1156 2270 Fuit
1187 2225 1368 2269 autetn
1399 2213 1676 2285 Hierocles
1699 2229 1896 2284 prazses
1920 2215 2008 2268 Bi-

407 2284 610 2357 thynia:
628 2330 643 2352 ,
675 2287 751 2340 uti
778 2286 887 2355 jam
917 2284 1120 2340 dictum
1145 2297 1227 2341 cst
1250 2326 1266 2354 ,
1299 2296 1356 2342 et
1384 2284 1608 2340 multam
1633 2285 2003 2341 carniﬁcinam

405 2356 481 2413 de
501 2356 826 2413 Christianis
847 2357 1108 2412 excreuit.

477 2432 666 2483 Auctor
714 2440 760 2482 et
800 2429 1145 2484 consiliarius.
1196 2427 1531 2490 Lactantius,
1581 2426 1677 2481 lib.
1728 2443 1760 2480 ν
1802 2426 2008 2494 lnstit.,

367 2536 376 2545 -
403 2508 527 2583 Cap.
560 2499 595 2554 2
626 2516 637 2554 :
670 2496 1086 2583 Aliuseamdem.
1117 2502 1381 2583 materiam
1430 2499 1723 2582 mordacius
1758 2498 2007 2582 scripsit,

402 2571 492 2638 qui
517 2583 626 2626 erat
655 2582 761 2626 tum
782 2588 808 2624 e
838 2571 1298 2642 numerajudicum
1317 2614 1335 2642 ,
1368 2581 1413 2626 et
1435 2572 1521 2642 qui
1547 2581 1727 2625 auctor
1751 2571 1806 2624 in
1828 2572 2007 2641 primis

407 2643 658 2714 facienda:
685 2638 1192 2714 persecutionis'fuit.

482 2711 888 2785 Priscillianum.
938 2710 1203 2785 Bithynia}
1246 2711 1569 2785 pnesidem,
1618 2721 1677 2766 ut
1726 2712 1922 2785 legitur
1944 2714 2007 2785 iu

404 2781 709 2855 bleuologio
761 2781 1079 2840 Grtecoruni
1126 2784 1190 2838 ad
1248 2781 1405 2839 diem
1450 2784 1515 2838 12
1561 2785 1762 2838 mensis
1787 2781 2002 2838 'Juuii:

406 2853 601 2909 Eodem
626 2853 712 2911 die
760 2866 953 2910 sancta:
1001 2856 1245 2925 martyris
1275 2855 1566 2909 Antonium.
1596 2856 1748 2922 Apud
1774 2855 2007 2909 Nicmnm

404 2925 697 2998 Bithynice,
746 2925 1065 2998 Diocletiano
1113 2937 1164 2998 et
1214 2926 1534 2981 Maximiano
1579 2926 2006 2993 imperatoribus,

407 2996 743 3053 Priscilliano
794 2997 1047 3070 praside,
1102 2996 1364 3051 Antonina
1413 2998 1471 3070 in
1517 2999 1813 3070 christianie
1887 2999 2009 3065 ﬁdei

402 3070 718 3141 confessione
738 3068 1030 3141 constanter
1052 3084 1413 3141 perseverans,
1438 3068 1641 3141 demum
1678 3069 1851 3141 gladio
1891 3086 2010 3141 per-

2108 437 2212 489 litis
2242 438 2353 507 ejus
2381 435 2679 507 acceptum!

2184 500 2520 577 Etéphantos.
2549 500 2684 560 Nam
2728 514 2783 560 et
2820 505 3138 575 elephantos
3167 507 3235 561 ad
3275 521 3497 561 currum
3530 507 3689 577 junxe-

2105 587 2233 635 runt
2258 577 2498 643 Antiqui,
2531 586 2591 630 ut
2618 586 2762 646 patet
2792 592 2861 632 ex
2889 578 3199 647 Lampridio
3238 579 3293 632 in
3316 579 3426 632 vita
3459 577 3686 636 Antonini

2108 649 2438 718 Heliogabali
2459 689 2473 713 ,
2506 658 2561 703 et
2594 661 2662 703 ex
2690 647 2815 703 aliis
2842 648 3000 703 locis.
3026 649 3234 704 Auctor
3260 659 3346 704 est
3367 648 3583 704 Flavius
3605 651 3689 706 Vo-

2105 720 2288 791 piscus
2306 758 2324 786 ,
2354 721 2404 774 in
2426 719 2707 791 triumpho
2735 735 2895 790 quem
2930 720 2989 774 ο.
3019 721 3347 776 Aurelianus
3387 720 3500 788 egit
3525 721 3592 776 de
3612 722 3691 779 Zo-

2108 789 2266 846 uobia
2316 800 2371 844 et
2422 789 2660 855 Tetrico,
2718 789 3041 860 elephantos
3089 792 3281 861 viginti
3348 793 3685 860 praecessisse.

2107 861 2346 917 Joannes
2381 862 2548 934 abbas
2579 862 2903 934 Biclarensis
2938 862 3005 916 ad
3026 877 3226 917 annum
3259 864 3294 919 9
3319 862 3523 918 Justini
3548 862 3691 934 Impe-

2108 935 2307 989 ratoris
2337 932 2563 988 adnotat
2585 933 2947 989 Justinianum
3000 935 3198 989 Ducem
3228 934 3492 989 Romana:
3519 932 3690 992 militia

2107 1002 2179 1058 34
2208 1004 2524 1074 elephantos
2553 1005 3071 1069 Constantinopolim
3098 1005 3371 1060 direxisse
3402 1021 3504 1074 pro
3531 1008 3689 1061 trium-

2110 1077 2220 1145 pho
2242 1116 2258 1139 ,
2286 1076 2375 1145 qui
2403 1077 2471 1130 de
2515 1075 2699 1131 Persis
2737 1075 2964 1131 devictis
2995 1077 3236 1146 agendus
3266 1085 3411 1131 erat.
3438 1075 3574 1131 Vide
3599 1077 3691 1131 Sir-

2116 1147 2393 1219 umndmn,
2418 1147 2471 1201 in
2499 1148 2639 1202 notis
2656 1147 2723 1201 ad
2748 1149 3128 1219 panegyricum
3152 1146 3452 1219 Anthemii,
3472 1149 3606 1217 apud
3625 1150 3693 1204 Si-

2110 1217 2356 1289 donium,
2370 1228 2426 1273 et
2447 1219 2804 1289 Bnlengerum
2827 1220 2877 1272 in
2899 1217 3035 1272 libro
3055 1219 3124 1274 de
3139 1218 3692 1289 Triumphis,cap.2i.

2185 1287 2543 1343 Domiuatores
2570 1287 2922 1344 dominantur.
2953 1290 3173 1344 Passiva
3197 1287 3591 1360 signiﬁcatione
3611 1334 3623 1355 ,
3652 1306 3693 1347 ut

2109 1361 2250 1427 apud
2269 1360 2611 1428 Ciceronem,
2642 1362 2694 1415 in
2725 1363 2860 1415 libro
2889 1361 3062 1430 primo
3083 1361 3402 1416 Officiorum
3430 1378 3444 1414 :
3477 1362 3521 1413 0
3543 1363 3696 1417 dm;

2110 1432 2341 1501 antiqua,
2362 1433 2460 1485 [ιριι
2484 1448 2637 1500 quam
2664 1434 2871 1499 dispare
2901 1434 3165 1487 dominare
3190 1433 3403 1485 domino
3429 1433 3450 1485 !
3476 1432 3695 1503 Virgilius

2112 1504 2165 1558 in
2191 1503 2430 1574 secundo
2457 1503 2718 1559 Eueidos
2749 1524 2761 1556 ε
2788 1504 2979 1557 multos
3008 1504 3274 1557 dominata
3299 1519 3394 1574 per
3433 1519 3612 1557 annon

2185 1571 2345 1627 Desiit
2370 1591 2664 1643 provocare.
2696 1574 2940 1629 Emissos
2967 1586 3049 1628 cst
3076 1571 3364 1630 Donatuse
3391 1588 3610 1631 carcere
3625 1592 3697 1631 ex-

2110 1646 2300 1770 tremis
2328 1645 2529 1772 Gilltél‘li
2568 1646 2875 1701 Maximiani
2914 1647 3247 1717 temporibus
3274 1688 3291 1714 ,
3325 1655 3387 1700 ut
3422 1646 3616 1717 legitur
3637 1649 3697 1702 in-

2133 1732 2217 1772 ra.
2243 1733 2365 1772 can.
2400 1738 2434 1772 ο
2480 1758 2491 1771 .

2133 1719 2217 1786 'ra,
2243 1733 2365 1787 cap.
2400 1718 2491 1772 55.

2689 1807 2920 1866 CAPUT
2968 1809 3134 1865 XVII.

2181 1918 2429 1977 Felicitas
2454 1924 2521 1995 ab
2540 1938 2598 1977 eo
2619 1939 2805 1995 recess.
2834 1922 3097 1978 Nimirum
3122 1940 3151 1978 a
3178 1923 3537 1991 Diocletiano,
3562 1942 3695 1995 quem

2109 2007 2207 2067 per
2234 2003 2378 2067 totos
2424 1992 2608 2064 viginti
2650 1992 2825 2050 annos
2875 1996 3085 2065 imperii
3130 1994 3301 2067 fuisse
3340 1997 3552 2051 felicem
3580 1992 3699 2067 pru-

2107 2064 2240 2120 dunt
2267 2064 2470 2133 antiqui
2516 2066 2860 2120 historiarum
2905 2064 3217 2136 seriptores.
3259 2066 3454 2136 Neque
3491 2064 3622 2138 opus
3638 2082 3699 2123 rst

2108 2138 2310 2189 referre
2333 2138 2639 2191 testimonia
2662 2138 3016 2207 singulorum.
3061 2138 3307 2193 Sul'liciet
3328 2140 3525 2194 unicus
3544 2152 3698 2194 auctu:

2112 2207 2420 2280 panegyrici
2446 2207 2771 2280 Maximiano
2796 2217 2851 2262 et
2889 2207 3248 2263 Constantino
3273 2209 3408 2264 dicti
3444 2212 3495 2264 in
3528 2214 3698 2280 nuptiis

2108 2275 2341 2351 Faustae.
2370 2278 2459 2333 Sic
2489 2295 2618 2348 ergo
2639 2279 2727 2334 ille
2759 2297 2772 2329 :
2807 2280 2913 2335 Sed
2935 2283 3164 2349 profecto
3189 2281 3355 2351 exegit
3380 2282 3481 2334 hoc
3504 2275 3612 2349 ipsa
3635 2299 3700 2336 ro-

2108 2349 2264 2403 rietas
2299 2359 2345 2402 et
2378 2361 2563 2405 natura
2588 2351 2811 2420 fortuna?
2834 2393 2850 2412 .
2882 2353 2966 2405 cui
2993 2352 3126 2405 nihil
3147 2349 3347 2406 mutare
3368 2353 3584 2406 licuerat
3602 2356 3698 2407 dust

2108 2434 2196 2473 vos
2244 2421 2514 2490 imperium
2544 2424 2774 2477 teneretis
2802 2434 2909 2487 “ut
2938 2424 3033 2476 illa
3058 2423 3238 2493 viginti
3266 2439 3527 2477 annorum
3568 2430 3700 2478 couti-

2109 2507 2222 2565 uua_
2240 2493 2746 2565 felicitasjntervallo
2774 2492 2951 2564 aliquo
2980 2492 3411 2565 distingueretur.

2189 2560 2420 2618 Perrexit
2454 2563 2691 2619 Romam.
2731 2560 3090 2619 Diocletianus
3120 2560 3379 2632 {duabus
3406 2565 3479 2622 de
3503 2567 3664 2621 causis
3684 2608 3696 2629 ,

2110 2643 2168 2708 ut
2208 2636 2532 2708 viccnnaliag
2562 2637 2906 2701 celebraret,
2962 2646 3016 2692 et
3046 2638 3378 2708 triumphum
3434 2640 3696 2708 ageretde

2109 2702 2317 2761 Narseo
2350 2722 2477 2776 rege
2506 2706 2795 2762 Persarum
2820 2718 2946 2762 ante
2973 2708 3175 2778 aliquot
3209 2702 3386 2764 annos
3418 2702 3580 2763 victo.
3611 2706 3696 2763 Hoc

2108 2779 2253 2832 enim
2285 2793 2428 2831 anno
2460 2788 2611 2833 actus
2637 2789 2722 2834 est
2748 2780 3050 2847 triumphus
3071 2820 3085 2842 ,
3112 2795 3221 2834 non
3252 2790 3437 2835 autem
3468 2796 3606 2835 anno
3626 2784 3695 2835 de-

2110 2849 2253 2903 cimo
2282 2860 2475 2904 octavo
2507 2851 2757 2918 imperii,
2790 2862 2847 2903 ut
2879 2853 3082 2918 putavit
3129 2851 3396 2907 Henricus
3434 2851 3657 2906 Valesius
3679 2892 3692 2915 ,

2112 2920 2205 2990 qui
2239 2930 2527 2990 propterea
2559 2937 2680 2975 cum
2714 2922 2985 2991 triumpho
3016 2923 3299 2991 conjunxit
3337 2923 3598 2977 vilitatem
3623 2940 3696 2976 an-

2112 3007 2290 3055 nomu,
2322 3007 2481 3061 quam
2534 2993 2887 3062 imperatores
2924 2994 3156 3062 jussisse
3201 2995 3401 3049 docent
3430 2994 3575 3048 Fasti
3596 2994 3691 3048 Ida-

2114 3063 2243 3116 tiani
2275 3105 2291 3129 ,
2326 3073 2597 3131 tamquam
2648 3063 2699 3117 id
2737 3066 2805 3118 ab
2850 3065 2932 3119 eis
2982 3075 3101 3132 post
3145 3066 3482 3135 triumphum
3525 3067 3693 3119 consti-

403 3134 553 3219 cassa
575 3181 591 3207 ,
618 3140 867 3219 martyrio
897 3134 1141 3195 coronata
1160 3151 1252 3195 est.
1279 3140 1478 3194 Eadem
1501 3134 1765 3194 habeniur
1790 3140 1844 3193 in
1865 3134 2007 3194 Mar-
2036 3145 2085 3208 C
2113 3142 2285 3219 Ηιιιιιιι
2316 3143 2463 3214 esset
2502 3135 2555 3218 in
2586 3135 2831 3219 gratiam
2857 3135 3039 3219 populi
3059 3134 3310 3219 Romani.
3348 3135 3548 3219 .Rectc‘
3563 3137 3693 3219 igitur

405 3211 674 3282 tyrologio
698 3209 961 3282 Remane.

479 3276 842 3337 Advcrsariuni
866 3278 1049 3335 uicisti.
1077 3276 1402 3350 Cyprianus,
1426 3281 1586 3351 epist.
1612 3278 1641 3335 7
1660 3276 1726 3334 ad
1758 3281 2008 3351 [legatia-

405 3368 534 3408 num
581 3363 633 3406 et
664 3364 891 3408 caeteros
929 3351 1310 3408 confessores:
1361 3351 1621 3417 Quantum
1675 3353 1906 3407 dolemus
1942 3369 2007 3407 ea:

402 3424 510 3478 illis
537 3440 661 3494 quos
688 3433 957 3495 tempestas
981 3424 1187 3477 inimica
1211 3424 1507 3493 prostravit,
1540 3434 1743 3495 tantum
1758 3425 2008 3495 ltetamur

402 3512 467 3551 ca:
491 3493 629 3550 vobis
651 3537 667 3562 ,
700 3493 827 3566 quos
848 3494 1082 3549 diabolus
1108 3512 1349 3566 superare
1379 3512 1480 3549 non
1501 3496 1684 3563 potuit.
1719 3493 2007 3550 Hortamur

405 3575 576 3638 tamen
611 3564 1043 3636 perfcommuncm
1063 3564 1218 3638 [idem
1241 3608 1258 3632 ,
1288 3584 1376 3629 per
1400 3569 1617 3638 pectoris
1647 3568 1808 3621 nostri
1834 3583 2006 3621 veram

402 3637 541 3692 circa
568 3654 655 3693 vos
675 3640 724 3692 et
750 3638 1036 3707 simplicem
1073 3637 1407 3702 clmritatem,
1443 3649 1498 3692 ut
1545 3640 1630 3707 qui
1654 3639 2006 3694 adversarium

402 3711 571 3779 prima
600 3709 697 3764 hac
717 3704 1074 3781 congressione
1094 3709 1286 3765 vicistis
1312 3752 1329 3777 ,
1350 3704 1572 3781 gloriam
1621 3720 1842 3764 vestram
1881 3710 2006 3779 [orti

401 3776 449 3836 ct
469 3776 1018 3852 perseverantifvirtute
1049 3781 1283 3852 teneatis.

472 3846 751 3908 Zabulum.
778 3851 833 3905 Id
862 3860 981 3915 est,
1017 3846 1314 3906 diabolum.
1358 3849 1448 3909 Sic
1482 3849 1623 3920 apud
1655 3850 2003 3906 Commodia-

401 3925 677 3991 ntnu,lib.
708 3938 745 3991 ιι
771 3964 786 3986 ,
815 3937 935 3991 cap.
968 3922 1052 3991 J7
1087 3940 1100 3976 :
1131 3922 1326 3976 Cuncta
1356 3921 1420 3975 de
1459 3920 1649 3976 Zabuli
1690 3938 1881 3991 pompa
1906 3936 1924 3981 ε
1950 3931 2006 3977 et

400 4008 523 4060 cap.
556 3990 621 4049 18
655 3990 792 4046 :Aut
825 3989 931 4047 tota
956 3989 1146 4046 Zabuli
1181 4010 1401 4060 pompa;
1428 4006 1484 4047 et
1522 3995 1615 4046 lib.
1650 3989 1707 4057 t,
1740 3989 1861 4061 cap.
1887 3991 2001 4049 ὅδε

403 4062 704 4133 Zabolicam
725 4063 889 4133 legem
918 4079 1091 4133 anates
1120 4063 1324 4117 omnino
1356 4063 1524 4118 vitate.
1561 4063 1789 4117 Rursum
1813 4064 1906 4120 lib.
1941 4081 2003 4131 ιι⁹

402 4151 524 4203 cap.
547 4130 613 4190 51
653 4154 667 4190 :
716 4130 957 4205 Cérmine
977 4130 1220 4188 Zabolico
1250 4146 1303 4188 ut
1336 4134 1541 4205 faciatis
1584 4134 1725 4187 turbe
1765 4130 1999 4202 promite.

402 4204 712 4263 Referimus
735 4214 915 4259 autem
945 4203 1061 4259 haec
1092 4206 1204 4259 loca
1241 4203 1391 4273 juxta
1427 4203 1584 4260 Iidem
1633 4207 1830 4261 veteris
1850 4209 2001 4262 codi-

404 4278 504 4347 cis.
560 4274 690 4332 Nam
735 4276 903 4333 editio
942 4275 1153 4331 diversa
1197 4273 1494 4347 est._Nibil
1536 4275 1801 4347 vulgatius
1841 4294 2001 4345 (piam

403 4346 589 4404 Zabuli
622 4364 723 4404 vox
755 4350 804 4403 in
827 4348 1063 4419 antiquis
1094 4348 1264 4402 libris.
1299 4342 1499 4419 Eadem
1533 4342 1746 4402 ratione
1795 4342 2003 4406 scribe-

402 4419 862 4491 bantharitorum
900 4416 998 4490 pro
1028 4416 1343 4491 Diaritorum
1364 4459 1380 4483 ,
1408 4428 1467 4491 ut
1491 4417 1543 4470 in
1576 4419 1863 4475 collatione
1893 4423 2001 4491 pri-

401 4507 487 4546 ma
515 4488 952 4562 Carlhaginens‘i,
976 4505 1096 4562 cap.
1132 4488 1253 4546 159.
1279 4488 1432 4562 Quod
1460 4504 1581 4544 cum
1600 4505 1721 4562 non
1750 4488 2002 4546 animad-

401 4538 641 4632 \_'_erteret
676 4538 1232 4632 Papirius'ﬂassonus
1257 4538 1423 4626 ,Τιθίο
1462 4575 1562 4632 pro
1591 4559 2003 4632 Hipponensium
2026 4538 2082 4599 D

400 4630 730 4705 Zaritorum,
758 4630 897 4705 qua:
931 4642 1030 4705 est_
1056 4648 1180 4705 vera
1211 4632 1370 4687 lectio
1394 4673 1412 4698 ,
1432 4630 1658 4705 scripsit
1680 4704 1683 4705 ν
1706 4631 2004 4705 Hyppensis

403 4703 748 4775 Zaritorensis
774 4703 983 4775 {quam
1020 4703 1307 4775 lectionem
1344 4703 1575 4775 retinuit
1617 4703 1778 4758 etiam
1815 4703 2010 4760 Petrus

400 4771 649 4833 Pithoeus
676 4777 729 4831 in
760 4770 855 4830 sua
899 4770 1140 4845 editione
1178 4770 1491 4845 collationis
1537 4771 2003 4845 Carthagineusis.

401 4846 585 4914 Quare
632 4845 688 4901 in
747 4846 919 4901 veteri
966 4843 1165 4899 Notitia
1219 4844 1633 4914 Africaa,quam
1687 4843 2007 4903 Sirinondus

402 4918 572 4998 edidit
594 4924 690 4998 ,_et
721 4916 842 4998 post
862 4932 986 4998 enin
1017 4914 1359 4998 Cbil’lletius,
1391 4932 1581 4998 pro-co
1611 4917 1755 4998 quod
1787 4917 2008 4998 illicie-

401 4989 567 5058 gitur,
596 4980 870 5058 Marianas
913 4980 1358 5058 Hippaaritensis,
1392 4980 1745 5044 'scribendu'm
1775 4997 1859 5044 est
1890 4990 2007 5044 Μα-

388 5054 582 5113 rianas
612 5054 1033 5126 Hipponensium
1058 5057 1360 5115 Zaritorum
1382 5101 1400 5126 ,
1425 5059 1476 5113 id
1495 5070 1580 5114 est
1600 5101 1615 5121 ,
1652 5060 2003 5130 Diaritorum,

400 5131 520 5186 sive
551 5130 959 5201 Diarrliytortn‘n
981 5173 997 5197 ,
1028 5142 1087 5185 ut
1109 5131 1248 5200 apud
1282 5131 1536 5198 Plinium,
1563 5130 1659 5185 lib.
1687 5148 1715 5183 v
1740 5126 1879 5200 Hist.
1917 5126 2012 5187 nal-

405 5201 610 5268 luralis,
640 5200 759 5274 cap.
782 5201 836 5265 4.
861 5200 953 5258 Sic
973 5205 1156 5274 etiam,
1185 5201 1329 5274 apud
1351 5202 1816 5266 Commodianum,
1844 5201 2011 5259 Zaco-

402 5278 501 5328 nes
531 5286 630 5343 pro
669 5272 1011 5329 Diaconibus.
1064 5272 1358 5329 Numisium
1388 5288 1601 5342 quoque
1640 5290 1734 5343 pro
1765 5272 2012 5330 Numidia

402 5344 519 5416 legi
540 5348 592 5400 in
622 5345 791 5399 veteri
814 5344 1001 5399 codice
1028 5358 1132 5400 ms.
1154 5343 1497 5416 bibliothecae
1523 5343 1863 5416 Colbcrtinaa.

478 5412 850 5484 Triumphasti.
881 5416 1221 5485 Lactantius,
1263 5415 1357 5470 lib.
1387 5430 1439 5468 tv
1471 5415 1699 5469 lnstitut.
1746 5432 1863 5488 Cap.
1894 5416 1966 5471 ‘26
1999 5434 2014 5473 :

402 5487 676 5544 Postremo
696 5488 846 5541 etiam
865 5499 1076 5543 mortem
1102 5488 1360 5555 suscipere
1380 5501 1481 5539 non
1500 5488 1774 5553 recusavit,
1792 5498 1847 5542 ut
1871 5493 2021 5544 homo

403 5559 497 5615 illo
528 5558 659 5612 duce
686 5556 949 5613 subactam
977 5568 1026 5614 et
1055 5567 1340 5613 catenatum
1374 5566 1587 5611 mortem
1628 5574 1744 5613 cum
1777 5560 1885 5615 suis
1914 5573 2019 5615 ter-

402 5628 610 5686 roribus
640 5630 993 5699 triumpharet.

473 5700 774 5755 Jucundum
791 5698 1155 5772 spectaculum.
1179 5698 1508 5772 Cyprianus,
1537 5702 1695 5772 epist.
1719 5702 1784 5758 9:
1811 5700 2020 5772 Oquale

403 5770 540 5831 illud
565 5770 1031 5847 {uitspectaculum
1079 5770 1301 5828 Domino
1332 5812 1351 5843 ,
1390 5788 1545 5843 quam
1571 5770 1817 5843 sublime,
1863 5770 2021 5845 quam

2113 3203 2352 3273 Scaliger
2384 3206 2435 3258 in
2470 3203 3032 3261 animadversionibus
3062 3209 3127 3261 ad
3158 3207 3474 3261 Cbronicon
3512 3203 3689 3262 Eusebii

2109 3275 2355 3340 adnotat,
2388 3277 2716 3344 triumphum
2759 3294 2787 3330 a
2834 3278 3167 3333 Diocletiano
3197 3290 3249 3333 et
3278 3278 3602 3334 Maximiano
3622 3295 3690 3331 ac-

2112 3356 2222 3403 tum
2251 3364 2393 3401 anno
2423 3351 2679 3404 vicesimo
2726 3350 2940 3419 imperii
2968 3389 2984 3415 ,
3017 3350 3223 3420 aliquot
3250 3351 3543 3405 mensibus
3562 3360 3690 3403 ante-

2109 3435 2269 3483 quam
2319 3436 2604 3489 purpuram
2659 3420 3009 3487 deponerent.
3058 3422 3165 3476 Sed
3214 3432 3551 3489 postremum
3581 3421 3687 3474 illud

2110 3489 2329 3545 falsum.
2371 3490 2505 3545 Nam
2546 3492 2883 3549 retinuerunt
2914 3492 3090 3547 adhuc
3138 3494 3434 3560 imperium
3494 3492 3692 3562 [erepet

2109 3566 2516 3633 sesquianuum,
2542 3571 2601 3616 ut
2625 3573 2809 3631 postea
2843 3563 3163 3619 videbimus.
3193 3564 3364 3619 Porro
3395 3564 3691 3632 triumphum

2107 3644 2287 3688 actum
2336 3649 2457 3689 esse
2497 3643 2741 3703 tempore
2790 3633 3147 3690 vicennalium
3181 3674 3196 3698 ,
3238 3634 3395 3704 quod
3449 3638 3595 3689 nobis
3631 3638 3691 3688 ic-

2108 3707 2315 3761 cumbit
2346 3704 2678 3774 probandum
2710 3747 2727 3772 ,
2761 3716 2907 3776 patet
2934 3722 3000 3761 ex
3028 3708 3204 3775 capite
3242 3705 3469 3760 decimo
3498 3707 3690 3761 Lactan-

2110 3774 2168 3830 tii
2194 3818 2208 3842 ,
2265 3778 2353 3830 ubi
2398 3819 2414 3840 ,
2447 3787 2569 3847 post
2610 3774 2881 3847 narratam
2933 3774 3212 3833 victoriam
3252 3777 3323 3832 de
3372 3776 3590 3842 Persis,
3632 3776 3689 3830 ait

2109 3846 2496 3903 Diocletianum
2532 3849 2583 3902 in
2612 3846 2888 3903 Orientem
2940 3849 3264 3917 profectum,
3295 3859 3355 3904 et
3382 3864 3580 3902 annuat
3606 3848 3691 3901 illic

2109 3920 2284 3989 egisse
2314 3921 2400 3982 qui
2437 3922 2865 3989 persecutionem
2898 3922 3208 3982 antecessit,
3262 3918 3472 3975 deinde
3501 3921 3690 3991 hyema-

2109 3998 2220 4044 tum
2269 3992 2481 4063 venisse
2525 3991 2578 4045 in
2611 3991 2936 4063 Bithyniam,
2986 4006 3051 4048 ac
3070 4000 3181 4046 tum
3227 3991 3452 4061 quidem
3502 4000 3685 4063 captum

2107 4063 2390 4115 Consilium
2415 4060 2864 4117 destruenda’rui’u
2888 4060 3279 4128 ecclesiarum,
3325 4074 3381 4118 et
3406 4078 3587 4116 mense
3608 4062 3688 4115 Fe-

2107 4130 2325 4187 bruario
2358 4134 2600 4204 sequenti
2639 4144 2870 4203 emptam
2910 4134 3367 4202 persecutionem.
3398 4133 3564 4204 Igitur
3599 4147 3690 4187 ceu

2108 4213 2218 4258 tum
2251 4216 2333 4259 est
2363 4203 2749 4259 Diocletianum
2782 4221 2890 4260 non
2932 4205 3098 4261 fuisse
3130 4205 3318 4261 Romae
3344 4203 3496 4259 anno
3521 4206 3585 4260 18
3616 4205 3689 4256 im-

2106 4276 2238 4345 perii
2282 4276 2398 4335 sui.
2432 4290 2540 4345 quo
2570 4291 2693 4330 eum
2748 4277 3111 4343 triumphasse
3147 4276 3433 4332 contendit
3478 4275 3687 4330 Valesius

2105 4357 2326 4418 secutus
2364 4346 2696 4418 Eusebium,
2724 4365 2885 4418 quem
2910 4358 3197 4418 propterea
3255 4347 3606 4417 reprehendit
3622 4345 3687 4400 lo-

2105 4416 2306 4488 si-phus
2353 4417 2614 4490 Scaliger.
2654 4416 2817 4484 Sane,
2866 4416 3009 4488 quod
3047 4419 3232 4489 negari
3260 4416 3371 4490 non
3420 4429 3621 4488 poteSt,
3648 4418 3685 4470 in

2106 4491 2335 4560 vulgatis
2362 4488 2618 4544 Chroniei
2648 4490 2941 4546 Eusebiani
2961 4488 3292 4545 editio’nibus
3313 4488 3335 4556 ,⁷
3368 4500 3426 4545 et
3452 4492 3505 4543 in
3531 4490 3687 4559 pleris-

2112 4577 2216 4631 quc
2247 4563 2484 4628 antiquis
2523 4563 2924 4630 exemplaribus
2957 4602 2972 4626 ,
3024 4561 3335 4631 triumphus
3385 4561 3479 4615 ille
3506 4569 3687 4615 notatur

2116 4633 2167 4686 in
2198 4634 2356 4686 'anuo
2398 4632 2466 4687 18
2515 4632 3089 4688 υἱιιοιθιίειιιί.’νθιίιιιι
3138 4634 3191 4686 in
3250 4633 3615 4689 vetustissimo
3648 4638 3686 4685 et

2112 4702 2320 4770 Optimo
2358 4703 2545 4758 codice
2591 4703 2901 4759 Colliertino
2930 4745 2946 4771 ,
2988 4713 3042 4757 et
3074 4703 3279 4759 in‘aliis
3314 4705 3555 4772 antiquis
3582 4715 3686 4773 quos

2113 4772 2385 4847 Pontacus
2417 4774 2549 4830 vidit
2577 4815 2594 4841 ,
2626 4778 2845 4847 ponitur
2868 4778 2921 4830 in
2950 4791 3094 4829 anno
3118 4776 3219 4840 19,
3256 4776 3355 4831 sed
3390 4786 3687 4847 praetth

2113 4845 2335 4912 ordine,
2364 4861 2486 4900 cum
2517 4845 2802 4902 antecedat
2832 4848 3111 4901 historiam
3143 4848 3562 4916 persecutionis.
3587 4846 3687 4912 Qua

2114 4916 2214 4977 fuit
2236 4919 2452 4973 omasio
2480 4919 2692 4973 errandi
2721 4919 3022 4973 clarissimo
3043 4916 3282 4972 Valesio.
3313 4916 3601 4973 Probabile
3619 4930 3687 4969 att—

2114 4998 2220 5043 tcm
2253 5000 2337 5043 est
2362 4989 2583 5044 dilatum
2616 4990 2817 5044 tamdiu
2844 5006 2873 5044 a
2914 4988 3245 5044 Diocletiano
3272 4990 3605 5058 triumphum
3643 4987 3688 5039 de

2115 5059 2297 5116 Persis
2324 5102 2340 5125 ,
2393 5069 2446 5113 ut
2474 5077 2597 5115 eum
2628 5061 2979 5130 conjungeret
2998 5076 3121 5115 cum
3152 5059 3306 5115 festis
3331 5059 3685 5118 vicennaliuut,

2115 5142 2171 5202 et
2193 5148 2255 5185 na
2286 5134 2366 5202 sic
2394 5130 2595 5186 faceret
2625 5133 2855 5188 clariora
2888 5144 3049 5202 atque
3087 5132 3415 5186 celebriora.
3450 5131 3601 5202 Nunc
3624 5144 3687 5202 rc-

2118 5200 2337 5257 ferenda
2393 5211 2519 5255 sunt
2549 5202 2766 5257 Eusebii
2810 5200 2973 5258 verba
3004 5221 3018 5257 :
3061 5203 3423 5257 Diocletianus
3451 5212 3500 5257 et
3545 5200 3686 5254 lui-

2117 5276 2319 5328 mianus
2365 5275 2584 5341 Augusti
2627 5275 2816 5345 insigni
2858 5291 3047 5345 pompa
3078 5274 3257 5329 Roma:
3287 5275 3680 5345 triumphauit

2119 5345 2531 5418 antecedentibus
2548 5344 2753 5399 currum
2772 5344 2948 5401 eorum
2970 5344 3159 5400 Narsci
3178 5349 3421 5418 conjuge,
3435 5344 3678 5418 sororibjﬂ.

2125 5416 2320 5488 liberis,
2350 5427 2396 5488 et
2423 5418 2562 5488 omni
2591 5418 2768 5483 prmda
2802 5435 2903 5488 qua
2937 5418 3159 5470 Parthos
3204 5414 3570 5487 spoliaverunt.

2123 5488 2246 5541 dem
2287 5487 2449 5542 habet
2498 5487 2785 5558 EutrOpius
2814 5485 2887 5543 'in
2936 5488 3042 5543 line
3084 5488 3201 5542 libri
3228 5485 3354 5542 noni
3389 5528 3405 5552 ,
3450 5488 3539 5542 ubi
3579 5485 3676 5543 air.

2125 5557 2513 5633 Diocletianum
2537 5571 2591 5633 et
2614 5557 2921 5615 Herculium
2943 5560 3260 5633 deposuisse
3286 5573 3576 5633 purpuram
3593 5561 3679 5633 ροξί

2124 5632 2441 5703 triumphum
2482 5631 2730 5703 inclytum
2768 5648 2917 5703 quem
2950 5630 3216 5703 ﬂammea:
3239 5630 3679 5703 numerosisgcﬂlij

2122 5702 2213 5756 bus
2240 5686 2483 5774 egerant,
2522 5686 2710 5773 pompa
2751 5686 3064 5775 ferculorum
3104 5701 3339 5765 illustri,
3382 5717 3488 5775 qua

2118 5773 2387 5847 conjuges,
2409 5789 2710 5846 sororesque
2733 5773 2779 5835 et
2807 5774 2952 5834 liberi
2978 5782 3101 5833 ante
3133 5787 3350 5830 currunt
3392 5773 3535 5832 ducti
3560 5773 3678 5829 aut.
