3778 6260
265 315 372 375 335
1584 306 1923 367 STEPHANI
1962 304 2237 363 BALUZII

3452 286 3587 367 536'

206 486 209 487 ν
264 448 296 487 a
324 430 613 495 Maxentio,
662 429 908 500 quamvis
960 441 1117 483 socer
1163 426 1282 498 ejus
1327 435 1490 493 esset,
1524 427 1688 481 immo
1719 441 1857 500 nun—
1881 425 1937 485 A
1963 423 2065 500 hoc
2095 423 2234 500 iibro
2261 419 2633 500 Lactantii.._c._
2688 420 2779 489 18,
2810 416 3057 500 docetnse
3084 436 3151 500 eo
3182 429 3418 500 tempore
3448 440 3568 493 quo

264 519 427 574 quam
451 502 591 558 bene
619 498 773 574 inter
800 514 896 574 eos
919 499 1262 574 convenisse,
1294 501 1458 574 etiam
1490 500 1705 574 vivente
1737 498 1859 551 Dio-

268 569 524 641 cletiano,
547 581 602 628 et
618 571 814 627 bellum
835 572 974 626 inter
1002 585 1096 626 eos
1117 569 1283 624 fuisse
1297 569 1672 639 gravissimum
1698 582 1765 623 ex
1794 582 1861 641 eo

269 637 518 713 tempore
535 657 641 711 quo
662 642 1213 711 Maxentius‘sumpsit
1248 637 1564 710 purpuram,
1593 653 1764 710 usque
1793 637 1860 693 ad

270 717 553 785 imperium
578 714 788 768 Licinii.

342 780 577 841 Priorem
597 783 868 838 nominari.
889 783 1086 852 Supra,
1115 798 1168 839 c.
1192 783 1281 846 18,
1311 781 1557 838 Galerius
1588 780 1862 836 Maximia-

272 874 373 912 nus
394 857 670 926 alloquens
697 851 1080 909 Diocletianum
1107 855 1184 908 ait
1205 852 1311 926 :VSi
1334 855 1442 926 ipse
1463 854 1639 907 cedere
1667 851 1864 905 noluis-

271 938 364 991 set,
397 944 450 982 se
470 927 563 981 sibi
587 926 959 990 consulturum,
994 943 1056 980 ne
1082 925 1305 992 amplius
1338 925 1505 977 minor
1534 933 1581 977 et
1610 933 1863 977 extremus

273 1009 422 1053 esset.
455 998 736 1061 Eusebius,
771 997 823 1050 iit
856 996 994 1050 libro
1024 997 1197 1065 primo
1253 998 1320 1049 de
1352 995 1471 1048 Vita
1501 994 1858 1058 Constantini,

271 1087 324 1125 c.
350 1071 440 1133 18,
490 1070 565 1122 ait
590 1066 986 1127 Constantium.
1015 1082 1136 1121 cum
1164 1067 1406 1121 seniores
1435 1066 1660 1134 Augusti
1693 1066 1863 1133 impe-

277 1142 357 1194 rio
402 1156 461 1194 se
492 1139 854 1204 abdicassent,
900 1139 1131 1207 primum
1160 1138 1458 1207 Augustum
1501 1138 1863 1190 renuntiatum

272 1227 414 1277 esse,
432 1221 483 1265 et
510 1211 736 1275 primum
763 1210 1060 1277 Augustum
1089 1210 1414 1278 appellatqu
1445 1208 1584 1261 inter
1609 1217 1861 1276 quatuor,

273 1284 364 1351 qui
389 1280 726 1352 postmodum
754 1279 1016 1352 designati
1057 1292 1213 1352 sunt.
1266 1279 1432 1352 rldem_
1444 1292 1660 1352 semper
1670 1279 1865 1352 _priore

272 1346 400 1407 loco
425 1352 732 1406 nominatur
756 1350 811 1403 in
843 1346 1016 1404 Fastis
1056 1350 1306 1403 ldatianis
1339 1365 1369 1402 a
1398 1346 1636 1412 Zozinio,
1670 1346 1867 1401 Eutro-

274 1425 383 1491 pio,
414 1423 466 1478 in
513 1419 1057 1491 codicenJustiniani,
1093 1422 1144 1474 in
1191 1422 1362 1472 veteri
1422 1418 1772 1491 inscriptione
1796 1417 1867 1491 de

273 1489 684 1550 consecratione
709 1490 1067 1545 Thermarum
1097 1491 1570 1561 Diocletian-arum,
1603 1499 1659 1543 et
1686 1489 1737 1541 in
1769 1489 1867 1561 ali-

274 1575 407 1634 quot
455 1563 577 1617 aliis
608 1561 1073 1634 inscriptionibus,
1097 1576 1218 1634 qua:
1258 1561 1415 1634 apud
1442 1560 1741 1634 Δ(ξιλιιιιὶιιιιιιι
1793 1560 1869 1614 le-

271 1629 492 1703 guntur,
528 1649 646 1703 pag.
677 1629 1077 1703 58,159,}61,
1105 1631 1558 1703 16i,279,_1065.
1595 1631 1662 1703 Et
1689 1640 1866 1703 tamen

272 1700 453 1760 IElius
478 1700 794 1773 spartianus
823 1701 1048 1773 inﬁmiin
1084 1702 1242 1768 Vero,
1273 1712 1329 1757 et
1359 1700 1575 1755 Flavius
1608 1700 1869 1773 chiscus

275 1779 329 1830 in
352 1770 570 1839 Carino,
595 1774 867 1829 Galerium
889 1772 1264 1827 Maximianum
1294 1772 1575 1826 nominaut
1597 1770 1870 1826 anteCon-

273 1848 551 1907 stantium,
579 1853 634 1899 et
684 1844 737 1898 id
789 1844 1005 1912 quidem
1065 1852 1305 1914 tempore
1348 1842 1684 1914 Diocletiani.
1727 1842 1870 1897 Sane

273 1933 484 1988 :cquum
505 1915 859 1988 videbaturut
885 1916 930 1988 is
960 1915 1046 1988 qui
1070 1914 1423 1988 adeptahatur
1452 1928 1481 1968 a
1514 1913 1862 1988 Diocletiano,

274 1984 445 2059 et'qui
478 1988 639 2059 filiam
667 1986 784 2056 ejus
810 1985 1079 2040 Valeriam
1110 1985 1339 2059 habebat
1360 2000 1606 2059 uxorem,
1636 1984 1870 2059 priorem

276 2054 455 2114 locum
488 2054 713 2111 haberet
763 2071 922 2124 supra
960 2072 1084 2110 eum
1133 2056 1223 2125 qui
1263 2056 1615 2125 adoptabatur
1642 2070 1671 2106 a
1704 2054 1872 2108 Maxi-

274 2132 476 2195 miano,
509 2128 729 2183 secundi
760 2128 864 2181 loci
894 2128 1151 2196 principe.
1171 2124 1389 2191 Contra,
1421 2124 1611 2179 rationi
1643 2138 1872 2179 consen-

272 2213 487 2256 taneum
524 2209 641 2254 erat
697 2207 754 2252 ut
795 2199 877 2251 vir
926 2212 1131 2267 magna:
1180 2197 1473 2251 nobilitatis
1505 2237 1520 2262 ,
1564 2196 1868 2265 cujusmodi
1914 2231 1922 2235 ς

271 2282 386 2327 erat
421 2270 796 2335 Constantius,
836 2282 941 2322 non
971 2276 1384 2337 postponeretur
1415 2268 1617 2325 homini
1644 2267 1867 2335 agresti,

272 2344 472 2411 pastori
502 2355 779 2410 pecorum,
812 2348 973 2411 atque
1019 2340 1167 2411 illum
1198 2348 1402 2411 postse
1436 2338 1660 2411 haberet
1681 2339 1731 2390 in
1764 2338 1870 2411 bad-i-

269 2408 665 2467 ininistratiotie
707 2410 1033 2478 reipubliczc.
1072 2409 1187 2476 Ego
1215 2409 1540 2464 crediderim
1597 2408 1868 2476 Spartiani

267 2495 322 2538 et
362 2483 583 2551 V0pisci
626 2482 933 2536 testimonia
992 2481 1359 2551 poSIpouenda
1390 2494 1510 2534 esse
1561 2480 1868 2534 auctoritati

267 2564 510 2610 veterum
563 2552 997 2621 inscriptionum,
1035 2560 1090 2605 et
1143 2567 1333 2605 eorum
1361 2560 1638 2605 auctorum
1670 2551 1760 2619 qui
1786 2551 1868 2606 di-

269 2635 412 2680 serte
464 2625 618 2677 aiunt
663 2620 890 2692 primum
935 2622 1112 2675 locum
1143 2623 1325 2675 datmn
1352 2637 1472 2675 esse
1510 2620 1864 2682 Constantio;

273 2696 571 2765 prmsertim
594 2710 715 2765 cum
740 2694 774 2746 ii
800 2695 889 2762 qui
910 2694 1055 2747 illum
1084 2693 1297 2748 Galerio
1328 2693 1568 2765 tribuunt
1591 2708 1703 2746 non
1725 2705 1865 2748 trac-

270 2768 500 2821 taverint
528 2766 666 2818 hanc
702 2764 978 2818 historiam
1008 2781 1073 2817 ex
1104 2766 1377 2833 prolesso,
1430 2764 1525 2816 sed
1580 2778 1678 2833 per
1717 2773 1864 2818 trau—

267 2853 489 2892 sennatn
514 2846 568 2889 et
588 2835 732 2888 aliud
777 2844 1019 2905 agentes.
1044 2834 1197 2901 Quod
1218 2836 1376 2888 etiam
1393 2835 1678 2888 dicendum
1702 2835 1866 2890 estde

263 2918 482 2963 auctore
512 2908 635 2959 vita:
665 2907 832 2960 sancti
868 2906 1111 2972 Procopii
1169 2905 1444 2975 martyris,
1474 2919 1594 2975 qua:
1636 2905 1865 2961 habetur

265 2981 318 3033 in
351 2988 497 3035 tomo
520 2985 715 3046 quarto
740 2976 904 3037 Surii,
937 2978 1023 3031 ubi
1043 2976 1293 3031 Galerius
1318 2977 1491 3045 primo
1521 2977 1641 3030 loco
1689 2977 1864 3031 uomi-

268 3059 425 3104 natur
441 3057 568 3103 ante
592 3048 988 3102 Constantium.

323 3122 380 3174 Ἀ
406 3120 586 3174 tribus.
614 3118 670 3173 Id
688 3127 792 3182 est,
822 3133 850 3170 a
881 3116 1116 3177 Galerio,
1143 3117 1346 3171 Severo
1371 3126 1424 3171 et
1444 3116 1751 3170 Maximino.

1967 494 2352 575 Diocletianum
2389 492 2711 575 impeliebat
2762 492 3429 575 ad‘abdicationeni1jatn
3464 492 3571 567 per

1964 579 2136 620 annos
2156 563 2460 634 quindecim
2484 562 2536 634 in
2559 563 2774 634 Illyrico
2791 562 2859 616 ad
2880 564 3049 634 ripam
3073 564 3300 619 Danubii
3326 562 3570 623 Iactasse

1964 651 2086 691 cum
2116 633 2370 706 gentibus
2396 633 2661 701 barbaris,
2690 633 3077 706 Ainterimidum
3105 636 3196 689 alii
3223 636 3361 690 intra
3391 638 3572 692 laxio-

1965 722 2052 762 res
2074 704 2139 761 et‘
2155 707 2450 775 quietiores
2478 715 2652 760 terras
2672 704 2901 759 delicate
2926 705 3271 775 imperarent.
3308 706 3570 764 Profecto

1965 779 2009 832 si
2038 792 2207 832 annos
2237 792 2354 841 sex,
2378 776 2575 846 quibus
2601 775 2694 831 ille
2735 775 3122 846 rempublicam
3164 777 3573 835 administravit

1966 859 2087 921 post
2143 845 2417 903 secessum
2462 846 2816 921 Diocletiani,
2849 845 3109 921 addasad
3136 849 3443 921 quindecim
3469 852 3569 921 qui

1966 917 2287 975 effluxerant
2307 932 2429 973 cum
2462 917 2578 973 haec
2605 917 2930 973 dicebantur
2952 932 2980 970 a
3011 918 3354 983 Maximiano,
3386 917 3572 976 mani-

1964 992 2161 1045 festum
2193 990 2297 1044 erit
2341 990 2490 1043 illum
2531 996 2803 1060 mortuum
2856 1003 2979 1044 esse
3012 990 3247 1044 vicesimo
3269 994 3435 1060 primo
3462 993 3571 1046 im-

1966 1063 2092 1130 perii
2120 1062 2202 1114 sui
2231 1076 2387 1125 anno,
2425 1069 2481 1114 ut
2529 1060 2725 1130 legitur
2750 1058 2804 1114 in
2842 1060 3067 1129 vulgatis
3096 1058 3420 1117 editionibus
3456 1065 3580 1118 Eu-

1966 1078 2092 1130 pem
2120 1078 2202 1114 sui
2231 1076 2387 1125 anno,
2425 1076 2481 1114 ut
2530 1076 2579 1114 te
2618 1076 2725 1113 itur
2750 1076 2804 1114 tu
2842 1076 3067 1129 vulgatis
3096 1076 3420 1117 eatttontnus
3456 1076 3576 1118 Ett-

1966 1133 2172 1187 sebiaui
2228 1131 2503 1186 Clironici.
2575 1076 2892 1197 Quanquam
2956 1134 3007 1184 in
3075 1133 3445 1188 vetustissimo
3518 1146 3576 1190 et

1967 1204 2176 1271 optimo
2203 1203 2389 1257 codice
2428 1215 2531 1256 ins.
2561 1200 2901 1255 bibliotheca.
2930 1199 3279 1270 Colbertinai,
3308 1215 3361 1258 et
3388 1206 3448 1259 in
3475 1221 3575 1259 va-

1967 1274 2062 1327 riis
2090 1274 2322 1344 antiquis
2352 1271 2756 1344 exemplaribus
2784 1287 2907 1342 quae
2936 1272 3222 1344 “Pontacus
3252 1284 3492 1330 testatur
3512 1292 3577 1333 se

1968 1344 2165 1400 vidisse
2197 1342 2313 1399 huic
2345 1352 2550 1397 tantum
2602 1343 2851 1412 leguntur
2880 1360 2891 1395 :
2919 1342 3159 1397 Galerius
3212 1344 3579 1403 Maximianus

1968 1417 2203 1469 moritur.
2233 1415 2457 1478 Verum,
2495 1428 2617 1468 cum
2645 1429 2706 1465 ea
2749 1414 2819 1468 sit
2843 1414 3139 1470 auctoritas
3185 1416 3481 1483 Lactantii,
3516 1429 3579 1474 ut

1968 1488 2016 1540 ei
2039 1486 2334 1540 contradici
2367 1501 2471 1539 non
2512 1486 2696 1553 possit,
2731 1495 2783 1539 et
2814 1484 3066 1540 Aurelius
3121 1486 3306 1542 Victor
3358 1491 3578 1545 Scribat

1968 1555 2243 1630 Galerium
2269 1557 2558 1630 potentiam
2583 1556 2812 1630 (tltesaris
2830 1570 3001 1630 a_nnos
3023 1556 3281 1630 tredecim
3304 1565 3577 1630 gessisse,

1971 1628 2251 1697 imperium
2282 1628 2673 1697 quinquennio,
2703 1635 2812 1682 tum
2844 1627 3135 1698 Eutropius
3177 1631 3230 1683 in
3258 1627 3410 1685 initio
3448 1632 3579 1687 libri

1940 1740 1943 1741 ν
1971 1700 2121 1763 noni,
2146 1709 2201 1754 et
2223 1708 2410 1753 auctor
2431 1697 3069 1769 ChroniciAlexandrini,
3101 1715 3153 1769 p.
3180 1700 3309 1765 65!,
3336 1703 3579 1758 doceant

1898 1805 1946 1864 B
1972 1766 2779 1864 9.‘?.'.'§E‘1".§l“.'1‘:_.SPLEFEEEE-
2793 1766 3213 1864 c‘."“_-‘i‘l'.“;”‘l.
3232 1772 3425 1864 fere!“
3467 1788 3577 1857 es"

1974 1840 2174 1913 obiisse
2198 1840 2422 1913 Eboraci
2437 1840 2486 1913 in
2510 1840 2806 1906 Britannia,
2836 1855 2980 1895 anno
3000 1840 3213 1913 decimo
3232 1847 3397 1913 tertio
3418 1846 3582 1913 prin-

1973 1911 2183 1980 cipatus
2213 1911 2318 1969 sui.
2355 1913 2404 1963 in
2463 1910 2765 1980 fragmento
2811 1922 3070 1979 prieterea
3125 1912 3195 1967 de
3247 1910 3585 1971 Constantio

1972 1982 2267 2051 Chloro,p.
2291 1980 2418 2040 472.
2437 1982 2642 2050 legatur
2663 1981 2934 2037 Galerium
2960 1984 3253 2051 imperasse
3282 1987 3443 2041 annis
3478 2004 3582 2042 no-

1972 2053 2294 2118 vemdecim,
2327 2067 2547 2108 necesse
2574 2064 2658 2108 est
2702 2063 2758 2106 ut
2790 2054 2841 2108 in
2866 2069 2984 2108 eam
3014 2059 3335 2111 sententiam
3379 2072 3583 2114 conce-

1972 2122 2184 2188 damus,
2218 2140 2339 2193 qnaa
2364 2125 2654 2193 potentiam
2683 2124 2800 2192 ejus
2832 2127 2966 2178 intra
3000 2128 3367 2182 novemde’cim
3396 2144 3581 2185 annos

1972 2204 2207 2267 coercet,
2236 2205 2291 2267 et
2320 2195 2624 2264 quindecim
2654 2195 2773 2249 illos
2800 2212 2968 2249 annos
2993 2211 3087 2262 per
3117 2212 3254 2266 quos
3279 2214 3402 2254 cum
3433 2218 3579 2267 gen-

1973 2264 2115 2337 tibus
2138 2266 2379 2320 barbaris
2412 2268 2649 2325 luctavit,
2676 2268 3095 2337 interpretemur
3117 2264 3308 2337 partim
3340 2271 3414 2325 de
3437 2264 3579 2326 Chel-

1972 2336 2036 2389 lis
2066 2353 2184 2404 mne
2217 2337 2327 2411 illic
2351 2339 2520 2411 gessit
2545 2352 2665 2389 cum
2698 2335 2873 2390 adhuc
2911 2335 3342 2411 privatiisesset,
3372 2344 3579 2411 partim

1974 2419 2252 2477 postquam
2282 2407 2465 2484 Caesar
2490 2409 2664 2484 iactus
2694 2416 2798 2468 est,
2828 2418 2881 2484 et
2911 2409 3057 2463 initia
3077 2407 3421 2484 principatus
3455 2416 3582 2484 ejus

1970 2478 2385 2552 revocemusiad
2417 2477 2675 2552 kalendas
2691 2480 2923 2552 martias
2962 2477 3244 2552 anni295,
3264 2477 3337 2537 ἰιι
3365 2485 3449 2539 sic
3482 2477 3582 2552 per

1968 2564 2141 2625 annos
2166 2548 2650 2625 l55_Cmsar_fu_isse
2670 2549 2775 2625 dici
2800 2553 2965 2618 possit
2989 2567 3129 2605 anno
3152 2551 3278 2619 3l5,
3303 2570 3415 2625 quo
3448 2548 3581 2611 Dio-

1968 2620 2230 2675 cletianus
2257 2620 2508 2689 deposuit
2539 2621 2846 2690 imperium.

2038 2690 2238 2766 Cwsare
2260 2694 2367 2766 [ilio
2396 2708 2507 2766 tito.
2536 2689 2760 2766 Galerii.
2795 2702 2853 2745 ιιι
2880 2693 3094 2762 opinor,
3128 2693 3287 2760 infra,
3316 2710 3442 2766 cap.
3481 2698 3576 2765 55,

1968 2764 2334 2837 commendatis
2380 2761 2579 2837 liicinio
2625 2763 2850 2837 conjuge
2888 2761 2981 2837 sua
3028 2775 3074 2818 et
3123 2767 3255 2833 ﬁlio.
3307 2761 3578 2837 Nttspiatn

1965 2833 2089 2887 alibi
2124 2834 2348 2906 legimus
2388 2832 2603 2906 Galerio
2622 2832 2797 2906 iiliutn
2822 2834 3009 2906 fuisse.
3033 2832 3173 2890 Sane
3196 2837 3240 2891 si
3265 2832 3575 2906 habuisset,

1966 2919 2033 2957 ex
2062 2902 2239 2972 prioi-e
2266 2919 2433 2958 uxore
2474 2902 2770 2958 habuisset.
2803 2904 2921 2972 Qtto
2956 2921 3081 2960 casu
3130 2907 3375 2962 Caesares
3430 2902 3577 2967 duos

1965 2982 2114 3029 extra
2141 2990 2290 3029 suam
2320 2974 2572 3028 familiam
2596 2991 2701 3028 non
2722 2978 3026 3045 quaesiisset
3050 2995 3063 3031 :
3089 2978 3183 3032 sed
3213 2978 3384 3034 lilium
3408 2997 3577 3036 suum

1968 3045 2142 3111 primo
2183 3047 2370 3100 saltem
2407 3047 2522 3100 loco
2559 3048 2913 3101 nominasset.
2947 3049 3023 3102 Ex
3064 3048 3277 3105 Valeria
3325 3067 3436 3105 non
3479 3056 3579 3107 lia-

1966 3116 2098 3170 bttit.
2129 3114 2342 3172 Sterilis
2373 3118 2516 3170 enittt
2550 3117 2668 3182 fuit,
2701 3128 2756 3170 ιιι
2788 3117 2946 3173 docet
2986 3119 3120 3173 infra
3161 3117 3479 3177 Lactantius
3522 3125 3575 3179 in

335 3190 591 3245 Licinium
638 3203 691 3260 vi
722 3205 769 3240 c.
800 3189 1039 3260 anticum.
1068 3186 1214 3260 ldem
1247 3187 1410 3241 tradit
1437 3187 1734 3260 Socrates,
1758 3188 1793 3242 l.
1819 3204 1857 3255 ι,
1887 3186 1933 3250 C
1966 3188 2142 3260 capite
2168 3187 2632 3260 iptinquagesimo.
2678 3188 2802 3242 Ihec
2846 3190 3023 3259 itaque
3062 3191 3409 3260 intelligenda
3440 3206 3576 3250 situt

264 3279 317 3316 c.
352 3264 409 3328 2,
435 3262 523 3315 ubi
555 3261 628 3313 ait
655 3257 925 3312 Galerium
980 3256 1357 3310 Maximianmn
1399 3257 1599 3328 abiisse
1647 3273 1679 3312 e
1722 3259 1851 3326 vita,

263 3326 403 3386 eum»
436 3330 700 3386 Licinium
749 3328 897 3396 prius
948 3330 1328 3395 imperatorem
1364 3326 1680 3394 creavisset,
1716 3340 1862 3384 vete-

265 3418 380 3457 rem
406 3403 662 3465 amicum,
694 3412 751 3452 et
780 3397 1220 3454 contubernalem
1269 3413 1446 3464 suum,
1474 3399 1566 3469 qui
1594 3414 1658 3455 ex
1697 3400 1858 3457 Dacia

262 3481 381 3529 erat
404 3471 681 3527 oriundus.
840 3488 845 3495 ε
1146 3511 1149 3514 ι

336 3542 423 3598 Ne
442 3543 608 3612 [ilium
632 3542 936 3595 nominaret.
970 3539 1082 3611 Ego
1127 3539 1363 3595 arbitror
1384 3541 1528 3596 hunc
1558 3540 1781 3597 istorum
1800 3552 1857 3599 et

261 3614 607 3684 sequentium
659 3613 946 3667 verborum
998 3626 1217 3684 sensum
1250 3626 1392 3667 esse.
1422 3613 1555 3667 Cum
1608 3612 1856 3670 Galerius

260 3683 523 3740 Licinium
556 3683 778 3739 haberet
799 3693 1034 3738 veterem
1061 3683 1292 3738 amicum
1317 3691 1372 3738 et
1390 3684 1850 3754 eontttbernalem,

260 3757 449 3810 bonum
501 3756 710 3820 militia,
740 3764 799 3809 ut
822 3754 988 3809 Taciti
1031 3754 1196 3808 verbo
1225 3763 1363 3815 utar,
1416 3764 1461 3807 et
1516 3756 1741 3809 victoria:
1764 3773 1852 3810 so-

260 3828 420 3893 cium,
477 3827 632 3895 cujus
660 3826 915 3894 consiliis
962 3825 1030 3879 ad
1084 3826 1263 3878 omnia
1311 3825 1548 3896 regenda
1577 3826 1848 3893 utebatur,

261 3900 434 3952 noluit
463 3908 641 3951 tamen
697 3897 845 3950 illum
898 3896 1078 3950 facere
1105 3895 1395 3959 Ctesarem,
1433 3911 1500 3950 ne
1533 3895 1699 3949 filium
1726 3912 1849 3951 eum

262 3970 587 4030 nominaret,
612 3981 737 4021 cum
774 3980 882 4035 quo
907 3981 1004 4035 per
1047 3980 1263 4018 omnem
1288 3969 1447 4019 vitam
1472 3967 1675 4020 vixerat
1704 3967 1851 4023 velut

261 4039 431 4093 frater
463 4054 476 4089 :
510 4038 603 4090 sed
628 4035 898 4090 destinata
940 4036 990 4088 in
1038 4036 1251 4103 longum
1272 4036 1499 4104 jaciens,
1528 4051 1651 4089 eum
1684 4039 1735 4091 in
1766 4040 1848 4092 lo-

259 4124 382 4162 cum
410 4107 730 4169 Constantii,
750 4115 842 4159 aut
870 4106 1014 4159 brevi
1038 4107 1305 4169 morituri,
1327 4116 1419 4160 aut
1444 4116 1590 4161 certe
1621 4122 1715 4177 per
1736 4110 1845 4164 vim

260 4177 607 4242 delttrbaudi,
648 4178 974 4231 substituere
1023 4176 1308 4245 cogitabat,
1342 4186 1399 4230 ιιι
1437 4178 1514 4231 sic
1546 4176 1843 4247 Augustum

260 4260 315 4303 et
345 4252 562 4305 fratrem
596 4255 951 4317 nuncuparet.
985 4246 1115 4300 Nam
1148 4249 1237 4316 qtti
1288 4248 1484 4302 fiebant
1508 4246 1751 4305 Caesares
1792 4253 1843 4307 in

262 4321 496 4374 filiorum
524 4334 808 4374 numerum
839 4318 1144 4381 veniebant,
1173 4327 1229 4371 et
1255 4318 1346 4372 lilii
1379 4324 1735 4388 Augustorum
1761 4324 1844 4377 di-

257 4392 536 4447 cebantur.
566 4390 666 4459 Qui
716 4405 844 4445 vero
895 4389 1337 4457 nuncupabantur
1391 4392 1612 4459 Augusti
1652 4391 1842 4449 fratres

258 4464 647 4531 imperatorum
710 4460 1139 4530 appellabantur,
1173 4468 1228 4513 ut
1277 4476 1438 4531 supra
1489 4461 1719 4518 vidimus
1771 4464 1841 4521 de

260 4533 585 4589 Maximiano
628 4532 899 4588 Herculio.

342 4578 977 4659 iii'éiﬁiiziiamciziEdLi-ei.
1018 4601 1107 4675 Ad
1149 4603 1470 4675 exemplum
1505 4604 1837 4675 Diocletiani,
1868 4578 1922 4638 D

257 4677 345 4745 qui
380 4685 498 4744 post
544 4689 798 4730 emensos
851 4672 1216 4745 novemdecim
1247 4689 1418 4729 annos
1469 4674 1677 4744 imperii
1733 4672 1841 4734 Ro;

259 4743 400 4801 mam
427 4745 835 4809 veniens,iuitia
863 4743 1107 4813 vigesimi
1137 4753 1286 4799 tanto
1314 4743 1571 4813 apparatu
1597 4748 1839 4803 celebra-

257 4817 349 4880 vit,
379 4827 435 4870 ιιι
483 4825 765 4886 propterea
819 4814 1018 4868 dixerit
1067 4814 1261 4869 Sextus
1313 4816 1483 4871 Rufus
1509 4827 1687 4872 notam
1719 4836 1841 4875 esse

257 4902 506 4956 pompam
534 4886 794 4958 victoriae,
817 4901 950 4958 quae
977 4887 1077 4958 sub
1107 4886 1440 4958 Diocletiano
1488 4890 1727 4958 principe
1756 4906 1839 4945 re-

254 4954 459 5024 portata
486 4958 552 5012 de
579 4956 757 5011 Persis
785 4964 890 5013 est.
921 4954 1028 5010 Sed
1062 4955 1286 5012 multum
1316 4972 1383 5016 eo
1414 4954 1653 5026 tempore
1668 4954 1844 5014 dista-

249 5028 344 5083 bat
362 5027 609 5084 Galerius
628 5042 657 5080 a
674 5026 1037 5082 vicennalibus
1061 5027 1329 5082 suis.Nam
1347 5044 1413 5083 ex
1441 5030 1616 5097 capite
1641 5028 1709 5083 55
1739 5030 1834 5085 Ιιιι-

248 5098 336 5166 jus
384 5099 507 5153 libri
553 5097 821 5168 colligitur
862 5113 924 5153 ea
977 5099 1240 5155 celebrari
1298 5100 1547 5152 debuisse
1590 5097 1833 5156 kalendis

252 5169 496 5234 martiis,
553 5183 672 5238 qua:
718 5178 944 5224 mortem
993 5169 1112 5239 ejus
1138 5170 1441 5225 subsecuta:
1485 5178 1626 5222 sunt.
1668 5168 1832 5240 Igitur

251 5251 496 5295 mortuus
530 5250 615 5295 est
642 5255 783 5294 anno
809 5256 873 5296 ex
905 5256 1012 5311 quo
1042 5240 1223 5295 Caesar
1273 5240 1443 5292 factus
1491 5248 1576 5293 est
1618 5241 1830 5298 decimo

249 5326 396 5366 nono
422 5311 786 5377 iueunte,cum
809 5312 1004 5368 abierit
1033 5326 1216 5365 mense
1245 5311 1499 5378 ntai0,qui
1527 5312 1615 5364 fuit
1645 5316 1827 5378 proxi-

250 5397 369 5435 mus
416 5391 542 5437 ante
566 5382 709 5438 diem
740 5382 1115 5437 vicennalium.
1146 5380 1482 5435 Morttitnest
1504 5393 1680 5436 autem
1704 5400 1823 5440 cum

246 5463 428 5522 ageret
458 5463 703 5508 octavum
766 5458 1124 5522 consulatum,
1158 5461 1213 5504 ut
1240 5450 1493 5520 scriptmn
1523 5463 1603 5506 est
1643 5455 1693 5507 in
1730 5458 1827 5512 hac

249 5521 473 5579 historia
501 5535 556 5578 et
581 5527 632 5578 in
681 5524 853 5578 Fastis
897 5521 1167 5578 ldatianis.
1201 5527 1289 5583 At,
1323 5526 1366 5574 si
1396 5522 1492 5577 ista
1518 5540 1641 5577 vera
1675 5538 1820 5591 sunt,

1965 3257 2034 3335 de
2063 3256 2430 3335 Candidiano_.
2464 3259 2553 3335 qui
2590 3260 2750 3335 paulo
2780 3270 2899 3329 post
2937 3256 3265 3335 nominatur,
3296 3274 3350 3318 et
3398 3280 3572 3335 quem

1964 3328 2277 3384 Lactantius
2325 3329 2461 3383 infra
2516 3330 2587 3403 in
2627 3328 2817 3402 eodem
2880 3333 3055 3401 capite
3084 3328 3573 3403 iqttinquage'simo

1962 3410 2183 3455 annotat
2238 3417 2305 3455 ex
2362 3400 2660 3455 concubina
2714 3400 2953 3462 natum,
2992 3417 3021 3456 a
3083 3400 3296 3458 valeria
3351 3404 3570 3463 Galerii

1962 3485 2129 3525 uxore
2157 3473 2469 3598 adaptatum
2501 3472 2569 3525 ob
2598 3472 2962 3537 sterilitatem,
2991 3490 3054 3527 ac
3076 3474 3408 3598 desgonsum
3433 3480 3579 3533 tiliae

1962 3546 2205 3598 sentenni
2287 3542 2506 3597 aximini
2542 3543 2785 3598 Augusti.
2822 3545 2971 3598 llunc
3000 3559 3131 3598 erao
3188 3547 3435 3598 ‘azsarem
3483 3552 3571 3598 fa-

1960 3546 2205 3612 septenni
2235 3542 2506 3598 Maximini
2542 3543 2785 3612 Augusti.
2822 3545 2971 3615 liunc
3000 3559 3131 3615 ergo
3161 3542 3435 3602 Caesarem
3483 3552 3571 3603 fa-

1958 3627 2083 3669 cere
2110 3616 2417 3670 desunabat
2447 3623 2596 3684 pater
2633 3623 2751 3682 post
2782 3614 3051 3670 celebrata
3072 3614 3403 3672 ’vicennalia.
3448 3623 3568 3676 Uc-

1956 3684 2101 3739 cisus
2126 3696 2209 3740 est
2233 3696 2411 3740 autem
2450 3700 2480 3739 a
2516 3684 2724 3740 Licinio
2762 3684 3131 3742 Candidianus
3167 3702 3313 3743 anno
3349 3687 3569 3748 Christi

1957 3755 2082 3819 515,
2106 3759 2278 3811 aeutis
2299 3771 2409 3811 suae
2434 3757 2521 3811 16.

2029 3825 2152 3896 Ipse
2185 3827 2477 3902 deponeret.
2509 3826 2819 3902 Imperium.
2853 3826 3209 3902 Meditabatnr
3235 3845 3367 3902 ergo
3391 3830 3565 3889 Gale-

1955 3898 2069 3952 rius
2098 3899 2460 3953 secessionem
2499 3913 2526 3950 a
2557 3897 2832 3966 republica
2865 3909 2983 3966 post
3022 3897 3447 3958 celebrationem
3478 3907 3566 3960 vi-

1953 3969 2278 4034 cennalium,
2312 3978 2369 4022 ut
2399 3969 2666 4023 fortunam
2713 3969 3027 4025 Diocletiani
3070 3972 3398 4028 imitaretur.
3442 3975 3560 4032 Sed

1955 4039 2096 4095 Deus
2126 4049 2316 4113 cuncta
2348 4039 2498 4113 illius
2519 4041 2753 4109 cogitata
2789 4040 3058 4113 dissolvit.
3088 4041 3220 4096 Nam
3253 4059 3432 4113 neque
3473 4049 3561 4103 vi-

1950 4113 2195 4165 cennalia
2236 4111 2547 4178 celebravit,
2579 4122 2752 4180 neque
2780 4111 3171 4167 Candidiaunm
3200 4114 3325 4171 fecit
3345 4111 3558 4174 Cresa-

1951 4197 2088 4247 rem,
2120 4197 2218 4238 nec
2247 4183 2505 4254 consequi
2536 4184 2706 4253 potuit
2730 4184 2825 4237 otii
2855 4184 3218 4240 dulcedinem.

2539 4294 2769 4351 CAPUT
2809 4293 2953 4351 XXI.

2018 4390 2407 4462 Torquebantur
2419 4390 2735 4446 decuriones.
2756 4390 2887 4445 Rem
2921 4392 3077 4445 istam
3101 4394 3383 4449 annotavit
3407 4394 3552 4452 Lac-

1947 4463 2146 4519 tantius
2175 4474 2425 4532 tanquam
2463 4471 2637 4516 actam
2673 4472 2861 4516 contra
2901 4464 2989 4529 jus
3028 4471 3083 4517 et
3136 4477 3366 4520 morem.
3412 4467 3550 4524 Nam

1941 4533 2066 4604 jure
2105 4535 2247 4589 civili
2292 4534 2658 4588 Romanorum
2699 4548 2805 4587 non
2843 4533 3041 4588 licebat
3081 4542 3337 4603 torquere
3375 4538 3550 4592 decu.

1948 4605 2148 4669 riones,
2175 4614 2231 4659 ut
2250 4614 2405 4675 patet;
2421 4619 2486 4658 ex
2509 4604 2735 4675 epistola
2755 4605 3092 4659 Constantini
3119 4604 3185 4659 ad
3209 4606 3548 4665 Probiauum

1945 4673 2555 4746 proconsulémAfricaz.
2585 4674 2763 4743 Quare
2784 4675 3069 4746 Baronitts,
3097 4676 3163 4729 ad
3186 4692 3388 4733 annuat
3410 4679 3544 4745 5M,

1943 4747 2197 4822 admonet
2223 4746 2354 4801 Acta
2386 4746 2717 4822 purgationis
2757 4745 3248 4822 Felicis,_episcopi
3276 4748 3545 4822 Aptungi-

1943 4819 2077 4883 tani,
2120 4825 2371 4886 corrupta
2410 4817 2795 4888 esse_e0~loco
2826 4817 2914 4872 ubi
2953 4816 3202 4872 IEliauus
3247 4816 3545 4888 proconsul

1942 4888 2020 4942 ait
2048 4888 2113 4942 ad
2145 4888 2444 4959 lugentium
2479 4886 2639 4941 :Noli
2668 4889 2838 4958 itaque
2867 4888 2957 4942 tibi
2982 4889 3227 4953 blandiri,
3250 4886 3392 4959 quod
3422 4909 3544 4948 eam

1944 4960 2070 5032 mihi
2091 4957 2232 5012 dicas
2265 4957 2359 5013 Dei
2387 4959 2631 5032 cultorem
2652 4968 2700 5012 te
2724 4957 2851 5032 esse,
2876 4975 2938 5013 ac
2967 4970 3239 5032 propterea
3266 4957 3379 5016 non
3420 4980 3544 5032 pos-

1942 5030 2303 5105 s_is_torqueri;
2342 5039 2409 5105 et_
2436 5030 2756 5084 decurionem
2795 5030 3080 5105 legendum
3118 5030 3248 5105 _heic
3277 5030 3542 5105 esse‘pro

1942 5098 2041 5153 Dei
2069 5102 2335 5156 cultorem.
2377 5101 2569 5156 Postea
2600 5110 2799 5169 tamen,
2835 5098 2891 5156 ut
2930 5098 3039 5156 illic
3079 5102 3331 5158 observat
3374 5098 3539 5160 Baro-

1941 5173 2084 5238 nius,
2132 5172 2515 5227 Constantinus
2558 5172 2729 5241 legem
2772 5174 2911 5241 tulit,
2956 5185 3013 5228 ut
3056 5174 3382 5231 decuriones
3427 5185 3539 5232 tor-

1939 5246 2089 5312 queri
2120 5244 2307 5298 liceret
2331 5243 2384 5297 in
2414 5243 2641 5297 crimine
2669 5242 2808 5298 falsi.

2013 5313 2499 5388 Perfectissimitiiri.
2522 5313 2849 5388 Lactantius,
2871 5315 2964 5369 lib.
2982 5332 3014 5369 v
3028 5316 3263 5371 Institut.
3288 5333 3413 5388 cap.
3432 5319 3531 5373 15:

1940 5382 2104 5456 Nemo
2119 5382 2521 5456 perfectissimus
2548 5384 2647 5438 nisi
2675 5382 2763 5454 q'ui
2788 5403 2961 5440 ontnes
3003 5388 3194 5455 gradus
3223 5382 3533 5456 impleverit.

1935 5455 2427 5511 Pet-foetissimatus
2458 5456 2708 5526 dignitas.
2735 5466 2795 5511 ut
2830 5458 2904 5511 ait
2944 5457 3185 5512 Valesius
3212 5460 3281 5513 ad
3318 5462 3408 5513 lib.
3445 5478 3533 5516 ιχι

1934 5529 2202 5597 Aminiam
2235 5526 2545 5592 Marcellini,
2576 5529 2753 5580 minor
2791 5538 2909 5582 erat
2944 5529 3340 5597 clarissimatu;
3389 5544 3445 5586 et
3477 5543 3535 5586 ιιι

242 5600 512 5662 quomodo
539 5597 651 5649 fieri
684 5606 857 5660 potest
902 5605 958 5646 ut
984 5591 1232 5647 Galerius
1287 5593 1629 5661 imperaverit
1669 5601 1822 5654 annis

244 5676 418 5737 unoet
450 5667 673 5737 viginti?
694 5664 797 5737 Tot
830 5664 970 5737 enim
998 5675 1346 5737 numerantur
1368 5682 1396 5717 a
1422 5668 1704 5720 consulatu
1731 5668 1821 5724 Ti-

237 5735 442 5791 beriani
474 5733 527 5791 et
555 5736 754 5796 Dionis,
783 5751 889 5803 quo
916 5733 1162 5788 Galerius
1191 5734 1384 5790 dicitur
1414 5737 1584 5790 factus
1612 5740 1815 5805 Caesar,

237 5819 406 5882 usque
440 5808 509 5868 ad
533 5805 867 5866 consulatum
909 5806 1026 5877 ejus
1073 5816 1339 5865 octavum.
1374 5807 1574 5867 Deinde
1618 5809 1735 5881 ipse
1763 5813 1817 5872 in

1930 5595 2227 5652 Clarissimi
2255 5598 2393 5668 apud
2434 5600 2742 5667 praelectum
2784 5599 2900 5652 urbi
2933 5595 3418 5665 conveniebantur,
3454 5604 3533 5658 sic

1929 5668 2306 5738 perfectissimi
2334 5673 2474 5739 apud
2503 5670 2755 5723 vicariam
2782 5671 3177 5738 pra-tecturam.
3208 5671 3341 5726 Vide
3362 5674 3530 5730 etiam

1930 5750 2084 5794 notas
2110 5740 2354 5795 Balduini
2400 5745 2451 5794 in
2487 5741 2731 5795 liumenii
2762 5744 3063 5796 orationem
3103 5742 3177 5796 de
3207 5742 3418 5799 scholis
3448 5747 3530 5800 itt-

1926 5812 2258 5883 stauramlis,
2281 5812 2551 5887 Juretuiu,
2583 5814 2638 5873 in
2676 5813 2819 5877 notis
2852 5813 2923 5873 ad
2966 5812 3252 5889 epistolam
3288 5813 3364 5883 .40
3403 5816 3530 5885 libri
