3800 6250
195 304 292 367 337

899 292 1108 354 ΝΟΤᾸΞ
1142 293 1213 355 IN
1252 294 1382 355 LIB.
1426 298 1515 355 DE
1554 297 1909 360 MORTIBUS
1945 302 2323 364 PERSECUT.
2363 306 2516 365 CAP.
2556 309 2747 367 XXIV.

3365 317 3473 375 338

188 410 725 497 decimiﬁymmachi,
762 420 818 470 et
850 411 1111 497 Iacobum
1139 414 1555 497 Cpthol'redum,
1578 416 1644 471 ad
1672 432 1766 471 co-
1796 419 1850 477 A
1878 421 2100 497 t_i_nehat,
2129 422 2345 477 modum
2368 438 2616 493 agrorum
2652 434 2709 483 et
2739 439 3018 481 numerum
3044 426 3277 497 capitum
3296 469 3310 494 ,
3354 438 3462 486 tam

189 497 352 549 dicent
380 487 838 549 Thcodosianum,
875 494 912 538 ι.
948 501 1110 555 nt,-p.
1137 487 1264 542 418.

254 564 569 634 Gynazceum.
600 557 861 634 Gymecea
885 597 901 623 ,
935 565 991 611 ut
1013 573 1134 634 .vax
1153 558 1280 634 ipsa
1310 557 1566 634 loquitur,
1593 569 1763 634 crant

187 627 581 691 loca'dcstinata
621 627 874 696 operibus
916 627 1289 691 muliebribus,
1334 630 1386 681 in
1428 645 1547 697 qua:
1589 630 1761 684 inter-

184 708 300 760 dum
350 718 523 772 ρωιιςιι
574 701 686 753 loco
722 697 1134 772 dejiciehantur
1162 709 1217 753 et
1256 697 1366 772 viri
1399 708 1461 772 et?
1499 699 1755 772 fremitus.

184 777 328 833 Plura
351 769 418 828 ile
447 772 596 825 istius
613 769 754 823 modi
784 772 1055 839 gynaeceis
1085 769 1395 824 observavit
1416 771 1498 823 vir
1524 771 1762 825 clarissi-

182 864 292 901 mus
334 843 562 899 Carolus
608 839 926 894 Dufrcsnius
975 841 1026 894 in
1071 855 1171 895 suo
1214 840 1512 901 Glossario,
1561 854 1616 895 et
1661 858 1761 898 nos

181 923 328 973 etiam
361 917 411 970 in
437 914 577 967 notis
593 911 657 964 ad
678 911 1033 979 chinouem,
1058 926 1115 981 p.
1148 911 1276 976 568,
1303 920 1358 966 et
1386 911 1452 966 ad
1482 911 1758 981 Capitula-

182 990 275 1054 ria,
319 1005 368 1055 p.
414 984 573 1040 1009.
608 982 748 1055 Vide
791 996 1006 1052 quoque
1030 980 1228 1037 Valesii
1273 980 1655 1039 annotationes
1694 984 1759 1039 ad

181 1054 480 1120 Eusebium,
514 1071 567 1125 p.
595 1054 659 1107 21
674 1055 693 1110 l
708 1092 722 1105 .

243 1122 531 1184 Luserium.
553 1124 866 1190 Theatrum,
892 1122 1008 1178 sive
1030 1122 1510 1192 amphitheatrum,
1533 1123 1626 1180 ubi
1647 1123 1759 1180 ludi

179 1201 361 1270 publici
406 1197 725 1270 edebantur,
774 1205 836 1270 ut.
883 1194 1154 1270 pluribus
1167 1195 1422 1270 pstendit
1455 1195 1756 1270 idern‘Du-

177 1262 413 1326 iresnius.
440 1268 743 1331 Salvianus,
775 1262 1058 1335 lih.'v1,‘p.
1092 1265 1198 1319 ΗΞ
1223 1262 1474 1320 secunda:
1503 1266 1758 1322 editionis

176 1352 361 1397 nostra;
391 1358 403 1392 :
441 1339 689 1407 Equidem
718 1339 835 1404 quia
866 1338 1076 1406 longum
1101 1345 1174 1390 est
1205 1353 1338 1390 nunc
1367 1337 1534 1391 dicere
1562 1337 1625 1390 de
1649 1354 1757 1392 om-

176 1415 331 1474 nibus,
358 1409 752 1478 amphitheatris
784 1407 1010 1478 scilicet,
1048 1408 1210 1472 odeis,
1245 1409 1453 1478 lusoriis
1472 1450 1484 1469 .
1519 1409 1718 1478 pompis
1739 1449 1756 1476 ,

176 1484 387 1546 athletis,
420 1477 528 1535 etc.
554 1479 686 1535 Acta
716 1488 920 1533 sancta:
959 1477 1237 1547 Seraphia:
1280 1477 1500 1548 virginis
1526 1490 1581 1533 et
1611 1496 1755 1534 utar-

176 1555 319 1626 tyris,
347 1568 466 1621 cap.
515 1552 553 1605 5
588 1569 601 1603 :
638 1550 835 1605 Prteses
860 1565 976 1604 vero
1007 1560 1120 1618 post
1159 1549 1537 1626 tertiumdiem
1556 1552 1756 1626 paravit

176 1620 404 1680 lusorium
429 1633 579 1675 trans
608 1631 812 1690 pontem
837 1637 992 1688 super
1018 1636 1196 1674 arcum
1215 1620 1421 1685 Albini,
1451 1622 1537 1674 ubi
1562 1622 1756 1676 solebat

174 1697 274 1763 ﬁeri
323 1695 564 1749 themela.
611 1693 767 1747 Aliud
814 1700 939 1747 sunt
985 1690 1203 1763 lusoria:
1244 1691 1391 1763 apud
1444 1691 1752 1762 Vopiscum,

173 1762 325 1821 naves
376 1765 634 1819 nimirum
666 1804 680 1827 ,
719 1778 854 1833 quas
901 1763 1129 1816 Romani
1169 1762 1440 1817 habebant
1483 1764 1535 1832 in
1578 1764 1751 1818 [lumi-

175 1839 315 1892 nibus
363 1852 484 1906 qua:
538 1835 837 1888 Romanum
887 1833 1172 1903 imperium
1224 1833 1682 1906 distertninabant
1722 1849 1753 1890 a

175 1904 419 1972 barbaris,
449 1920 673 1974 semper
715 1906 1006 1959 instructas
1042 1913 1097 1958 et
1138 1914 1349 1973 paratas
1390 1904 1455 1958 ad
1486 1905 1754 1960 arcendos

175 1996 343 2034 eorum
379 1979 646 2032 transitus
688 1984 745 2031 et
789 1976 1056 2039 incursus,
1088 1984 1144 2028 ut
1187 1976 1420 2044 explicat
1458 1975 1753 2032 Salmasius

174 2051 222 2104 in
259 2051 391 2104 notis
420 2049 488 2103 ad
539 2047 791 2103 eumdem
823 2046 1137 2117 Vopiscum,
1174 2060 1227 2117 p.
1272 2046 1401 2101 475.
1458 2049 1530 2101 De
1559 2047 1754 2117 quibus

172 2122 320 2176 etiam
361 2119 481 2175 fuse
504 2119 639 2189 ragit
664 2117 898 2189 Jacobus
927 2116 1290 2189 Gothofredus
1329 2117 1395 2170 ad
1441 2118 1519 2171 tit.
1552 2118 1754 2173 codicis

173 2191 423 2246 Tlteodos.
470 2186 583 2244 υἱ
606 2189 811 2244 lusoriis
857 2186 1105 2242 Danubii.
1152 2187 1291 2240 Alibi
1341 2188 1572 2243 lusorias
1612 2190 1753 2243 idetn

174 2265 298 2318 valet
324 2279 385 2316 ac
405 2261 525 2318 deri
537 2262 737 2322 sorius,
763 2268 821 2313 ut
848 2261 901 2312 in
928 2260 1064 2314 libro
1090 2274 1240 2322 smn,
1272 2257 1536 2327 Digestor.
1559 2261 1598 2315 l.
1615 2261 1711 2315 ult.
1735 2278 1749 2313 :

175 2334 249 2388 Ne
268 2334 384 2403 quid
412 2335 465 2386 in
495 2333 618 2387 loco
650 2332 852 2403 publico
879 2329 1114 2403 βαι-.-ιιὺὶ
1145 2331 1217 2403 ita
1247 2329 1441 2403 legitur
1470 2348 1482 2382 :
1516 2330 1616 2403 Qui
1651 2331 1749 2384 ad-

172 2400 327 2460 versus
352 2405 584 2459 edictum
614 2402 846 2472 praetoris
882 2400 1231 2468 aediﬁcaverit,
1272 2401 1448 2454 tollere
1478 2402 1756 2469 cedi/icium

175 2476 319 2530 debet.
347 2476 599 2545 Alioquin
635 2478 789 2545 inane
824 2482 870 2526 et
913 2472 1163 2545 lusorium
1203 2472 1435 2545 primoris
1486 2473 1757 2545 imperium

175 2549 273 2600 erit.
318 2547 444 2601 Item
475 2541 734 2608 Seneca,
760 2543 852 2598 lib.
884 2558 917 2596 v
941 2541 1012 2597 de
1054 2542 1289 2597 Benelic.
1334 2557 1455 2611 cap.
1488 2543 1521 2597 8
1552 2561 1566 2598 :
1608 2542 1755 2596 Velut

176 2618 403 2670 lusorium
444 2634 640 2672 nomen
668 2616 840 2670 statim
866 2615 1076 2667 transit.
1111 2612 1264 2682 Apud
1302 2613 1551 2668 eumdem
1593 2614 1753 2683 epist.

177 2690 268 2744 80:
300 2688 681 2759 Spectaculumi
697 2702 798 2740 non
821 2685 971 2754 ﬁdele
997 2696 1047 2738 et
1073 2684 1343 2759 lusorium.
1364 2684 1432 2759 E_t
1456 2685 1507 2738 in
1530 2684 1756 2759 epistola

177 2754 353 2815 Gelasii
380 2775 541 2829 papa:
562 2758 626 2813 ad
645 2758 1027 2829 Euphemiutu,
1048 2755 1356 2829 episcopum
1379 2754 1759 2829 Constantino-

176 2826 473 2898 politanum,
544 2830 633 2885 ubi
687 2829 768 2884 sic
814 2828 973 2898 vulgo
1016 2826 1210 2895 legitur
1252 2843 1264 2879 :
1300 2828 1402 2898 Aut
1447 2829 1514 2880 ad
1561 2827 1759 2880 ueniam

179 2896 379 2956 luserim
404 2903 467 2956 de
491 2917 582 2955 me
605 2896 933 2971 cognosceris
946 2900 1054 2971 ista
1069 2896 1428 2971 jucturetl’ro
1454 2913 1560 2966 quo
1577 2898 1757 2971 inve-

177 2972 468 3028 tustissimis
491 2980 560 3027 et
587 2968 806 3040 optimis
835 2968 1113 3040 codicibus
1139 2983 1270 3022 mss.
1295 2968 1552 3040 Ecclesiae
1574 2968 1757 3040 Bello-

179 3045 403 3099 vaceusis
448 3053 505 3099 et
559 3038 874 3098 monasterii
918 3038 1263 3109 Coi-bejensis
1301 3039 1560 3108 scriptum
1604 3038 1756 3093 vidi:

180 3117 266 3169 Aut
292 3115 354 3167 da
378 3115 609 3178 ueniant,
641 3112 829 3183 lusorie
869 3113 931 3164 de
957 3127 1038 3164 me
1069 3111 1386 3183 cognosceris
1416 3112 1515 3164 ista
1533 3113 1756 3183 jactare.

1873 492 2359 567 liberorumquam
2399 492 2674 551 servilium
2702 540 2718 563 ,
2757 508 2814 552 ut
2842 498 3086 567 pluribus
3112 492 3324 553 erudite
3366 516 3465 555 suo

1867 578 2020 620 more
2039 565 2281 634 explicat
2306 565 2570 623 Henricus
2598 565 2936 623 Valesins’ad
2962 567 3309 623 Ammianum
3331 570 3466 626 Mar-

1864 635 2140 702 cellinum,
2164 650 2216 704 p.
2245 637 2369 691 167.
2393 637 2660 693 Caeterum
2690 639 2775 694 hic
2805 639 3066 693 Lactantii
3090 640 3238 695 locus
3259 642 3460 695 contir-

1867 717 1979 761 mat
2020 707 2734 779 conjecturatndoctissimi
2768 711 2866 763 viri
2899 709 3084 764 Jacobi
3121 709 3461 779 Cothofredi,

1864 779 1955 847 qui
1976 776 2104 851 cxi.
2136 792 2176 830 ιι
2205 777 2326 832 cod.
2361 778 2659 851 Thendos.,
2691 780 2764 832 De
2779 796 2955 847 censu,
2978 781 3195 851 collegit
3217 776 3466 839 mutatio-

1865 863 1990 922 nem
2018 847 2253 922 aliquam
2289 864 2319 901 a
2357 848 2576 922 Galerio
2615 850 2935 922 Maximiano
2968 847 3165 906 lactant
3210 867 3335 908 esse
3373 869 3468 922 per

1864 918 2094 990 Lyciam
2126 926 2182 990 et
2224 919 2596 990 Pamphyliam
2641 932 2760 989 post
2802 921 3198 977 abdicationem
3249 918 3460 978 Diocle-

1863 987 2296 1076 tiauinnimirum
2312 987 2572 1076 urbanam
2587 987 2800 1076 plebem
2812 993 3125 1076 capitationi
3142 993 3462 1076 subiectam.

1862 1059 2109 1135 Quales
2139 1074 2388 1135 magnam
2428 1059 2670 1132 profecto
2701 1059 2895 1119 lucem'
2916 1064 3111 1135 accipit
3145 1081 3214 1120 ex
3241 1059 3349 1120 isto
3375 1081 3464 1121 ca-

1862 1132 1976 1199 pite
2003 1129 2295 1185 Lactantii.

1939 1200 2089 1256 Serui
2110 1210 2291 1274 contra
2315 1203 2570 1260 dominos.
2605 1205 2809 1274 Regula
2845 1205 2983 1273 juris
3009 1214 3113 1269 est,
3160 1215 3219 1260 ut
3257 1204 3464 1263 Casau-

1849 1271 2147 1348 bonusait
2186 1272 2256 1327 ad
2293 1274 2538 1348 Flavium
2586 1271 2902 1347 Vopiscum,
2944 1292 3162 1331 servum
3210 1279 3263 1331 in
3304 1288 3466 1348 caput

1862 1343 2067 1417 domini
2098 1358 2207 1417 non
2234 1358 2396 1412 posse
2421 1343 2764 1417 interrogari.
2796 1347 2902 1403 Sed
2928 1357 3154 1417 excepta
3184 1358 3310 1404 sunt
3334 1343 3467 1404 con-

1862 1413 2146 1469 stitutione
2176 1413 2364 1487 Severi
2387 1416 2596 1487 aliquot
2633 1413 2883 1483 crimina,
2925 1413 3198 1481 adulterii.
3234 1420 3467 1476 fraudati

1861 1498 2060 1559 census
2112 1494 2167 1539 et
2212 1486 2533 1559 majestatis.
2614 1489 2761 1543 Hanc
2807 1490 2968 1559 igitur
3023 1490 3465 1559 constitutionem

1863 1554 1983 1629 lege
2008 1570 2103 1610 sua
2134 1556 2281 1629 antiq
2293 1559 2431 1629 navit
2458 1559 2676 1614 Tacitus
2698 1554 3009 1629 impérator.
3034 1558 3282 1616 Galerius
3308 1577 3466 1617 revo-

1862 1626 2241 1700 _cavit_,_enescio
2265 1643 2334 1681 an
2364 1628 2482 1700 lege
2510 1631 2637 1694 lata.
2677 1626 2827 1700 certe
2854 1631 2906 1685 in
2944 1631 3288 1686 executioue.
3321 1632 3465 1687 Pau-

1833 1695 1965 1773 -lus,
2004 1696 2099 1751 lib.
2141 1714 2159 1751 ι
2186 1695 2459 1767 δθιιιειιιῖ,
2506 1702 2586 1773 tit.
2623 1703 2690 1756 15
2720 1719 2734 1753 :
2768 1699 2832 1755 In
2868 1712 3024 1770 caput
3052 1703 3249 1757 domini
3271 1713 3463 1773 patro-

1860 1767 1992 1844 niue,
2023 1784 2115 1823 nec
2141 1785 2335 1844 servus,
2361 1787 2455 1844 nec
2481 1771 2692 1826 libertus
2717 1767 3027 1844 interrogari
3053 1783 3237 1843 potest.

1935 1838 2063 1903 Qua:
2104 1840 2338 1914 uictares.
2371 1841 2574 1909 Primo,
2606 1844 2779 1898 secuti
2819 1838 2974 1899 vetus
3003 1838 3299 1914 exemplar,
3345 1844 3467 1900 edi-

1859 1908 2115 1964 deramus
2148 1927 2160 1961 :
2193 1910 2322 1977 Quae
2347 1908 2565 1967 veteres.
2599 1914 2789 1970 Postea
2820 1915 3127 1970 emendatio
3167 1908 3229 1970 se
3273 1908 3468 1971 Obtulit

1859 1980 2099 2055 ingenio.
2133 1980 2338 2055 Deinde
2367 1985 2709 2053 reposuimus
2735 1986 2898 2039 etiam
2927 2002 3015 2053 ea,
3053 2000 3151 2055 pro
3177 1995 3245 2041 et.

1933 2049 2197 2121 Trajanus
2234 2051 2413 2107 Dacis.
2430 2049 2698 2111 'Galerius
2741 2057 2885 2111 enim
2921 2049 3274 2112 Ma'xi'ntianus
3316 2064 3467 2112 ortus

1859 2131 1978 2176 erat
2015 2138 2046 2179 e
2076 2123 2234 2197 Dacia
2261 2125 2488 2197 ripensi,
2517 2142 2550 2182 e
2589 2127 2712 2182 loco
2737 2142 2897 2197 quem
2938 2127 3054 2196 ipse
3084 2128 3464 2183 Romulianum

1859 2207 1927 2267 ex
1952 2195 2172 2267 nomine
2202 2194 2448 2267 Romula:
2490 2198 2681 2253 matris
2717 2194 3027 2267 appellavit.
3064 2198 3203 2253 haud
3238 2199 3396 2267 longe
3435 2196 3489 2252 a'

1862 2263 2107 2336 sardica,
2141 2275 2199 2319 ιιι
2239 2265 2437 2319 docent
2469 2263 2770 2336 Eutropius
2792 2263 2859 2325 ἐι
2886 2269 3153 2324 Eusebius
3201 2270 3256 2323 in
3297 2263 3470 2324 Chro-

1863 2334 2008 2416 nico.
2037 2335 2167 2389 Duae
2190 2352 2350 2405 porro
2364 2336 2590 2416 ITrajani
2613 2334 2993 2416 eitpeditiones
3014 2341 3069 2394 in
3097 2341 3270 2416 Dacos
3292 2340 3469 2406 fuere,

1860 2408 2036 2474 prima
2089 2418 2284 2480 quarto
2326 2408 2805 2480 ejusiconsulatu,
2857 2412 3027 2466 altera
3075 2412 3289 2480 quinto,
3337 2426 3464 2466 cum

1861 2486 2073 2530 sextum
2098 2477 2208 2545 jam
2238 2492 2439 2532 annum
2462 2479 2774 2545 imperaret,
2807 2490 2864 2535 ut
2899 2482 2966 2535 ad
2996 2477 3336 2547 Spartiannm
3366 2483 3466 2537 ob—

1862 2548 2105 2601 servavit
2131 2547 2508 2603 Casaubonus.
2542 2551 2608 2605 Et
2633 2551 2938 2619 Xiphilinus
2963 2551 3181 2620 quidem
3205 2567 3271 2606 ex
3298 2552 3468 2608 Dione

1862 2629 2256 2691 commemorat
2327 2629 2609 2691 utramque
2670 2622 2883 2691 Trajani
2947 2622 3345 2690 expeditionem
3410 2623 3465 2677 in

1863 2687 2041 2761 Dacos
2071 2707 2084 2742 :
2113 2689 2209 2742 sed
2258 2690 2445 2761 nullibi
2479 2687 2727 2747 meminit
2757 2687 2940 2746 t'rihuti
2981 2687 3061 2747 eis
3090 2694 3361 2761 imperati.
3390 2694 3463 2748 Il-

1864 2757 1957 2811 lud
1994 2768 2204 2833 tantum
2246 2758 2602 2833 ait,il).~tciam
2649 2764 2842 2817 factum
2886 2763 3051 2818 fuisse
3093 2757 3458 2833 provinciam;

1862 2830 2009 2903 quod
2038 2830 2201 2884 etiam
2235 2832 2397 2903 tradit
2423 2832 2638 2887 Flavius
2669 2833 2933 2903 Vopiscus
2960 2834 3012 2888 in
3044 2830 3106 2887 DL
3140 2834 3456 2890 Aureliano.

1867 2899 2135 2965 Sed,cum
2163 2917 2224 2954 ca
2257 2901 2416 2956 fuerit
2441 2912 2588 2957 certa
2616 2919 2679 2958 ac
2704 2899 2957 2960 constans
2976 2905 3156 2974 regqu
3183 2906 3322 2975 apud
3350 2906 3461 2960 Ito-

1865 2985 2078 3045 manos,
2095 2980 2155 3045 ut
2176 2988 2527 3041 quaecumque
2545 2989 2679 3043 gens
2705 2992 2823 3044 utne
2846 2978 2897 3030 in
2925 2976 3215 3045 provinciae
3237 2976 3462 3031 formam

1866 3041 2087 3116 redacta
2136 3044 2307 3116 fuerat
2347 3041 2623 3116 vectigalis
2684 3041 2850 3112 esset,
2893 3041 2956 3101 ac
3000 3048 3181 3116 populi
3232 3047 3461 3101 Romani

1866 3114 2201 3187 magistratui
2227 3114 2501 3187 obediret,
2532 3117 2985 3186 quemadmodum
3003 3114 3264 3173 ’oh'servat
3303 3118 3461 3187 Sigo-

180 3184 344 3268 Npque
367 3177 618 3268 insolens
647 3193 731 3268 est
761 3182 848 3236 hic
881 3197 1053 3268 ειη-ος.
1080 3177 1349 3268 _0bservat
1375 3185 1518 3235 enim
1533 3177 1753 3268 'Slalnta-
1788 3177 1836 3242 C
1867 3177 1989 3238 nius
2031 3185 2084 3239 in
2123 3185 2259 3240 libro
2308 3177 2584 3268 pritno'd'e
2625 3188 2750 3268 j_u_re
2794 3188 3219 3268 Provinciarum,
3265 3177 3463 3268 ambigi

180 3252 278 3310 sius
305 3259 352 3310 iu
393 3258 513 3312 loco
565 3255 738 3326 paulo,
764 3252 1184 3326 ante_laudato,_
1209 3268 1325 3326 pro;
1345 3267 1411 3306 eo
1433 3253 1591 3326 quod
1618 3252 1752 3326 ipse

181 3326 305 3399 apud
332 3323 627 3399 Vopiscum
658 3324 1135 3399 edidit,_Romanas
1166 3323 1385 3399 lusorias
1424 3323 1626 3399 barbari
1661 3324 1752 3399 in-

182 3393 461 3465 cendissent,
494 3401 666 3467 vulgo
705 3394 897 3451 excudi
936 3396 1178 3467 solitum,
1209 3393 1470 3467 Romanas
1501 3394 1752 3467 luxurias.

184 3467 243 3523 Et
264 3464 489 3524 lacubus
540 3464 901 3524 Gothofredus
931 3466 984 3520 in
1025 3467 1144 3519 loco
1182 3465 1344 3534 paulo
1377 3476 1504 3519 ante
1542 3464 1758 3519 laudato

183 3549 565 3596 commemorat
606 3539 725 3593 .tria
780 3538 895 3593 loca
957 3536 1159 3591 codicis
1215 3534 1609 3599 Theodosiani,
1668 3536 1757 3590 ubi

184 3613 419 3680 scriptum
441 3622 537 3667 est.
558 3611 775 3665 luxuriis
806 3624 901 3677 pro
932 3607 1157 3680 lusoriis.

248 3675 466 3753 spiritus
492 3675 816 3736 redderetur.
835 3679 1163 3741 Lactantius,
1194 3676 1287 3731 lib.
1314 3675 1617 3753 vInstitttt.,
1636 3689 1757 3753 cap.

186 3754 236 3808 Il
273 3747 645 3809 {Contendunt
669 3753 827 3821 igitur
854 3759 909 3805 ut
934 3753 1158 3815 uincant,
1191 3759 1238 3802 et
1260 3747 1538 3821 exquisitos
1561 3747 1763 3800 dolores

187 3827 462 3892 corporibus
504 3818 827 3887 immittunt,
873 3831 923 3876 et
958 3821 1090 3876 nihil
1129 3820 1275 3874 aliud
1314 3818 1569 3892 debitam,
1609 3833 1765 3892 quam

188 3906 237 3948 ut
262 3889 322 3951 ne
347 3897 463 3951 torti
488 3896 803 3949 moriantur.
834 3892 901 3947 Et
923 3892 1081 3961 paulo
1107 3902 1231 3961 post
1260 3909 1273 3944 :
1302 3889 1393 3943 Illi
1414 3899 1585 3961 autem
1611 3891 1767 3961 perti-
1840 3918 1847 3927 -

189 3970 290 4021 nari
316 3970 539 4023 stultitia
554 3966 737 4039 jubent
762 3959 939 4039 curath
968 3959 1122 4016 tortis
1143 3963 1410 4033 diligenter
1429 3959 1677 4026 adhiberi,
1714 3968 1770 4012 ut

191 4038 251 4091 ad
288 4040 411 4094 alios
459 4038 727 4092 cruciatus
777 4038 1002 4089 membra
1045 4044 1369 4097 renoventur,
1415 4041 1466 4086 et
1510 4040 1772 4100 reparetur

196 4125 335 4166 novus
358 4110 568 4181 sanguis
604 4111 672 4162 ad
700 4122 918 4179 pinnam.

766 4197 993 4254 CAPUT
1033 4195 1201 4252 XXII.

1865 3270 1975 3309 non
2018 3258 2360 3325 potestquin
2406 3257 2565 3312 Dacia
2599 3259 2877 3313 tributaria
2924 3258 3105 3323 fuerit,
3156 3262 3457 3327 pnesertim

1860 3342 1985 3381 cum
2016 3327 2329 3381 Lactantius
2351 3327 2403 3381 id
2435 3332 2710 3396 expressis
2738 3331 2914 3385 verbis
2942 3329 3193 3383 afﬁrmet.

1932 3396 2157 3469 Injuriw
2187 3407 2339 3452 tutos.
2370 3398 2425 3451 lu
2450 3400 2620 3455 veteri
2643 3401 2780 3456 libro
2810 3402 3069 3456 mendose
3090 3403 3350 3470 scriptum
3379 3412 3464 3456 est

1860 3469 2212 3540 injurietatis;
2256 3478 2437 3542 atque
2486 3472 2560 3524 ita
2608 3486 2708 3525 nos
2756 3474 2930 3542 primo
2977 3472 3265 3527 edidimus.
3314 3472 3386 3526 At
3414 3473 3466 3526 in

1863 3539 2104 3594 extrema
2150 3539 2340 3608 pagina
2367 3544 2672 3615 monuimus
2700 3539 2980 3615 legendum
3007 3558 3127 3597 esse
3151 3544 3356 3615 injuria:
3385 3552 3465 3596 tu-

1864 3619 1978 3682 tos;
2008 3624 2169 3682 quam
2196 3609 2649 3677 emendationem,
2672 3609 2795 3682 quia
2827 3622 2975 3668 certa
3004 3622 3103 3679 est,
3124 3609 3269 3669 nuitc
3286 3622 3463 3668 trans—

1869 3679 2087 3734 tulimus
2116 3681 2166 3733 in
2200 3687 2424 3751 textum.

2425 3771 2654 3828 CAPUT
2709 3772 2900 3829 XXIV.

1947 3882 2333 3938 Constantinum
2352 3885 2645 3940 remitteret.
2672 3884 2945 3952 Zozimus,
2967 3886 3057 3955 qui
3079 3885 3326 3940 inimicus
3348 3894 3469 3941 erat

1874 3955 2251 4020 Constantino,
2278 3956 2556 4010 historiam
2584 3957 2725 4012 hanc
2761 3958 2917 4025 aliter
2942 3967 3133 4012 tractat
3153 3973 3311 4026 quam
3335 3956 3470 4011 Lac-

1876 4029 2080 4080 tantius
2101 4068 2115 4091 ,
2145 4026 2441 4082 discessum
2473 4028 2591 4095 ejus
2616 4044 2645 4081 a
2674 4028 2845 4083 latere
2866 4027 3067 4082 Galerii
3100 4045 3205 4081 non
3227 4026 3473 4083 referens

1877 4097 1944 4152 ad
1973 4097 2222 4153 mandata
2253 4098 2551 4153 Constantii
2575 4139 2590 4165 ,
2637 4098 2733 4153 sed
2762 4098 2828 4153 ad
2854 4098 3198 4153 ambitionem
3245 4109 3296 4152 et
3323 4100 3475 4168 cupi-

1880 4169 2101 4223 ditatem
2144 4169 2481 4225 Constantini
2523 4169 2838 4239 jamdudum
2885 4184 3009 4224 cunt
3057 4172 3236 4224 animo
3280 4186 3378 4224 suo
3403 4170 3473 4224 de

1882 4240 2109 4308 imperio
2138 4241 2451 4311 cogitantis,
2480 4241 2592 4309 qui,
2623 4257 2690 4296 ex
2718 4256 2824 4311 quo
2852 4240 3112 4295 Severum
3132 4252 3185 4295 et
3230 4241 3472 4311 maximi-

1883 4326 2011 4365 num
2061 4309 2302 4366 Caesares
2359 4309 2530 4365 factos
2576 4309 2818 4379 vidit,'ea
2846 4311 2960 4364 loca
2985 4309 3334 4381 relinquenda
3362 4322 3477 4365 sta-

1887 4383 1987 4434 tuit
2013 4382 2064 4434 iu
2096 4380 2288 4450 quibus
2315 4382 2527 4446 agebat,
2551 4391 2606 4437 et
2624 4382 2691 4436 ad
2723 4392 2925 4452 patrem
2947 4380 3315 4435 Cotistantium
3351 4397 3476 4452 pro-

1887 4452 2053 4506 ﬁcisci
2077 4491 2092 4515 ,
2122 4454 2210 4520 qui
2239 4454 2380 4523 apud
2404 4454 2646 4506 nationes
2673 4451 3030 4519 transalpinas
3051 4463 3187 4517 crat,
3209 4462 3264 4506 et
3286 4452 3336 4506 in
3362 4451 3477 4523 Bri.

1891 4524 2070 4575 tannia
2119 4525 2436 4590 plerumque
2484 4523 2716 4576 vivebat.
2766 4523 2967 4576 Eadem
3020 4523 3180 4577 habet
3222 4522 3476 4575 Aurelius

1886 4592 2071 4647 Victor
2099 4594 2151 4645 in
2183 4592 2320 4647 libro
2340 4595 2408 4647 de
2437 4592 2758 4659 thsaribus,
2784 4594 3025 4647 scribens
3043 4592 3473 4650 Constantinum.

1887 4666 2042 4731 cujus
2066 4663 2175 4731 jam
2214 4674 2323 4716 tum
2356 4680 2383 4715 a
2416 4666 2581 4733 puero
2621 4666 2806 4731 ingens
2837 4673 3131 4733 potensque
3148 4664 3356 4716 animus
3386 4678 3478 4716 ar-

1888 4733 2020 4788 dore
2052 4733 2391 4801 imperitandi
2420 4733 2751 4802 agitabatur,
2800 4750 2921 4788 cum
2967 4735 3200 4787 tolerare
3230 4734 3480 4801 nequiret.

1891 4805 2146 4860 Severum
2177 4817 2232 4858 et
2261 4804 2602 4857 Maximinum
2631 4803 2799 4857 factos
2831 4805 2992 4858 luisse
3019 4805 3280 4869 Caesares,
3311 4820 3370 4858 se
3393 4806 3476 4856 vi-

1887 4876 2084 4929 delicet
2115 4875 2496 4943 praetermissm
2520 4873 2655 4942 fuga).
2677 4884 2981 4929 eomtnentn
3010 4874 3176 4946 (quod
3204 4874 3342 4940 apud
3373 4874 3481 4928 Eu-

1890 4948 2096 5000 sebium
2141 4961 2355 5015 quoque
2389 4946 2581 5015 legitur
2631 4949 2679 4998 in
2732 4946 2870 4999 libro
2903 4947 3073 5013 primo
3103 4948 3169 5000 de
3199 4948 3302 4999 vita
3334 4946 3480 4999 Cou-

1893 5017 2137 5079 stantiui,
2162 5031 2279 5084 cap.
2306 5015 2413 5085 ‘20)
2447 5014 2497 5069 in
2534 5014 2856 5070 Britanniam
2884 5017 2949 5069 ad
2986 5028 3190 5081 patrem
3217 5016 3482 5071 Constan-

1896 5090 2026 5143 tium
2057 5088 2177 5140 vita:
2210 5089 2391 5141 ultima
2414 5095 2656 5156 agentem
2689 5088 3020 5155 pervenisse,
3042 5104 3214 5157 eoque
3246 5100 3479 5148 mortuo.

1896 5158 2104 5215 cunctis
2130 5158 2220 5227 qui
2248 5158 2473 5213 aderant
2501 5158 2866 5213 annitentibus
2886 5200 2901 5225 ,
2937 5158 3219 5226 imperium
3247 5160 3477 5227 cepisse.

1899 5229 2011 5287 Sed
2032 5232 2083 5283 ιιι
2114 5230 2362 5298 Epitome
2388 5229 2632 5292 Victoris,
2657 5227 2743 5282 ubi
2767 5229 2954 5284 eadem
2983 5240 3317 5298 repetuntur,
3347 5230 3487 5282 male

1897 5303 2158 5370 scriptum
2202 5311 2285 5357 est
2314 5301 2730 5355 Constantinum
2755 5298 3102 5368 juvenculotn
3126 5317 3156 5354 a
3185 5300 3402 5356 Galerio
3430 5302 3483 5352 in

1900 5369 2033 5427 urbe
2060 5373 2225 5440 Roma
2253 5372 2527 5440 religionis
2556 5369 2736 5440 specie
2765 5371 3006 5424 obsidem
3043 5380 3249 5426 tentuut
3279 5372 3483 5433 fuisse;

1944 5442 2044 5496 nod
2077 5437 2194 5511 po‘st
2221 5437 2503 5510 Epitomcn
2531 5437 2671 5496 illam
2698 5444 2965 5510 scrip~cre
2990 5441 3152 5495 etiam
3188 5440 3445 5495 Bnronius
3466 5481 3481 5505 ,

1951 5512 2207 5566 amdeuus
2232 5522 2287 5567 et
2314 5512 2569 5566 Morinos.
2603 5512 2801 5568 Verum
2845 5512 3088 5567 Galerius
3121 5513 3339 5563 ltmuant
3373 5520 3485 5561 tutu

1911 5583 2165 5652 temporis
2194 5598 2300 5636 non
2328 5583 2553 5647 viderat,
2583 5592 2639 5636 ut
2658 5593 2808 5637 certo
2830 5583 3100 5650 colligitur
3120 5598 3183 5634 cx
3207 5578 3378 5652 capite
3418 5577 3486 5652 27

1912 5650 2068 5728 istius
2098 5653 2274 5721 operis
2301 5695 2314 5717 ,
2342 5664 2397 5707 ct
2435 5669 2703 5722 nunquam
2735 5654 2930 5728 pcdent
2956 5656 3010 5728 in
3058 5653 3241 5703 urbem
3291 5650 3488 5728 intulit.

1914 5725 2177 5779 Praeterea
2224 5736 2476 5779 constans
2505 5735 2588 5778 est
2615 5726 2853 5779 oumium
2900 5724 3247 5791 Scriptor-tun
3271 5724 3454 5791 opinio
3478 5760 3494 5781 ς

1919 5811 2041 5849 eum
2106 5796 2346 5851 obsident
2394 5795 2534 5866 apud
2588 5796 2970 5849 Diocletianum
3016 5789 3064 5844 et
3113 5789 3495 5843 Maximiauuut

266 4271 421 4328 Nulla
461 4290 615 4343 poma
659 4287 831 4342 penes.
887 4268 944 4343 In
1000 4267 1512 4343 veteriexemplari
1560 4267 1775 4343 legitur,

202 4341 355 4398 Nulla
384 4339 546 4414 poenis
576 4339 691 4396 eum
733 4342 874 4397 levis.
907 4339 1151 4395 Pessima
1191 4339 1352 4393 lectio
1389 4339 1584 4392 bonam
1626 4339 1780 4393 nobis

203 4414 456 4470 indicavit.

267 4485 327 4539 In
357 4504 511 4541 causa
533 4484 741 4554 capitis.
763 4480 1088 4554 Emendatio
1108 4496 1322 4550 quoque
1341 4482 1441 4534 ista
1470 4490 1661 4554 nostra
1677 4487 1777 4534 est.

203 4554 322 4609 Nam
356 4568 507 4612 vetus
551 4552 722 4610 codex
760 4553 922 4609 habet
961 4571 973 4607 :
1014 4553 1080 4605 In
1119 4568 1272 4606 causa
1321 4567 1468 4623 paena
1504 4552 1690 4623 capitis
1733 4559 1781 4604 et
1807 4564 1862 4623 D

203 4629 557 4682 animadversio
587 4626 749 4698 gladii
779 4625 1053 4698 admodum
1082 4624 1276 4691 paucis,
1305 4633 1409 4698 etc.
1438 4622 1651 4677 Scilicet
1676 4634 1783 4676 vox

210 4714 348 4767 paena
384 4701 435 4752 in
468 4694 613 4751 hunc
647 4698 821 4767 locum
850 4696 1066 4764 irrepsit
1097 4710 1161 4749 cx
1191 4694 1490 4767 superiore.

274 4767 464 4823 Bonam
492 4778 722 4822 mortem.
758 4766 813 4820 ld
846 4775 949 4830 est,
984 4781 1088 4820 non
1118 4777 1360 4818 coactam
1389 4766 1441 4815 vi
1480 4772 1780 4817 tormento-

209 4853 337 4899 rum.
374 4842 466 4895 sed
515 4839 720 4892 facilem
751 4850 803 4892 et
835 4837 1037 4906 absque
1071 4835 1399 4893 cruciatibus
1438 4851 1448 4887 :
1478 4832 1781 4903 cujusmodi

211 4920 325 4964 sunt
363 4910 628 4980 prosectio
675 4923 954 4972 venarum,
989 4907 1440 4980 strangulatioet
1490 4920 1776 4980 venenum.

215 4975 378 5048 Infra;
393 4998 513 5051 cap.
533 4980 686 5035 ﬁtidc
714 4980 917 5035 Severo
950 4996 961 5029 :
994 4980 1109 5051 Quo
1139 4975 1274 5051 facto
1301 4975 1429 5051 nihil
1454 4977 1599 5051 aliud
1613 4977 1784 5051 impe-

216 5046 371 5113 travit‘.
402 5046 496 5106 nisi
516 5053 699 5105 bonam
720 5063 949 5103 mortem.
984 5047 1122 5101 Nam
1142 5046 1285 5101 uenis
1312 5047 1358 5101 ei
1386 5048 1579 5112 incisis,
1605 5046 1785 5099 leniter

220 5125 338 5176 mori
364 5135 564 5178 coactus
590 5134 682 5177 est.
708 5122 772 5176 Et
800 5136 918 5188 cap.
951 5121 1021 5174 50
1046 5122 1113 5172 de
1144 5117 1466 5171 Maximiano
1495 5117 1744 5171 llerculio
1770 5134 1782 5168 :

222 5189 475 5248 Postremo
505 5196 658 5248 tiatur
677 5194 723 5247 ei
750 5202 967 5259 potestas
991 5191 1158 5244 libera:
1186 5189 1381 5252 mortis,
1416 5205 1475 5241 ac
1504 5188 1695 5241 nodum
1717 5188 1791 5242 in-

227 5266 386 5332 formis
414 5266 531 5319 lethi
546 5264 684 5318 trabe
708 5263 858 5317 nectit
885 5263 948 5315 ab
972 5261 1097 5315 alta.
1129 5260 1237 5316 Sed
1265 5262 1319 5313 in
1347 5260 1446 5332 hoc
1476 5260 1790 5332 Lactantius

230 5330 579 5389 adversantem
620 5336 722 5389 sibi
748 5335 989 5389 Tacitum
1030 5332 1208 5391 habet,
1244 5330 1385 5401 quod
1427 5332 1501 5384 ait
1530 5331 1793 5386 chcrum

233 5403 561 5459 lenitertnori
616 5415 859 5459 coactum
904 5403 1088 5457 incisis
1135 5403 1305 5457 venis.
1371 5402 1499 5455 Nam
1549 5403 1791 5466 Tacitus,

237 5472 317 5528 lib.
348 5491 432 5527 xvt
473 5476 777 5539 Annalium,
806 5484 1058 5529 extremo
1087 5488 1252 5542 agens
1284 5474 1351 5526 de
1391 5472 1674 5536 Petronio,
1706 5471 1796 5542 qui

233 5557 291 5596 eo
314 5560 505 5615 genere
534 5548 725 5600 mortis
744 5547 1019 5600 extinctus
1048 5555 1153 5608 est,
1185 5545 1260 5598 ait
1290 5561 1303 5595 :
1341 5543 1472 5597 Mus:
1502 5541 1801 5597 lentitudine

232 5615 381 5669 exitus
408 5632 579 5686 graves
605 5616 858 5669 cruciatus
887 5615 1149 5681 aﬂ'erente.

785 5705 1010 5763 CAPUT
1052 5704 1241 5763 XXIII.

304 5795 493 5853 Census
521 5800 570 5851 in
600 5797 906 5867 provincias.
941 5797 1221 5861 Censualis
1248 5794 1513 5866 professio
1542 5794 1648 5850 duo
1677 5810 1809 5853 con-
