3746 6256
143 330 248 391 513

821 325 1032 389 ΝΟΤΛΕ
1072 326 1138 387 IN
1175 326 1306 386 LIB.
1350 325 1439 386 DE
1478 324 1831 387 MOR'I‘IBUS
1867 327 2249 390 PERSECUT.
2291 324 2445 389 CAP.
2486 323 2697 389 XXVII.
2733 326 2747 359 ‘

3302 322 3410 390 διδ

141 445 372 503 territum
403 439 602 512 injecto
626 452 896 499 artuoruni
938 426 1172 499 civilium
1201 451 1366 498 metu.
1398 442 1502 496 Alii
1528 453 1715 498 contra
1744 449 1790 507 Α
1823 446 1967 513 patet
2002 443 2153 498 illum
2200 442 2283 496 his
2312 444 2365 498 in
2394 442 2622 499 Galliam
2647 442 2946 513 profectum
2967 449 3253 512 antequam
3280 441 3413 498 Car-

141 516 372 575 scrihuut
402 515 808 586 Diocletianum,
842 529 984 579 cum,
1017 517 1417 586 ingravescente
1447 528 1596 578 :cvo,
1624 528 1717 583 pa-

143 602 252 645 rum
290 601 346 641 se
386 585 637 640 idoneum
687 586 1017 642 moderando
1055 586 1284 653 imperio
1311 600 1431 640 esse
1470 586 1716 652 sentiret,

141 667 399 714 auctorem
424 657 672 712 llerculin
694 657 882 721 fuisse,
898 658 1025 711 utin
1047 658 1310 728 privatam
1333 656 1715 728 concederent,

139 730 288 799 eique
322 744 458 812 asgre
478 729 741 799 collegam
784 727 1264 799 obtemperavisse,
1293 727 1388 782 sed
1418 736 1593 782 tamen
1625 728 1722 785 ob-

140 811 532 865 teinperavisse.

207 870 438 925 Libenter
465 869 706 939 arripuit.
742 871 1039 941 Purpuram
1071 885 1230 939 qnam
1260 869 1602 941 deposuerat.
1636 869 1722 925 ln-

140 944 268 998 certi
314 943 665 1013 panegyricus
717 943 876 1013 paulo
901 952 1026 996 ante
1055 941 1304 997 laudatus
1337 958 1351 994 :
1391 940 1536 1013 Fecit
1587 945 1721 997 enim

139 1016 299 1069 Itonia
320 1015 427 1081 ipsa
442 1010 537 1082 pro
563 1010 824 1085 ittajestate
846 1013 1066 1067 nominis
1093 1013 1193 1074 sui,
1218 1022 1281 1085 ut
1297 1010 1580 1085 ostenderet
1604 1031 1724 1081 pos-

135 1103 189 1139 se
211 1102 263 1139 se
301 1085 448 1137 etiam
475 1084 866 1153 imperatoribus
905 1085 1171 1152 imperare.
1224 1084 1442 1137 Abduxit
1472 1086 1722 1139 exercitus

136 1172 273 1220 suos,
300 1173 360 1208 ac
397 1156 485 1209 tibi
506 1153 761 1220 reddidit;
790 1159 979 1209 et'cum
997 1155 1063 1209 ad
1092 1155 1340 1210 sedandos
1369 1155 1565 1218 animos
1593 1172 1718 1210 auc-

137 1227 379 1280 toritatem
404 1228 588 1296 privati
610 1227 854 1295 principis
864 1227 1141 1293 attulisses,
1157 1227 1410 1296 supplices
1430 1227 1520 1280 tibi
1542 1244 1722 1282 manus

135 1297 335 1351 tendens
356 1340 371 1361 ,
401 1295 476 1351 uel
524 1298 694 1365 potius
723 1295 1068 1383 queribunda,
1119 1295 1351 1351 clamavit
1395 1314 1412 1350 :
1446 1297 1724 1421 yuonsque

137 1370 256 1421 hoc.
286 1367 614 1421 Maximiane.
643 1380 831 1421 patiar.
856 1380 958 1421 etc.
983 1369 1048 1421 Et
1077 1371 1232 1421 paulo
1256 1378 1375 1421 post
1404 1386 1416 1421 :
1483 1371 1724 1421 inperain

137 1370 256 1431 hoc,
286 1367 614 1431 Maximiane,
643 1367 831 1436 patiar,
856 1380 958 1424 etc.
983 1369 1048 1423 Et
1077 1371 1232 1436 paulo
1256 1378 1375 1437 post
1404 1386 1416 1421 :
1446 1367 1724 1439 lmperasti

137 1440 325 1512 pridem
352 1452 562 1511 rogatus
591 1458 623 1493 α
650 1444 827 1509 fratre,
858 1456 1037 1494 rursus
1061 1441 1251 1509 impera
1270 1441 1454 1512 jussus
1482 1456 1513 1493 a
1541 1449 1719 1495 matre.

138 1508 425 1579 Pot-puram
450 1512 607 1567 facile
636 1508 944 1567 resumebat
977 1508 1285 1575 Herculius,
1303 1508 1502 1579 quippe
1533 1513 1619 1577 qtti
1643 1521 1724 1567 ter

137 1581 421 1653 sumpsisse
449 1582 736 1637 invenitur.
766 1582 941 1652 Atque
962 1582 1064 1637 hoc
1094 1583 1385 1653 pessimum
1415 1582 1720 1651 exemplum

136 1666 290 1724 causa
314 1651 411 1706 luit
433 1656 623 1708 mortis
652 1651 873 1717 Licinii;
906 1671 1062 1724 quem
1090 1651 1210 1707 cum
1238 1654 1618 1724 Constantinus
1646 1655 1722 1707 vi-

136 1723 308 1784 cisset.
340 1739 401 1777 ac
420 1725 469 1779 ei
490 1726 649 1778 vitam
677 1721 1056 1789 concessisset,
1083 1733 1263 1794 postea
1294 1721 1526 1776 Herculii
1552 1722 1722 1779 Maxi-

137 1795 285 1846 miani
320 1796 474 1848 soceri
502 1796 584 1849 sui
621 1806 787 1850 motus
817 1795 1079 1867 exemplo,
1130 1812 1191 1849 ne
1218 1796 1401 1848 iterum
1439 1794 1720 1862 depositam

138 1882 409 1931 purpuram
455 1868 508 1920 in
543 1869 817 1935 perniciem
866 1866 1179 1936 Reipublicae
1203 1874 1449 1930 sumeret,
1498 1867 1719 1922 tumultu

137 1937 353 2010 militari
380 1938 692 2010 exigentibus
723 1937 1180 2010 ini/tessalonica
1210 2008 1225 2010 μ
1234 1938 1391 2010 jussit
1423 1937 1618 2003 occidi;
1661 1948 1719 1993 ut

136 2006 320 2077 legitur
343 2008 395 2060 in
424 2006 747 2077 Fragmento
771 2009 836 2063 de
862 2011 1175 2064 Constantio
1194 2006 1414 2073 C'hloro,
1443 2022 1561 2077 pag.
1584 2010 1714 2075 475,

135 2076 427 2133 Bonifacius
466 2076 560 2133 vni
617 2084 812 2135 timens
862 2097 949 2144 nc,
995 2081 1039 2133 si
1071 2080 1388 2134 sz-lestinns
1419 2094 1447 2131 v
1491 2076 1714 2135 liberam

134 2148 289 2201 vitam
314 2161 518 2217 ageret.
546 2153 937 2219 pootilieatuni,
969 2167 1074 2219 quo
1103 2166 1161 2205 se
1188 2150 1546 2217 abdicaverat,
1569 2167 1718 2206 resu-

133 2228 318 2292 meret,
349 2237 469 2274 eum
499 2221 554 2276 in
583 2223 821 2277 custodia
850 2223 1076 2277 detineri
1103 2221 1281 2292 jussit.
1309 2219 1410 2275 Cui
1434 2223 1718 2292 praeiverat

131 2288 331 2363 Callisti
364 2308 398 2345 ιι
422 2295 726 2362 exeinplum
754 2309 879 2363 erga
913 2288 1226 2347 Burtlinum.

196 2360 491 2437 Ravennam
504 2360 751 2437 confugit.
776 2360 1024 2419 Zozimus
1038 2366 1088 2419 in
1118 2361 1521 2437 lihro_secuudo
1532 2363 1718 2420 scribit

131 2432 429 2488 Herculium
477 2432 846 2491 circumvento
873 2436 1227 2490 sacramentis
1256 2434 1458 2490 Severo
1498 2449 1717 2503 persna-

129 2505 284 2569 sisse,
319 2515 378 2559 ut
414 2506 667 2561 Ravenna
694 2507 993 2569 excedens,
1024 2522 1132 2575 quo
1159 2520 1219 2561 se
1245 2506 1577 2569 contulerat,
1609 2506 1716 2562 Ro-

129 2590 269 2628 mam
299 2578 503 2632 veniret
522 2595 694 2647 eoque
725 2589 1057 2648 pergentem,
1092 2577 1177 2632 ubi
1207 2576 1492 2648 quemdam
1515 2576 1590 2629 ad
1636 2577 1716 2631 lo-

127 2663 247 2700 cum
271 2650 525 2713 venisset,
553 2666 710 2719 qnem
729 2647 867 2703 Tres
909 2650 1157 2703 tabernas
1182 2658 1399 2711 vocant,
1422 2647 1489 2701 ab
1511 2647 1715 2703 insidiis

127 2732 262 2785 quas
307 2733 371 2774 eo
411 2721 529 2775 loco
559 2721 856 2775 Maxentius
884 2720 1262 2783 collocaverat,
1294 2719 1710 2788 apprehensum,

128 2788 324 2859 inserta
361 2792 551 2859 laqueo
585 2794 794 2847 cervice
831 2801 1100 2847 necatum.
1130 2790 1323 2845 Incerti
1362 2792 1714 2858 panegyricus

126 2858 477 2916 Constantino
503 2864 678 2917 dictus
719 2873 841 2931 post
869 2863 1147 2917 victoriam
1175 2861 1244 2915 de
1274 2861 1543 2914 Maxentio
1590 2876 1714 2930 par-

127 2941 231 2985 tam
268 2933 533 2988 :Duazerat
578 2951 817 3004 magnum
865 2935 1081 2989 Severus
1112 2932 1407 3004 exercitum,
1432 2940 1477 2984 et
1523 2934 1715 3004 hostem

122 3017 273 3073 suun:
290 3005 499 3073 perﬁdia
524 3003 750 3061 desertus
770 3014 1067 3060 armaverat.
1094 3003 1295 3059 Auctor
1320 3003 1622 3072 Fragmenti
1647 3003 1714 3061 de

123 3070 435 3148 Constantio
458 3076 682 3138 thoro,
711 3092 831 3148 pag.
860 3076 1005 3131 472:
1038 3075 1278 3148 Desertus
1302 3070 1582 3148 Severusa
1605 3074 1714 3129 suis

123 3144 258 3213 fugit
280 3145 583 3201 Ravennam.
609 3144 1043 3203 PerMaxentium
1064 3147 1229 3213 ﬁlium
1250 3146 1348 3213 (sic
1370 3144 1511 3200 enim
1536 3145 1713 3213 legen-

120 3208 523 3289 d_tun)evocatus
555 3218 681 3273 illuc
704 3220 835 3273 venit
869 3208 1165 3281 Herculius,
1198 3208 1283 3287 qui
1313 3233 1403 3287 per
1428 3208 1714 3289 periurium
1737 3208 1783 3273 C

122 3285 368 3358 Severum
402 3290 667 3358 deceptum
711 3291 958 3345 custodite
986 3285 1217 3355 tradidit,
1244 3299 1291 3343 et
1313 3285 1714 3357 capt’ivi'ltabitu

120 3355 175 3429 in
201 3358 375 3412 urbem
404 3355 671 3427 perduxit,
704 3371 752 3415 et
772 3363 824 3415 in
853 3362 976 3415 villa
1001 3360 1205 3424 publica
1245 3355 1427 3429 Appia:
1454 3359 1547 3411 via:
1567 3359 1714 3429 trice-

282 3431 516 3485 milliario
545 3433 790 3486 custodiri
818 3432 955 3501 fecit.
984 3430 1169 3485 Postea
1190 3427 1305 3484 cum
1330 3427 1569 3501 Galerius
1602 3427 1712 3482 lla-

120 3495 248 3551 liam
271 3512 469 3576 peteret,
498 3504 585 3557 ille
596 3495 870 3576 jugulatus
885 3512 979 3576 est.
1004 3514 1050 3576 et
1071 3502 1254 3576 deinde
1273 3501 1465 3555 relatus
1488 3499 1556 3576 ad
1577 3508 1729 3553 octo--

120 3582 238 3621 eum
259 3572 571 3637 milliarium,
595 3570 829 3628 conditus
851 3576 901 3628 in
924 3572 1126 3628 Galieni
1146 3579 1485 3626 monumento.
1507 3570 1583 3624 Ex
1606 3586 1713 3637 quo

122 3640 246 3714 loco
290 3643 504 3714 collegit
553 3647 819 3699 llenriens
857 3644 1102 3699 Valesios
1157 3643 1265 3714 falli
1299 3642 1609 3714 Eutroiiium
1656 3651 1712 3697 et

119 3708 396 3767 Aurelium
422 3708 716 3781 Victorem,
749 3716 837 3785 qui
883 3716 1139 3771 Severum
1170 3713 1442 3785 Ravenna;
1472 3708 1711 3785 occisum

119 3797 243 3858 esse
273 3786 529 3841 scribunt.
574 3788 648 3842 De
672 3783 790 3842 loco
820 3788 979 3858 igitur
1012 3786 1101 3839 ubi
1134 3786 1379 3858 Severus
1399 3783 1559 3858 vitam
1594 3784 1713 3858 lini-

117 3855 192 3907 vit
234 3858 652 3912 controvertitur
699 3853 862 3913 inter'
878 3858 1136 3913 eruditos.
1177 3855 1310 3911 Nam
1348 3853 1603 3924 Scaliger,
1657 3855 1710 3911 in

117 3927 671 3983 animadversionibus
698 3930 763 3984 ad
793 3929 1105 3994 Eusebium,
1152 3930 1227 3982 ait
1253 3943 1356 3980 non
1377 3925 1622 3981 dubitare
1651 3940 1711 3982 se

115 3996 252 4063 quin
287 3997 389 4052 illa!
419 3999 553 4055 Tres
608 4002 845 4054 taberna:
872 4001 925 4055 in
955 4016 1085 4069 agro
1130 3999 1441 4069 Ravennate
1488 3996 1706 4069 fuerint,

119 4080 295 4141 neque
333 4071 484 4127 aliter
513 4072 689 4141 colligi
720 4088 879 4136 posse
929 4068 1007 4125 ex,
1028 4070 1208 4125 verbis
1246 4068 1467 4141 Zozimi.
1508 4068 1712 4125 Contra

121 4135 364 4194 Valesios
416 4135 695 4197 contendit
720 4135 853 4197 Tres
898 4143 1017 4196 illas
1047 4141 1297 4196 tabernas
1350 4140 1515 4194 fuisse
1543 4140 1594 4193 in
1625 4141 1710 4194 via

118 4207 288 4277 Appia
318 4228 480 4282 prope
507 4214 752 4268 Romam.
786 4215 981 4268 Parnm
1010 4222 1187 4267 autem
1222 4211 1496 4282 probabile
1546 4221 1631 4266 est
1658 4211 1710 4266 id

118 4282 259 4353 quod
278 4282 592 4353 Sigoniusin
620 4286 756 4339 libro
783 4284 1022 4339 secundo
1046 4284 1111 4338 de
1132 4283 1460 4353 Occidentali
1487 4282 1711 4351 imperio

116 4350 422 4421 collegit'ex
451 4355 691 4421 Zozimo,
723 4356 980 4411 Severum
1026 4354 1326 4408 Maximiani
1357 4352 1515 4406 Iidem
1556 4350 1712 4408 secu-

117 4428 227 4474 tum
254 4424 503 4480 Ravenna
528 4428 849 4489 excessisse,
879 4435 1040 4495 atque
1060 4426 1123 4479 ad
1148 4425 1281 4479 Tres
1312 4424 1561 4495 tabernas
1582 4439 1710 4495 sese

116 4495 423 4559 contulisse,
458 4497 601 4552 haud
649 4499 810 4553 dubia
856 4493 967 4558 spe'
998 4496 1217 4551 ductum
1248 4494 1432 4549 urbem
1464 4510 1522 4549 se
1549 4493 1709 4550 Maxi-

118 4564 274 4618 miani
298 4567 1048 4649 opera_receptnrum.hQnam
1071 4566 1272 4649 Signini
1298 4566 1605 4649 Opinionem
1624 4583 1710 4649 se-
1732 4588 1787 4649 D

117 4644 393 4711 cutns_est
441 4637 803 4711 Hierouymus
852 4638 1067 4694 Rubeus
1097 4641 1152 4693 in
1187 4638 1325 4692 libro
1354 4637 1591 4692 secundo
1620 4637 1710 4693 lli-

118 4715 243 4757 stor.
278 4708 669 4764 Ravennatum'.

202 4776 344 4832 Venis
370 4782 564 4834 incisis.
590 4781 790 4837 Contra
808 4781 1055 4835 Zozimus
1084 4779 1155 4834 lib
1172 4796 1232 4845 ιι,
1261 4788 1317 4834 et
1340 4789 1526 4833 auctor
1554 4779 1712 4849 Frag-

125 4860 278 4903 ment:
310 4851 376 4906 de
403 4852 725 4907 Constantio
770 4853 970 4906 Chloro
999 4852 1277 4916 scribunt,
1312 4861 1368 4903 ut
1399 4852 1553 4919 paulo
1583 4861 1710 4907 ante

124 4919 356 4987 vidimus,
388 4923 649 4981 Severum
674 4923 855 4978 fractis
875 4922 1067 4992 laqueo
1094 4922 1392 4978 cervicibus
1408 4923 1704 4992 expirasse.

667 5032 893 5093 CAPUT
932 5033 1144 5088 XXVII.

190 5125 437 5197 Adjnncto
490 5125 797 5180 Maximino.
840 5124 1209 5195 Cognomenln
1237 5126 1364 5180 Daia
1405 5127 1488 5181 vel
1529 5128 1702 5197 Daza,

128 5200 207 5266 qui
233 5196 507 5252 Orientem
535 5197 965 5251 administrabat.

197 5268 544 5337 Proﬁciscitur
573 5269 627 5321 in
654 5267 901 5322 Galliam.
940 5267 1068 5323 lluic
1097 5268 1388 5323 narrationi
1419 5267 1575 5323 ﬁdem
1606 5269 1702 5323 ad-

131 5342 273 5394 struit
305 5341 463 5394 etiam
496 5338 776 5405 Zozimns,
811 5348 987 5392 tamen
1025 5340 1125 5394 etsi
1154 5341 1204 5393 in
1232 5356 1409 5394 rerum
1438 5350 1581 5396 erret
1610 5356 1702 5395 σι’-ν

135 5412 246 5466 dine
293 5411 702 5473 narrandarnm,
741 5410 1044 5464 llermilium
1100 5410 1349 5480 inquiens
1378 5426 1443 5465 eo
1499 5421 1697 5467 conatu

133 5482 416 5538 frustratum
436 5522 452 5547 ,
495 5496 604 5551 quo
634 5481 1018 5536 Diocletianum
1055 5481 1364 5548 pertrahere
1399 5482 1546 5537 nisus
1578 5494 1695 5537 erat

130 5556 187 5610 ad
236 5553 610 5624 resumendutn
665 5553 976 5620 imperium,
1030 5566 1239 5624 rursum
1289 5568 1477 5608 versus
1528 5554 1695 5624 Alpes

130 5623 466 5687 contendisse,
496 5634 553 5675 ιιι
583 5633 1011 5677 commorantem
1040 5622 1110 5676 ibi
1132 5622 1541 5677 Constantinum
1564 5622 1694 5679 con-

132 5699 337 5756 veniret,
367 5704 423 5746 et
456 5694 619 5747 ﬁliam
651 5693 700 5747 ei
733 5693 1337 5763 Faustanrpromisisse,
1371 5710 1543 5764 eoque
1569 5712 1693 5764 pro-

130 5774 269 5824 misso
293 5766 537 5833 impleto,
569 5764 755 5819 fallere
777 5775 1025 5819 conatum
1057 5764 1344 5819 hominem.
1385 5765 1577 5830 Errat,
1610 5768 1692 5821 in-

128 5857 285 5914 quam,
332 5836 605 5891 Zozimus.
646 5836 793 5908 Nam
831 5851 895 5890 ex
940 5837 1111 5907 capite
1140 5836 1209 5890 27
1248 5848 1302 5895 et
1330 5837 1400 5892 “29
1431 5836 1693 5894 Laetantn

1823 512 2049 569 uentum
2084 522 2323 583 peteret,
2378 527 2434 570 et
2478 512 2865 571 Diocletianum
2894 530 3001 571 non
3034 515 3263 578 vidisse,
3309 514 3411 568 nisi

1823 594 1946 655 post
1994 587 2205 656 nuptias
2247 586 2583 641 Constantini
2613 596 2667 641 et
2713 586 2944 641 Faustae.
2985 585 3055 641 At
3074 585 3222 656 enim
3268 584 3411 653 quod

1823 654 2130 712 Lactantius
2154 667 2207 712 et
2234 657 2480 712 Zozimus
2504 658 2686 723 aiunt,
2720 657 3029 713 Herculium
3055 654 3413 711 Cotistantino

1823 728 1987 782 llliam
2018 728 2359 800 promisisse,
2389 730 2546 784 aliter
2577 729 2772 800 legitur
2799 728 3193 800 iupanegyrico
3223 727 3410 800 incerti

1821 799 2059 855 auctoris
2084 798 2230 855 dicto
2274 800 2325 853 in
2372 801 2570 869 nuptiis
2595 797 2935 855 Constantini
2961 797 3286 860 et’Faustai,
3321 797 3410 851 ubi

1822 871 2078 938 scriptum
2109 880 2192 926 est
2228 870 2637 925 Constantinum
2682 886 2801 926 eam
2840 871 3139 940 postulasse
3180 885 3208 921 a
3242 869 3409 922 Maxi-

1822 942 2020 996 miano.
2078 942 2184 997 Sed
2225 946 2453 1012 profecto
2501 943 2633 996 sicut
2658 952 2779 1005 tuo,
2813 938 3179 1004 Constaritine,
3236 955 3412 993 socero

1822 958 2020 996 tntano.
2078 958 2182 997 Sea
2225 958 2453 1065 molesto
2501 958 2633 996 sicut
2658 958 2747 995 tuo
2766 982 2779 1005 ,
2813 958 3141 995 mnsmuune
3165 981 3179 1004 ,
3236 958 3412 993 socero

1821 1023 1938 1066 ante
1966 1022 2040 1066 est
2066 1012 2336 1066 conciliata
2400 1012 2619 1078 ivinitas,
2642 1029 2798 1081 quam
2816 1012 2879 1066 ab
2903 1028 2962 1066 eo
2986 1014 3170 1083 pignus
3198 1011 3298 1079 ipsi
3326 1028 3413 1066 ca-

1820 1084 2078 1138 rissimum
2116 1084 2421 1153 postulares,
2468 1085 2543 1138 sic
2565 1094 2612 1138 et
2638 1101 2776 1138 nunc
2801 1099 2996 1154 quoque
3022 1084 3075 1136 in
3099 1083 3195 1135 hac
3214 1153 3217 1154 ν
3230 1091 3412 1154 gratu-

1822 1154 2013 1209 latione
2039 1157 2184 1225 prius
2226 1155 2319 1208 illa
2346 1155 2562 1227 dicenda
2588 1164 2707 1209 sunt
2732 1196 2747 1221 ,
2769 1170 2883 1227 qua:
2909 1156 2962 1208 in
2988 1153 3411 1227 teJconsiderans

1822 1234 1992 1296 tantus
2020 1224 2130 1291 iste,
2163 1235 2209 1280 et
2237 1226 2464 1296 paterni,
2492 1238 2538 1279 et
2566 1227 2641 1279 tui
2668 1224 2849 1280 auctor
2875 1224 3094 1296 imperii,
3113 1226 3316 1296 uelatus
3336 1231 3409 1296 est

1822 1244 1992 1280 tantus
2020 1244 2130 1291 iste,
2163 1244 2209 1280 et
2272 1244 2430 1280 omni
2451 1266 2464 1289 ,
2492 1244 2538 1279 et
2566 1244 2641 1279 tui
2668 1244 2849 1280 auctor
2875 1244 3094 1296 impera,
3113 1244 3316 1279 iteratus
3336 1244 3404 1278 est

1821 1295 1959 1366 quod
1985 1298 2171 1366 petisti.
2204 1244 2304 1354 [ibi
2336 1297 2547 1351 interim
2571 1296 2964 1352 observandum
2987 1305 3071 1351 est
3087 1294 3236 1356 illud,
3261 1295 3404 1363 quod

1821 1367 1896 1421 ait
1920 1369 2165 1438 Scriptor
2190 1368 2345 1439 istius
2369 1368 2713 1439 panegyrici,
2739 1368 3045 1439 llerculium
3072 1382 3193 1421 esse
3218 1375 3404 1419 aucto-

1821 1453 1935 1509 rem
1966 1436 2174 1509 imperii
2199 1436 2561 1495 Constantini;
2590 1439 2704 1506 Qua
2731 1438 2801 1493 de
2839 1454 2897 1494 re
2939 1437 3062 1493 vide
3085 1453 3207 1508 qua:
3237 1452 3402 1508 supra

1822 1508 1965 1563 dicta
1991 1508 2117 1563 sunt
2143 1510 2209 1564 ad
2240 1522 2398 1578 caput
2424 1510 2514 1564 25.

1899 1580 2028 1635 Suro
2058 1582 2268 1635 minoris
2297 1581 2438 1651 ﬁliae.
2472 1582 2599 1637 Heic
2621 1581 2898 1637 admoneri
2941 1581 3218 1643 convenit,
3254 1594 3406 1634 men-

1823 1651 1956 1723 dose
1989 1654 2038 1705 in
2068 1653 2234 1706 veteri
2262 1653 2450 1707 codice
2489 1655 2746 1723 scriptum
2792 1668 2914 1708 esse
2935 1695 2950 1719 ,
2984 1654 3057 1707 sic
3083 1652 3406 1723 minorisfa-

1824 1722 1999 1776 miliae.
2049 1723 2301 1792 lntelligit
2334 1734 2510 1779 autem
2558 1721 2829 1779 Faustam.
2877 1723 2985 1779 Sed
3033 1721 3407 1792 inquirendum

1824 1802 1906 1865 est
1936 1794 1987 1847 in
2019 1803 2248 1865 tempus,
2279 1809 2387 1864 quo
2415 1796 2611 1864 nuptiae
2636 1795 2972 1851 Constantini
3002 1803 3057 1849 et
3086 1794 3295 1847 Faustae
3321 1807 3410 1848 ce-

1827 1864 2043 1919 lebratae
2064 1864 2207 1920 sunt.
2238 1865 2457 1921 Certum
2480 1878 2562 1921 est
2591 1868 2849 1921 Severum
2876 1870 3173 1935 Augustum
3202 1864 3409 1935 extinc-

1822 1945 1931 1989 tum
1963 1936 2126 1990 luisse
2148 1951 2289 1991 almo
2323 1935 2520 1992 Christi
2563 1937 2667 1992 507
2701 1938 2953 2001 ineunte,
2976 1933 2984 1935 ⁷
3004 1950 3308 2005 quanquam
3337 1933 3409 1990 de

1818 2022 2008 2062 mense
2054 2023 2159 2061 non
2206 2018 2438 2062 constat.
2474 2009 2663 2063 Postea
2711 2008 3073 2063 Maximianus
3127 2006 3406 2061 Herculius

1818 2077 2031 2132 Fausta'
2056 2088 2208 2147 pater
2235 2082 2286 2132 in
2316 2079 2546 2134 Galliam
2581 2079 2854 2148 prolectus
2881 2088 2964 2134 est
2986 2119 2999 2142 ,
3025 2077 3403 2148 utConstanti-

1818 2164 1946 2202 num
1973 2150 2212 2218 partibus
2242 2152 2354 2205 suis
2396 2147 2728 2218 conciliaret,
2776 2150 3053 2220 promissis
3077 2149 3153 2204 illi
3196 2147 3407 2203 Fausta:

1819 2220 2043 2292 minoris
2074 2222 2198 2276 tiliae
2252 2222 2453 2290 nuptiis
2482 2239 2497 2285 ;
2537 2238 2709 2292 eoque
2755 2222 3020 2292 promisso
3065 2220 3282 2292 impleto
3304 2260 3319 2283 ,
3350 2225 3408 2272 ut

1818 2290 2069 2346 Zozimus
2116 2292 2224 2360 ait,
2267 2293 2593 2361 persuadere
2623 2290 2917 2347 conabatur
2957 2290 3303 2346 Constantino
3349 2298 3407 2344 ut

1817 2361 2179 2418 discedentem
2230 2378 2295 2419 ex
2337 2363 2487 2418 Italia
2515 2363 2787 2418 Galerium
2815 2363 3190 2418 Maximianum
3216 2375 3404 2428 prose-

1816 2443 2095 2505 queretur.
2127 2434 2206 2489 Ex
2235 2434 2429 2505 quibus
2473 2434 2652 2490 verbis
2678 2436 2949 2503 colligitur
2995 2434 3404 2505 nuptias_l‘uisse

1816 2503 2117 2576 celebratas
2143 2521 2208 2561 eo
2250 2502 2494 2575 iempore
2514 2547 2530 2573 ,
2577 2521 2684 2576 quo
2711 2502 2961 2561 Galerius
2986 2502 3103 2559 erat
3133 2504 3184 2576 in
3211 2502 3356 2576 italia
3384 2542 3401 2567 ,

1816 2575 1898 2648 vel
1920 2587 2064 2630 certe
2090 2592 2214 2630 cum
2243 2577 2294 2630 in
2321 2573 2763 2648 procinctu'esset
2793 2576 2989 2648 Italica:
3013 2573 3396 2648 expeditionis.

1816 2646 1947 2699 Cum
1994 2656 2174 2701 autem
2222 2643 2339 2701 ille'
2368 2650 2418 2701 in
2451 2648 2719 2718 Illyricum
2749 2663 2815 2703 ex
2846 2646 2995 2718 Italia
3024 2645 3193 2701 redux
3244 2643 3403 2718 fuerit

1815 2729 1957 2772 anno
1981 2718 2172 2771 eodem
2216 2718 2319 2773 507
2346 2728 2468 2772 ante
2500 2713 2736 2774 mensem
2767 2717 3125 2784 septembrem
3153 2757 3168 2781 ,
3208 2724 3264 2768 ut
3288 2713 3405 2784 opi-

1816 2801 1916 2857 nor
1936 2827 1952 2853 ,
1980 2799 2033 2842 et
2057 2804 2121 2844 ex
2154 2794 2328 2857 capite
2347 2789 2417 2843 27
2448 2789 2600 2844 istius
2649 2790 2770 2843 libri
2818 2788 3151 2844 Lactantiani
3194 2794 3403 2843 constet

1818 2856 2122 2929 Herculium
2156 2856 2378 2914 Romam
2404 2861 2591 2915 iterum
2626 2861 2922 2928 profectum
2950 2870 3070 2929 post
3096 2857 3402 2929 fugamiGa-

1817 2928 1933 2982 lcrii
1957 2970 1971 2993 ,
2018 2945 2081 2983 ac
2110 2946 2230 2984 cum
2275 2946 2485 2985 rursum
2516 2932 2704 2986 eodem
2742 2946 2883 2986 anno
2917 2928 3166 2985 rediissct
3190 2929 3242 2984 in
3270 2928 3400 2984 Cal-

1815 2999 1950 3071 lias,
1992 3000 2065 3055 ibi
2095 3002 2479 3071 aliquantulum
2530 3012 2793 3061 moratum
2837 3017 2992 3066 esse,
3034 3011 3088 3057 et
3133 2998 3399 3071 posteain

1815 3069 2082 3142 Illyricum
2106 3071 2171 3125 ad
2188 3069 2380 3127 urbem
2409 3074 3034 3129 PannonimCarnuntnm
3049 3073 3279 3135 venisse,
3298 3070 3400 3142 ibi-

1815 3140 1919 3215 que
1949 3142 2111 3215 fuisse
2140 3145 2174 3196 5
2204 3144 2321 3198 idus
2357 3146 2662 3199 novembris
2681 3186 2696 3210 ,
2729 3160 2836 3215 quo
2855 3145 2943 3201 die
2973 3143 3208 3215 Licinius
3236 3157 3263 3193 a
3290 3140 3400 3215 Ga-_-

1818 3212 1952 3267 lerio
1991 3214 2162 3269 factus
2193 3224 2274 3269 est
2300 3216 2593 3284 imperator
2617 3256 2633 3282 ,
2678 3212 3017 3270 manifestum
3061 3212 3401 3270 Constantini

1815 3293 1869 3336 et
1911 3284 2120 3357 Faustae
2168 3287 2380 3355 nuptias
2415 3288 2689 3357 aliquanto
2725 3296 2967 3357 tempore
2994 3294 3118 3341 ante
3160 3298 3400 3357 mensem

1812 3356 2174 3424 septembrem
2198 3353 2323 3410 anni
2349 3357 2455 3413 507
2480 3353 2690 3413 coiisse.
2719 3356 2776 3412 Si
2803 3353 2948 3412 certa
2978 3365 3164 3412 essent
3183 3370 3303 3423 qua:
3330 3353 3403 3409 de

1812 3422 2147 3481 Constantini
2179 3428 2342 3482 initiis
2386 3429 2636 3483 dicuntur
2670 3445 2700 3484 a
2733 3430 2797 3482 R.
2832 3428 2893 3483 P.
2922 3428 3084 3483 Petro
3126 3422 3217 3481 Fr.
3247 3424 3400 3480 Chil-

1814 3495 1961 3550 lletio
1991 3498 2043 3552 in
2100 3498 2242 3554 notis
2286 3499 2352 3552 ad
2404 3499 2648 3569 Vigilium
2695 3500 3067 3568 Tapseusem,
3117 3510 3403 3569 noniopus

1813 3578 1968 3641 esset
1984 3584 2045 3622 ea
2078 3568 2418 3641 inquisitione
2435 3568 2486 3623 in
2510 3586 2613 3641 qua
2636 3585 2733 3641 nos
2758 3572 3013 3624 hactenus
3032 3568 3393 3641 exercuimus.

1815 3637 1864 3692 Is
1885 3639 2028 3692 enim
2061 3637 2337 3695 contendit
2389 3637 2599 3709 nuptias
2623 3639 2960 3695 Constantini
3005 3655 3127 3693 cum
3162 3638 3398 3709 Fausta,

1814 3719 1867 3762 et
1891 3710 2097 3764 initium
2126 3720 2366 3780 augustae
2387 3711 2666 3781 dignitatis
2697 3712 2749 3766 in
2784 3711 3145 3781 eumicollatte
3170 3708 3398 3781 aMaxi-f

1813 3781 1994 3834 miano
2062 3777 2292 3845 socero,
2352 3777 2597 3837 ercuisse
2650 3782 2683 3837 8
2722 3780 2950 3836 kalend.
3008 3780 3217 3849 augusti
3254 3777 3401 3849 panni

1813 3850 1950 3914 507,
1982 3851 2169 3907 eadem
2199 3853 2449 3907 nimirum
2488 3854 2803 3907 auctoritate
2841 3867 2943 3921 qua
2988 3848 3400 3921 Constantinum

1812 3923 2000 3992 scribit
2043 3924 2214 3992 primo
2256 3924 2523 3979 Caesarem
2555 3924 2750 3979 factum
2778 3939 2807 3977 a
2829 3922 3044 3978 Galerio
3074 3935 3216 3975 anno
3250 3920 3357 3975 505
3379 3960 3396 3986 ,

1813 3991 1847 4065 8
1901 3991 2100 4065 kalend
2128 3997 2369 4065 apgusti,
2407 4006 2461 4050 et
2487 4010 2699 4050 rursum
2752 3994 3020 4050 Ctesarem
3073 3992 3401 4065 declaratum

1812 4063 1847 4118 8
1899 4063 2156 4137 kalendas
2194 4063 2401 4137 augusti
2454 4067 2580 4121 anni
2626 4065 2774 4131 506,
2827 4064 3124 4120 secundum
3193 4063 3401 4137 obitum

1816 4136 2000 4204 patris.
2055 4138 2161 4193 Sed
2208 4134 2328 4205 quia
2362 4138 2477 4192 haec
2503 4154 2530 4189 a
2558 4138 2671 4191 viro
2692 4137 2993 4191 clarissimo
3038 4151 3142 4205 non
3171 4134 3403 4202 proban-

1814 4215 1900 4259 tor
1923 4248 1936 4270 ,
1988 4204 2293 4263 necessaria
2321 4208 2417 4263 luit
2442 4225 2503 4264 ea
2530 4224 2656 4265 cura
2685 4249 2698 4273 ,
2728 4223 2887 4277 tinam
2920 4223 3018 4262 nos
3059 4204 3403 4259 adhibuimus

1814 4277 1866 4331 in
1890 4278 2262 4349 investigando
2292 4290 2533 4348 tempore
2557 4281 2776 4334 istarum
2818 4280 3142 4349 nuptiarum.

1884 4348 1987 4403 Ille
2013 4352 2221 4404 interea.
2255 4351 2503 4406 Galerius
2534 4348 2905 4405 Maximianus:
2934 4348 3198 4402 Caeterum
3230 4352 3401 4398 totmn

1772 4483 1778 4487 ε
1814 4417 1957 4473 hunc
2002 4433 2316 4487 apparatum
2353 4419 2553 4476 Galerii
2585 4427 2664 4475 sic
2693 4422 2875 4490 paucis
2917 4416 3224 4490 perstringit
3250 4413 3401 4467 Zozi-

1814 4506 1976 4544 mus:
2028 4486 2157 4545 cum
2184 4503 2355 4547 autem
2406 4486 2759 4545 Maximianus
2801 4486 3038 4543 Galerius
3080 4486 3217 4538 haud
3254 4500 3401 4552 (equo

1812 4561 2006 4615 tulisset
2032 4566 2202 4636 animo
2229 4580 2356 4636 qua:
2370 4564 2424 4616 in
2455 4558 3402 4636 SeverumCa’saremdesignatafue-

1811 4641 1959 4695 rant,
1990 4636 2052 4686 ab
2084 4626 2289 4687 Oriente
2317 4634 2536 4687 Romam
2580 4632 2802 4697 eundum
2840 4631 3043 4693 statuit,
3078 4637 3123 4680 et
3150 4626 3403 4697 admisso-

1814 4717 1929 4755 rum
1948 4694 2158 4757 nomine
2185 4706 2392 4759 meritas
2444 4694 2704 4757 Maxentio
2746 4718 2922 4772 poenas
2968 4697 3294 4772 irrogandas.
3333 4694 3403 4772 U_t

1812 4772 1864 4825 in
1898 4772 2103 4848 Italiam
2132 4775 2419 4848 appulerat,
2452 4767 2791 4848 parumﬁdos
2821 4788 2939 4848 erga
2967 4788 3019 4825 se
3047 4768 3268 4848 militum
3295 4767 3404 4848 uui-

1818 4860 1928 4897 mos
1943 4838 2183 4911 sentiens,
2197 4838 2265 4899 ad
2282 4838 2537 4899 Orientem
2568 4843 2713 4896 nullo
2742 4838 3007 4896 commisso
3028 4839 3210 4911 prtelio
3229 4838 3400 4911 rediit.

1888 4914 2149 4987 Populum
2176 4917 2545 4987 trucidaturus.
2581 4913 2957 4987 Fragmentum
2988 4910 3057 4966 de
3083 4910 3403 4987 Constantio

1812 4981 2016 5042 Chloro
2037 5030 2050 5047 ,
2101 5003 2220 5057 pag.
2259 4988 2364 5042 472
2393 5004 2408 5044 :
2441 4985 2637 5040 Dehinc
2669 4982 2906 5057 Galerius
2934 5000 3070 5057 cum
3113 4981 3401 5057 ingentibus

1811 5060 1973 5126 capiis
2004 5054 2221 5112 Romam
2268 5060 2436 5122 venit,
2486 5058 2710 5109 minatus
2755 5054 2975 5126 civitatis
3014 5055 3309 5113 interitum,
3357 5060 3404 5126 et

1809 5122 1980 5183 castra
2011 5128 2319 5183 Interamntc
2345 5129 2414 5181 ad
2457 5127 2680 5181 Tiberim
2706 5127 2897 5196 posuit.
2934 5124 3076 5178 Tunc
3103 5126 3293 5193 legatos
3333 5122 3404 5175 ad

1808 5202 1983 5253 urbem
2001 5200 2136 5254 misit
2162 5200 2411 5254 Licinium
2428 5208 2474 5252 et
2489 5198 2738 5264 Probum,
2761 5213 2851 5266 per
2871 5197 3183 5265 colloquium
3206 5202 3401 5266 petens,

1807 5282 1864 5322 ut
1892 5288 2048 5340 gener
2075 5272 2216 5338 apud
2245 5287 2472 5326 socerum
2497 5313 2511 5335 ,
2543 5271 2597 5322 id
2619 5263 2731 5331 est,
2761 5263 3061 5321 ’Μαωειιιὶιιδ
3082 5267 3222 5336 apud
3249 5263 3404 5317 Gale-

1804 5342 1937 5416 r_ium
1968 5343 2198 5410 precibus
2229 5345 2389 5414 magis
2416 5358 2571 5416 quam
2622 5341 2810 5416 armis.
2842 5348 3020 5416 Optata
3065 5346 3397 5416 mercaretur.

1809 5410 1912 5476 Qui
1957 5406 2275 5485 contemptus
2311 5406 2836 5485 vagnovitApromissis
2877 5406 3113 5485 uirorum
3154 5406 3404 5460 Maxentii

1804 5494 1976 5549 partes
2030 5481 2479 5540 suus'desern'isse.
2522 5482 2718 5549 Quibus
2763 5481 3091 5551 perturbatus
3132 5488 3269 5532 retro
3292 5490 3403 5551 ocr-

1803 5570 1892 5607 sus
1918 5564 1987 5608 est
2008 5572 2025 5619 ;
2049 5565 2118 5620 et,
2147 5567 2201 5609 ut
2232 5558 2381 5611 militi
2409 5573 2505 5611 suo
2532 5548 2773 5625 pra'dam:
2799 5564 3174 5625 quamcumque
3199 5548 3402 5625 confer-

1804 5635 1910 5687 ret,
1942 5628 2229 5696 ﬂamminio
2245 5628 2407 5699 jussit
2430 5619 2645 5695 auferri.
2678 5619 2818 5692 Quid
2836 5623 2955 5699 sibi
2985 5620 3247 5699 velitintic
3279 5619 3400 5696 loco

1804 5712 1905 5751 Vox
1935 5688 2484 5767 [tantminiafneseire
2504 5688 2573 5751 'se
2612 5688 2807 5751 fallitur
2836 5693 3097 5769 Henricus
3128 5688 3393 5769 YalPSiltS,

1804 5780 1859 5843 et
1888 5763 2077 5825 deesse
2103 5769 2220 5825 huic
2250 5769 2503 5843 nonnulla
2536 5777 2713 5843 putat,
2766 5784 2883 5843 qua:
2915 5765 2981 5818 ad
3002 5763 3396 5843 ⁸Μᾳκὶιιιιιιιιιιιιι

1805 5840 2116 5898 ilerculium
2153 5842 2511 5914 pertinebant.
2561 5841 2669 5910 Ego
2716 5837 2894 5908 potius
2930 5837 3394 5899 existimaverunt,
