3746 6256
48 285 145 355 355

668 282 914 344 εΝοτιΕ
950 286 1017 343 lN
1056 288 1184 344 LIB.
1229 289 1316 346 DE
1354 276 1706 345 MORTIBUS
1744 282 2132 347 PERSECUT.
2172 287 2323 346 CAP.
2369 288 2539 348 xxx.

3176 293 3279 354 353’s

49 410 135 474 bis,
163 408 241 462 ubi
285 406 472 481 legitur
514 404 812 481 Herculium
866 405 935 460 ab
972 404 1183 481 Illyrico
1227 405 1583 476 repudiatum,
1613 405 1667 465 A
1767 405 1951 481 Generi
1990 406 2177 481 filiuni.
2209 404 2340 459 Nam
2370 405 2716 481 Constantius
2738 406 3080 481 Constantini
3110 424 3282 481 pater,

50 491 262 550 tauquam
287 475 503 550 sialiter
530 475 806 550 repudiari
839 491 943 550 n_o_u
976 475 1258 545 potuisset,
1290 475 1447 550 quam
1483 492 1581 531 ne-

46 546 151 617 gata
182 551 223 603 ei
267 548 584 604 habitatione
622 546 831 617 Illyrici.
871 547 1040 601 Verus
1084 558 1263 602 autem
1295 546 1583 609 verborum

49 620 275 685 Etuueuii,
300 630 355 673 ut
377 632 475 687 ego
500 618 711 688 quidem
733 618 985 680 arbitror,
1018 633 1209 674 sensus
1230 619 1319 674 hic
1342 633 1465 673 esse
1488 618 1585 673 de-

46 693 132 772 bet,
180 701 232 745 ut
253 691 316 745 ab
339 689 545 772 Illyrico
573 688 881 772 repudiamus
923 688 1153 755 dicatur,
1194 691 1321 772 quia
1350 690 1586 772 illic,mut

44 765 256 827 diximus,
278 759 613 816 suasionibus
638 759 749 814 suis
780 760 995 816 efficere
1019 777 1122 814 non
1162 759 1332 830 potuit
1372 772 1427 815 ut
1462 760 1587 815 Dio-

43 834 264 889 cletianus
290 841 585 887 resumeret
611 831 912 903 imperium.
938 831 1122 903 Neque
1143 848 1272 887 vero
1299 832 1583 902 repudium

43 904 148 961 illud
165 904 370 973 contigit
393 917 537 957 anno
559 902 793 973 secundo
814 912 935 973 post
961 904 1297 958 consulatum
1319 904 1585 957 decimum

42 974 257 1033 Herculii.
284 971 334 1028 id
358 984 459 1040 εει,
491 988 634 1044 anno
657 971 854 1028 Christi
881 974 1009 1037 510,
1039 983 1097 1029 ut
1119 984 1271 1044 putat
1314 973 1583 1040 Valesius,

42 1045 296 1101 sedstatim
323 1055 441 1116 post
464 1043 711 1116 collatam
746 1046 799 1098 in
852 1044 1114 1116 Licinium
1125 1043 1454 1116 dignitatem
1486 1045 1589 1116 im-

147 1117 335 1171 toriam.
363 1115 639 1183 Siquidem
662 1115 972 1170 Laclantius
991 1116 1058 1171 de
1089 1115 1327 1171 discessu
1355 1117 1473 1185 ejus
1517 1115 1586 1170 ab

147 1133 335 1171 tortam.
363 1133 639 1183 etquidem
662 1133 972 1170 metanuns
991 1133 1058 1171 ne
1089 1133 1327 1171 discessu
1355 1133 1473 1185 ejus
1517 1133 1586 1170 an

41 1133 217 1258 mica
238 1188 315 1258 sic
336 1186 546 1251 scribit,
573 1195 823 1256 tanquam
854 1186 922 1241 de
948 1186 1066 1257 fuga
1091 1187 1397 1258 desperata,
1424 1188 1586 1242 adeo-

41 1257 124 1330 que
139 1258 197 1313 de
217 1257 681 1330 discessuusubito
705 1267 783 1330 et,
807 1259 1061 1330 praecipiti
1099 1257 1450 1326 profectione.
1481 1259 1584 1311 De-

42 1326 168 1399 nique
194 1327 409 1383 reditum
450 1326 685 1382 Herculii
723 1328 805 1399 ad,
835 1326 1242 1391 Constantinum
1289 1330 1366 1383 sic
1404 1337 1588 1383 narrat

40 1398 262 1464 Valesius,
294 1410 545 1468 tanquam
592 1399 638 1453 si
669 1398 903 1453 nondum
934 1399 1027 1455 ille
1067 1401 1472 1455 Constantinum
1505 1401 1586 1455 vi-

40 1473 174 1527 disset
194 1478 304 1539 post
321 1472 659 1525 exactionem
690 1486 843 1540 suam
871 1470 939 1524 ab
971 1473 1102 1526 urbe
1125 1472 1315 1534 Roma,
1344 1473 1587 1540 adeoque

41 1541 152 1611 apud
169 1538 279 1595 eum
297 1550 624 1611 conquestus
653 1558 759 1596 non
785 1538 974 1596 fuisset
1004 1542 1072 1597 de
1110 1543 1202 1596 lilii
1229 1543 1311 1597 sui
1353 1538 1587 1597 crudeli-

42 1624 123 1667 tate
139 1611 394 1666 adversum
425 1626 520 1679 se;
548 1628 670 1666 cum
699 1622 877 1666 tamen
905 1622 1055 1668 certo
1105 1614 1338 1668 sciamus
1360 1629 1427 1667 ex
1457 1613 1587 1668 Lac-

42 1686 173 1755 tantio
215 1682 510 1755 Herculium
538 1684 708 1738 Roma
737 1686 1014 1755 profugum
1065 1686 1277 1739 venisse
1333 1685 1504 1754 primo
1533 1688 1583 1739 in

40 1754 224 1827 Galliam
250 1754 313 1807 ad
360 1754 1052 1827 Constantinum,et’hinc
1093 1756 1144 1810 in
1202 1756 1465 1827 Illyricum
1518 1756 1584 1809 ad

44 1824 349 1898 Galerium_et
362 1825 783 1898 Diocletianum,
812 1836 865 1881 et
894 1826 963 1881 ab
1002 1828 1106 1882 isto
1136 1824 1468 1898 repudiatum
1500 1843 1589 1883 re-

42 1897 168 1951 diisse
188 1899 234 1950 in
263 1894 485 1951 Galliam
517 1897 588 1951 ad
620 1897 1051 1953 Constantinum.

96 1966 287 2034 Utroque
305 1978 573 2035 prasente.
604 1968 936 2023 Diocletiano
959 1969 1209 2024 nimirum
1234 1978 1288 2025 et
1312 1969 1587 2024 Maximia-

43 2053 96 2094 no
120 2037 360 2093 Herculio.
403 2036 586 2095 Unum
620 2038 740 2094 heie
765 2040 999 2094 occurrit
1032 2041 1446 2096 examinandum
1470 2083 1483 2103 ,
1517 2058 1583 2096 an

43 2112 220 2182 istorum
249 2114 533 2182 praesentia
581 2110 839 2165 trahenda
877 2112 1031 2182 sitad
1061 2127 1405 2177 Consensutn,
1441 2128 1583 2182 pra:-

40 2181 186 2235 sertim
212 2195 324 2234 cum
360 2180 459 2235 ista
486 2191 785 2251 agerentur
812 2197 841 2235 a
869 2180 1108 2246 Galerio,
1140 2183 1357 2237 homine
1391 2180 1579 2237 admu-

40 2252 137 2305 dum
163 2252 405 2320 pervicaci
433 2266 500 2307 ac
527 2254 769 2320 superbo
791 2295 803 2317 ,
835 2264 889 2307 et
917 2255 1005 2323 qui
1039 2255 1228 2307 stricto
1264 2255 1410 2308 velut
1454 2269 1584 2309 ense

40 2323 290 2391 supplicare
311 2332 503 2377 suetus
521 2333 666 2388 erat,
689 2333 743 2378 et
766 2339 832 2377 an
854 2338 1157 2379 consensus
1176 2326 1265 2379 ille
1294 2325 1584 2381 trahendus

40 2407 205 2448 rursum
230 2394 385 2466 sit‘ad
410 2405 643 2466 caeteros
660 2437 674 2460 ,
720 2408 884 2464 penes
914 2410 1048 2464 quos
1080 2396 1386 2465 reipublicze
1413 2405 1585 2466 potes-

40 2477 101 2517 tas
129 2473 244 2518 erat.
290 2463 420 2518 Nam
473 2465 524 2519 id
561 2463 746 2520 dicere
792 2463 1002 2521 videtur
1029 2463 1293 2521 Eusébius
1333 2463 1428 2520 libi
1466 2483 1580 2534 vui,

38 2548 128 2603 Cap.
153 2535 478 2611 ίξότΔικίῖυιος
502 2535 561 2611 δέ
605 2538 689 2591 ἐπὶ
726 2540 925 2599 τούτοις
967 2539 1068 2611 ὑπὸ
1108 2547 1268 2598 κοινῆς
1297 2537 1469 2611 ψήφῳ
1484 2546 1582 2593 τῶν

40 2604 304 2684 spectatissima
326 2610 671 2684 αὐτοκράτωρ
691 2613 791 2684 uati,
814 2610 1067 2670 σεϐαστός
1097 2604 1393 2684 nuntiarist
1431 2609 1583 2684 Hunc

40 2676 174 2747 leonum
212 2676 523 2747 interpretes
579 2676 651 2733 in"
681 2682 861 2733 varios
886 2695 1077 2735 sensus
1105 2676 1483 2734 traduxerunt.
1516 2682 1583 2736 Et

39 2745 233 2801 Ruflinus
256 2745 468 2817 quidem
518 2750 594 2803 ita
627 2752 786 2806 vertit
814 2768 828 2804 :
864 2751 971 2806 Sed
1000 2760 1047 2804 et
1077 2748 1301 2805 Licinius
1326 2752 1583 2804 conmmni

39 2820 217 2892 omnium
237 2823 476 2892 sententia
498 2823 736 2892 adscitus
763 2823 816 2875 in
842 2823 1141 2890 imperium,
1180 2825 1436 2891 Augustus
1463 2840 1583 2892 pro-

40 2889 269 2944 nuntiatur.
300 2891 576 2947 Musculus
612 2910 625 2946 :
660 2891 891 2947 Licinius
914 2889 1029 2946 vero
1046 2889 1307 2946 communi
1332 2889 1581 2949 sententia

40 2969 332 3035 potentatuum
380 2973 428 3017 et
476 2965 611 3035 ipse
640 2964 918 3033 imperator
967 2975 1013 3017 et
1051 2965 1315 3034 Augustus
1354 2974 1576 3020 creatur.

40 3029 508 3106 Christophorsonus
535 3052 549 3088 :
586 3029 814 3088 Licinius
842 3029 1375 3106 deinceps-communi
1404 3052 1580 3092 coruus

38 3100 235 3175 suffragio
258 3114 301 3157 et
328 3122 585 3159 consensu
615 3122 766 3173 penes
792 3122 920 3174 quos
943 3100 1141 3160 summa
1169 3115 1390 3175 potestas
1428 3118 1535 3161 erat
1559 3150 1572 3174 ,

40 3169 262 3247 {inperator
298 3186 342 3229 et
381 3169 652 3247 Augustus
679 3169 988 3230 declaratur.
1029 3169 1267 3247 Denique
1295 3169 1579 3237 Valesius:
1608 3180 1654 3243 C

39 3240 219 3298 Licinius
278 3240 536 3301 communi
599 3248 964 3316 imperatorum
1037 3240 1284 3318 su/I'ragio
1358 3250 1580 3318 impera-

39 3322 113 3388 tor_
135 3324 175 3368 et
212 3317 457 3388 Augustus
506 3319 803 3372 declaratus
869 3330 962 3372 est.
1008 3317 1254 3373 Rnl‘linus
1307 3317 1466 3388 igitur
1526 3322 1577 3376 in

36 3384 567 3467 ambigunnrelinquit‘
610 3403 746 3467 quos
777 3389 997 3467 intelligi
1041 3390 1191 3443 velit.
1250 3384 1432 3461 Neqtte
1469 3392 1578 3446 cla-

37 3456 121 3530 rius
143 3471 192 3511 se
214 3456 475 3530 Masculus
516 3456 756 3530 explicat
780 3501 795 3525 ,
843 3456 973 3529 quid
1018 3456 1387 3529 potentatuuin
1418 3477 1577 3516 voca-

36 3523 133 3602 bulo
149 3529 428 3598 significare
453 3523 614 3597 velit,
646 3523 909 3587 incertum
949 3523 1361 3602 relinquens.At
1391 3532 1577 3588 Chris-

35 3596 335 3664 topborsonus
363 3612 418 3655 et
447 3596 699 3658 Valesius
739 3613 925 3673 aperte
979 3596 1328 3672 pronuntiant
1385 3603 1436 3657 id
1468 3604 1575 3658 fac-

32 3676 114 3719 tum
137 3676 541 3728 essecommuni
585 3676 1004 3746 imperatorum,
1045 3676 1159 3746 sive
1190 3689 1377 3729 eorum
1410 3690 1574 3742 penes

29 3750 129 3802 (ιοος
144 3755 329 3815 summa
356 3754 611 3813 potestas
638 3744 775 3808 erat,
810 3746 1087 3815 suffragio.
1117 3744 1313 3799 Verqu
1345 3746 1441 3799 ista
1493 3747 1572 3800 in-

29 3814 301 3887 terpretatio
333 3816 635 3885 plurimum
684 3816 843 3870 habet
889 3814 1239 3871 difficultatis.
1285 3815 1418 3870 Nam
1449 3832 1570 3871 cum

29 3881 418 3958 istndconcilium
451 3888 894 3958 praecipitanter,
933 3896 988 3941 ut
1019 3887 1192 3957 palam
1220 3895 1323 3953 est,
1353 3897 1568 3955 Captum

27 3963 56 4028 Ξ
67 3950 245 4010 Galerio
267 3958 354 4025 sit,
385 3950 659 4028 terhporis
686 3950 946 4028 angustiae
977 3950 1084 4012 non
1108 3950 1474 4028 permiserunt
1513 3969 1572 4014 ut

26 4018 266 4095 Caesarum,
293 4018 380 4099 qui
406 4031 460 4084 in
503 4018 789 4097 provinciis
818 4039 990 4092 erant,
1023 4018 1320 4084 consensus
1349 4038 1569 4099 expete-

29 4101 168 4159 retur;
206 4108 255 4152 et
283 4115 383 4155 non
410 4111 542 4156 erat
583 4102 669 4156 hic
697 4115 814 4155 mos
850 4100 1067 4156 Galerii.
1113 4099 1375 4154 Przeterea
1420 4111 1570 4156 certo

28 4162 162 4233 colligi
182 4181 343 4242 potest
365 4187 431 4227 ex
461 4171 705 4228 Eusebio
736 4181 790 4226 et
822 4171 1097 4226 Lactantio
1117 4213 1133 4239 ,
1168 4173 1240 4225 uti
1271 4181 1454 4240 postea
1482 4172 1567 4226 di-

27 4245 193 4312 cemus,
232 4256 397 4312 neque
427 4242 805 4310 Maximinum,
840 4257 1011 4312 neque
1046 4242 1455 4297 Constantinum
1488 4244 1569 4297 in-

29 4310 278 4378 terrogatos
299 4310 491 4384 fuisse.
522 4313 706 4384 Neque
732 4310 1005 4381 probabile
1035 4313 1158 4367 item
1181 4323 1263 4367 est
1307 4313 1565 4367 Maxentii

30 4387 306 4455 consensum
324 4382 499 4455 fuisse
527 4382 864 4455 requisitum,
890 4385 1149 4439 adversus
1179 4399 1339 4453 quem
1368 4385 1564 4438 bellum

32 4450 286 4526 parabatur.
317 4450 620 4526 Reliquunf
653 4457 811 4522 igitur
839 4467 921 4511 est
950 4466 1006 4509 ut
1034 4455 1121 4508 hic
1151 4450 1363 4509 Eusebii
1414 4457 1564 4511 locus

32 4519 306 4590 intelligatur
323 4527 389 4581 de
407 4519 844 4595 Imperator-ibus,
875 4528 1125 4581 nimirum
1148 4526 1214 4580 de
1235 4526 1563 4581 Diocletiano

30 4599 240 4667 νειοῖοηο
263 4595 440 4665 Rege,
478 4598 549 4653 de
576 4597 890 4653 Maximiano
921 4596 1189 4658 Herculio,
1216 4598 1302 4667 qui
1328 4606 1436 4650 tum
1466 4599 1564 4651 im-

63 4660 196 4737 grium
221 4660 604 4738 resumpserat,
643 4669 786 4724 etde
808 4669 1022 4725 Galerio
1059 4660 1396 4724 Maximiano.
1431 4668 1563 4723 Nam

62 4739 188 4787 ttres
223 4744 325 4808 tum
361 4750 521 4795 erant
546 4740 839 4808 Carnuuti,
868 4754 990 4795 cum
1021 4738 1258 4793 Licinius
1288 4740 1457 4794 factus
1484 4749 1568 4795 est

33 4798 275 4881 augustos.
302 4807 488 4881 itaque
517 4826 703 4866 verum
733 4798 838 4865 non
864 4820 947 4867 est
973 4812 1118 4865 oumi
1146 4826 1211 4865 ex
1235 4820 1383 4879 parte
1425 4812 1567 4880 quod

34 4870 126 4950 heic
141 4875 206 4930 ait
225 4870 502 4946 Eusebius,
527 4882 787 4936 Licinium
818 4882 1010 4937 factum
1039 4897 1157 4936 esse.
1185 4870 1564 4950 imperatorem

33 4945 353 5022 εῑᾼιιειιειιιηι
371 4952 844 5009 communieorum
866 4967 1152 5020 consensu,
1180 4945 1397 5022 qui-lum
1424 4969 1567 5008 rem-

31 5013 254 5091 publicam
276 5024 638 5091 possidebant.

89 5084 179 5164 Sea:
195 5084 412 5164 fuerunt.
440 5095 700 5150 Nimirum
730 5096 1080 5151 Maximianus
1114 5093 1393 5149 Herculius
1413 5135 1426 5157 ,
1467 5093 1571 5149 Ga-

32 5150 167 5236 [crius
190 5150 567 5236 Maximianus,
599 5167 916 5222 Maximinus
941 5175 1302 5236 engnomento
1328 5150 1456 5219 Daia
1486 5165 1569 5221 vel

32 5223 166 5309 “3115!.
183 5223 572 5303 Constantinus,
603 5237 901 5293 Maxentius
926 5247 981 5292 et
1008 5223 1263 5309 Licinius.

65 5293 325 5378 ,ϐςηεῃιω
354 5324 523 5364 suum.
558 5293 966 5363 Constantinum
989 5352 1001 5367 ,
1032 5313 1119 5378 qui
1170 5308 1449 5368 Faustam,
1484 5322 1569 5361 se-

34 5372 179 5447 nioris
211 5372 491 5447 Maximiani
524 5381 788 5435 minorem
822 5382 984 5433 filiam
1005 5421 1019 5445 ,
1051 5372 1218 5447 paulo
1246 5389 1370 5432 ante
1395 5380 1565 5432 duxe-

34 5444 495 5520 lilﬁtcodemganno
540 5452 816 5520 nimirum,
847 5466 953 5520 quo
983 5444 1037 5505 et
1061 5444 1300 5505 Severus
1326 5451 1564 5512 occisus,

34 5515 76 5591 εξ
100 5506 306 5591 Licinius
331 5518 495 5575 iactus
528 5530 611 5576 est
639 5506 950 5591 imperator.
991 5520 1184 5574 Incerti
1219 5506 1570 5591 panegyricus

35 5571 310 5661 ιιεῃφίεηο
331 5571 959 5646 arcanas;.1'i'.'.1;a‘a.is
989 5571 1279 5661 aratas.
1323 5571 1565 5645 at...“

39 5644 835 5735 lidivinumtuumpdfatcimiane
882 5644 1172 5735 judicium:
1201 5644 1287 5735 qui
1315 5644 1450 5716 hunc
1476 5662 1571 5735 tibi

30 5724 418 5810 interadoptiouis
433 5724 679 5810 nepotem,
711 5724 995 5809 majest'atis
1013 5724 1189 5789 ordine
1200 5724 1386 5810 filium,
1420 5734 1571 5789 etiam

35 5803 239 5865 suam
258 5814 363 5865 me
387 5803 625 5885 voluisti!

1618 1797 1666 1856 B

1587 4566 1642 4626 D

1690 478 1988 546 repudiata,
2018 487 2075 552 ut
2088 477 2280 552 jussus
2305 487 2441 552 erat,
2477 478 2701 552 Helena,
2734 478 3077 552 Theodoram
3105 477 3282 552 (luxit,

1688 563 1849 625 quam
1878 548 2119 602 nonnulli
2151 548 2365 602 tradunt
2391 548 2626 605 Herculii
2658 551 2822 606 filiam
2846 551 3033 620 fuisse,
3062 554 3154 608 alii
3179 548 3287 625 pri-

1687 634 1926 676 vumam.

1741 634 1984 758 8323555:
2004 689 2196 760 regiam
2210 700 2416 744 vestem.
2440 690 2492 744 Id
2514 699 2619 757 est,
2646 707 2969 761 purpuram;
2994 703 3048 749 et
3074 696 3151 750 sic
3179 696 3252 751 ite
3270 725 3284 738 -

1687 779 1807 818 rum
1833 760 1898 815 ad
1930 763 2090 815 vitam
2125 761 2384 829 privatam
2420 763 2600 816 rediit.
2640 763 2859 818 Factum
2889 766 3029 820 istud
3058 768 3126 819 ab
3153 766 3287 822 Her-

1690 834 1834 905 culio
1856 832 2044 905 scribit
2077 832 2377 905 Hadrianus
2409 832 2724 888 Valesiusiu
2747 834 2883 889 libro
2910 837 3083 905 primo
3105 852 3283 894 rerum

1689 903 2094 981 Francicarnm,
2120 918 2172 972 p.
2198 904 2260 957 ει
2278 947 2292 968 ,
2315 911 2601 981 antequam
2631 903 3064 981 proficisceretur
3087 908 3137 963 in
3164 909 3287 981 llly.

1690 990 1874 1050 rycum
1896 1016 1939 1050 ,_
1963 974 2013 1027 id
2039 984 2147 1050 est,
2188 990 2330 1029 anno
2356 976 2461 1050 .307
2503 989 2753 1032 exeunte.
2789 976 2990 1050 Verum
3024 974 3287 1050 repugnat

1698 1044 2009 1117 Lactantius
2039 1044 2162 1099 huic
2205 1045 2521 1114 sementim,
2575 1052 2665 1117 qui
2710 1049 2999 1103 secundam
3049 1044 3286 1108 Herculii

1690 1115 2079 1171 abdicationem
2112 1117 2313 1188 diserte
2343 1115 2641 1172 revocatad
2668 1121 2961 1188 posteriora
2996 1130 3276 1188 tempora:
3370 1121 3385 1129 ’

1690 1187 1782 1243 sed
1809 1202 2007 1241 annum
2040 1202 2144 1241 non
2188 1186 2404 1241 indicat.
2431 1186 2713 1243 Probabile
2749 1198 2922 1243 tamen
2956 1202 3037 1244 est
3070 1186 3122 1246 id
3169 1192 3284 1248 fac-

1693 1269 1803 1315 tum
1834 1275 1937 1312 non
1969 1261 2038 1311 ita
2071 1259 2239 1312 multo
2265 1267 2548 1328 postquam
2573 1260 2638 1312 ad
2663 1261 3069 1315 Constantinum
3093 1263 3285 1319 rediis-

1689 1339 1773 1385 set
1801 1346 1864 1385 ex
1889 1328 2122 1400 Illyrico,
2173 1328 2221 1382 id
2252 1340 2354 1393 est,
2388 1344 2531 1385 anno
2559 1329 2663 1385 308
2694 1334 2931 1396 ineunte,
2959 1335 3076 1399 ipso
3103 1335 3283 1390 decies

1689 1410 1744 1475 et
1769 1400 2095 1475 Maximiano
2118 1400 2327 1475 septies
2344 1402 2678 1475 consulibus.
2703 1402 2835 1456 Nam
2861 1403 3002 1475 nulla
3028 1403 3286 1475 deinceps

1691 1471 2000 1544 facinorum
2021 1471 2137 1540 ejus
2165 1472 2367 1526 mentio
2410 1473 2638 1527 habetur
2668 1488 2838 1544 usque
2869 1474 2933 1527 ad
2958 1488 3154 1529 annum
3179 1471 3284 1533 sio

1690 1557 1797 1611 quo
1828 1542 2071 1618 interiit;
2105 1551 2158 1596 et
2188 1544 2268 1596 vir
2287 1544 2668 1618 cupidissimus
2696 1542 2960 1615 signando
2977 1561 3158 1618 ferinos
3189 1564 3285 1618 per

1690 1614 2008 1686 consulatus
2029 1626 2178 1686 suos,
2203 1615 2660 1685 consuldeinceps
2688 1631 2794 1669 non
2815 1617 3081 1686 reperitur
3098 1614 3283 1674 fuisse.

1766 1685 1963 1757 Relicta
1983 1683 2202 1757 militum
2234 1693 2397 1751 parte.
2441 1686 2492 1739 In
2522 1683 2985 1757 potestate;suceri
3013 1692 3094 1741 sui
3124 1690 3289 1745 Maxi-

1693 1755 1877 1811 miani.
1905 1754 2010 1810 Sed
2036 1755 2199 1808 homo
2223 1757 2457 1824 perfidus
2479 1754 2573 1812 eos
2604 1757 2909 1812 sollicitavit
2929 1757 2994 1812 ad
3019 1757 3288 1817 defectio.

1693 1841 1837 1900 nem.
1877 1825 2073 1889 Testis,
2109 1826 2690 1900 prwtethactantium,
2722 1830 3013 1884 Eumenius
3039 1830 3088 1885 in
3124 1847 3286 1900 pane-

1690 1897 1877 1968 gyrico
1898 1911 2056 1966 quem
2083 1905 2266 1965 postea
2296 1898 2432 1952 dixit
2453 1899 2826 1964 Constantino,
2860 1901 2947 1955 ubi
2970 1915 3090 1955 cum
3115 1897 3291 1958 dixis-’

1690 1979 1773 2039 set
1801 1968 2181 2022 Maxunianum
2204 1983 2406 2037 genero
2427 1983 2525 2023 suo
2555 1970 2827 2039 pejerasse
2848 2014 2861 2036 ,
2892 1973 3072 2026 statim
3099 1974 3283 2030 addit:

1692 2038 1819 2114 Hafc
1842 2049 1916 2092 est
1948 2039 2095 2114 ﬁdes,
2121 2040 2229 2093 [nec
2258 2040 2436 2111 religio
2460 2038 2676 2107 palatini
2698 2044 2912 2096 sacrarii
2937 2045 3116 2097 devota
3138 2062 3288 2114 peac—

1689 2112 1906 2164 tralibus
1932 2152 1946 2171 ,
1966 2182 1972 2184 ν
1990 2119 2048 2184 ut
2077 2111 2212 2184 lente
2233 2119 2280 2162 et
2308 2121 2634 2178 cunctanter,
2669 2116 2785 2184 jam
2813 2115 3001 2167 scilicet
3032 2111 3146 2168 cum
3182 2117 3288 2172 illis

1690 2183 1807 2235 belli
1831 2182 2084 2245 consiliis,
2101 2182 2293 2255 itinere
2315 2189 2546 2255 confecto
2565 2223 2580 2249 ,
2610 2182 2922 2255 consumptis
2948 2187 3107 2254 capiis
3136 2204 3285 2241 man-

1688 2256 1910 2327 sianum,
1944 2269 2006 2306 ne
2024 2253 2138 2327 quis
2158 2254 2397 2320 consequi
2418 2265 2585 2323 posset
2606 2253 2877 2327 exercitus,
2918 2253 3124 2327 repente
3152 2260 3288 2315 intra

1689 2325 1905 2391 parietes
1935 2324 2214 2377 consideret
2246 2337 2562 2395 purpuratus
2584 2367 2597 2390 ,
2630 2335 2677 2378 et
2703 2325 2779 2379 bis
2817 2324 3108 2395 depositum
3139 2333 3287 2384 tertio

1687 2404 1962 2463 usurparet
1991 2395 2293 2463 imperium,
2337 2395 2528 2449 litteras
2556 2397 2624 2449 ad
2651 2397 3004 2450 sollicitandos
3038 2402 3288 2455 exercitus

1688 2466 1924 2529 mitteret,
1956 2464 2110 2534 ﬁdem
2138 2466 2359 2519 militum
2377 2467 2702 2535 praemiorum
2729 2469 3062 2522 ostentatione
3079 2472 3286 2524 turbare

1686 2544 1897 2589 tentaret
1925 2577 1940 2601 ,
1980 2551 2157 2609 secure
2188 2537 2375 2609 scilicet
2406 2554 2596 2609 usurus
2625 2541 2849 2591 exercitu
2874 2581 2888 2603 ,
2918 2555 3065 2609 quem
3086 2543 3286 2596 uenales

1687 2623 1871 2661 atauus
1902 2605 2084 2660 habere
2112 2607 2385 2661 docuisset.
2432 2608 2586 2662 Istius
2616 2609 2718 2662 loci
2746 2605 2965 2664 sensum
3012 2609 3286 2667 Livineius

1685 2678 1759 2731 ait
1792 2678 2086 2752 huncesse
2107 2717 2120 2739 ,
2174 2688 2231 2730 ut
2263 2678 2612 2752 Maximianus
2641 2679 2923 2735 Herculius
2954 2682 3285 2752 intelligatur

1686 2751 2043 2821 resumpsisse
2068 2763 2357 2821 purpuram
2382 2750 2609 2818 Arelati,
2630 2766 2749 2805 cum
2783 2752 2914 2806 urbe
2939 2750 3153 2821 pulsus,
3182 2754 3286 2807 lia-

1687 2819 1754 2873 lia
1786 2820 2014 2888 fugatus,
2046 2833 2108 2872 ac
2147 2819 2363 2890 Illyrico
2388 2824 2720 2888 repudiatus,
2762 2838 2790 2875 a
2823 2819 3175 2877 Constantino
3203 2836 3286 2880 est

1686 2902 1962 2959 exceptus.
1994 2890 2164 2945 Recte
2190 2906 2354 2957 sane,
2401 2901 2656 2960 quantum
2699 2894 2765 2948 ad
2813 2893 3125 2949 Historiam.
3174 2895 3284 2952 Sed

1686 2964 1868 3033 nescio
1896 2964 1983 3017 ubi
2016 2962 2279 3033 invenerit
2323 2971 2437 3015 acta
2480 2963 2593 3016 haec
2639 2978 2759 3018 esse
2795 2964 2936 3033 apud
2980 2966 3278 3020 Arelatem.

1682 3031 1872 3103 Neque
1911 3037 2054 3087 enim
2080 3032 2130 3085 id
2178 3032 2305 3103 dicit
2336 3033 2632 3088 Eumenius
2654 3075 2667 3097 ,
2709 3035 2801 3088 sed
2828 3031 3030 3088 tantum
3060 3052 3119 3091 se
3149 3052 3284 3091 cun-

1684 3101 1909 3159 clusisse
1937 3108 1990 3159 in
2021 3103 2234 3158 civitate
2262 3101 2598 3168 Arelatensi,
2644 3121 2750 3173 quo
2798 3122 2919 3159 eum
2970 3113 3288 3174 persecutus

1686 3182 1769 3248 est
1788 3177 2063 3248 exercitus
2089 3174 2467 3248 Constantini,
2515 3184 2570 3229 et
2613 3176 2734 3231 inde
2778 3177 3061 3231 Massiliam
3096 3194 3281 3248 poSIea

1688 3245 2061 3319 fugisseJlihi
2092 3256 2298 3300 certqu
2356 3247 2565 3302 videtur
2609 3247 2911 3302 Herculium
2954 3245 3279 3319 purpuram,

1681 3333 1840 3390 quam
1873 3317 1956 3371 bis
1996 3317 2356 3384 deposuerat,
2405 3319 2760 3390 resutnpsisse
2803 3321 2853 3373 in
2900 3317 3010 3386 ipsa
3057 3317 3282 3377 civitate

1682 3387 2051 3463 'l'revirorum,
2079 3398 2171 3441 aut
2194 3402 2302 3463 non
2326 3390 2513 3463 _multo
2549 3387 2765 3463 proelii.
2790 3390 2845 3463 Id
2871 3391 3000 3443 mihi
3027 3392 3281 3463 colligere

1680 3459 1959 3532 videor-ex
1991 3460 2072 3513 his
2099 3458 2280 3532 verbis
2322 3458 2583 3532 Lactantii
2613 3501 2626 3523 ,
2680 3461 2766 3514 ubi
2799 3462 2871 3514 ait
2916 3476 3039 3515 eum
3097 3458 3281 3532 paiicis

1680 3538 1802 3598 post
1829 3529 2041 3600 diebus,
2063 3544 2220 3598 quam
2244 3530 2629 3600 Constantinus
2652 3531 2924 3600 profectus
2943 3543 3059 3587 erat
3084 3529 3281 3589 adver-

1677 3614 1796 3654 sum
1827 3598 2085 3664 Francos,
2109 3614 2230 3653 cum
2263 3598 2543 3675 thesauros
2561 3598 2803 3675 publicos
2830 3604 3132 3671 invasisset,
3153 3620 3279 3675 pur-

1678 3686 1864 3739 puram
1880 3681 2101 3739 repente
2118 3672 2435 3738 sumpsisse,
2458 3686 2580 3724 cum
2631 3674 2927 3727 aestimaret
2962 3672 3277 3730 Constanti-

1677 3757 1805 3795 num
1847 3743 2073 3820 intrasse
2113 3741 2249 3820 lines
2274 3741 2648 3820 ba_rbaro_rutn_.
2683 3743 3173 3820 Nam_Fran_eo_rum
3214 3748 3289 3820 li-.

1676 3828 1791 3868 mes
1820 3823 1934 3887 erat
1964 3814 2106 3887 circa
2141 3812 2462 3887 Danubium.
2498 3814 2575 3887 Et
2603 3814 2842 3887 thesauri
2876 3815 3106 3884 publici,
3139 3833 3278 3887 quos

1677 3893 1788 3958 tum
1818 3885 2015 3958 invasit
2034 3883 2338 3958 Herculius,
2360 3901 2465 3958 lt_0ll
2492 3886 2619 3940 alibi
2638 3895 3080 3958 potueruntncsse
3112 3883 3272 3958 quam

1674 3955 1726 4009 in
1760 3955 1955 4025 palatio
1995 3954 2363 4024 Imperatoris,
2396 3956 2446 4009 id
2478 3966 2581 4021 est,
2609 3958 2659 4010 in
2682 3958 2900 4012 civitate
2926 3954 3270 4014 Treverensi.

1676 4025 1855 4096 Itaque
1878 4027 2159 4082 Herculius
2183 4041 2286 4101 non
2307 4027 2495 4101 potuit
2524 4028 2661 4101 intra
2692 4044 2893 4098 paucos
2923 4030 3039 4101 dies
3066 4045 3274 4101 purpu-

1671 4114 1788 4223 rlam
1818 4113 2091 4180 resumere
2118 4098 2319 4153 Arelati
2345 4138 2360 4165 ,
2392 4111 2511 4169 quae
2548 4099 2708 4169 longo
2738 4100 3023 4156 intervallo
3054 4098 3219 4158 distat
3244 4119 3272 4156 a

1722 4185 1945 4223 reverls.
2002 4202 2015 4207 ρ

1722 4185 1945 4226 I'CVCI‘IS.
2002 4202 2015 4207 λ

1747 4240 1898 4308 Quod
1925 4242 2223 4313 ipsumnon
2252 4241 2466 4294 deceret.
2514 4239 2811 4313 Eumenius
2851 4244 2902 4296 in
2946 4245 3274 4313 panegyrico

1669 4307 2037 4384 Constantini:
2065 4311 2277 4364 Talibus
2299 4320 2345 4365 te
2367 4326 2458 4384 pro
2483 4311 2704 4366 utilitate
2719 4329 2779 4365 ac
2800 4307 3047 4384 dignitate
3063 4307 3271 4382 publica

1666 4382 1820 4436 rebus
1838 4386 2089 4455 intentum
2106 4391 2393 4455 averterunt
2410 4383 2463 4455 in
2491 4399 2543 4434 se
2568 4384 2685 4455 novi
2705 4382 2874 4436 motus
2895 4386 3005 4455 ejus
3028 4385 3265 4453 hominis,

1667 4470 1816 4524 quem
1837 4453 2150 4508 successibus
2180 4454 2279 4507 tuis
2305 4453 2524 4505 maxime
2552 4453 2725 4521 favere
2754 4453 3027 4513 decuisset.

2246 4562 2475 4619 CAPUT
2514 4564 2688 4620 XXX.

1742 4660 1917 4737 Refert
1944 4661 2012 4713 ad
2027 4660 2300 4737 nutritum.
2324 4659 2622 4737 Eutropius
2646 4662 2737 4737 lib.
2760 4678 2797 4737 _x
2830 4680 2843 4716 :
2868 4661 3089 4718 Detectis
3110 4665 3267 4737 igitur

1667 4729 1867 4788 insidiis
1896 4747 1985 4801 per
2016 4729 2267 4783 Faustam
2308 4730 2471 4797 lilium
2490 4771 2506 4797 ,
2537 4747 2652 4801 qua:
2682 4731 2858 4785 dolum
2895 4737 3000 4788 viro
3028 4729 3266 4791 enuntia-

1668 4812 1827 4868 verat,
1862 4800 2088 4876 profugit
2121 4800 2396 4876 Herculius
2423 4800 2710 4876 Massiliam
2730 4819 2750 4868 ;
2777 4804 2945 4876 ibique
2965 4821 3261 4876 Oppressus,

1707 4891 1847 4929 artas
1877 4871 2330 4947 dedit'justissinto
2352 4874 2508 4926 exitu.
2541 4871 2767 4947 Fallitur
2795 4871 3106 4946 Eutropius.
3130 4871 3263 4934 Nam

1707 4894 1847 4929 ωηαε
1877 4894 2016 4935 aequ
2039 4894 2330 4947 μιδιιδσυηο
2352 4894 2508 4926 επιιιι.
2541 4894 2767 4928 νδιιιιιιι·
2797 4894 3106 4946 ιιιιτοριυδ.
3130 4894 3263 4934 ινπιιι

1670 4894 1957 5002 Herculius
1977 4957 2100 5000 ante
2130 4944 2416 4999 Massiliam
2442 4943 2777 5016 profugerat,
2811 4961 2969 5016 quam
2995 4947 3137 5003 hunc
3167 4950 3267 5006 do-

1675 5017 1785 5072 lum
1807 5025 2173 5086 compoueret,
2200 5025 2258 5069 ut
2279 5023 2423 5086 patet
2445 5029 2510 5068 ex
2539 5013 2842 5086 Lactantio:
2862 5016 3262 5077 Graviusetiam

1674 5090 1868 5143 erravit
1899 5084 2168 5151 Z‘ozimus,
2193 5087 2344 5140 aiens
2363 5084 2689 5152 Herculium,
2717 5091 2856 5159 quod
2888 5089 3082 5145 Fausta
3103 5107 3266 5147 cona-

1676 5169 1786 5214 tum
1819 5159 1959 5211 illius
1980 5160 2372 5221 antevenisset,
2398 5168 2460 5207 at:
2484 5171 2595 5210 rem
2621 5168 2782 5212 tutam
2807 5160 3160 5218 Constantino
3184 5166 3265 5218 in-

1674 5230 1927 5294 dicasset,
1960 5229 2451 5301 indi-Speratiouem
2467 5243 2644 5282 rerum
2674 5232 2913 5284 omnium
2946 5234 3260 5301 adductum,

1673 5303 1810 5371 apud
1853 5301 2077 5371 Tarsum
2117 5299 2304 5351 uinrbo
2351 5300 2642 5371 extinctum
2671 5316 2812 5355 esse.
2857 5301 3111 5359 Confudit
3143 5299 3263 5362 heic

1672 5369 1914 5426 videlictet
1949 5370 2325 5442 Maximianum
2369 5385 2490 5442 cum
2521 5369 2830 5437 Maximino,
2863 5377 2953 5442 qui
2984 5376 3259 5432 Orientem

1676 5442 1912 5517 tenebat,
1942 5442 2120 5517 e_tuqu_i
2151 5441 2338 5517 pulsus
2366 5458 2393 5493 a
2425 5441 2663 5509 Licinio,
2711 5446 2848 5513 apud
2871 5441 3110 5517 iTarsum
3140 5464 3262 5517 pos-

1672 5522 1847 5569 tremo
1879 5513 1930 5566 in
1954 5512 2136 5567 Cilicia
2168 5512 2320 5577 obiit,
2354 5523 2409 5565 ut
2438 5512 2778 5569 aunotahitur
2807 5516 2962 5570 infra.
2995 5518 3100 5572 Sed
3130 5512 3262 5573 neu-

1673 5594 1757 5639 ter
1781 5585 1960 5636 dolum
1991 5581 2299 5650 explicavit,
2331 5598 2489 5652 quem
2533 5587 2779 5640 retulisse
2811 5587 3146 5642 videaturad
3178 5594 3259 5642 iu:-

1675 5656 1946 5729 vasiouem
1980 5655 2208 5729 ittipei'ii.
2237 5653 2392 5729 Unus
2430 5654 2727 5729 Eucherius
2748 5699 2760 5719 ,
2810 5658 3089 5725 episcopus
3119 5659 3259 5729 Lug-

1675 5726 1951 5796 dunensis,
1984 5725 2282 5778 inhistoria
2299 5725 2585 5794 Martyrum
2616 5727 3011 5796 Agauuensium
3037 5725 3261 5782 annota-

1678 5797 1760 5860 vit
1786 5795 2165 5857 Maximiauum
2215 5796 2523 5862 Herculium
2563 5799 2826 5861 struxisse
2855 5798 3077 5859 insidias
3118 5797 3263 5863 Cou-
