3778 6260
411 284 516 355 359
537 300 587 362 ’γ

1739 285 2002 349 STEPIIA

2117 254 2381 345 catulo
3575 291 3661 349 seu

413 418 605 487 telliges
635 413 767 471 unde
809 413 898 469 tibi
938 415 1038 469 sint
1082 415 1333 481 poscenda
1357 412 1599 468 remedia.
1644 409 1785 464 Nam
1815 420 1858 463 et
1889 424 1990 487 tego
2019 408 2073 466 Α
2097 405 2233 459 dices
2260 422 2376 487 vero
2400 420 2487 487 per
2500 404 2730 487 singulas
2759 404 2985 487 civitates
3014 404 3189 487 edicta
3214 404 3479 487 init/cutes,
3496 408 3658 487 tegent-

411 479 613 559 quidem
652 488 780 541 mori
804 503 919 559 cuiu
951 479 1143 540 cwteris
1174 494 1677 559 potero;‘_tu,_tamen
1720 498 1759 559 a_
1788 479 1993 559 medicis

411 551 513 615 non
543 558 814 612 ctu-aberis.
858 556 997 611 Tunc
1024 551 1244 628 primum
1272 573 1325 610 se
1369 554 1714 628 Maximianus
1743 551 1994 628 hominem

412 648 519 685 esse
538 630 801 691 intellexit,
826 638 928 683 etc.
956 624 1210 682 Ea'mdem
1235 627 1509 681 historiam
1530 624 1848 694 compendio
1875 636 1995 691 per-

412 701 892 762 strinxitOrosius,
925 701 1015 754 lib.
1062 715 1184 763 vnt,
1220 713 1339 768 cap.
1369 699 1470 762 ‘28,
1509 707 1563 751 et
1600 712 1665 749 ex
1705 710 1771 748 eo
1809 702 1997 768 auctor

416 771 1066 846 Historia;miscellaneae,
1095 770 1185 825 lib.
1215 766 1380 823 xtiAt
1400 768 1752 846 Eutychiusiu
1771 766 1993 846 Annali-

415 844 513 898 bus
564 842 723 897 tradit
758 841 1133 896 Maximiantnn
1189 852 1380 909 sponte
1420 837 1652 893 sensisse
1695 853 1754 890 ac
1795 837 1996 890 dixisse

412 930 470 971 se
497 929 555 968 ea
586 914 720 984 pati,
748 913 869 982 quia
901 911 1221 984 christianos
1249 911 1599 984 interfecerit,
1632 918 1685 984 et
1710 909 1913 984 litteras
1943 909 1993 984 in

411 979 604 1040 omnes
646 979 945 1053 provincias
972 998 1095 1038 suas
1135 983 1366 1046 dedisse,
1400 994 1456 1053 ut
1482 980 1784 1053 christiani,
1814 979 1903 1048 qui
1943 979 1993 1053 in

410 1050 717 1112 carceribus
744 1065 917 1116 erant.
946 1053 1364 1109 dimitterentur.
1393 1051 1498 1109 Sed
1546 1052 1687 1106 idem
1738 1061 1914 1103 tamen
1942 1050 1994 1103 in

410 1126 512 1182 hoc
536 1127 771 1196 graviter
795 1136 959 1190 errat,
991 1126 1131 1195 quod
1162 1141 1284 1196 eum
1316 1140 1381 1179 ex
1433 1125 1533 1176 hoc
1583 1123 1772 1177 morbo
1800 1135 1998 1196 conva-_

396 1191 575 1253 luisse
617 1197 797 1252 scribit
847 1191 1093 1265 precibus
1143 1195 1583 1259 ehristiauorum,
1609 1208 1672 1247 ac
1719 1201 1901 1265 postea
1930 1191 1997 1245 ad

412 1274 669 1339 majorem
693 1264 984 1339 impietatis
1009 1266 1255 1339 gradum,
1284 1281 1450 1339 quam
1473 1276 1628 1319 antea
1665 1264 1993 1339 prolapsum,

409 1334 744 1394 Christianos
770 1334 983 1407 'ubique
1014 1334 1243 1406 iussisse
1286 1334 1453 1390 nccidi
1493 1342 1549 1390 et
1594 1334 1803 1407 penitus
1834 1334 2000 1407 extir-

412 1412 544 1479 pari.
567 1410 668 1476 Qui
697 1424 847 1479 error
872 1403 921 1462 ei
952 1403 1129 1479 evenit
1154 1423 1221 1462 ex
1243 1407 1556 1479 confusione
1585 1406 1861 1479 nominum
1890 1403 2000 1479 bla—

411 1474 628 1535 ximiani
657 1489 712 1534 et
736 1478 1026 1542 Maximini,
1060 1477 1186 1531 dum
1218 1479 1305 1532 uni
1341 1478 1544 1537 tribuit,
1572 1476 1712 1545 quod
1740 1490 1769 1528 a
1791 1474 2000 1529 duobus

411 1550 611 1606 factum
639 1565 759 1605 esse
781 1558 1009 1603 consmt.
1045 1549 1267 1602 Fallitur
1295 1550 1455 1602 etiam
1482 1550 1679 1602 Setlms
1714 1545 1997 1613 Calvisius,

411 1624 499 1688 qui
534 1632 641 1676 ttnu
690 1630 837 1689 putat
888 1620 1316 1689 persecutionem
1356 1619 1705 1673 decennalem
1733 1617 2001 1685 quievisse

415 1702 534 1761 post
574 1691 804 1746 edictum
847 1692 974 1744 illtnl
1005 1701 1339 1760 mortemque
1385 1690 1605 1753 Galerii,
1634 1695 2001 1761 cuutoctavus

416 1758 618 1817 tantum
650 1763 1033 1832 persecutionis
1064 1778 1234 1815 annus
1256 1758 1425 1825 esset,
1457 1771 1513 1814 ttt
1541 1775 1704 1827 supra
1743 1758 1999 1832 (lixitnns.

380 1843 391 1848 '
486 1830 723 1887 Edictum
748 1834 902 1886 misit.
934 1832 1094 1903 Extat
1122 1832 1259 1901 apud
1287 1832 1595 1893 Eusebium,
1629 1832 1664 1884 Ι.
1695 1846 1810 1891 vnt.
1838 1845 1887 1883 c.
1914 1830 2000 1893 17,

2033 1795 2082 1854 Β

2097 494 2193 545 que
2219 480 2543 548 prreferentes
2564 476 2789 529 relaxari
2810 486 3017 530 cunctos
3049 477 3148 548 qui
3173 476 3469 531 tenebantur
3490 476 3662 532 incar-

2097 564 2228 610 cere,
2254 546 2438 618 quique
2460 549 2513 601 in
2536 547 2773 611 metallis,
2801 558 2889 601 aut
2909 546 3212 617 quibuslibet
3232 549 3446 604 uinculis
3467 563 3660 604 assercu-

2098 618 2305 691 bantur,
2338 635 2512 672 ontnes
2532 618 2800 691 abscedere
2827 618 3011 691 liberos
3031 620 3236 691 jubent.

2170 689 2402 762 Conjuge
2427 707 2544 744 sua.
2595 689 2803 762 Valeria
2833 688 3145 762 Diocletiani
3178 688 3304 743 ﬁlia.
3341 689 3463 762 llaze
3516 700 3659 749 tamen

2098 775 2202 814 non
2236 759 2432 815 mansit
2458 762 2509 814 in
2540 760 2659 831 aula
2690 759 2901 823 Licinii,
2931 763 3000 813 ob
3032 761 3285 815 ferociam
3315 761 3430 831 ejus
3461 765 3583 819 :setl
3604 766 3656 818 ad

2099 831 2444 887 Maximinum
2474 830 2712 900 confugit
2734 872 2748 892 ,
2768 832 2866 902 ubi
2898 832 3130 902 pessime
3158 830 3353 887 habita
3386 843 3498 899 est,
3524 845 3573 891 ut
3595 839 3657 891 vi-

2098 903 2345 958 debimus
2369 902 2528 964 infra,
2562 918 2682 970 cap.
2716 901 2810 957 59.

2106 973 2330 1100 20Ii'ilio.
2353 973 2710 1040 Candidiano,
2733 974 2800 1028 de
2823 989 2931 1044 quo
2978 973 3180 1029 dictum
3225 982 3312 1030 est
3341 990 3501 1047 supra
3523 1018 3538 1045 ,
3561 992 3663 1048 cap.

2179 1114 2446 1190 Horrenda
2480 1116 2594 1190 tabe
2621 1123 2975 1190 consumptus.
3000 1116 3270 1190 Bullinus,
3294 1116 3386 1173 lib.
3435 1132 3541 1185 vtn,
3563 1134 3662 1190 cap.

2102 1188 2193 1252 15,
2247 1189 2321 1241 ait
2344 1187 2616 1241 Galerium
2674 1197 2779 1241 tam
2827 1189 3010 1242 multis
3060 1188 3334 1256 variisque
3378 1190 3583 1257 morbis,
3621 1187 3664 1247 et

2102 1260 2349 1327 corporis
2372 1261 2492 1312 tabe
2520 1268 2679 1328 atque
2704 1260 2908 1312 insania
2949 1260 3146 1313 tuentis
3190 1257 3445 1314 allectum
3470 1274 3663 1326 esse,ut

2103 1342 2215 1398 post
2241 1330 2418 1400 longos
2431 1340 2581 1398 atque
2602 1330 2974 1383 inextricabiles
2996 1332 3294 1401 languores,
3316 1331 3547 1385 scelerum
3564 1351 3662 1385 sum

2100 1417 2218 1454 rum
2246 1403 2397 1471 furiis
2421 1401 2643 1469 agitatus
2668 1442 2681 1465 ,
2710 1410 2890 1470 sponte
2914 1401 3069 1453 vitam
3092 1401 3348 1471 nefariam
3374 1403 3606 1471 proderet,
3628 1404 3666 1458 id

2103 1481 2221 1535 est,
2248 1470 2307 1525 ut
2333 1470 2560 1526 Orosius
2598 1471 2833 1542 explicat
2862 1472 2916 1525 in
2946 1472 3126 1541 capite
3162 1470 3236 1525 28
3280 1470 3400 1527 libri
3452 1477 3667 1542 septimi,

2103 1543 2205 1596 vim
2229 1544 2344 1597 vitio
2370 1558 2479 1596 suae
2501 1542 2691 1595 attulit.
2725 1541 2831 1597 Sed
2867 1543 2982 1598 haec
3009 1558 3133 1597 vera
3164 1557 3273 1597 non
3300 1553 3446 1599 sunt.
3466 1541 3665 1600 Mortuus

2106 1624 2287 1668 autem
2317 1623 2400 1668 est
2426 1629 2570 1668 anno
2592 1614 2789 1667 Chrisd
2811 1614 2910 1667 511
2927 1628 3053 1681 .qno
3079 1615 3275 1668 inierat
3303 1629 3496 1669 nonum
3519 1628 3566 1670 et
3591 1618 3667 1672 ile-

2106 1686 2303 1738 Clllllllll
2336 1684 2547 1757 itttpcrii
2579 1686 2661 1738 sui
2691 1700 2912 1738 annum.
2946 1683 3019 1757 lta
3049 1687 3193 1757 enim
3217 1685 3482 1753 colligitur
3502 1688 3550 1740 in
3585 1692 3669 1757 pri-

2110 1757 2211 1809 mis
2257 1772 2319 1808 cx
2352 1754 2631 1809 Lactantio
2675 1765 2811 1809 teste
2844 1756 3294 1810 luculentissima.
3322 1757 3450 1810 Nam
3487 1754 3597 1811 cuni
3616 1777 3665 1812 et

2109 1828 2283 1899 capite
2309 1828 2379 1881 55
2417 1836 2627 1880 constet
2664 1826 2936 1880 Galerium
2985 1836 3249 1895 a-grotare
3289 1829 3516 1899 coepisse
3549 1845 3664 1884 anno

2110 1898 2322 1952 decimo
2351 1905 2406 1951 et
2431 1912 2620 1951 octavo
2649 1899 2857 1965 imperii
2891 1899 2970 1950 sui
2992 1939 3006 1963 ,
3035 1908 3092 1952 et
3115 1900 3362 1953 morbum
3392 1900 3503 1968 ejus
3529 1901 3665 1955 dura-

2111 1970 2253 2023 visse
2286 1984 2380 2036 per
2409 1983 2607 2022 annum
2644 1979 2945 2037 perpetem,
2972 1984 3035 2022 ac
3060 1980 3246 2038 postea
3275 1970 3425 2024 illum
3451 1970 3669 2026 deficien-

2111 2049 2220 2094 tem
2250 2053 2392 2092 anuo
2447 2041 2692 2108 sequenti
2741 2041 2976 2094 edictum
3025 2040 3239 2096 misisse
3284 2052 3343 2095 ut
3392 2041 3670 2096 Christianis

2111 2111 2300 2181 liceret
2326 2110 2493 2164 Deum
2527 2111 2738 2178 publice
2770 2112 2985 2177 colere,
3031 2122 3414 2179 mortuumque
3443 2127 3555 2167 esse
3580 2131 3669 2166 cum

2100 2182 2217 2251 jam
2247 2183 2423 2249 futura
2462 2192 2623 2235 essent
2662 2183 2978 2248 ricennalia,
3006 2181 3236 2236 kalendis
3278 2184 3477 2237 martiis
3510 2188 3672 2252 impar.

2109 2252 2342 2306 deutibus
2364 2292 2378 2315 ,
2405 2254 2609 2307 clarum
2642 2264 2723 2306 est
2751 2269 2875 2307 eum
2910 2268 3014 2307 non
3060 2258 3374 2322 pervenisse
3411 2256 3476 2309 ad
3503 2271 3668 2309 annuat

2113 2325 2432 2392 vigesimum
2477 2323 2688 2393 imperii
2748 2325 2865 2385 sui,
2918 2325 3011 2378 scd
3066 2335 3335 2379 mortuum
3382 2340 3501 2380 esse
3558 2342 3671 2380 anno

2110 2394 2321 2449 tlecimo
2376 2409 2537 2449 nono.
2572 2395 2853 2449 Consentit
2905 2396 3183 2449 Lactantio
3224 2396 3483 2452 Aurelius
3525 2396 3675 2452 Victor

2112 2465 2164 2535 in
2195 2464 2333 2519 libro
2359 2465 2428 2519 de
2456 2464 2761 2520 Czcsaribus
2781 2507 2796 2531 ,
2830 2468 2916 2520 ubi
2962 2468 3035 2519 ait
3082 2467 3354 2523 Galerium
3414 2473 3669 2535 potentiam

2109 2534 2341 2591 C:csaris
2367 2539 2604 2605 gessisse
2633 2552 2806 2608 annos
2835 2537 3119 2599 tredecim,
3146 2534 3515 2608 quinquennio
3535 2542 3672 2608 impc-

2112 2609 2249 2680 riom
2302 2608 2561 2680 tenuisse.
2618 2607 2757 2661 Iluic
2798 2610 3131 2678 quinquennii
3174 2611 3477 2679 imperium,
3503 2607 3669 2680 inquit,

2111 2678 2407 2750 Constantio
2434 2696 2661 2731 annuum
2689 2681 2814 2750 fuit,
2848 2696 2963 2732 cum
3011 2697 3133 2734 sane
3179 2678 3389 2750 uterque
3437 2678 3673 2750 potentiam

2112 2748 2375 2802 Causarum
2399 2766 2563 2802 annos
2593 2748 2829 2803 tredecim
2861 2751 3147 2818 gessissent.
3180 2748 3335 2819 Quod
3364 2748 3673 2807 conlirmatttr

2112 2822 2432 2874 auctoritate
2460 2819 2702 2890 Etttropii
2735 2823 2785 2874 itt
2812 2824 2964 2875 initio
2998 2822 3118 2876 libri
3151 2824 3278 2876 noni
3298 2864 3314 2881 .
3358 2835 3413 2878 et
3440 2839 3506 2878 ex
3532 2824 3671 2879 Cllru-

2111 2892 2231 2944 nico
2281 2892 2670 2964 Alexandrino,
2701 2908 2819 2963 pag.
2870 2892 2998 2964 651,
3034 2894 3422 2964 obiscriptum
3456 2903 3538 2950 est
3561 2894 3671 2950 Con-

2112 2964 2389 3029 atantium,
2420 2966 2508 3032 qui
2529 2962 2711 3017 Caesar
2731 2962 2851 3018 cum
2870 2963 3087 3021 Galerio
3117 2962 3288 3021 factus
3317 2976 3419 3031 est,
3443 2974 3499 3020 et
3516 2968 3671 3019 cortem

412 3042 585 3112 prisca
611 3043 699 3096 illa
734 3052 1012 3112 parentum
1036 3032 1254 3094 suorum
1285 3037 1628 3112 simplicitate
1655 3032 2001 3112 defecissent.
2112 3032 2198 3112 die
2224 3032 2869 3112 Augustusnuncupatus
2895 3044 3013 3112 esi,
3056 3052 3163 3112 quo
3202 3036 3474 3112 Galerius,
3506 3037 3670 3091 obiisse

411 3104 678 3168 Eusebius
710 3104 879 3174 sane,
906 3112 997 3165 lib.
1029 3124 1144 3173 vtn,
1175 3123 1294 3179 cap.
1325 3104 1404 3179 1,(
1424 3109 1796 3162 calamitosum
1827 3109 2009 3165 Eccle—
2115 3104 2342 3179 Eboraci
2392 3105 2444 3159 in
2485 3105 2757 3179 Britannia
2785 3121 2928 3160 anno
2953 3104 3161 3161 declino
3195 3110 3353 3163 tertio
3384 3109 3671 3177 principatus

410 3185 506 3238 sia:
544 3185 686 3238 illius
714 3184 811 3237 ωνί
858 3194 1056 3237 Statum
1086 3176 1423 3243 describens,
1456 3179 1704 3242 invidias,
1733 3180 2006 3245 obtrecta-
2032 3178 2080 3243 C
2114 3176 2193 3229 sui
2214 3186 2453 3249 ,texacto
2477 3177 2747 3242 videlicet,
2775 3192 2896 3249 cum
2925 3179 2992 3231 ab
3020 3180 3223 3249 aliquot
3249 3176 3521 3235 mensibus
3554 3182 3671 3234 iniis-

411 3256 607 3320 tioncs,
635 3254 788 3323 quasi
837 3252 970 3307 bella
1008 3251 1258 3323 intestina
1311 3250 1450 3323 inter
1477 3249 1832 3316 Christianos,
1864 3252 2006 3305 anti-
2112 3255 2194 3302 set
2217 3246 2952 3323 decimumquartuundtqui
2980 3246 3164 3323 supra,
3196 3265 3316 3321 cap.
3354 3253 3437 3316 l7,
3464 3252 3671 3320 probari-

410 3318 600 3379 stitnm‘
626 3318 885 3377 adversus
914 3321 1181 3376 antistites
1221 3320 1535 3392 certamina,
1562 3330 1611 3374 et
1643 3330 1836 3375 cmtera
1889 3337 2008 3392 qua)
2114 3332 2232 3392 tuus
2283 3318 2671 3392 Diocletianum
2693 3332 2748 3392 et
2786 3320 3163 3392 Maximianuut
3198 3318 3510 3386 deposuisse
3532 3323 3670 3389 impc-

410 3395 540 3452 iram
582 3396 676 3450 Dei
714 3396 974 3448 adversus
1010 3394 1155 3462 ipsos
1179 3391 1504 3463 excitarunt,
1535 3392 1658 3445 hinc
1685 3404 1854 3445 ortam
1887 3387 2007 3448 esse
2113 3390 2249 3463 rium
2264 3405 2404 3445 anno
2420 3387 2618 3463 Christi
2642 3391 2770 3457 505,
2797 3390 3038 3445 kalendis
3060 3392 3232 3446 maiis.
3270 3392 3452 3463 Itaque
3479 3396 3564 3463 qui
3585 3387 3669 3447 ttnn

408 3468 485 3536 ait
509 3465 940 3536 persecutionem
972 3461 1287 3536 Diocletiani
1327 3471 1379 3515 et
1406 3462 1707 3536 Maximiani
1750 3463 2007 3519 adversus
2111 3461 3018 3536 Ctesar_eratab_:ttt_nistredecim,
3047 3464 3334 3536 adoptatus
3364 3461 3533 3536 fuerat
3560 3479 3670 3536 anno

410 3528 730 3593 Ecclesiam.
752 3534 881 3590 Vide
907 3535 1068 3590 etiam
1103 3532 1398 3599 Bullinum,
1424 3533 1515 3587 hb.
1541 3533 1690 3600 eod.,
1721 3549 1839 3605 cap.
1869 3536 1920 3602 1,
1952 3546 2007 3591 et
2111 3528 2311 3605 Christi
2343 3531 2449 3588 295
2470 3574 2484 3597 ,
2534 3532 2779 3588 kalendis
2824 3528 3049 3587 ntartiis.
3098 3528 3251 3601 Quod
3279 3538 3321 3589 si
3353 3535 3514 3589 addas
3545 3534 3669 3603 quia.

407 3605 743 3663 Lactantium
764 3650 778 3673 ,
812 3609 964 3662 initio
992 3606 1113 3659 libri
1141 3605 1205 3659 de
1226 3606 1452 3669 Opilicio
1474 3606 1585 3659 Dei.
1788 3603 1798 3605 ’
2110 3603 2429 3672 qucnnium,
2473 3619 2568 3659 seu
2599 3604 2775 3673 [mlius
2806 3608 3119 3659 sexennium
3157 3606 3392 3675 imperii,
3428 3606 3575 3661 facile
3600 3620 3669 3660 re-

2112 3678 2286 3743 peries
2323 3690 2648 3745 consurgere
2688 3691 2967 3730 numerum
3013 3692 3277 3731 annorqu
3309 3678 3666 3740 novetudecitu,

2109 3748 2303 3814 quibus
2330 3761 2454 3800 eum
2488 3747 2781 3815 imperasse
2817 3750 3088 3818 colligitur
3130 3764 3196 3803 cx
3226 3748 3517 3804 Lactantio.
3564 3750 3667 3802 Nam

2109 3826 2164 3870 ct
2196 3826 2383 3888 auctor
2417 3832 2628 3888 quoque
2686 3818 2967 3886 lragtnenti
3011 3820 3080 3872 de
3117 3821 3434 3874 Constantio
3471 3819 3669 3882 (Ihloro,

2112 3901 2235 3957 pag.
2262 3886 2390 3960 492,
2420 3886 2668 3942 eumdem
2701 3888 2971 3944 Galerium
3017 3891 3180 3944 tradit
3216 3893 3506 3960 imperasse
3527 3903 3671 3945 annos

2109 3959 2506 4013 noventdecim.
2538 3960 2690 4027 Quod
2718 3975 2840 4014 cum
2863 3963 3068 4015 videret
3101 3962 3181 4015 vir
3202 3959 3528 4017 clarissimus
3557 3963 3669 4016 llcn-

2108 4029 2250 4083 ricus
2272 4028 2533 4092 Valesius,
2562 4046 2983 4101 persuasumque
3007 4032 3231 4087 haberet
3271 4034 3419 4088 illttm
3451 4047 3670 4103 regnasse

2108 4114 2205 4169 per
2230 4115 2398 4155 annos
2427 4103 2610 4172 viginti
2654 4114 2707 4174 et
2743 4118 2938 4169 unttm,
2977 4105 3055 4158 sic
3094 4106 3270 4159 locum
3308 4106 3575 4174 fragmenti
3609 4105 3671 4157 in-

2109 4180 2433 4246 terpretatus
2457 4184 2559 4237 est,
2592 4182 2649 4227 ttt
2675 4173 2879 4246 diceret
2921 4189 3089 4228 annos
3116 4176 3332 4245 quidem
3367 4179 3433 4232 19
3468 4177 3668 4246 integros

2106 4256 2170 4315 ac
2187 4244 2373 4311 plenos
2392 4244 2686 4315 imperasse
2703 4243 2997 4311 Galerium,
3017 4246 3110 4301 sed
3129 4243 3387 4315 printerea
3403 4250 3529 4302 duos
3542 4243 3667 4301 senti

2107 4314 2293 4389 plenos
2323 4331 2416 4369 seu
2432 4331 2613 4389 cavos.
2641 4314 2695 4389 In
2718 4317 3101 4389 constitutione
3117 4314 3263 4381 sane,
3281 4334 3440 4389 quam
3471 4319 3669 4373 Lactan-

2106 4385 2212 4459 tius
2234 4402 2393 4455 supra
2424 4388 2727 4456 descripsit,
2752 4402 2871 4455 qua:
2896 4388 3018 4442 data
3047 4398 3129 4442 cst
3156 4385 3317 4459 paulo
3333 4400 3454 4444 ante
3476 4400 3668 4444 mortem

2107 4457 2244 4528 ejus,
2277 4460 2388 4525 ipse
2415 4472 2472 4511 se
2490 4469 2643 4512 vocat
2672 4459 3048 4527 imperatorettt
3072 4462 3137 4514 19
3160 4457 3306 4528 apud
3336 4461 3607 4516 Eusebium
3631 4467 3670 4509 εἰ

2113 4527 2403 4583 Bullinum.
2430 4528 2553 4584 Scio
2588 4530 2837 4585 eumdem
2868 4531 3043 4585 virum
3073 4527 3512 4598 eruditissimum,
3536 4543 3668 4601 quem

2113 4601 2276 4673 paulo
2296 4610 2419 4654 ante
2450 4601 2947 4673 nominavi,istaita
2982 4603 3344 4673 interpretari,
3375 4616 3430 4658 ut
3454 4603 3548 4658 hoc
3574 4604 3669 4656 loco

2114 4685 2211 4743 vox
2250 4670 2542 4743 Imperator
2570 4687 2675 4726 non
2716 4672 2978 4740 significet
3017 4670 3330 4741 dignitatem
3366 4679 3665 4743 Angustam;

2110 4740 2254 4794 aliud
2300 4745 2444 4797 enim
2489 4742 2634 4815 illam
2666 4744 2718 4796 itt
2757 4744 2924 4797 titulis
2952 4746 3333 4814 imperatorum
3363 4740 3664 4815 signiﬁcare.

2109 4826 2230 4888 cum
2273 4816 2447 4888 primo
2488 4814 2605 4888 loco
2639 4815 2873 4888 ponitur,
2902 4816 3040 4870 aliud
3070 4833 3191 4870 cttut
3234 4814 3560 4888 subjttngitur
3584 4832 3668 4867 cir-

2111 4883 2239 4957 teris
2280 4883 2467 4938 titulis.
2501 4883 2763 4939 Nantvox
2810 4886 3107 4954 imperator,
3134 4904 3252 4957 qua:
3302 4883 3535 4943 secundo
3572 4889 3667 4940 loco

2111 4956 2345 5022 ponitur,
2379 4957 2622 5027 designat
2661 4958 2936 5010 victoriam
2969 4956 3383 5027 imperatorum;
3412 4970 3465 5014 et
3492 4959 3666 5027 quoties

2110 5035 2225 5098 post
2259 5037 2465 5095 partam
2494 5030 2768 5081 victoriam
2801 5034 3153 5095 imperatores
3172 5030 3237 5085 ab
3260 5031 3495 5085 exercitu
3514 5027 3667 5098 appel-

2107 5096 2198 5171 lati
2247 5102 2377 5163 sint,
2418 5099 2673 5159 ostendit,
2732 5109 2792 5152 ut
2834 5099 2990 5154 docet
3037 5101 3152 5155 Ilio.
3215 5100 3398 5171 Neque
3434 5118 3527 5171 ego
3546 5096 3665 5153 sane

2104 5168 2378 5243 disputare
2412 5170 2528 5243 lteic
2561 5172 2717 5243 velint
2747 5170 3003 5224 adversus
3033 5172 3169 5226 hanc
3196 5168 3663 5243 itttci‘pretatioucttl

2105 5240 2203 5293 viri
2234 5240 2538 5295 clarissimi.
2570 5241 2702 5295 lllttd
2735 5250 2938 5295 tantmn
2971 5244 3109 5297 volui
3166 5240 3391 5298 monere
3426 5242 3662 5300 Galerium

2102 5312 2481 5382 imperatorem
2514 5312 2579 5367 19
2623 5312 2887 5367 nominari
2919 5315 2968 5366 itt
3003 5314 3157 5369 titulo
3184 5314 3330 5369 illius
3351 5314 3527 5371 edicti.
3547 5312 3664 5367 Obiit

2104 5394 2282 5437 autem
2313 5382 2579 5447 Galerius,
2605 5394 2659 5437 ut
2686 5384 2866 5453 colligi
2889 5394 3065 5451 potest
3089 5401 3154 5440 ex
3185 5385 3482 5453 Lactantio,
3510 5393 3661 5439 mense

2099 5454 2390 5524 maioapud
2414 5454 2710 5526 Sardicant.
2732 5454 2801 5509 At
2820 5456 3127 5526 Onnphrius
3150 5457 3459 5523 Panvinius,
3475 5460 3523 5511 in
3542 5466 3660 5509 com-

2095 5530 2357 5580 mentario
2384 5526 2448 5580 ad
2480 5525 2672 5581 librqu
2705 5525 2999 5582 secundum
3027 5525 3339 5594 Fastorum,
3375 5528 3527 5584 tradit
3560 5536 3657 5580 eum

2093 5597 2290 5668 obiisse
2326 5597 2467 5651 circa
2519 5614 2756 5653 mensem
2800 5599 3180 5663 septembretn.
3219 5599 3409 5655 Melius
3446 5597 3659 5668 Sigonius

2093 5667 2143 5740 in
2176 5669 2311 5720 libro
2341 5670 2577 5721 set'tttttlo
2625 5670 2691 5723 de
2720 5670 3037 5723 occidentali
3076 5672 3333 5740 imperio,
3386 5672 3468 5725 ubi
3502 5664 3659 5740 scribit

2095 5736 2363 5811 Galerium
2397 5741 2503 5811 vita
2530 5742 2825 5795 excessisse
2853 5757 2956 5794 non
2988 5736 3166 5797 multo
3187 5753 3307 5811 post
3340 5741 3400 5799 11
3436 5737 3659 5797 kalendas

2091 5810 2279 5875 maias.
2310 5810 2365 5869 In
2395 5810 2497 5871 hoc
2522 5821 2699 5872 tamen
2724 5823 2890 5883 errat,
2920 5813 3062 5889 quod
3088 5810 3198 5872 tum
3227 5814 3489 5873 Licinium
3517 5813 3659 5884 impe-

413 1920 476 1960 ex
513 1906 674 1959 latina
706 1906 881 1974 lingua
914 1904 1228 1958 translatum
1262 1903 1329 1957 ab
1358 1918 1423 1957 eo
1450 1904 1501 1956 in
1531 1916 2006 1974 griccuntsermo-

413 1991 555 2040 nem,
589 1987 643 2030 et
668 1971 878 2029 deiu'ex
907 1974 1095 2030 Grmco
1125 1990 1336 2028 versum
1364 1975 1415 2027 itt
1448 1974 1665 2027 latinum
1691 1988 1721 2025 a
1755 1971 2002 2033 Bnltioo,

414 2057 471 2101 ut
508 2049 620 2115 ipse
658 2046 816 2099 docet
848 2063 861 2098 :
889 2045 1016 2100 "(PC
1044 2048 1107 2099 de
1148 2044 1331 2098 Latino
1370 2046 1422 2098 in
1467 2043 1700 2115 Graecum
1740 2060 1883 2115 versa
1913 2059 2006 2115 nos

412 2114 617 2171 rursum
666 2115 1037 2186 transfudimus
1067 2118 1119 2169 in
1148 2116 1409 2168 Latinum.
1453 2114 1603 2186 Quod
1648 2116 1808 2186 igitur
1847 2114 2006 2168 hodie

414 2189 640 2258 legimus
664 2185 831 2258 prima
858 2188 1043 2253 latina,
1070 2186 1389 2241 benclicinm
1416 2199 1499 2241 est
1526 2185 1808 2240 Lactantii.

963 2298 1191 2354 CAPUT
1234 2296 1472 2352 XXXIV.

484 2403 565 2457 Ad
585 2402 741 2456 bonos
772 2412 959 2455 mentes
989 2400 1100 2453 red.
1129 2399 1457 2463 Lactantius,
1489 2396 1579 2451 lib.
1600 2413 1652 2463 v,
1678 2412 1795 2467 cap.
1829 2397 1918 2463 19,
1939 2399 2005 2453 ad

418 2482 519 2530 hoc
550 2474 791 2527 fortassis
818 2474 1047 2526 edictum
1078 2470 1368 2541 respiciens
1401 2485 1415 2521 ε
1449 2470 1554 2541 Sed
1584 2470 1691 2521 lucc
1720 2472 1832 2539 ipsa
1861 2472 2008 2541 igno—
2042 2522 2045 2523 ν

410 2547 541 2599 ratio
584 2545 761 2615 efﬁcit,
803 2554 857 2597 ut
897 2544 949 2615 in
991 2540 1699 2615 persequendis;sapientibus
1738 2551 1842 2594 tam
1884 2540 2009 2594 mali

411 2617 533 2679 sint,
566 2611 859 2686 ﬁnguntque
886 2614 991 2667 illis
1017 2613 1311 2676 consulere,
1345 2611 1460 2686 illos
1490 2611 1557 2664 ad
1584 2612 1763 2686 bonum
1791 2621 2007 2686 mentem

413 2687 539 2741 uelle
567 2682 839 2741 reuocare.
872 2689 1001 2740 Acta
1046 2692 1351 2737 sanctorum
1384 2682 1684 2748 Saturnini,
1736 2683 1907 2736 Dativi
1948 2694 2007 2737 et

418 2756 636 2822 Felicis,
666 2773 782 2827 cap.
816 2758 847 2812 7
874 2774 885 2809 :
922 2754 1179 2807 Debueras
1207 2755 1337 2807 alios
1366 2753 1434 2827 ad
1463 2752 1645 2806 bonum
1670 2764 1884 2827 mentem
1924 2770 2009 2808 re—

413 2844 613 2893 vocare,
645 2838 691 2882 et
734 2825 836 2882 non
880 2835 1056 2881 contra
1099 2836 1352 2897 prtttcepta
1376 2825 1742 2896 imperatorum
1768 2835 1812 2877 et
1837 2825 2007 2879 Cresa-

410 2915 524 2953 rum
552 2900 735 2967 facere.

487 2970 556 3026 Ut
596 2988 697 3025 non
744 2981 843 3024 vet.
874 2971 997 3024 inst.
1031 2985 1134 3038 seq.
1179 2967 1352 3038 Taxat
1400 2966 1742 3030 christianos,
1784 2966 1927 3035 quod
1977 2982 2007 3021 a

480 3680 843 3753 Signiﬁcaturi
890 3690 1083 3732 sumus.
1131 3676 1265 3730 Male
1315 3677 1595 3739 Bullinus,
1643 3677 2002 3753 indicavimus,

404 3770 520 3810 rem
545 3748 698 3823 quasi
728 3752 836 3823 jam
878 3758 1148 3823 pet-aetatu
1198 3762 1457 3823 narrans,
1487 3762 1607 3801 cum
1652 3748 1717 3823 ad
1767 3748 2002 3803 futurum

406 3817 692 3880 referatur.
728 3817 924 3891 'Neque
972 3817 1493 3891 istudttribuenduttt
1540 3819 1711 3873 errori
1757 3829 2006 3889 typogra-

407 3896 657 3965 phorum,
690 3908 809 3947 cum
838 3888 983 3965 hanc
1014 3890 1300 3965 lectionem
1329 3888 1619 3965 exhibeant
1663 3888 2001 3965 trestvetusti

405 3957 621 4018 codices
643 3957 989 4029 manuscripti
1020 3959 1360 4015 bibliotheca:
1380 3958 1727 4013 Colbertituc.
1757 3957 2002 4015 Christo-

407 4035 787 4106 phorsonuset
815 4031 1059 4106 Valesius
1100 4038 1244 4106 recte
1269 4037 1551 4106 verterunt
1572 4029 1999 4106 signiﬁcabimus.

478 4107 551 4160 Ac
571 4121 682 4159 sua.
715 4104 841 4157 Haec
871 4101 1032 4156 verba
1063 4098 1241 4154 omisit
1269 4098 1535 4166 Bullinus,
1567 4098 1687 4170 quae
1726 4113 1872 4157 recte
1909 4105 2002 4159 alii

408 4184 787 4249 reposuerunt.

479 4240 544 4302 In
570 4247 790 4302 sedibus.
833 4241 1081 4297 Bullinus
1123 4240 1281 4297 vertit
1308 4242 1361 4295 in
1389 4241 1600 4308 laribus,
1652 4244 2004 4311 quemadmo-

402 4320 529 4374 dtnn
562 4319 756 4387 legitur
782 4319 835 4372 in
865 4331 971 4387 uno
993 4313 1181 4387 codice
1208 4312 1535 4387 Golbertino.
1561 4312 1666 4369 Sed
1698 4313 1784 4367 alii
1814 4326 1867 4369 et
1887 4317 2001 4371 edi-

405 4394 580 4445 tiones
612 4382 810 4444 babeut
846 4387 900 4440 in
945 4385 1223 4440 laboribus.
1252 4382 1772 4458 Christopltorsonus
1819 4391 1999 4458 vertit,

402 4463 454 4516 in
484 4462 590 4517 suis
610 4460 856 4534 familiis;
876 4457 1139 4521 Valesius,
1169 4458 1225 4510 in
1247 4456 1354 4510 suis
1383 4455 1675 4511 domiciliis.

959 4569 1188 4628 CAPUT
1229 4568 1449 4625 xxxv.
2031 4574 2087 4634 ι)

479 4668 795 4740 Proponitur
837 4664 1175 4740 Nicomediae.
1203 4663 1441 4718 Absentc
1489 4662 1741 4740 nimirum
1787 4662 2005 4721 Galerio

405 4736 675 4811 Augusto,
706 4739 796 4808 qui
824 4737 962 4806 apud
1013 4736 1288 4811 Sardicant
1341 4737 1656 4811 aegrotabat.
1706 4736 1888 4811 Itaque
1914 4753 2005 4791 vc-

405 4805 524 4865 rutit
597 4805 739 4866 esse'
772 4805 878 4863 non
927 4814 1104 4877 potest
1147 4805 1290 4875 quod
1345 4807 1419 4857 ait
1458 4806 1553 4877 vir
1606 4806 2004 4863 eruditissimus

405 4881 669 4937 lleuricus
720 4880 961 4935 Valesius
1007 4880 1058 4932 in
1111 4876 1552 4931 annotationibus
1595 4877 1662 4932 ad
1710 4877 2001 4934 Eusebium

405 4966 523 5021 pag.
555 4952 689 5017 171,
719 4950 823 5004 hoc
863 4949 1094 5003 edictum
1124 4950 1379 5021 emissum
1433 4948 1593 5021 fuisse
1621 4958 1742 5019 post
1789 4949 2000 5021 inititnn

402 5018 528 5075 anni
554 5022 650 5075 511
678 5060 694 5085 ,
736 5029 859 5074 ante
903 5034 1140 5073 mensem
1174 5020 1443 5071 martium.
1474 5018 1772 5074 Nantauni
1800 5018 1999 5077 Galerii

403 5093 533 5159 imp.
555 5092 1028 5159 consurgebantcx
1058 5088 1302 5143 kalendis
1331 5093 1555 5144 tnartiis.

509 5179 599 5231 ps0
627 5162 780 5215 octies
808 5171 853 5215 et
881 5159 1163 5214 Maximino
1188 5161 1301 5214 iter.
1344 5176 1484 5214 caus.
1536 5162 1590 5215 ln
1616 5161 1789 5217 Fastis
1836 5162 1999 5219 Maxi-

402 5235 613 5289 mianus
639 5233 836 5288 dicitur
863 5232 1050 5287 consul
1082 5247 1193 5296 vttt,
1224 5233 1393 5285 solus.
1415 5232 1565 5299 Quod
1593 5234 1753 5287 etiam
1781 5237 2000 5290 tradunt

400 5314 591 5359 auctor
636 5305 848 5377 ignotus
871 5302 970 5377 Mde
1018 5301 1332 5377 consulibus
1363 5343 1395 5377 ,Α
1434 5315 1485 5377 et
1544 5317 1730 5360 auctor
1785 5322 1997 5377 quoque

400 5377 468 5430 de
502 5376 841 5443 pontificibus
870 5372 1146 5440 Romanis,
1179 5389 1207 5425 ει
1234 5373 1564 5441 CuSpiniano
1584 5378 1753 5431 citati.
1786 5372 1994 5434 Atltcic

399 5446 947 5502 adtliturMaximinus
996 5447 1207 5517 iterum.
1264 5444 1419 5510 Quod
1468 5447 1619 5501 valde
1660 5450 1983 5517 ntirutnest,

401 5519 697 5590 praesertim
725 5531 845 5571 cum
870 5515 1294 5590 de_prituoill_ius
1309 5519 1591 5573 consulatu
1610 5520 1752 5590 nulla
1780 5515 1984 5589 uspiam

399 5588 603 5661 inentio
625 5589 902 5661 habeatur.
940 5588 1134 5642 Verum
1175 5588 1420 5661 dubitare
1470 5605 1575 5645 non
1609 5589 1736 5644 licet
1777 5588 1905 5661 quin
1941 5593 1985 5647 is

397 5658 591 5718 iterum
618 5662 804 5715 consul
838 5660 1016 5723 luerit,
1039 5662 1165 5712 cum
1186 5658 1673 5716 luculentissituutn
1699 5661 1766 5717 dc
1788 5658 1857 5718 eo
1884 5678 1981 5718 cx-

398 5744 472 5790 tet
502 5732 763 5789 Lactantii
797 5730 1178 5786 testimonium.

399 5821 446 5879 εί
471 5807 673 5877 Apertis
699 5804 1002 5862 carceribus.
1033 5800 1302 5870 Bullinus,
1354 5802 1448 5864 lib.
1478 5818 1558 5874 ts,
1605 5817 1725 5877 cap.
1774 5806 1801 5862 1
1840 5823 1854 5863 :
1886 5805 1985 5866 Ju-
