3746 6256
117 466 218 529 369

831 466 1041 536 norm
1082 469 1150 527 IN
1191 469 1316 525 LIB.
1361 467 1446 525 ne
1485 468 1832 530 MORTIBUS
1874 472 2256 531 pansacur.
2297 437 2466 532 CAP.
2495 475 2654 533 XLv.

3284 484 3390 539 370

114 601 249 653 nem,
280 603 394 669 pag.
428 587 557 669 5H,
582 603 834 646 nummus
882 590 1156 669 M_axentii,
1190 590 1244 645 in
1291 589 1685 669 cujus_aversa
1712 599 1767 658 Α
1793 589 2065 669 Britannia
2092 595 2404 669 sene‘m,qui
2429 609 2489 650 se
2507 594 2825 653 fatereturei
2850 612 3041 669 pugnze
3071 597 3384 654 inlerfttissc

113 672 251 727 parte
300 662 408 715 tunc
454 660 650 731 scripta
692 673 817 716 sunt
861 679 874 715 :
918 661 1182 716 VICTORIA
1210 678 1297 716 ne.
1337 677 1426 716 us.
1453 664 1585 717 Αυο.
1619 678 1686 716 ιςτ

110 732 240 788 οδες.
275 747 391 788 νοτ.
428 748 481 785 v.
514 748 681 788 ιυιτ.
730 750 781 787 x.
802 733 938 801 Quin
960 749 1091 803 ergo
1112 733 1383 787 celebrata
1405 748 1435 786 a
1464 732 1686 786 Maxen-

115 805 181 859 tio
201 803 297 856 sint
338 804 750 871 quinquennalia
771 845 785 868 ,
820 815 873 858 et
903 803 1117 872 quidem
1158 812 1551 874 post‘exactum
1583 818 1684 856 au-

114 889 225 929 nuut
266 875 550 945 quintum,
594 876 791 945 ambigi
844 889 949 929 non
1021 872 1221 943 poteét.
1270 872 1408 928 Illud
1476 884 1681 928 tantum

114 959 295 1014 quacro,
323 944 594 1014 quomodo
623 944 961 1015 fieripossit,
994 954 1054 1000 ut
1078 961 1197 1013 qua:
1230 945 1525 999 secundum
1563 960 1682 999 mo-

114 1032 213 1071 rem
233 1025 342 1069 acta
370 1025 489 1069 sunt
511 1016 601 1071 die
617 1014 783 1085 prima
816 1017 941 1070 anni
969 1016 1129 1081 sexti,
1171 1017 1453 1070 terminata
1481 1014 1682 1072 fuerint

112 1088 156 1139 in
178 1088 274 1142 line
299 1087 533 1153 ejusdem
583 1087 731 1141 anni.
761 1086 883 1143 Scio
914 1096 1035 1141 vota
1072 1088 1160 1142 illa
1201 1101 1394 1154 magno
1421 1097 1679 1155 apparatu

110 1159 355 1214 celebrata
377 1158 574 1212 fuisse:
606 1160 739 1214 festa
771 1159 885 1213 bazc
909 1173 1008 1227 per
1036 1158 1236 1212 multos
1263 1158 1380 1213 dies
1419 1158 1673 1223 durasse;

107 1240 268 1282 etnon
296 1228 465 1282 solum
495 1228 547 1282 in
560 1229 702 1299 urbe
726 1230 868 1299 regia
893 1229 1277 1299 usurpata,sed
1293 1230 1453 1283 etiam
1473 1229 1533 1299 in!
1550 1244 1674 1291 pro-

105 1300 293 1354 vinciis.
317 1298 508 1353 Verum
554 1298 647 1354 illa
689 1294 1043 1355 non'solvunt
1068 1298 1454 1354 difﬁcultatem.
1487 1294 1597 1353 Nisi
1625 1300 1672 1355 si

99 1370 323 1426 dicamus
370 1371 642 1423 hominem
705 1372 1065 1436 voluptarium
1106 1381 1160 1423 et
1205 1369 1429 1425 desidia:
1474 1379 1675 1425 amato-

99 1457 225 1507 rem,
248 1441 543 1510 cuiusmodi
569 1441 735 1495 luisse
756 1441 1078 1497 describitur
1098 1441 1419 1506 Maxentius,
1438 1440 1672 1497 voluisse

100 1528 229 1568 novo
247 1527 391 1567 more
416 1512 836 1582 quinquennalia
856 1528 950 1568 sua
978 1511 1352 1567 commendata
1383 1518 1581 1577 tacere,
1607 1527 1670 1567 ac

97 1594 358 1655 propterea
389 1598 715 1655 pergnnum
742 1585 1009 1655 integrum
1028 1600 1090 1638 ea
1117 1584 1461 1637 continuasse
1486 1600 1499 1636 :
1526 1583 1667 1653 quod

94 1653 267 1725 parum
296 1653 569 1724 probabile
597 1653 826 1708 videtur.
856 1654 950 1711 Vel
1008 1655 1271 1719 fortassis,
1301 1656 1439 1708 sicut
1464 1655 1667 1722 primus

92 1728 206 1780 anni
227 1727 356 1790 dies,
397 1740 505 1794 quo
532 1725 948 1793 quinquennalia
973 1725 1402 1785 celebrabantur,
1432 1726 1573 1779 ludis
1602 1742 1667 1782 ac

89 1797 348 1853 sacriﬁciis
374 1795 787 1865 transigebatur,
830 1798 909 1851 sic
937 1797 1126 1853 eadem
1164 1796 1427 1851 solemnia
1456 1805 1665 1865 repete-

84 1869 267 1924 bantur
294 1870 345 1921 in
378 1868 567 1938 ultimo
592 1868 681 1921 die
712 1867 950 1935 ejusdem
978 1870 1126 1931 anni,
1167 1876 1228 1922 ut
1256 1868 1335 1921 sic
1363 1869 1664 1938 quinquen-

83 1940 216 2003 nalia
260 1956 321 1995 eo
369 1937 530 1991 modo
581 1941 996 1995 terminarentur
1045 1955 1151 2008 quo
1190 1937 1658 2009 cmperant‘,’pari

79 2011 189 2066 fere
216 2011 383 2075 modo,
407 2024 514 2078 quo
538 2010 912 2080 processiones
939 2012 1218 2065 consulum
1247 2020 1452 2081 septem
1490 2024 1652 2081 erant

78 2097 170 2149 per
192 2097 402 2144 annum,
432 2088 490 2133 ttt
512 2090 656 2149 patet
675 2096 739 2135 ex
767 2082 973 2136 novella
1001 2082 1101 2137 105
1122 2080 1457 2149 imperatoris
1477 2080 1649 2136 Justi-

77 2154 235 2207 niani.
250 2153 378 2221 Quid
395 2151 441 2208 si
462 2151 1064 2221 natalesimperatorum
1084 2152 1203 2208 feSIi
1218 2163 1388 2216 erant,
1411 2169 1529 2208 cum
1555 2170 1649 2223 per

75 2236 494 2293 unumquemque
540 2236 784 2277 mensem
830 2225 1224 2279 recurrehaut?
1256 2223 1386 2277 Nam
1417 2226 1466 2278 in
1499 2228 1647 2280 Actis

73 2296 240 2351 sancti
267 2293 488 2350 Marcelli
511 2294 874 2365 centurionis,
902 2298 990 2365 qui
1025 2310 1213 2365 passus
1239 2295 1399 2350 estin
1424 2297 1646 2352 civitate

74 2366 337 2435 Tingitana
377 2365 478 2420 sub
520 2364 748 2433 imperio
777 2364 1125 2433 Diocletiani,
1161 2367 1374 2436 reperio
1403 2365 1545 2420 diem
1577 2368 1645 2422 12

72 2436 400 2492 kalendarum
426 2436 650 2507 Augusti
690 2436 856 2491 fuisse
889 2435 1079 2492 festam
1119 2439 1170 2490 in
1198 2435 1426 2507 imperio
1448 2436 1643 2491 Roma-

70 2523 169 2562 no:
200 2507 314 2561 Jam
355 2509 437 2561 die
476 2504 779 2560 duodecimo
813 2507 1143 2563 kalendarum
1172 2504 1528 2578 augustarum,
1561 2510 1642 2561 in-

70 2580 198 2649 quit,
233 2580 358 2648 apud
382 2578 531 2649 signa
557 2578 772 2649 legionis
819 2581 986 2645 istius,
1039 2581 1245 2649 quando
1293 2579 1425 2631 diem
1452 2582 1637 2649 festum

69 2651 373 2722 imperatoris
425 2651 579 2703 vestri
626 2650 933 2722 celebrastis,
984 2653 1187 2722 publica
1231 2667 1346 2704 voce
1374 2651 1634 2719 respondi,

72 2738 149 2792 nte
165 2720 500 2792 Christianum
543 2737 669 2776 esse.
702 2720 1066 2778 Diocletianus
1112 2725 1310 2792 quippe
1356 2723 1526 2777 factus
1554 2734 1639 2778 est

69 2791 341 2863 imperator
369 2793 438 2847 η
468 2791 577 2846 kal.
603 2793 930 2848 Decembris.
951 2796 1042 2851 Sic
1070 2791 1286 2863 quidam
1316 2794 1443 2848 olim
1472 2795 1636 2849 natali

71 2861 269 2931 Epicuri
310 2864 563 2918 vicesima
603 2863 728 2917 luna
758 2861 1153 2932 sacriﬁcabant,
1182 2865 1451 2933 feriasqne
1485 2867 1633 2921 omni

69 2948 237 2989 mense
262 2934 659 2997 custodiebant,
679 2950 811 3003 quas
831 2936 1017 2992 [cadas
1036 2936 1323 3000 vocabant,
1348 2946 1404 2989 ut
1428 2935 1634 2993 Plinius

68 3004 163 3076 ait,
190 3005 327 3060 libro
354 3021 497 3060 xxxv
518 3005 767 3076 Historia:
788 3019 990 3073 natur.,
1014 3024 1132 3076 cap.
1165 3007 1222 3061 2.

127 3074 327 3150 Celeste
349 3078 571 3150 signum.
592 3075 899 3136 Immortale
950 3074 1180 3150 signum.
1224 3085 1281 3133 ut
1326 3078 1449 3132 alibi
1500 3078 1633 3134 dicit

68 3143 376 3220 Lactantius,
397 3143 461 3202 id
486 3152 830 3220 est,gsignum
876 3143 1071 3206 crucis.
1118 3150 1225 3205 Iste
1269 3165 1429 3220 porro
1478 3150 1629 3206 locus

65 3219 321 3288 estmagni
347 3218 629 3275 momenti.
664 3220 1008 3289 Signatenim
1035 3231 1089 3277 et
1118 3218 1314 3287 locum,
1363 3233 1411 3276 et
1459 3221 1624 3287 diem,

67 3302 157 3359 quo
178 3305 330 3353 crux,
380 3289 434 3344 in
475 3304 582 3358 qua
608 3295 866 3359 vinceret,
896 3304 1111 3347 ostensa
1139 3302 1223 3346 est
1247 3293 1623 3348 Constantino.

1687 1980 1736 2040 B

1788 661 2185 734 qttaCtesarem
2216 661 2531 720 inferentem
2558 682 2705 722 arma
2736 661 3047 734 Britanniae,
3077 684 3263 725 arcere
3295 670 3382 723 lit-

1785 733 1991 789 toribus
2005 745 2062 809 et
2085 735 2282 804 pellere
2304 739 2539 809 aggressi
2567 746 2692 791 sunt
2723 758 2733 792 :
2760 740 2902 809 quod
2929 733 3225 808 contigerat
3252 751 3380 794 ante

1785 816 1965 881 anulis
2000 805 2112 860 fere
2155 805 2408 881 centutn'_
2429 808 2637 881 viginti.
2670 810 2736 864 Et
2772 805 2990 864 sanctus
3022 805 3382 881 Hieronymus

1783 874 1835 926 itt
1861 874 2074 950 dialogo
2101 877 2361 931 adversus
2390 874 2778 945 LttCiferianos,
2805 896 2962 950 quem
2990 874 3253 936 Baronius
3281 898 3378 949 pu-

1785 952 1860 1023 tat
1884 948 2141 1023 scriptum
2164 952 2308 1002 circa
2338 964 2537 1023 annum
2567 951 2764 1023 Christi
2787 948 2913 1018 582,
2941 953 3019 1023 ait
3040 961 3151 1023 tum
3188 948 3378 1023 super-

1780 1012 1950 1071 fuisse
1992 1012 2391 1089 homines,qui
2442 1020 2651 1092 synodo
2705 1012 2936 1076 Nicaenie
2988 1012 3371 1086 interfuerant,

1779 1100 1933 1140 raros
1960 1098 2143 1163 tamen
2180 1103 2398 1158 propter
2423 1092 2821 1161 antiquitatem.
2846 1092 3054 1163 Itaque,
3079 1102 3138 1148 ut
3161 1094 3227 1147 ad
3253 1108 3369 1148 rem

1779 1167 2022 1229 nostram
2052 1160 2372 1226 redeamus,
2403 1163 2471 1215 ita
2499 1160 3043 1219 constituendum‘est
3062 1205 3077 1229 ,
3106 1164 3370 1218 visionem

1776 1226 2129 1308 ill.am__cruci_s
2155 1229 2509 1308 Constantino
2545 1245 2776 1308 ostensio
2801 1226 3097 1308 contigisse
3144 1236 3198 1308 in
3246 1250 3370 1289 cas-

1776 1299 1874 1371 tris
1909 1299 2034 1353 dtnn
2074 1301 2299 1356 Romam
2346 1304 2641 1371 obsideret,
2674 1306 2705 1360 7
2728 1305 2836 1360 kal.
2870 1299 3185 1360 Novembris
3224 1320 3370 1359 anno

1773 1368 1974 1426 Christi
2005 1373 2130 1429 512.
2160 1373 2351 1428 Audax
2382 1377 2524 1430 enitn
2569 1368 2697 1432 vero
2729 1378 2951 1431 nimium
2997 1376 3097 1430 fuit
3131 1376 3367 1431 Jacobus

1773 1439 2036 1515 Oiselius,
2068 1446 2157 1515 qui
2188 1446 2240 1499 iu
2274 1445 2554 1501 Thesauro
2610 1448 2989 1502 numismatum
3022 1448 3361 1515 antiquorum

1772 1526 1893 1583 pag.
1927 1513 2056 1587 463_.
2082 1513 2175 1580 ait,
2207 1532 2332 1572 eum
2357 1518 2445 1586 qui
2478 1526 2647 1577 totum
2679 1520 2781 1573 boc
2807 1518 3079 1587 uegOIium
3108 1513 3176 1573 de
3201 1533 3363 1574 cruce

1771 1592 1985 1665 ostensa
2009 1585 2458 1665 Constantino’ad
2486 1589 2602 1657 pias
2624 1585 3131 1665 veterum'fraudcs
3156 1590 3358 1665 retule-

1769 1659 1860 1727 rit,
1908 1672 2096 1726 parum
2135 1674 2164 1711 a
2226 1660 2303 1713 rei
2336 1661 2562 1714 veritate
2605 1663 3002 1715 aberraturum.
3032 1659 3169 1727 Quid
3206 1660 3350 1714 enim

1767 1724 2021 1800 deinceps
2043 1744 2230 1784 verum
2258 1731 2586 1797 censebitur,
2639 1731 2685 1786 si
2719 1730 2999 1786 historiam
3048 1724 3206 1797 banc,
3236 1746 3359 1800 qum

1766 1794 2054 1864 Lactantii,
2080 1800 2253 1855 Publii
2277 1803 2549 1869 Uptatiani
2573 1794 2881 1871 Porphyrii,
2907 1802 3147 1867 Eusebii,
3179 1794 3363 1855 ac've-

1766 1876 1938 1939 terum
1963 1872 2126 1925 etiam
2181 1873 2562 1926 numismatum
2612 1875 2918 1927 testimonio
2951 1872 3167 1939 nititur,
3218 1871 3359 1926 inter

1766 1937 1972 1994 fabulas
1997 1952 2051 1996 et
2091 1941 2224 2011 pias,
2255 1952 2314 1996 ut
2342 1942 2435 1998 ille
2479 1940 2574 2007 ait,
2618 1953 2859 1999 veterum
2892 1937 3107 1998 fraudes
3148 1957 3359 1996 connu-

1762 2025 1975 2083 merare
1998 2012 2080 2068 fas
2109 2012 2313 2068 fuerit?
2341 2014 2663 2083 Religiosius
2694 2015 2795 2068 ista
2825 2013 3100 2070 tractanda
3131 2024 3276 2079 sunt,
3302 2022 3357 2066 et

1753 2079 2053 2155 irreligiosa
2078 2084 2165 2139 illa
2196 2079 2487 2140 temeritas
2503 2085 2689 2155 procul
2724 2085 2916 2142 abesse
2972 2084 3135 2140 debet
3160 2101 3188 2136 a
3221 2099 3352 2153 pec-

1752 2152 1960 2207 toribus
1986 2156 2421 2210 Christianorum.

1821 2223 2025 2297 Circum
2051 2228 2208 2296 ﬂexo,
2236 2228 2514 2284 Christum.
2532 2227 2659 2283 Haec
2685 2228 2756 2282 ita
2773 2226 3117 2297 intelligenda
3129 2234 3275 2290 sunt,
3297 2235 3357 2279 ut

1746 2290 1947 2366 Christi
1980 2290 2384 2364 monogramma
2438 2299 2840 2354 circumﬂexum
2871 2290 3032 2354 fuc'rit
3061 2298 3112 2351 in
3163 2298 3340 2366 capite

1745 2363 1962 2432 Labari,
1999 2378 2055 2421 ut
2076 2363 2321 2424 videmus
2353 2371 2404 2425 in
2438 2371 2673 2424 nummis
2702 2369 2998 2425 veteribus.

1815 2436 1998 2511 Libros
2019 2438 2304 2511 Sibyllinos
2325 2441 2525 2510 inspici.
2552 2440 2803 2495 Zozimus
2826 2442 2915 2496 lib.
2944 2456 2978 2494 ll
3006 2458 3019 2493 :
3046 2437 3346 2511 Maxentius

1742 2505 1969 2564 inclusus
1997 2505 2342 2565 diis'lwstias
2396 2505 2648 2577 imntolat,
2680 2522 2729 2566 et
2784 2511 3055 2578 extispiees
3103 2508 3167 2561 de
3219 2509 3346 2562 belli

1741 2588 1919 2654 eventu
1945 2582 2187 2654 consulit,
2218 2583 2343 2651 ipsis
2372 2600 2571 2654 quoque
2602 2582 2873 2653 Sibyllinis
2898 2580 3129 2654 aracult's
3142 2594 3344 2645 perves-

1739 2649 1932 2722 tigatis.
1968 2651 2196 2720 Cumque
2222 2649 2783 2721 reperisset'oraculiun
2825 2670 2924 2722 qtto
2960 2652 3344 2722 signiﬁcaretur

1738 2719 1793 2773 in
1817 2722 1941 2792 fatis
1993 2719 2123 2787 esse,
2178 2734 2232 2776 ut
2260 2719 2347 2794 qui
2394 2726 2462 2777 ad
2516 2719 2870 2779 detrimentum
2909 2719 3088 2795 populi
3117 2722 3341 2776 Romani

1735 2794 2016 2865 spectantia
2037 2794 2345 2865 designaret,
2368 2795 2645 2850 miserabili
2671 2806 2828 2849 morte
2849 2794 3055 2863 periret,
3075 2795 3138 2847 de
3157 2802 3338 2865 semet-

1735 2862 1849 2932 ipso
1872 2864 1929 2917 id
1958 2862 2221 2920 oraculum
2245 2867 2560 2937 accipiebat,
2594 2869 2740 2937 quasi
2765 2868 2852 2934 qui
2882 2868 3099 2937 Romam
3130 2864 3338 2916 adortos

1734 2950 2157 3008 eamqueicapere
2205 2940 2487 3007 cogitantes
2533 2936 2878 3008 prapulsaret.
2915 2936 3141 2990 Eventus
3168 2943 3336 2987 autem

1733 3007 2077 3076 comprobauit
2104 3009 2178 3071 id,
2218 3016 2356 3077 quod
2387 3007 2562 3063 verum
2606 3020 2732 3062 erat.
2794 3008 2920 3062 Haec
2946 3022 3081 3061 vero
3110 3020 3334 3073 prorsus

1732 3089 2035 3147 congruunt
2064 3095 2185 3134 cum
2209 3081 2517 3134 narratione
2543 3079 2831 3133 Laetantii.

2324 3173 2552 3231 CAPUT
2591 3173 2754 3228 XLV.

1806 3284 2003 3360 Hyeme
2037 3291 2295 3356 proxima.
2327 3289 2383 3345 ld
2416 3299 2518 3356 est,
2550 3289 2743 3360 hyeme
2799 3303 2919 3353 quas
2958 3294 3188 3360 mortem
3219 3286 3330 3360 Ma-

66 3356 179 3436 llem
198 3374 319 3436 cu_m
349 3375 416 3415 ex
456 3356 763 3436 testimonio
788 3356 1026 3427 Eusebii,
1053 3366 1140 3434 qui
1170 3378 1240 3436 se
1262 3365 1533 3436 accepisse
1554 3366 1628 3419 ait
1657 3372 1702 3436 ο
1732 3359 2449 3436 xentii_s_tatim_subsecuta
2484 3356 2782 3436 est.'_Atqui
2812 3357 3145 3436 ﬂuentius
3169 3358 3329 3436 periit

66 3428 123 3482 ab
141 3445 224 3486 ore
244 3429 610 3499 Constantini,
656 3446 867 3490 constet
896 3428 1083 3490 visutn'
1119 3434 1183 3488 ad
1224 3449 1289 3488 eo
1308 3428 1485 3488 crucis
1513 3445 1627 3488 tro-

65 3512 213 3566 paeum
232 3502 289 3557 in
317 3503 461 3557 caelo
492 3503 637 3558 horis
664 3506 994 3569 meridianis,
1020 3505 1203 3559 solein
1221 3518 1473 3559 occasum
1502 3521 1626 3559 ver-

64 3581 219 3645 gente,
266 3582 323 3627 et
377 3573 713 3630 addubitanti
765 3577 1019 3645 quidnam
1067 3575 1172 3629 hoc
1215 3585 1485 3644 spectrum
1524 3576 1623 3630 sibi

64 3642 217 3716 vellet,
252 3649 685 3716 noctersequenti
726 3642 996 3702 Christum
1028 3648 1121 3700 Dei
1146 3642 1433 3700 dormienti
1456 3661 1624 3716 appa-

65 3713 212 3768 ruisse
234 3730 361 3788 cum
389 3713 545 3784 signo
574 3718 685 3780 illo,
714 3719 854 3788 quod
881 3720 931 3772 in
959 3720 1100 3773 caelo
1127 3728 1404 3788 ostensum
1428 3713 1622 3781 fuerat,

64 3786 472 3859 pracepisseqtte
489 3795 550 3859 ut
576 3786 789 3843 milita—ri
815 3789 969 3859 signo
985 3792 1050 3843 ad
1076 3786 1481 3859 similitudinem
1506 3789 1623 3855 ejus

65 3856 260 3927 quodin
289 3856 432 3912 ctelo
448 3858 692 3923 vidisset,
713 3856 990 3925 fabricato,
1014 3875 1082 3915 eo
1104 3870 1373 3927 tamquam
1401 3857 1622 3913 salutari

64 3925 291 4000 prasidio
333 3930 387 3982 in
436 3930 636 3996 praeliis
665 3939 920 3994 uteretur,
967 3940 1173 3985 certum
1203 3925 1307 3995 est,
1340 3939 1623 4000 utramque

65 3995 304 4052 visionem
347 3995 457 4054 uno
502 4003 555 4054 in
600 4001 717 4056 loco
742 4003 987 4056 etintra
1016 4005 1245 4070 spatium
1279 4000 1487 4069 aliquot
1535 3995 1623 4054 ito-

64 4079 212 4147 rartttn
239 4071 558 4147 contigisse.
581 4072 735 4140 Quod
754 4073 806 4147 si
821 4073 892 4127 ita
910 4081 1014 4147 est,
1040 4081 1097 4125 ut
1116 4084 1262 4127 certe
1286 4081 1397 4147 est,
1424 4071 1624 4128 habent

63 4139 144 4189 viri
169 4139 307 4211 docti
337 4139 479 4197 unde
501 4139 662 4198 linem
685 4144 897 4198 tandem
923 4145 1197 4211 imponant
1219 4143 1381 4197 nobili
1404 4154 1621 4196 contro-

62 4210 225 4284 versite
246 4212 319 4267 de
348 4212 489 4273 loco,
516 4214 601 4268 ubi
629 4215 838 4284 signum
866 4210 1039 4269 crucis
1067 4225 1342 4269 ostensum
1368 4224 1451 4267 est
1474 4214 1617 4267 Cou-

62 4282 291 4347 stantino,
313 4293 368 4338 et
395 4284 538 4339 unde
571 4282 703 4339 lides
733 4286 1039 4340 adstruatur
1062 4286 1263 4340 auctori
1294 4286 1414 4337 vitm
1446 4287 1616 4340 sancti

66 4347 256 4431 krtemii
278 4354 515 4431 ex_duce
533 4354 772 4431 @gypti,
802 4358 963 4431 cujus
979 4357 1348 4431 auctoritatem
1380 4356 1472 4431 _v_ir
1494 4370 1617 4408 ern-

64 4418 328 4479 ditissimus
355 4424 551 4480 Petrus
573 4418 886 4482 maenae
906 4426 1208 4482 Chifﬂetius
1227 4424 1542 4480 circuitione
1565 4439 1619 4479 et.

65 4489 269 4565 anfractu
294 4496 564 4565 infregere
593 4507 647 4551 et
676 4502 887 4552 elevare
929 4508 1152 4552 conatus
1204 4508 1308 4552 est.
1341 4497 1463 4549 Haec
1493 4506 1619 4551 sunt

65 4562 201 4617 verba
224 4562 784 4622 Artemiimemoriam
808 4570 1142 4623 Constantini
1168 4567 1505 4623 defendentis
1526 4584 1619 4620 co-

66 4643 158 4711 ram
172 4634 376 4711 Iuliano
407 4640 764 4709 imperatore:
794 4639 874 4692 Ad
898 4639 1157 4711 Christum
1185 4648 1353 4692 autem
1383 4639 1612 4711 declina-

65 4709 122 4783 ltjt
145 4710 198 4758 ab
223 4709 309 4783 illo
335 4720 565 4783 uocatus,
594 4711 798 4783 quando
815 4710 1184 4783 difﬁcillimum
1209 4710 1464 4783 commisit
1485 4726 1617 4778 prae-

66 4771 425 4851 lium‘adttersus
441 4771 778 4836 Maientium.
811 4771 950 4835 Tunc
976 4784 1108 4835 enim
1133 4783 1178 4835 ei
1196 4783 1260 4834 .in
1285 4771 1495 4834 meridie
1523 4798 1616 4851 ap-

68 4847 209 4920 paruit
228 4849 425 4920 signum
465 4853 628 4906 crucis
654 4853 816 4906 radiis
844 4853 967 4906 solis
992 4852 1334 4916 splendidius,
1364 4861 1409 4904 et
1437 4847 1618 4908 litteris

68 4918 207 4994 aureis
229 4918 342 4975 belli
362 4924 659 4994 signiﬁcans
690 4925 970 4978 victoriam.
1000 4922 1055 4977 Ν
1059 4941 1141 4976 am
1169 4940 1260 4976 nos
1298 4939 1494 4992 quoque
1518 4925 1617 4992 ipsi

69 4999 237 5067 f'gljllm
263 4994 607 5067 adspeximus,
641 5010 755 5047 cum
777 4994 907 5048 bello
932 4996 1304 5056 interessemus,
1340 5003 1386 5067 et
1425 4994 1618 5049 litteras

70 5054 267 5135 legimus.
291 5054 415 5118 Cum
429 5067 579 5119 etiam
597 5075 730 5119 totus
745 5067 1007 5135 quoqueid
1021 5076 1092 5119 est
1103 5054 1474 5127 contemplatus
1485 5083 1620 5120 exer-

69 5138 197 5211 ξιιιιξ,
216 5143 259 5186 et
277 5136 420 5211 multi
434 5137 594 5211 hujus
621 5138 694 5211 rei
716 5146 864 5211 testes
885 5139 1075 5211 suntin
1092 5149 1179 5190 tuo
1195 5136 1433 5211 exercitu.
1464 5140 1501 5189 Α
1514 5139 1617 5211 pud

70 5195 251 5280 Sittium
277 5205 360 5280 die
384 5207 457 5280 2t)
479 5195 680 5261 mensis
695 5208 975 5280 Octobris.
998 5208 1200 5280 Mirum
1217 5221 1349 5261 vero
1377 5195 1619 5280 fortassis

71 5269 250 5354 Elidem
276 5278 540 5333 videbitur
566 5277 707 5354 quod
731 5278 850 5354 heic
878 5280 954 5331 ait
980 5278 1273 5354 Artemius,
1303 5278 1498 5354 multus
1524 5280 1621 5333 litt-

71 5347 418 5418 lllsfeihteSIes
440 5358 552 5402 tum
597 5347 759 5402 fuisse
816 5352 866 5401 in
897 5351 1135 5405 exercitu
1161 5348 1353 5403 Juliani
1383 5349 1618 5417 impera-

75 5412 209 5486 ιίζῖἱδ.
229 5412 342 5471 Natu
357 5420 402 5474 si
427 5420 527 5473 ista
542 5418 859 5474 dicebantur
874 5434 1015 5473 anno
1026 5420 1222 5473 Christi
1241 5419 1348 5475 δη
1365 5412 1615 5486 exeunte,

74 5476 353 5564 ξφηυξρηιηι
378 5491 504 5564 anni
558 5491 939 5564 quinquaginta
981 5506 1009 5564 a
1045 5502 1233 5564 morte
1265 5491 1533 5555 Maxentii,
1566 5476 1621 5546 et

74 5545 259 5631 dillicile
283 5569 356 5631 est
381 5545 1148 5630 multos'mili'tesusuperfnisse
1173 5576 1240 5615 ex
1262 5576 1329 5614 eo
1354 5545 1615 5628 exercitu,

74 5630 150 5701 qui
175 5633 268 5679 tum
287 5630 538 5686 adversus
563 5647 685 5687 eum
716 5641 1037 5701 pugnarunt.
1070 5630 1267 5686 Verum
1316 5631 1369 5686 id
1423 5633 1614 5687 mirum

72 5698 362 5775 [Nusquam
387 5702 557 5775 videri
586 5698 765 5757 debet.
793 5698 929 5756 Nam
977 5703 1029 5757 in
1066 5701 1283 5775 dialogo
1334 5702 1402 5756 de
1455 5705 1618 5760 claris

72 5754 369 5843 (imitor-ibus,
592 5754 1027 5828 auctorem-esse—
1050 5754 1431 5839 Quintilianum

74 5841 164 5912 9H8
183 5848 404 5912 censent,
421 5841 507 5898 alii
525 5844 792 5903 Tacitum.
823 5844 1035 5912 quidam
1054 5844 1390 5907 Suetonium,
1425 5841 1476 5899 in
1501 5846 1616 5899 dia-

80 5895 201 5986 lggtt,
229 5895 445 5986 inquam,
475 5914 588 5981 illo,
618 5914 708 5984 qui
731 5895 963 5983 scriptus
988 5924 1071 5970 est
1097 5930 1241 5970 anno
1267 5895 1420 5970 sexto
1462 5917 1637 5986 priug

82 5978 259 6037 ClPallia
300 5978 899 6054 Vespasianiftostatttr
945 5996 1131 6042 auctor
1204 5986 1402 6042 vidisse
1459 5978 1520 6043 Se
1559 5988 1611 6043 in

1639 4749 1693 4808 D

1731 3429 2028 3500 annogﬁli,
2058 3431 2090 3485 6
2116 3430 2375 3487 kalendas
2407 3427 2746 3487 Novembris.
2812 3430 2977 3500 Igitur
3014 3427 3325 3483 Constanti-

1729 3512 1833 3573 ntt_s
1854 3498 2216 3573 Mediolanum
2248 3502 2526 3573 profectus
2555 3514 2635 3557 est
2666 3517 2732 3556 eo
2761 3498 2904 3555 anno
2945 3509 3211 3573 exeunte,
3233 3510 3327 3552 aut

1727 3569 1829 3642 §_ttb
1867 3570 2073 3625 initium
2126 3569 2404 3641 sequentis
2434 3591 2449 3629 :
2476 3575 2620 3642 quod
2662 3574 2833 3637 magis
2873 3569 3324 3642 credo._rQuippe

1726 3637 1986 3714 Nazarius
2015 3643 2068 3695 in
2098 3637 2424 3714 panegyrieo
2472 3637 2632 3714 quem
2672 3643 3026 3714 Constantino
3050 3639 3210 3714 dixit,
3243 3640 3322 3695 sic

1726 3709 1794 3764 de
1818 3727 1988 3776 mora,
2017 3709 2178 3782 quam
2211 3709 2304 3768 ille
2334 3709 2521 3769 Romae
2552 3714 2733 3777 traxit,
2782 3711 3039 3782 loquitur,
3072 3719 3131 3782 ut
3163 3712 3321 3782 plane

1724 3791 1956 3855 constet,
1989 3780 2110 3837 eum
2140 3785 2249 3839 illic
2281 3785 2444 3839 fuisse
2475 3800 2573 3855 per
2622 3786 2756 3838 duos
2781 3780 3019 3855 menses.
3039 3780 3320 3855 _Q!‘.id‘l"id

1724 3853 1869 3925 ntali,
1898 3853 2093 3924 inquit,
2122 3859 2361 3910 sexennio
2388 3852 2491 3910 toto
2523 3856 2801 3910 dominatio
2831 3853 3009 3925 feralis
3031 3852 3314 3921 inﬂixerat,

1725 3922 2102 3996 bimestris'fere
2126 3944 2251 3981 cura
2277 3929 2490 3982 sanavit.
2524 3926 2810 3981 Probabile
2832 3922 3019 3979 autem
3058 3937 3173 3996 non
3199 3934 3317 3996 est.

1721 4011 1845 4050 eum
1876 3997 1971 4069 qui
1996 3992 2077 4053 sic
2126 3999 2407 4069 proximus
2434 4008 2550 4053 crat
2577 3997 2822 4053 kalendis
2849 3993 3145 4069 Januariis,
3199 3992 3311 4069 Ro-

1722 4082 1865 4120 mam
1899 4066 2182 4140 r_e|iquisée
2220 4071 2326 4124 illis
2361 4069 2828 4140 impendentibus,
2869 4076 2929 4122 ut
2966 4066 3091 4120 alibi
3140 4067 3317 4140 potius

1719 4152 1882 4206 quam
1915 4137 2123 4206 Romae,
2156 4137 2474 4209 procederet
2498 4139 3001 4196 consul.Pr:cterea
3058 4144 3206 4209 extat
3261 4137 3313 4190 in

1719 4210 1908 4282 codice
1933 4208 2224 4266 Justiniaui
2253 4214 2384 4282 imp.
2418 4214 2511 4267 lib.
2538 4228 2617 4277 χι,
2651 4213 2733 4265 tit.
2764 4212 2855 4272 57,
2878 4212 2967 4264 lex
2990 4224 3020 4263 a
3046 4208 3315 4282 constan-

1719 4279 1834 4334 tino
1854 4280 1978 4335 data
2008 4282 2197 4338 Romae
2245 4278 2577 4340 lii—kalend.
2626 4283 2785 4338 Febr.
2842 4282 2962 4349 ipso
3010 4288 3068 4334 et
3105 4278 3315 4332 Licinio

1718 4353 1936 4406 tertium
1988 4354 2324 4421 consulibus,
2377 4355 2428 4409 id
2480 4364 2585 4419 est,
2639 4369 2826 4408 mense
2873 4349 3163 4414 Januario,
3219 4350 3312 4417 qni

1718 4424 1996 4488 proximus
2047 4424 2145 4479 fuit
2194 4436 2316 4493 post
2355 4428 2651 4479 extinctum
2708 4422 3055 4493 Maxentium,
3107 4435 3173 4474 ex
3204 4434 3307 4489 qua

1714 4493 1894 4563 colligi
1926 4509 2086 4563 posse
2117 4491 2346 4561 videtur,
2376 4497 2789 4550 Constantinum
2815 4494 2979 4547 Itoma
3007 4491 3306 4563 digressum

1718 4577 1824 4636 non
1852 4560 1976 4618 esse
2003 4575 2126 4621 ante
2150 4567 2316 4628 diem,
2336 4560 2452 4636 qua
2475 4568 2561 4621 lex
2591 4566 2681 4619 illa
2721 4566 2842 4619 data
2879 4562 3103 4636 dicitur.
3155 4560 3306 4636 Quod

1715 4634 1773 4707 _s_i_
1800 4636 2005 4707 itaest,
2034 4639 2113 4692 sic
2143 4631 2456 4707 accipienda
2488 4636 2736 4690 videntur
2780 4634 2943 4688 verba
2986 4631 3221 4707 Nazarii,
3252 4642 3311 4686 ut

1720 4705 1810 4779 illa
1841 4705 2113 4779 bimestris
2140 4702 2440 4779 fere'cura,
2491 4722 2659 4779 quam
2706 4702 3097 4779 componendis
3146 4703 3309 4779 rebus

1722 4776 1944 4830 urbanis
1972 4774 2384 4833 Constantinum
2425 4774 2756 4844 impendisse
2801 4774 2983 4839 tradit,
3033 4787 3100 4827 eo
3146 4774 3309 4828 modo

1721 4846 2069 4917 intelligatur,
2101 4866 2208 4920 quo
2238 4858 2456 4903 sanctus
2481 4847 2809 4920 Augustinus
2848 4845 3077 4920 in_li_hro
3102 4844 3167 4898 ad
3203 4846 3308 4899 Do-

1725 4915 1952 4974 natisuis
1980 4931 2100 4990 post
2119 4915 2461 4990 collationem
2486 4915 2606 4987 cap.
2638 4919 2728 4990 5'5,
2756 4921 2849 4990 ait,
2880 4915 3152 4990 IElianum
3186 4930 3311 4990 pro-

1722 4987 1999 5044 consulem
2031 5007 2246 5045 causam
2273 4989 2469 5045 Felicis
2489 4989 2726 5059 episcopi
2755 4987 3104 5059 Aptungitani
3155 4988 3311 5041 audi-

1724 5060 1867 5114 visse
1895 5060 1962 5116 45
1982 5062 2241 5117 kalendas
2271 5062 2507 5127 Martias,
2533 5070 2645 5133 post
2673 5077 2871 5133 menses
2887 5060 3046 5133 [erum
3070 5069 3307 5125 quatuor,

1724 5146 1884 5200 quam
1912 5133 2231 5189 Cmcilianus
2255 5149 2285 5188 a
2326 5130 2619 5188 Melchiade
2664 5133 2837 5186 fuerat
2858 5130 3155 5201 judicatus;
3187 5146 3307 5185 cmn

1727 5213 1906 5259 tamen
1930 5221 1958 5258 a
1986 5206 2074 5261 die
2098 5206 2132 5261 6
2155 5220 2324 5259 nonas
2353 5204 2619 5268 Octobris,
2659 5217 2766 5274 quo
2794 5204 2885 5258 ille
2911 5202 3181 5274 judicatus
3199 5210 3307 5274 est,

1723 5289 1893 5345 usque
1930 5277 1996 5330 ad
2050 5278 2117 5332 l5
2144 5276 2401 5331 kalendas
2448 5271 2693 5339 Martias,
2746 5288 2852 5343 quo
2904 5286 3063 5327 causa
3114 5271 3312 5345 Felicis

1720 5342 1906 5401 audita
1946 5357 2051 5413 est,
2093 5347 2497 5402 intercesserint
2524 5360 2740 5401 menses
2768 5342 3012 5413 quatuor
3061 5358 3185 5396 cum
3232 5342 3313 5395 di-

1722 5417 1907 5473 midio.
1944 5419 2143 5473 Eadem
2173 5419 2384 5472 ratione
2414 5427 2632 5473 sanctus
2660 5416 2772 5472 Leo
2800 5430 2937 5485 papa
2978 5414 3039 5485 in
3085 5413 3309 5481 epistola

1719 5490 2162 5559 quinquagesima
2176 5490 2410 5545 secunda
2427 5489 2492 5543 ad
2515 5484 2847 5543 Ravennium
2864 5484 3236 5559 Arelatensem
3253 5496 3312 5536 et

1717 5553 2262 5629 caeterosCalliarum
2311 5561 2594 5629 episcopos
2622 5559 2864 5614 scribens
2902 5558 3003 5629 ait,
3046 5553 3308 5629 synodum

1717 5628 2216 5686 Cltalcedonensem
2244 5623 2554 5685 constitisse
2578 5644 2644 5684 ex
2674 5627 2943 5684 sexcentis
2970 5623 3313 5697 fere'episco-

1720 5702 1826 5776 pis,
1858 5703 1945 5776 cui
1975 5701 2285 5776 interfuisse
2314 5700 2421 5755 650
2445 5702 3033 5776 episcopos_cons_taus
3078 5704 3164 5776 est
3192 5709 3310 5746 om-

1718 5774 1869 5847 nium
1904 5772 2474 5847 fertueﬂscriptorum
2533 5771 2822 5847 sententia.
2878 5771 3121 5847 Accessit
3181 5778 3313 5846 ergo

1719 5842 2079 5900 Mediolanum
2109 5833 2494 5898 Constantinus
2519 5842 2619 5896 sub
2650 5846 2808 5895 linem
2832 5836 3030 5893 mensis
3046 5833 3309 5889 Januarii.

1718 5915 1798 5972 Eo
1820 5931 1950 5971 vero
1977 5920 2123 5971 venit
2145 5917 2305 5970 etiam
2331 5913 2595 5978 Licinius,
2627 5924 2847 5966 uxorem
2879 5908 3139 5961 ducturus
3172 5906 3314 5961 Con-

1718 5986 1975 6043 stantiam
1999 5986 2336 6046 Constantini
2364 5998 2628 6040 sororem.
2673 5979 2877 6035 Eadem
2921 5987 3312 6037 commemorat
