3778 6260
313 317 427 379 575

323 522 465 564 sane
512 505 856 571 Lactantius,
899 503 991 575 qui
1037 503 1286 575 morbum
1316 501 1433 575 ejus
1462 499 1754 575 describit,
1786 499 1919 554 nihil

324 578 555 635 adnotat
578 578 645 632 de
668 569 934 633 dementia
967 587 1032 628 ac
1074 572 1279 628 furore.
1328 569 1480 641 Quod
1522 572 1567 625 si
1595 569 1920 644 Chrysosto-

326 665 455 705 mus
478 664 536 704 se
564 664 668 703 non
695 648 1043 716 explicasset,
1073 644 1230 699 facile
1254 644 1532 716 crederem
1548 684 1563 708 ,
1597 658 1659 697 ea
1677 642 1835 716 ,‘quaz
1851 642 1921 716 de

326 720 655 791 imperatore
687 712 867 791 lurore
897 717 1104 786 percito
1138 716 1205 769 ab
1234 731 1299 769 eo
1329 715 1602 791 dicuntur,
1645 712 1710 767 ad
1754 712 1922 791 Maxi-

325 784 534 847 minum
579 787 860 845 referenda
899 784 1057 854 esse,
1108 795 1329 858 prOpter
1372 785 1515 840 hunc
1561 785 1738 839 locum
1781 784 1920 838 Lac-

327 863 503 918 Iautﬁ.

402 932 567 1000 Caput
591 929 867 1000 parietibus
892 929 1165 999 inﬂigeret.
1201 927 1314 1000 Hoc
1336 936 1416 981 est
1432 942 1595 981 unum
1608 941 1673 981 ex
1686 926 1923 1000 detesta-

328 998 555 1066 bilibus,
589 998 645 1055 ut
671 1002 724 1054 in
758 1001 912 1055 tertia
945 998 1246 1054 Tusculana
1274 998 1463 1055 Cicero
1495 1006 1681 1063 vocat,
1710 998 1925 1068 generi-

328 1075 430 1129 bus
458 1070 694 1143 lugendi.
731 1070 863 1127 Vide
890 1070 1192 1127 Casauboni
1229 1069 1396 1126 Notas
1427 1070 1495 1124 iu-
1518 1067 1729 1123 Julium'
1762 1067 1921 1137 Capi~

327 1145 576 1201 tolinuin.

403 1215 696 1269 Exilierunt
718 1212 876 1268 oculi.
908 1212 1054 1268 Idem
1081 1211 1267 1267 scribit
1289 1210 1557 1275 Eusebius
1577 1209 1674 1266 lib.
1699 1226 1753 1265 ix
1785 1209 1925 1264 Hist.

329 1289 526 1343 eccles.
556 1301 676 1353 cap.
709 1286 804 1350 10;
839 1285 932 1338 lib.
965 1300 982 1339 ι
1028 1284 1095 1338 de
1124 1284 1239 1337 Vita
1266 1282 1636 1347 Constantini,
1678 1297 1798 1353 cap.
1833 1280 1925 1353 59,

327 1360 459 1414 item
491 1351 804 1428 Eutychius.
834 1354 1216 1428 TheOphanes,
1245 1365 1300 1407 et
1324 1353 1662 1428 Anastasius.
1687 1351 1931 1428 Meminit

328 1428 492 1483 etiam
537 1422 610 1482 DZ
629 1422 1048 1498 Chrysostomus
1075 1426 1434 1498 oratione_in_
1468 1432 1713 1498 sanctum
1757 1422 1932 1498 Baby—

327 1499 436 1554 lam
455 1541 469 1565 ,
498 1509 551 1554 et
579 1492 797 1551 sanctus
829 1496 1184 1567 Hieronymus
1229 1497 1281 1549 in
1312 1494 1661 1558 Zachariam;
1690 1503 1750 1548 ut
1778 1492 1929 1547 vide-

333 1571 515 1625 bimus
543 1569 703 1637 paulo
727 1576 865 1637 post.

412 1635 693 1709 Tamquam
712 1635 1041 1693 cremaretur.
1060 1636 1119 1691 In
1144 1636 1443 1709 Annalibus
1467 1635 1726 1709 Eutychii
1757 1636 1932 1709 scrip-

333 1718 447 1765 tum
474 1707 590 1773 est,
617 1708 961 1763 Maximinum
990 1710 1041 1763 in
1074 1708 1317 1762 morbum
1343 1707 1618 1772 incidisse,
1646 1723 1753 1779 quo
1773 1707 1936 1762 adus-

333 1790 449 1836 tum
478 1788 561 1835 est
591 1794 789 1848 corpus
816 1782 983 1847 ipsius
1004 1780 1173 1845 adeo,
1204 1788 1261 1833 ut
1289 1779 1541 1833 carbonis
1570 1780 1738 1833 instar
1762 1789 1930 1841 esset,

333 1862 393 1908 et
424 1853 493 1906 ita
538 1860 733 1932 iostum
775 1850 972 1932 fuisse,
1018 1860 1076 1905 ut
1127 1860 1507 1932 rumperentur
1554 1851 1764 1932 viscera
1816 1850 1934 1932 ejus

332 1937 446 1994 prae
474 1922 879 1994 calore,gquem
914 1922 1055 1994 intus
1098 1921 1398 1994 sentiebat,
1428 1929 1483 1975 et
1509 1921 1820 1975 excidentes
1848 1921 1929 1990 ip-

334 1990 451 2048 sius
475 1992 663 2046 oculos
693 1990 745 2045 in
774 2002 971 2046 terram
998 1991 1264 2047 decidisse
1284 2033 1299 2053 ,
1332 1990 1686 2061 adustamque
1715 2006 1934 2046 carnem

335 2064 407 2118 ab
432 2064 646 2118 ossibus
670 2072 970 2130 separatam
1003 2077 1143 2116 esse.
1185 2061 1291 2116 Sed
1323 2061 1421 2115 ista
1469 2062 1662 2117 melius
1706 2061 1939 2131 explicat

333 2135 654 2189 Anastasius
679 2133 1120 2187 bibliotliecarius
1163 2134 1216 2186 in
1265 2132 1496 2187 Historia
1535 2133 1934 2200 ecclesiastica,

334 2204 423 2259 bis
455 2205 629 2259 verbis
670 2220 685 2259 :
729 2201 916 2257 Divina
943 2204 1251 2273 prwveniens
1279 2205 1359 2257 ira
1385 2204 1765 2271 comprehendit
1796 2220 1933 2259 eum.

335 2274 579 2329 Flamma
609 2275 743 2328 enim
772 2275 836 2328 de
880 2275 1047 2329 medio
1076 2276 1326 2329 viscerum
1352 2284 1399 2327 et
1438 2275 1781 2328 medullarum
1812 2292 1934 2327 suc-

337 2362 489 2400 censa
516 2362 633 2399 cum
658 2344 834 2399 dolore
863 2344 1173 2399 intolerabili
1200 2361 1421 2415 pronum
1448 2362 1601 2409 super
1629 2356 1816 2399 terram
1844 2363 1938 2399 an-

336 2417 589 2471 helantem
613 2417 887 2486 prostravit
916 2417 1019 2489 ita,
1050 2426 1103 2469 ut
1131 2426 1341 2489 uterque
1371 2418 1550 2470 oculus
1576 2419 1690 2489 ejus
1716 2417 1936 2482 exiliret,

335 2497 386 2541 et
410 2503 574 2540 circus
591 2528 605 2549 .
635 2496 692 2540 ut
716 2502 889 2540 revera
912 2486 1152 2541 scelestus
1167 2527 1182 2551 ,
1215 2486 1611 2555 relinquereturf
1631 2486 1799 2540 Porro
1821 2505 1939 2542 cum

338 2574 516 2631 carnes
538 2560 656 2631 ejus
684 2556 986 2631 putrefacta:
1011 2573 1117 2624 pro:
1140 2558 1498 2631 innumerabili
1528 2559 1721 2631 ossium
1762 2559 1939 2631 incert--

337 2629 427 2702 dio
451 2626 705 2702 caderent,
739 2629 849 2698 ipse
869 2629 1250 2702 impugnantem
1272 2626 1437 2681 Deum
1445 2630 1673 2702 projccit
1691 2629 1934 2683 animum.

339 2647 427 2682 αιο
451 2647 705 2694 cauerent,
739 2647 849 2698 ipse
869 2647 1250 2698 impugnantem
1272 2647 1673 2754 U0“M{TOJCCU
1691 2647 1934 2683 animam.

339 2699 649 2769 sumpsisse
667 2708 846 2753 autem
868 2699 970 2753 ista
993 2700 1332 2754 Anastasium
1356 2715 1422 2754 cx
1495 2699 1797 2769 lieophane,
1823 2716 1939 2755 ma-

338 2768 594 2824 nifestum
619 2778 721 2823 est.

423 2837 704 2894 Nocentem
751 2839 990 2912 spiritum
1026 2840 1233 2912 emovit.
1289 2838 1347 2894 In
1393 2840 1638 2910 Epitome
1700 2840 1938 2897 Victoris

343 2912 603 2980 scriptum
633 2918 749 2979 est,
771 2979 775 2980 ί
799 2910 950 2964 illum
996 2910 1227 2980 simplici
1277 2922 1452 2978 morte
1485 2913 1708 2979 periisse
1730 2952 1747 2978 ,
1776 2912 1827 2967 id
1855 2921 1941 2966 est

341 2978 606 3046 naturali,
633 2978 867 3036 seu'fato
884 2995 1008 3051 suo.
1058 2978 1128 3036 Et
1154 2980 1443 3051 Eutropius
1480 2978 1673 3048 tradit,
1702 2998 1824 3037 eum
1857 2983 1941 3036 vi-

340 3054 523 3107 cinum
589 3053 810 3108 exitium
871 3050 1092 3106 fortuita
1153 3050 1335 3108 morte
1372 3056 1722 3123 praevenisse.
1781 3054 1937 3122 Quod

339 3132 631 3192 utrumque
659 3138 845 3178 verum
883 3130 986 3177 est.
1019 3122 1333 3177 Communis
1376 3122 1656 3177 doctorum
1698 3124 1937 3180 virorum

1656 309 2002 369 STEPHANI
2036 308 2309 367 BALUZII

323 436 384 493 vi
428 434 603 492 morbi
633 432 970 491 deturbatum
998 436 1243 488 extremo
1282 401 1425 486 anno
1468 427 1679 499 imperii
1709 429 1813 484 sui.
1847 428 1919 484 Et
1941 433 1997 494 Α
2018 443 2162 485 anno
2185 427 2388 484 Christi
2416 427 2559 492 514,
2589 426 2750 483 unius
2772 424 2902 483 anni
2941 437 3173 499 errore.
3224 422 3362 479 Nam

1964 1820 2010 1880 Β

3508 305 3599 366 576

3477 426 3602 485 ads

2024 443 2162 485 anno
2185 438 2388 484 Christi
2416 438 2524 485 3M-
2542 467 2559 492 ,
2589 439 2750 483 unius
2772 438 2902 483 anni
2951 438 3173 483 errore.
3224 438 3362 479 nam
3409 438 3520 495 qua
3543 438 3602 485 ιιο

2024 508 2178 581 sexto
2223 515 2366 581 anno
2406 499 2677 581 Maximini
2712 496 2955 581 _Augusti
2998 497 3162 554 addit
3188 510 3258 552 ex
3290 498 3602 581 numinis.

2022 571 2366 625 doctissimus
2407 570 2668 626 Henricus
2711 566 2903 632 Noris,
2950 585 3011 625 ea
3055 583 3195 623 sane
3242 582 3351 622 non
3388 566 3606 625 alliciunt

2022 642 2263 711 Opinioni
2317 657 2535 706 eorum,
2582 641 2672 711 qui
2700 656 2845 695 anno
2892 639 3099 696 Christi
3156 638 3305 704 515,
3356 640 3602 710 assignant

2024 723 2253 768 mortem
2282 711 2587 775 Maximini,
2614 727 2735 766 cum
2766 712 2844 779 is,
2866 712 2957 782 qui
2983 711 3209 766 titulum
3238 711 3459 779 Augusti
3482 727 3604 765 sum-

2024 795 2208 854 pserat
2237 794 2470 839 exeunte
2500 799 2642 838 anno
2666 783 2803 846 507,
2831 794 2925 837 aut
2948 785 3051 838 sub
3084 782 3304 837 initium
3336 783 3601 854 sequentis,

2026 852 2240 909 Sextum
2269 854 2479 922 imperii
2524 854 2606 908 sui
2658 869 2857 908 annum
2886 867 3186 909 numerare
3236 852 3468 921 potuerit
3489 868 3607 910 anno

2027 926 2154 981 515.
2186 926 2303 992 Quo
2346 940 2489 979 anno
2540 933 2809 979 mortuum
2842 940 2964 980 esse
2989 924 3146 979 illum
3169 965 3186 989 ,
3218 924 3433 993 probari
3459 934 3608 994 potest

2027 997 2188 1051 etiam
2219 1000 2538 1049 auctoritate
2576 995 2781 1050 Aurelii
2814 994 3085 1057 Victoris,
3118 995 3217 1064 qui
3267 994 3482 1058 scribit.
3507 1010 3607 1049 eunt

2028 1076 2150 1138 post
2172 1066 2373 1138 biennii
2400 1078 2684 1137 augustum
2715 1067 3022 1134 imperium,
3051 1065 3107 1121 id
3131 1075 3247 1138 est,
3274 1064 3485 1138 biennio
3508 1077 3605 1133 post

2031 1135 2259 1192 inortem
2282 1135 2516 1201 Galerii,
2543 1138 2719 1192 fusum
2749 1138 3096 1208 fugatumque
3144 1153 3176 1190 a
3229 1135 3464 1200 Licinio,
3489 1138 3605 1205 apud

2030 1208 2255 1264 Tarsum
2310 1209 2551 1274 periisse.
2598 1208 2730 1264 Nam
2779 1224 2900 1263 cum
2939 1208 3197 1264 Galerius
3252 1208 3514 1262 extinctus
3555 1209 3610 1261 sit

2031 1294 2174 1334 anno
2204 1279 2344 1343 511,
2394 1296 2576 1334 mense
2623 1280 2792 1344 Maio,
2840 1279 3173 1334 Maximinus
3223 1278 3458 1332 moriens
3498 1294 3612 1333 anno

2032 1351 2161 1416 515,
2193 1360 2340 1405 recte
2374 1351 2627 1406 scribitur
2657 1353 2930 1406 biennium
2967 1350 3021 1405 in
3065 1349 3301 1405 Oriente
3350 1363 3611 1418 regnasse;

2033 1420 2124 1491 qui
2153 1420 2197 1475 si
2228 1436 2371 1477 anno
2400 1432 2606 1476 tantum
2633 1423 2741 1477 514
2767 1433 3011 1479 mortuus
3053 1420 3614 1491 fuissettexcessisset

2033 1490 2308 1546 biennium
2333 1535 2347 1557 ,
2378 1492 2521 1562 quod
2549 1494 2624 1547 illi
2652 1493 2903 1549 tribuitur
2929 1494 2999 1547 ab
3025 1491 3262 1547 Aurelio
3296 1490 3523 1562 Victore.

2107 1562 2212 1615 Ista
2242 1578 2343 1633 ego
2374 1560 2683 1633 putaveram
2715 1580 2841 1620 vera
2879 1579 3030 1627 esse,
3082 1572 3185 1617 aut
3229 1576 3362 1633 vero
3408 1560 3611 1627 similia,

2035 1633 2179 1706 quod
2208 1632 2409 1706 nullam
2437 1636 2595 1690 aliam
2627 1635 2938 1706 emergendi
2969 1650 3038 1690 ex
3067 1650 3134 1689 ea
3159 1632 3608 1706 dilliculuiteviain

2037 1704 2334 1760 invenirem
2367 1717 2564 1774 praeter
2588 1702 2847 1761 rationem
2900 1704 3230 1760 numerandi
3274 1717 3443 1758 annos
3480 1702 3618 1757 Maxi-

2040 1774 2173 1829 mini
2202 1792 2232 1829 a
2263 1774 2510 1831 kalendis
2538 1776 2709 1832 Maiis.
2741 1778 2932 1834 Postea
2976 1776 3058 1830 vir
3096 1776 3354 1846 plurimae
3402 1774 3614 1829 lectionis
3646 1778 3651 1783 ’

2040 1846 2319 1915 limatique
2340 1847 2529 1915 judicii
2561 1847 2825 1905 Henricus
2851 1848 3167 1903 Dodwellus
3191 1846 3336 1900 hanc
3362 1859 3524 1898 meam
3542 1860 3617 1915 exe

2039 1914 2386 1999 piicatioiiem
2414 1920 2626 1973 censuit
2651 1936 2756 1974 non
2784 1935 2905 1975 esse
2935 1920 3162 1981 bonam,
3199 1916 3435 1999 eoquod
3462 1914 3615 1999 seculi

2039 1987 2183 2042 illius
2212 2004 2311 2043 usu
2339 2000 2616 2058 receptum
2647 2006 2754 2045 non
2797 2000 2974 2057 esset,
3007 1998 3068 2045 ut
3097 1989 3231 2042 anni
3264 1987 3611 2056 iumentorum

2038 2070 2444 2113 arcesserentur
2468 2060 2537 2116 ab
2561 2075 2750 2117 eorum
2782 2061 2871 2118 die
2898 2061 3100 2127 natali,
3146 2069 3383 2114 testatus
3429 2066 3615 2121 tamen,

2040 2145 2101 2184 se
2132 2145 2360 2199 pronum
2390 2145 2512 2186 esse
2559 2133 2611 2187 in
2664 2149 2782 2188 eam
2829 2133 3163 2191 sententiam
3213 2127 3614 2199 concedere,_si

2041 2197 2238 2256 idoneo
2287 2202 2469 2275 aliquo
2520 2202 2868 2275 probatusque
2918 2204 3040 2259 tidei
3094 2201 3354 2275 exemplo
3395 2197 3615 2275 ususills

2041 2281 2227 2341 posset
2256 2266 2587 2330 contirmai‘i.
2619 2266 2795 2329 Aliam
2839 2290 2970 2343 ergo
3009 2275 3159 2327 viam
3189 2266 3452 2343 sequitur,
3481 2266 3613 2343 edic-

2042 2339 2261 2411 tumque
2290 2346 2592 2413 superioris
2620 2346 2745 2399 anni
2775 2339 3325 2401 comineinnratuma
3367 2339 3616 2396 Maximino

2040 2425 2259 2468 revocat
2282 2416 2349 2469 ad
2378 2430 2575 2469 annum
2604 2416 2802 2471 Christi
2831 2417 2936 2471 512
2961 2424 3304 2477 exeuntem,
3330 2419 3615 2481 argumento

2041 2492 2258 2553 sumpto
2290 2502 2353 2540 ex
2385 2486 2502 2609 Ιεῇε
2532 2485 2869 2541 Constantini
2894 2487 3036 2542 edita
3070 2486 3127 2541 in
3172 2483 3378 2540 Codice
3402 2480 3614 2562 Theodo-

2041 2556 2225 2609 siano.
2258 2573 2412 2609 ouant
2490 2573 2620 2609 ama:
2647 2558 2805 2609 edidit
2830 2561 2923 2609 sub
2951 2558 3167 2609 initium
3201 2554 3488 2609 Decetubris
3510 2591 3522 2609 .
3546 2568 3613 2603 tuo

2040 2556 2225 2626 siano,
2258 2573 2412 2626 quant
2434 2554 2620 2611 Romae
2647 2558 2805 2612 edidit
2830 2561 2923 2613 sub
2951 2558 3167 2612 initium
3201 2554 3488 2626 Decembris
3510 2591 3522 2614 ,
3546 2554 3613 2603 in.

2041 2625 2191 2695 quit,
2221 2624 2311 2681 sed
2345 2627 2508 2681 Roma
2537 2632 2707 2683 statim
2734 2631 3069 2683 discessurus.
3111 2629 3303 2693 Itaque
3331 2624 3610 2695 existimat,

2042 2691 2276 2751 edictum
2306 2695 2646 2755 C0nstantini
2672 2710 2727 2756 et
2755 2700 2942 2755 Licinii
2970 2700 3040 2754 de
3072 2691 3224 2767 pace
3254 2695 3505 2751 Ecclesia:
3528 2691 3606 2745 da-

2043 2777 2158 2844 tum
2197 2767 2483 2844 Mediolani
2512 2770 2765 2844 medium
2789 2768 3410 2844 circiterADecembrem
3456 2777 3612 2844 per-tc-

2044 2837 2190 2893 nisse
2233 2840 2424 2895 eodem
2472 2856 2658 2897 mense
2701 2841 2770 2896 ad
2819 2842 3205 2904 Maximinum,
3234 2850 3460 2907 eumque
3487 2837 3607 2907 prius

2043 2908 2174 2964 illud
2201 2910 2435 2967 edictum
2478 2912 2532 2967 in
2579 2913 2818 2968 secundo
2863 2918 3358 2967 commemoratum
3384 2906 3612 2961 emittere

2043 2982 2284 3050 potuisse
2310 2983 2500 3037 eodem
2544 2998 2707 3039 anno.
2738 2983 2899 3039 Addit
2924 2983 3125 3038 deinde
3147 3024 3161 3043 .
3188 2995 3296 3035 non
3343 2992 3459 3032 esse
3492 2972 3608 3050 (μιρῦ

2042 3044 2164 3130 quis
2193 3054 2418 3130 miretur
2447 3055 2545 3130 ista
2575 3056 2655 3126 sic
2674 3054 2929 3130 constitui
2950 3096 2981 3130 ,Δ
2997 3055 3041 3108 si
3072 3051 3476 3130 veredarioium
3500 3044 3611 3130 celti-

2041 3123 2295 3196 ritaiem.
2368 3123 2646 3196 ipsiusque
2709 3125 2983 3181 Maximini
3052 3138 3306 3195 praeceps
3373 3123 3608 3189 ingenium

341 3194 606 3248 sententia
632 3202 737 3257 est,
762 3208 880 3249 eam
906 3203 1134 3247 mortem
1157 3196 1407 3248 evenisse
1424 3208 1567 3247 anno
1584 3194 1784 3251 Christi
1809 3196 1936 3250 515.
1965 3194 2012 3258 C
2044 3194 2385 3263 exploratum
2417 3194 2685 3252 habuerit.

341 3264 594 3320 Petavius
624 3273 801 3318 tamen
832 3263 871 3317 1.
901 3277 957 3316 xi
980 3263 1052 3334 de
1082 3264 1329 3317 Doctrina
1362 3272 1665 3334 temporum
1698 3280 1817 3334 cap.
1845 3267 1939 3334 54,

345 3334 566 3396 scribit,
601 3343 823 3388 auctore
844 3373 860 3398 ,
892 3341 949 3385 ut
976 3333 1090 3402 ipse
1134 3333 1239 3399 ait,
1270 3334 1503 3389 Eusebio
1548 3335 1600 3388 in
1628 3332 1938 3403 Chronico,

342 3403 798 3472 adstipulantibus
819 3402 1039 3458 Victore
1066 3412 1121 3459 et
1146 3403 1439 3474 Eutropio,
1470 3403 1816 3461 Maximinum
1846 3402 1943 3462 ex-k

257 3513 263 3518 -
341 3475 571 3528 tinctum
601 3473 765 3545 fuisse
792 3488 932 3528 anno
961 3474 1136 3545 altero
1155 3515 1171 3539 ,
1199 3473 1357 3545 quam
1388 3475 1635 3531 Galerius
1666 3476 1941 3532 Maximia-

344 3559 451 3600 nus
476 3545 661 3614 periit,
692 3544 742 3598 id
765 3554 879 3609 est,
909 3560 1049 3599 anno
1074 3544 1272 3600 Christi
1302 3546 1425 3601 512.
1454 3546 1653 3601 Verum
1683 3563 1802 3602 cum
1829 3564 1942 3603 cer-

341 3627 457 3689 ium
503 3617 610 3689 sit,
663 3615 819 3689 illum
858 3615 1055 3671 obiisse
1081 3631 1242 3689 anno
1271 3619 1515 3689 sequenti
1565 3628 1687 3688 post
1733 3620 1936 3675 cmdem

342 3686 595 3760 Maxentii
616 3728 643 3760 ,_
657 3687 777 3760 jure
805 3685 909 3760 hoc
938 3689 1054 3741 loco
1081 3685 1365 3760 Petavimn'
1395 3685 1745 3760 reprehendit
1793 3691 1939 3745 lien-

344 3759 493 3813 ricus
520 3758 695 3812 Noris.
745 3758 850 3813 Sed
892 3758 1009 3828 ipse
1037 3762 1214 3813 tamen
1243 3759 1296 3813 in
1324 3759 1429 3815 hoc
1455 3758 1639 3814 errare
1660 3763 1937 3815 convinci-

341 3836 454 3894 tur,
477 3831 617 3898 quod
640 3838 856 3885 secutus
879 3829 1168 3883 Barouium
1206 3830 1487 3885 contendit
1521 3841 1751 3885 mortem
1776 3831 1939 3885 Maxi-

344 3900 479 3954 mini
508 3902 802 3969 contigisse
843 3914 985 3952 anno
1012 3900 1122 3969 514
1144 3939 1161 3963 ,
1204 3901 1425 3956 ineunte
1470 3915 1619 3955 vere.
1653 3902 1783 3956 Nam
1815 3917 1937 3956 cum

344 3983 416 4042 ex
446 3968 737 4036 postremis
777 3968 1041 4023 Lactantii
1070 3969 1599 4042 capitibusiconstet,
1634 3972 1785 4025 illum
1816 3988 1939 4042 per-

347 4038 481 4110 iisse
515 4053 587 4110 eo
614 4053 779 4110 ann_o,
807 4052 921 4110 quoi
944 4054 1047 4107 pax
1076 4038 1198 4094 data
1226 4049 1309 4094 est
1335 4041 1612 4108 Ecclesim,
1644 4058 1749 4110 quo
1777 4038 1937 4097 etiam

343 4107 658 4163 Lactantius
705 4108 867 4180 linem
911 4108 1167 4176 imposuit
1215 4110 1337 4164 huic
1385 4113 1569 4180 operi,
1599 4107 1932 4180 et'persecu-

344 4180 552 4232 tionem
579 4178 974 4233 ostenderimus
999 4181 1228 4248 cmpisse
1258 4195 1398 4234 anno
1423 4178 1527 4237 505
1544 4223 1558 4247 ,
1587 4178 1817 4237 exeunte
1838 4184 1941 4239 Fe-

347 4249 610 4315 bruario,
660 4249 782 4304 luce
829 4249 1026 4303 clarius
1079 4261 1197 4316 est,
1248 4251 1594 4306 Maximinum
1643 4257 1936 4310 extinctum

346 4319 516 4395 fuisse
542 4335 683 4395 anno
710 4319 843 4386 515,
876 4320 966 4389 qui
997 4319 1238 4395 decimus
1268 4331 1386 4395 erat
1417 4340 1446 4377 a
1476 4333 1653 4395 empta
1685 4340 1939 4395 persecu-

343 4392 513 4445 tione.
546 4390 743 4464 Nititur
765 4394 999 4464 sanevir
1022 4393 1212 4464 doctus
1234 4392 1492 4460 probabili
1516 4390 1825 4464 inspeciem
1853 4413 1941 4452 ar-

347 4473 638 4536 gumento,
679 4461 747 4516 iis
785 4463 1034 4515 nimirum
1077 4461 1347 4536 Maximini
1391 4465 1569 4520 verbis
1615 4461 1680 4521 ex
1722 4468 1937 4536 edicto,

346 4535 489 4601 quod
520 4532 834 4603 paulorante
863 4543 1089 4603 mortem
1116 4533 1267 4588 dedit
1306 4535 1359 4589 in
1407 4538 1631 4603 gratiam
1680 4532 1939 4593 Christia;

346 4617 540 4679 norum
570 4602 714 4674 apud
742 4602 1068 4679 Eusebium,
1100 4604 1191 4679 lib.
1224 4621 1314 4672 ιι,
1346 4602 1466 4679 cap.
1502 4607 1599 4672 10,
1630 4607 1720 4662 ubi
1746 4611 1847 4671 ait,
1877 4624 1937 4665 se

344 4676 627 4749 superiore
656 4690 797 4749 anno
823 4675 962 4749 datis
990 4674 1057 4729 ad
1086 4676 1325 4749 singulos
1371 4674 1767 4749 provinciarum
1799 4696 1935 4749 pra:-

346 4744 997 4818 sidesnlitterisstatuisse
1035 4747 1256 4815 eadem,
1288 4744 1408 4818 qua:
1432 4748 1485 4803 in
1515 4744 1850 4805 Constantini
1882 4762 1934 4805 et

348 4814 539 4888 Licinii
583 4815 775 4888 litteris
818 4814 1253 4888 continebantur.
1279 4814 1412 4874 Cum
1445 4820 1628 4888 itaque
1672 4835 1735 4874 ea
1766 4819 1935 4875 Cons-

344 4886 541 4957 tantini
569 4900 633 4940 ac
670 4886 865 4957 Licinii
903 4888 1215 4942 constitutio
1242 4890 1347 4943 lata
1394 4886 1551 4945 fuerit
1602 4904 1745 4943 anno
1792 4891 1931 4957 515,

344 4956 596 5031 ineunte,
637 4956 1038 5031 evidentissime
1084 4959 1265 5031 lucere
1293 4962 1481 5031 istam,
1526 4976 1645 5030 qua:
1688 4956 1934 5031 sequenti

343 5041 492 5079 anno
516 5026 636 5078 data
664 5036 776 5087 est.
808 5026 859 5080 in
887 5042 1082 5080 annum
1105 5027 1210 5081 514
1232 5026 1575 5099 rejiciendam
1599 5045 1720 5085 esse
1737 5075 1750 5095 ,
1769 5026 1937 5088 adco-

388 5111 454 5149 ue
480 5109 547 5150 eo
572 5110 715 5149 anno
746 5105 1025 5165 tyrannum
1070 5098 1349 5166 imperium
1380 5116 1500 5153 cum
1526 5101 1633 5154 vita
1665 5101 1930 5159 amisisse.

399 5166 539 5220 ravis
566 5179 696 5219 sane
720 5169 1140 5235 argumentatio,
1169 5170 1215 5225 si
1254 5178 1558 5237 constaret,
1586 5171 1931 5228 Maximinum

345 5248 662 5290 numerasse
686 5250 857 5290 annos
882 5252 1007 5292 suos
1028 5252 1058 5291 a
1079 5237 1323 5294 kalendis
1348 5239 1633 5295 Januariis.
1675 5243 1779 5298 Sed
1810 5261 1931 5299 cum

342 5315 572 5379 octavus
602 5306 813 5379 imperii
857 5308 975 5375 ejus
1002 5323 1176 5363 annus
1205 5311 1459 5379 impletus
1485 5311 1643 5367 fuerit
1684 5313 1932 5370 kalendis

342 5377 496 5434 Maiis
523 5378 651 5430 anni
673 5376 807 5442 515,
838 5387 895 5431 ιιι
920 5379 1077 5432 docet
1102 5376 1412 5435 Lactantius
1434 5421 1450 5448 ,
1491 5384 1725 5438 edictum
1770 5387 1838 5440 ab
1865 5403 1932 5442 eo

341 5459 464 5519 pom
489 5448 692 5524 aliquot
738 5462 949 5524 nienses
994 5448 1177 5504 datum
1222 5451 1288 5524 ad
1332 5463 1679 5521 sequentem,
1711 5455 1763 5509 id
1802 5466 1924 5524 est,

340 5533 546 5574 nonum
577 5519 783 5587 imperii
810 5518 930 5588 ejus
955 5534 1152 5574 annum
1182 5518 1447 5588 refertur}
1482 5526 1573 5579 sed
1600 5518 1705 5579 non
1734 5526 1800 5581 ad
1832 5518 1927 5582 an;

337 5604 467 5643 num
497 5589 692 5645 Christi
723 5587 827 5644 514
849 5629 862 5654 ,
896 5594 1191 5660 praesertim
1221 5608 1339 5647 cum
1369 5609 1435 5649 ex
1480 5596 1789 5652 narratione
1819 5600 1925 5653 Eu-

333 5661 467 5736 sebii
496 5672 735 5736 constet_,
762 5661 945 5736 datum
970 5676 1090 5716 esse
1134 5664 1297 5733 paulo
1322 5674 1606 5736 postquam
1652 5682 1682 5720 a
1716 5667 1923 5724 Licinio

330 5734 504 5785 victus
525 5730 873 5804 eranltaque
902 5730 1164 5804 Baronius
1192 5745 1246 5790 et
1284 5730 1565 5791 victoriam
1595 5736 1789 5792 Licinii
1818 5781 1831 5804 ,
1864 5749 1917 5796 et

322 5803 523 5855 exitum
552 5802 822 5857 Maximini
851 5803 1223 5874 coniungens,
1270 5805 1371 5861 ista
1398 5807 1689 5879 contigisse
1734 5802 1920 5867 scribit

2123 3257 2373 3320 Arbitror
2401 3282 2521 3321 eam
2551 3283 2673 3322 esse
2718 3267 2816 3322 viri
2862 3265 3190 3323 modestiam
3223 3273 3281 3321 et
3308 3257 3607 3333 aequabilita-

2049 3342 2158 3409 tem
2181 3377 2197 3401 ,
2238 3344 2300 3409 ιιι
2329 3353 2436 3390 non
2477 3352 2619 3409 aegre
2650 3353 2907 3409 passurus
2935 3339 3036 3405 sit,
3065 3340 3114 3393 si
3165 3337 3289 3391 heic
3318 3337 3606 3409 adnotarent)

2046 3404 2414 3473 difﬁcultates,
2444 3403 2565 3477 qua:
2591 3403 2719 3463 mihi
2768 3403 3126 3465 occurrerunt
3153 3411 3275 3477 ejus
3306 3403 3459 3460 verba
3485 3403 3604 3477 serio

2046 3476 2374 3551 examiuauti
2397 3521 2411 3542 ,
2442 3476 2549 3534 non
2580 3480 2723 3551 quod
2769 3482 2817 3534 ei
2850 3498 2935 3534 nte
2963 3476 3324 3551 praeponere,
3353 3484 3439 3530 aut
3464 3476 3602 3551 metil-

2047 3561 2242 3614 parare
2272 3550 2429 3603 velim
2465 3568 2480 3605 :
2506 3550 2601 3605 sed
2641 3562 2697 3605 ut
2721 3566 2817 3621 per
2845 3553 3049 3606 amicas
3077 3549 3417 3621 velitationes
3441 3549 3600 3595 veriu-

2046 3625 2156 3672 tem
2188 3634 2494 3692 quaeramus
2524 3617 2748 3677 invicem
2777 3637 2793 3689 ;
2826 3622 2917 3692 qui
2958 3638 3077 3676 esse
3104 3621 3274 3677 debet
3302 3617 3605 3692 uniciisjwj

2046 3702 2148 3756 pus
2176 3682 2474 3767 studiorum
2508 3682 2861 3767 nostrorum:
2887 3693 3068 3749 Primo
3097 3694 3294 3767 fateor,
3343 3682 3604 3767 nonfuisiﬁ

2048 3754 2161 3812 tum
2192 3760 2244 3813 in
2278 3776 2410 3827 usu,
2439 3772 2497 3817 ut
2517 3765 2640 3818 anni
2674 3773 3088 3818 numerarentur
3117 3779 3147 3817 a
3197 3754 3287 3816 die
3330 3754 3479 3813 nam"
3504 3754 3600 3833 ,ἰωή

2045 3841 2379 3898 peratorum,
2409 3835 2501 3888 sed
2548 3850 2578 3888 a
2621 3834 2865 3890 kalendis
2912 3834 3215 3898 Januariis,
3241 3848 3270 3887 a
3296 3832 3602 3903 processitme

2046 3904 2329 3975 consulum
2349 3944 2363 3969 ,
2396 3906 2485 3972 qui
2518 3903 2685 3959 fastos
2708 3906 2993 3975 signabaut
3013 3947 3028 3970 ,
3054 3918 3108 3960 et
3136 3905 3296 3958 annis
3324 3911 3504 3956 nomen
3524 3905 3602 3975 im-

2047 3961 2362 4039 ponebaut,
2384 3961 2441 4027 ut
2471 3976 2647 4030 verbis
2672 3961 2936 4032 Lactantii
2965 3961 3084 4031 utar
3113 3992 3146 4030 e
3175 3976 3316 4029 libro
3344 3979 3489 4025 sexto
3524 3961 3596 4016 1η⁸

2050 4042 2419 4117 stitutionum,
2449 4060 2569 4115 cap.
2593 4046 2651 4103 4.
2683 4048 2835 4116 Quod
2868 4051 2911 4102 si
2957 4048 3078 4117 quis
3124 4059 3305 4101 tamen
3350 4044 3460 4117 heic
3497 4047 3602 4089 (ξοη-

2047 4113 2269 4187 tendere
2297 4116 2494 4178 vellet,
2517 4111 3021 4172 ’all'crri'adversuni
3048 4119 3148 4171 ista
3176 4123 3359 4187 posset
3381 4111 3599 4187 οὺδςενθξ

2045 4183 2125 4236 tio
2146 4174 2505 4259 illusuissimi
2534 4189 2826 4244 cardinalis
2852 4189 3067 4243 Baronii
3091 4230 3106 4252 ,
3134 4174 3226 4259 qui
3253 4174 3596 4259 iuiAnnalibt-is

2045 4254 2426 4329 ecclesiasticis
2466 4259 2720 4324 adnotat,
2757 4250 3169 4315 Diocletianum
3198 4257 3513 4329 instituisse.
3552 4250 3598 4329 Ψ

2045 4327 2171 4401 anni
2199 4327 2456 4399 deinceps
2486 4341 2899 4386 numerarentur
2928 4346 2956 4384 a
2989 4332 3158 4401 prima
3204 4330 3292 4401 die
3338 4325 3414 4378 sui
3461 4325 3597 4401 iml‘?‘

2044 4397 2109 4449 rii
2132 4438 2147 4461 ,
2176 4413 2348 4468 eoque
2375 4393 2624 4473 exemplo
2653 4393 3035 4473 Maximinum,
3059 4402 3149 4473 qui
3180 4400 3229 4456 ei
3266 4393 3593 4473 sugcessetfﬂ:

2044 4481 2215 4522 annos
2246 4463 2375 4523 suos
2424 4463 2613 4525 eodem
2665 4473 2827 4527 modo
2878 4463 3267 4527 numérévisse.
3316 4463 3416 4521 Sed
3462 4463 3594 4513 missa

1964 4576 2019 4635 Β
2044 4539 2145 4635 ista
2176 4539 2471 4635 Γῖιιξιιιιιιιε,Ι
2492 4543 2961 4635 ψιειᾎεειίηιιιιιὶἰε
2986 4554 3232 4635 veterum
3266 4528 3594 4635 agn

2044 4619 2150 4664 tur.
2184 4611 2274 4665 Ait
2319 4612 2398 4665 vir
2427 4598 2788 4679 clarissimus,
2836 4611 3247 4668 Constantinum
3296 4609 3504 4663 Romam
3531 4598 3594 4679 in:

1984 4712 1989 4721 ι
2043 4695 2293 4753 gressum
2316 4697 2436 4737 esse
2458 4684 2543 4737 dic
2573 4683 2643 4737 '29
2666 4676 2951 4751 Octobris,
2983 4685 3196 4753 illicque
3239 4681 3372 4753 duos
3413 4676 3591 4753 mense:

2043 4747 2149 4825 non
2179 4752 2509 4825 explevisse;
2543 4755 2683 4823 quod
2733 4747 2946 4825 accepit
2971 4770 3035 4810 ex
3086 4747 3427 4824 panegyricos
3459 4747 3590 4825 ‘1"???

2039 4819 2672 4896 ljazariusCoustantino
2700 4819 2951 4880 dixitht
2979 4828 3020 4880 si
3052 4819 3151 4880 sub
3182 4819 3388 4880 initium
3420 4820 3590 4896 {"0"}?

2043 4874 2357 4966 Decembris
2372 4874 2853 4966 ἰιόίίὶὲίῆἱιοιιῆἱιῖι
2906 4874 2995 4951 ut
3009 4874 3494 4966 'e—xnlvegesuperius
3514 4874 3589 4966 fg:

2042 4945 2201 5039 ducta
2221 4945 2397 5039 colligi
2820 4945 2912 5039 r
3379 4953 3501 5039 perit

2040 5029 2312 5108 bimestgis
2343 5029 2469 5090 cura
2494 5080 2508 5103 ,
2558 5029 2718 5108 quam
2770 5037 2951 5092 laudat
2989 5038 3263 5093 Nazarius.
3310 5029 3589 5108 Quippegf”

2042 5105 2204 5180 modo
2225 5099 2611 5180 Constantinus
2650 5110 2737 5163 vix
2783 5125 2971 5164 mense
3000 5111 3207 5180 integro
3235 5104 3384 5180 fuerit
3411 5099 3583 5180 litim?

2041 5174 2148 5249 Sed
2180 5177 2320 5249 quod
2347 5178 2591 5246 jugulum
2621 5182 2789 5249 petit,
2836 5189 3019 5247 extat,
3050 5173 3408 5249 uti'diximus.
3437 5173 3586 5249 iﬂff’f

2039 5245 2159 5319 dice
2186 5238 2470 5319 Iustiniani
2502 5238 2636 5319 imp:
2661 5249 2754 5304 lib.
2776 5238 2840 5304 ἰι
2867 5293 2882 5311 ,
2917 5238 3130 5317 ιίι.’5⁸¹1,
3163 5250 3247 5319 lex
3288 5260 3317 5298 ιι
3358 5238 3584 5319 ϐρυειξρῖ

2038 5315 2151 5370 tino
2205 5317 2327 5372 data
2381 5311 2921 5375 Romaz'declinante
2970 5311 3157 5377 mense
3205 5311 3470 5373 Januario,
3511 5311 3583 5367 (ιιιι

2038 5388 2316 5457 proximus
2344 5388 2455 5451 fuit,
2476 5399 2597 5457 post
2639 5393 2934 5446 extinctum
2977 5391 3294 5446 Maxentium
3317 5390 3467 5457 ,ειυω
3492 5385 3583 5457 "33’

2036 5440 2359 5527 iiiresié',"iu'
2373 5440 2535 5525 ac};
2549 5440 2841 5528 Baiana:
2853 5440 3286 5518 "abstersisti...
3316 5440 3469 5508 Roma
3504 5440 3575 5528 ii'

2028 5525 2273 5600 gressum
2299 5547 2404 5586 non
2432 5547 2553 5587 esse
2579 5544 2705 5589 ante
2751 5525 2993 5589 mensem
3036 5532 3357 5600 Januarium_
3388 5525 3573 5600 6591']:

2024 5586 2158 5674 gem.
2183 5600 2447 5658 Prieterea
2477 5586 2800 5660 immensum
2814 5586 3169 5674 estis—pallula
3193 5602 3258 5656 ab
3283 5586 3571 5674 051163921?

2025 5669 2381 5728 Mediolanum
2401 5716 2415 5739 ,
2439 5674 2581 5745 quod
2606 5651 2801 5746 exiguo
2816 5651 3088 5746 iiémp'o‘ris
3116 5664 3382 5746 ιιιιειζηῃῼ
3401 5651 3568 5746 (ἷίξῼξίτῗ

2023 5756 2131 5812 non
2162 5752 2373 5812 potest,
2404 5731 2527 5799 cum
2559 5762 2612 5799 ιι.
2647 5731 2837 5801 ι».”528
2865 5731 3211 5803 numerentur
3239 5742 3288 5796 in
3319 5731 3567 5812 Itinerat'io

2023 5806 2306 5883 Antonini,
2342 5806 2371 5869 ι
2398 5815 2697 5872 Mediolano
2723 5829 2901 5872 autem
2932 5816 3292 5877 Nicomediam
3336 5806 3561 5879 quam"
