3746 6256
166 350 275 415 377

160 542 538 624 νοθξξδῖιθεδι.
571 542 745 624 legem
766 588 782 611 .
810 542 1081 624 quaedam
1125 561 1227 624 est,
1255 542 1535 608 Mediolani
1585 555 1729 610 circa

158 614 379 690 inediam
410 614 758 671 Decembrem
781 659 796 679 ,
830 614 1055 685 perferri
1085 621 1323 690 potuisse
1365 624 1731 681 Nicomediam

156 686 340 761 cidem
385 699 603 761 mense,
654 692 999 761 quantumvis
1027 686 1266 761 expediti
1313 710 1565 751 cursores
1617 699 1731 752 fne-

152 757 294 818 rint,
320 756 547 838 a‘utequi
589 756 797 838 celeres
822 770 883 815 et
904 756 1145 838 veloces.
1195 764 1382 838 Neque
1411 767 1534 822 heic
1576 769 1729 838 quic-

156 842 311 899 quam
337 826 465 909 facit
483 826 764 909 Maximini
797 846 1037 909 praeceps
1066 826 1339 905 ingenium
1359 880 1373 901 ,
1401 854 1523 893 cum
1569 826 1732 894 e'con-

268 898 557 952 tarditatem
575 900 712 979 ejus
751 898 809 957 in
839 902 952 979 _boc
979 898 1195 979 negoiio
1239 898 1419 979 culpet
1470 910 1732 965 Eusebius

158 970 255 1027 lib.
292 984 359 1053 ix
387 983 537 1053 Jeap.
651 971 903 1053 Historiae
929 970 1345 1053 ecclesiasticas:
1370 979 1460 1035 llis
1508 982 1578 1034 ita
1628 984 1731 1037 rite

151 1044 480 1123 constitutis,
514 1044 870 1123 puto-ambigi
915 1047 1174 1123 deinceps
1223 1066 1328 1106 non
1374 1066 1569 1121 posse,
1602 1056 1728 1123 quin

154 1111 471 1194 redeundpm
500 1112 662 1194 sit_ad
692 1111 1418 1194 explicationem'nostram',
1443 1111 1567 1178 cuni
1594 1111 1729 1179 eon-

156 1193 285 1245 stet,
322 1185 546 1252 primttm
574 1185 844 1241 Maximini
867 1189 1101 1245 edictum
1152 1191 1318 1247 fuisse
1356 1185 1535 1248 datum
1586 1209 1731 1251 anno

157 1254 285 1315 5l5,
310 1269 525 1332 mense,
561 1265 633 1332 _nt
658 1257 890 1320 videtur.
925 1262 1128 1330 Aprili,
1182 1263 1446 1332 posterius
1478 1280 1642 1328 vero,
1675 1268 1727 1321 in

154 1340 261 1393 quo
284 1326 470 1407 prioris
492 1326 640 1382 velut
666 1344 810 1407 anno
831 1326 1257 1407 superiore'dati
1272 1336 1535 1401 meminit,
1568 1326 1729 1392 emis-

155 1411 266 1478 sum
301 1400 437 1478 circa
486 1414 728 1478 mensem
774 1400 1168 1478 §ept'e_mbrem'.
1215 1405 1309 1478 Vel
1360 1400 1539 1468 certe.
1585 1410 1728 1478 quod

155 1467 472 1541 probabilius
494 1469 727 1536 videtur,
759 1467 1045 1528 dicendum
1077 1488 1156 1530 est
1179 1517 1194 1541 ,
1238 1467 1582 1531 Maximinum
1605 1467 1729 1533 'nu-

156 1538 434 1615 met-avisse
458 1554 629 1596 annos
652 1542 844 1615 Graeco
874 1561 1054 1611 more,
1086 1538 1330 1615 adeoque
1358 1549 1570 1604 initium
1603 1554 1726 1605 anni

152 1610 248 1690 ipsi
276 1608 450 1690 fuisse
478 1608 1154 1690 mense_t_n_S_eptembrem.
1178 1608 1309 1685 Quae
1357 1620 1641 1690 explicatio
1683 1624 1727 1676 si

155 1679 456 1761 adurittiutr,
497 1679 859 1761 janrdiflicile
905 1703 1010 1741 nou
1058 1688 1163 1761 erit
1191 1679 1543 1761 intelligere.
1594 1708 1728 1761 quo-

152 1750 327 1825 modo
353 1750 678 1810 Constitutio
722 1757 844 1811 data
875 1773 1063 1812 mense
1111 1759 1282 1825 Aprili
1327 1750 1452 1816 anni
1493 1750 1725 1818 Romani

152 1822 253 1898 ξιιᾷ
276 1822 631 1898 dicatur_data
662 1842 806 1880 anno
843 1830 1122 1895 superiore
1148 1822 1215 1884 ab
1260 1846 1353 1897 eo,
1385 1833 1474 1898 qui
1522 1848 1723 1889 annum

924 355 1134 419 ΝΟΤᾹΞ
1172 358 1243 420 ῐΝ
1278 359 1408 422 LIB.
1452 362 1541 423 DE
1581 365 1931 430 MORTIBUS
1969 367 2355 433 PERSECUT.
2394 370 2546 434 CAP.
2587 372 2675 433 LI.

160 470 642 550 “6593mm.”
665 477 1002 550 septuaginta
1025 478 1310 535 sex‘millia
1332 496 1608 550 passuum.
1632 482 1737 538 lm-
1762 485 1818 547 Α
2012 502 2029 518 ο
2226 465 2239 477 ’

3335 377 3440 438 378

2462 529 2690 589 CAPUT
2727 530 2814 591 ιι.

1905 684 2268 761 Corrumperet
2317 695 2601 743 veritatem.
2630 688 2809 754 Lact.,
2853 690 2948 747 lib.
2975 706 3035 746 ιιι
3088 690 3244 757 lnst.,
3283 706 3334 749 c.
3367 691 3437 748 l:

1833 757 1977 814 Deus
2005 757 2137 817 hanc
2162 761 2322 815 voluit
2351 778 2460 815 esse
2486 761 2558 815 rei
2586 771 2852 825 naturam,
2881 772 2936 815 ut
2961 763 3183 831 simplex
3228 771 3273 818 et
3297 764 3441 819 nuda

1806 832 2019 904 peritas
2044 841 2172 886 esset
2216 832 2524 886 luculentior
2552 846 2571 895 ;
2595 832 2717 904 quia
2760 833 2886 887 satis
2931 844 3116 888 ornata
3145 851 3233 900 per
3258 851 3313 888 se
3338 845 3435 904 est,

1832 900 2048 970 ideoque
2094 904 2405 957 ornamentis
2471 903 2785 958 extrinsecus
2844 904 3039 958 additis
3090 906 3265 974 fucata
3317 900 3436 961 cor;-

1845 977 2120 1041 rumpitur.

1903 1043 2100 1098 Jovior.
2121 1054 2171 1100 et
2192 1043 2488 1100 Herculior.
2507 1044 2597 1101 Sic
2612 1054 2819 1100 vocata:
2850 1044 3065 1102 familia:
3089 1045 3431 1115 Diocletiani,

1833 1116 1923 1190 qui
1976 1131 2046 1190 se
2077 1115 2289 1190 Jovium
2342 1115 2576 1181 dicebat,
2604 1126 2661 1172 et
2702 1115 3013 1190 Maximiani
3059 1118 3313 1184 senioris,
3341 1120 3432 1190 qui

1834 1185 2120 1241 Herculius
2152 1185 2329 1242 dictus
2356 1198 2459 1250 est,
2492 1197 2761 1258 tamquam
2802 1186 2847 1241 si
2895 1203 2924 1245 ιι
2953 1187 3085 1243 Jove
3114 1197 3165 1244 et
3201 1185 3434 1247 Hercule

1830 1272 2004 1326 genus
2028 1258 2308 1322 ducerent,
2332 1269 2391 1312 ut
2416 1258 2759 1314 observatum
2787 1267 2871 1312 est
2899 1273 2930 1313 a
2971 1259 3101 1313 viris
3130 1261 3431 1317 eruditissi-

1834 1327 1954 1382 mis.
1985 1331 2226 1383 Anuotat
2255 1329 2509 1384 Aurelius
2537 1329 2744 1393 Victor,
2777 1329 2902 1383 hinc
2929 1330 3254 1386 militaribus
3280 1335 3434 1387 auxi-

1794 1398 1917 1453 ~liis
1947 1399 1998 1453 in
2054 1401 2293 1454 exercitu
2346 1400 2724 1467 praaSIautibus
2777 1415 2971 1455 nomen
3014 1401 3343 1469 impositum.
3376 1402 3429 1459 id

1831 1479 1935 1536 est,
1964 1479 2022 1525 ut
2073 1471 2377 1525 Herculiani
2410 1480 2750 1527 vocarentur.
2798 1471 2953 1528 Unde
2992 1471 3132 1539 apud
3190 1475 3429 1529 Ammia-

1834 1556 1959 1594 num
1993 1541 2385 1610 Marcellinum,
2417 1542 2454 1596 ι.
2486 1558 2555 1596 xx
2587 1550 2642 1597 et
2668 1558 2806 1609 χχιι,
2832 1544 3041 1598 mentio
3079 1541 3428 1601 Jovianorum

1831 1622 1884 1665 et
1906 1611 2371 1667 Herculianorum.
3002 1644 3019 1664 .
3436 1622 3447 1631 ‘

1903 1686 2077 1752 Atque
2124 1684 2241 1736 beic
2271 1683 2485 1738 tandem
2516 1683 2637 1738 finis
2681 1692 2799 1738 esto
2844 1693 3093 1740 notarum
3121 1694 3428 1743 nostrarum

1832 1753 1897 1826 ad
1926 1754 2122 1809 librum
2152 1754 2414 1809 Lactantii
2437 1755 2504 1810 dc
2527 1756 2786 1810 mortibus
2808 1767 3240 1825 persecuturum.
3272 1757 3433 1826 Ejus-

1837 1824 1961 1880 dem
1985 1828 2289 1896 argumenti
2325 1841 2479 1896 opus,
2511 1828 2554 1879 si
2588 1842 2712 1880 vera
2745 1824 2901 1892 fides,
2929 1828 3223 1896 scripserat
3260 1824 3431 1885 Aure-

153 1893 405 1963 inciperet
424 1908 454 1947 a
483 1877 812 1966 seseese;
843 1877 1728 1960 ξὲιῖιῖὲιὶιῦιῖι”ιῖιοῖᾇιὶιᾘῖωὲξὶέοζπῆζ
1762 1877 1811 1937 Β
1841 1877 2479 1959 ius"nominastis
2503 1877 2969 1964 ἐδηιριὲιιέηάἑηε
2994 1877 3427 1966 persecutionum

210 2034 563 2092 Persecutores
584 2039 868 2094 debellavit.
893 2041 1064 2105 Lact.,
1088 2042 1126 2098 l.
1153 2058 1224 2098 vn
1250 2041 1425 2100 Instit.
1440 2059 1490 2100 c.
1510 2045 1583 2101 26
1607 2064 1620 2102 :
1646 2045 1742 2101 Illi

147 2106 431 2183 sitim,_qui,
460 2118 515 2183 ut
541 2110 723 2183 impias
767 2113 1034 2183 religiones
1063 2113 1410 2181 defenderent,
1438 2117 1648 2171 caelestis
1677 2135 1739 2172 ac

146 2178 416 2258 singularis
465 2177 562 2258 Dei
604 2177 800 2236 cultum
817 2177 1019 2258 fallere
1055 2177 1338 2258 voluerunt,
1368 2188 1628 2258 profligati
1644 2192 1737 2258 ja-

145 2258 276 2326 cent.
288 2248 481 2326 Eadem
510 2251 1078 2326 observantEusebius
1106 2256 1156 2309 in
1189 2248 1333 2311 libro
1351 2248 1601 2326 primo'de
1621 2248 1735 2315 Vita

141 2317 556 2396 Qopstantinitc.
582 2326 649 2396 5,
663 2332 715 2378 et
737 2335 929 2379 auctor
958 2325 1260 2396 Fragmenti
1315 2317 1383 2383 de
1419 2328 1736 2385 Constantio

139 2386 360 2469 thom,
385 2406 437 2461 p.
457 2394 585 2469 475.
604 2394 968 2469 Hieronymus
1000 2386 1260 2469 invcaput
1283 2415 1374 2454 xw
1416 2399 1691 2457 Zacharias
1717 2420 1730 2456 :

137 2458 414 2536 Legamus:
434 2458 830 2521 ecclesiasticas'
863 2469 1102 2522 historias
1124 2510 1139 2533 ,
1166 2458 1181 2469 ’
1216 2470 1339 2530 quid
1390 2469 1726 2536 Valerianus,

135 2532 261 2612 quid
288 2530 496 2612 Decius,
523 2538 650 2612 quid
674 2536 1040 2612 Diocletianus,
1065 2530 1190 2609 quill
1215 2539 1586 2608 Maximianus,
1609 2530 1734 2612 quid

134 2604 442 2680 sanissimus
491 2609 719 2660 omnium
774 2604 1127 2671 Maximinus.
1178 2622 1225 2665 et
1264 2629 1428 2680 nuper
1485 2604 1734 2670 Julianus

137 2675 286 2756 passi
311 2677 445 2741 sint;
465 2688 518 2756 et
549 2690 684 2756 tunc
718 2681 884 2756 rebus
916 2682 1263 2756 probabimus,
1292 2675 1445 2736 etiam
1461 2687 1619 2756 juxta
1646 2687 1731 2738 lit-

133 2753 304 2799 teram
327 2748 607 2822 prophetia:
627 2752 885 2804 veritatem
914 2748 1020 2805 esse
1066 2754 1391 2822 completam,
1423 2748 1560 2821 quod
1585 2771 1726 2809 com-

128 2818 425 2882 putnerint
461 2837 643 2876 carnes
676 2839 874 2886 eorum,
900 2832 947 2877 et
986 2823 1121 2877 oculi
1149 2818 1521 2888 contabuerint,
1556 2836 1602 2879 et
1630 2828 1732 2882 lin-

126 2902 233 2965 gua
379 2892 617 2967 perforent
652 2901 702 2946 et
751 2896 960 2967 sauiem
988 2895 1243 2967 dissoluta
1266 2898 1376 2967 isil.
1412 2896 1653 2967 Scaliger
1671 2898 1726 2954 in

126 2959 696 3036 animadversionibus
717 2966 783 3019 ad
805 2965 1117 3030 Eusebium,
1140 2981 1189 3033 p.
1214 2966 1341 3029 248,
1359 2969 1437 3022 sic
1462 2959 1727 3036 intErpre-

125 3036 277 3107 tatur
299 3030 447 3087 hunc
474 3035 673 3108 locum,
706 3048 760 3089 ut
792 3030 1178 3108 Hieronymum
1211 3047 1359 3105 putet
1378 3030 1722 3095 Maximinum

125 3110 270 3183 pater
316 3117 414 3157 eos
460 3107 728 3183 posuisse,
770 3107 1008 3176 quorum
1046 3122 1236 3163 carnes
1272 3112 1719 3183 computruerjut.

256 3186 362 3256 ego
393 3170 544 3256 puto,
566 3170 721 3256 hunc
740 3170 847 3256 non
877 3193 999 3256 esse
1027 3170 1720 3256 sensum_verborum_lli_e-

122 3253 359 3313 ronymi.

122 3311 258 3388 τίειῄί
310 3325 366 3369 et
395 3311 539 3373 Decii
574 3337 588 3371 :
617 3311 723 3373 sed'
742 3322 932 3375 mortis
955 3335 1126 3387 genus
1156 3337 1262 3375 non
1296 3322 1551 3388 explicat.
1579 3322 1714 3376 Nam

122 3382 283 3437 verba
315 3388 636 3461 prophetiae,
669 3407 787 3458 quae
813 3382 1128 3459 susceperat
1157 3382 1581 3461 interpretanda,
1610 3409 1716 3447 non

124 3465 368 3535 poterant
403 3459 542 3535 trahi
561 3460 832 3535 atlgeuus
859 3464 1069 3535 mortis,
1092 3477 1198 3530 quo
1220 3459 1329 3516 duo
1352 3463 1423 3515 illi
1449 3463 1716 3535 principes

122 3529 418 3647 perierunt.
480 3529 683 3586 Deinde
737 3533 1072 3602 putredinem
1112 3529 1370 3587 carnium
1424 3535 1590 3587 refert
1627 3529 1715 3587 'ad

168 3599 521 3647 axtminnnm-
559 3602 736 3647 labem
791 3604 1068 3647 nnttlnrnm
1101 3603 1166 3647 ad
1200 3604 1568 3647 Maximinum.
1607 3604 1713 3647 lin-

168 3599 523 3666 aximianum,
559 3599 748 3657 tabem'
791 3604 1068 3658 oculorum
1101 3603 1167 3658 ad
1198 3604 1572 3670 Maximinum,
1607 3604 1713 3658 liu-

123 3679 235 3740 ﬁlia!
274 3670 535 3737 pedorem
565 3683 621 3728 et
671 3675 874 3739 saniem
928 3675 992 3727 ad
1056 3674 1469 3740 Diocletianum,
1502 3676 1546 3728 si
1589 3691 1713 3730 vera

124 3737 246 3818 sint,
277 3754 399 3818 qtae
419 3744 519 3818 de
538 3758 607 3798 eo
634 3737 859 3801 narranti
893 3746 1187 3818 Eutycbius
1235 3737 1635 3818 Alexandrinus
1662 3757 1716 3801 et

125 3805 383 3885 Georgius
408 3812 711 3883 Cedrcnus,
740 3805 1145 3872 nimirum'eum
1173 3816 1331 3871 morti
1356 3817 1712 3885 prapinquum

126 3892 186 3933 ex
213 3878 456 3940 faucibus
484 3878 882 3959 multitudinem
912 3891 1177 3942 vermium
1202 3889 1318 3959 ipsa
1345 3878 1467 3942 cuni
1510 3878 1711 3958 lingua,

128 3963 242 4029 (tua;
265 3965 691 4029 computruerat,
715 3958 958 4029 ejecisse.

201 4020 481 4081 Valeriam.
511 4028 646 4083 Cum
677 4020 939 4085 'viderem
985 4029 1187 4086 diserte
1240 4030 1293 4085 in
1353 4030 1520 4083 veteri
1571 4029 1713 4085 libro

130 4093 373 4173 scriptum
424 4112 569 4166 esse,
597 4098 875 4173 Valerium
909 4119 1076 4173 quem,
1114 4117 1218 4154 non
1249 4115 1412 4156 ausus
1443 4116 1563 4173 sunt
1584 4117 1714 4173 fmu-

130 4170 236 4239 tare
283 4168 335 4221 in
366 4173 541 4239 prima
596 4170 718 4227 libri
751 4168 931 4228 istius'
959 4173 1221 4236 editione,
1244 4175 1449 4226 veritus
1477 4172 1706 4238 scilicet,

130 4233 383 4310 fortassis
405 4241 601 4310 aliquis
631 4243 794 4299 homo
826 4245 979 4297 istius
1009 4233 1242 4298 nominis
1271 4242 1466 4297 alicubi
1497 4233 1708 4297 lateret.

131 4301 314 4382 Postea
341 4326 468 4366 vero
491 4301 869 4382 animadverti,
903 4314 1124 4369 dubium
1154 4330 1260 4368 non
1289 4328 1429 4375 esse,
1459 4315 1586 4382 quin
1613 4329 1707 4368 ve-

132 4384 211 4429 tus
240 4377 372 4436 liber
399 4385 692 4440 mendosus
725 4386 809 4439 sits
850 4377 903 4439 in
939 4387 1041 4440 hoc
1072 4386 1215 4447 loco,
1257 4395 1305 4440 et
1339 4377 1568 4439 Valeria;
1615 4399 1711 4438 no-

133 4460 243 4525 meo
266 4450 383 4508 heic
396 4458 770 4524 reponendum
795 4472 937 4511 esse.
960 4456 1144 4525 Itaque
1165 4457 1404 4523 reposui.

197 4517 262 4575 Ut
305 4539 420 4578 eum
450 4517 653 4582 uixisse.
681 4527 977 4583 Columbus
1014 4517 1333 4596 suspicatur,
1365 4524 1706 4580 scribendum

136 4601 256 4667 esse,
304 4605 359 4647 ut
404 4612 541 4659 eum,
585 4597 639 4652 id
696 4609 800 4664 est,
859 4598 1145 4662 Licinium,
1199 4598 1415 4651 edixisse
1443 4599 1699 4667 cognovit.

1841 1967 2095 2038 Ecclesiae
2124 1983 2294 2038 usque
2322 1968 2387 2022 ad
2415 1968 2819 2032 Diocletianum,
2856 1969 2997 2037 quod
3024 1971 3075 2023 in
3109 1970 3429 2026 bibliotheca

1841 2037 2096 2092 Vaticana
2129 2037 2375 2093 extitisse
2412 2054 2507 2094 sua
2549 2048 2729 2102 aetate,
2758 2048 2987 2093 testatur
3011 2040 3278 2095 Mariauus
3299 2041 3428 2096 Vic-

1837 2108 2040 2182 ctorius
2072 2110 2463 2182 adepistolam
2518 2126 2608 2165 tm
2665 2111 2996 2182 llieronymi,
3025 2126 3145 2182 quae
3172 2114 3426 2182 inscripta

1838 2190 1921 2234 est
1958 2180 2125 2255 Paulo
2152 2180 2413 2255 Monacho
2435 2181 2839 2255 Concordieusi,
2866 2180 2895 2237 ξι
2928 2198 3035 2249 quo
3048 2180 3427 2255 Hieronymus

1836 2252 2183 2320 postulabat:
2238 2250 2639 2307 Commentarios
2693 2251 3080 2315 Fortunatiaui,
3113 2263 3161 2307 et
3213 2250 3426 2322 pr'opter

1836 2322 2071 2393 notitiam
2126 2324 2553 2393 persecutionum,
2612 2323 2808 2377 Aurelii
2874 2323 3086 2377 Victoris
3135 2325 3424 2380 historiam.

1836 2392 2059 2464 Multum
2085 2392 2263 2449 tamen
2295 2395 2529 2464 ambigo,
2556 2410 2625 2448 an
2649 2410 2775 2449 vere
2796 2395 2899 2448 dici
2925 2397 3112 2462 possit,
3145 2395 3424 2451 Aurelimn

1840 2463 2129 2526 Victorem,
2148 2464 2433 2520 hominem
2453 2463 2686 2520 minime
2739 2464 3108 2532 christianum,
3139 2468 3422 2532 scripsisse

1835 2532 2115 2588 historiam
2140 2536 2292 2590 istius
2313 2535 2477 2600 modi,
2510 2552 2629 2589 cum
2664 2536 2813 2590 locus
2840 2535 2931 2591 ille
2964 2536 3269 2606 Hieronymi
3297 2552 3422 2591 cor-

1835 2616 2024 2673 ruptus
2047 2608 2118 2659 sit
2148 2608 2199 2660 in
2228 2607 2453 2676 vulgatis
2479 2606 3085 2675 editionibus,adcoque
3114 2607 3420 2674 intricatus,

1834 2684 1893 2728 ut
1921 2678 2096 2730 virum
2155 2677 2529 2732 doctissimum
2582 2677 2850 2731 Andream
2897 2678 3174 2732 Schottntu
3206 2680 3257 2732 itt
3292 2677 3421 2732 lior-

1834 2747 2029 2801 rendas
2056 2748 2314 2817 ambages
2346 2748 2636 2816 impulerit,
2666 2747 2790 2801 dum
2835 2747 3118 2803 Aurelium
3150 2748 3420 2806 Victorem

1832 2817 2271 2887 persecutionum
2306 2819 2562 2875 Ecclesiae
2590 2819 2922 2889 Scriptorem
2956 2822 3169 2889 quzerit,
3206 2824 3306 2875 huc
3327 2821 3425 2877 de-

1831 2889 2094 2945 scendere
2123 2900 2364 2957 coactus,
2398 2900 2456 2944 ut
2493 2890 2831 2943 existimaret
2858 2891 3039 2957 plures
3062 2891 3303 2946 Victores
3334 2892 3420 2946 lti-

1829 2961 2013 3030 εισι-ιω
2063 2971 2304 3029 augustae
2358 2962 2650 3030 scriptores
2702 2960 2894 3028 fuisse,
2926 2970 2982 3016 et
3036 2977 3200 3016 unum
3254 2963 3419 3018 etiam

1828 3028 2046 3085 Christo
2071 3028 2264 3087 nomen
2294 3028 2530 3087 dedisse.
2556 3031 2689 3086 Nam
2713 3033 2756 3084 si
2787 3032 3009 3087 historia
3035 3033 3125 3087 illa
3152 3032 3423 3088 extitisset

1827 3101 1881 3155 in
1938 3102 2265 3157 bibliotheca
2313 3104 2589 3165 Vaticana,
2622 3118 2749 3169 qua~
2779 3111 3101 3170 tempestate
3151 3103 3421 3159 Victorius

1825 3172 2033 3245 scholia
2060 3187 2156 3245 sua
2179 3173 2452 3230 scribebat
2468 3176 2520 3227 in
2550 3173 2960 3245 Hieronymum,
2991 3183 3142 3230 certe
3166 3189 3271 3229 non
3294 3190 3421 3230 eva-

408 3244 673 3324 Loquitur
697 3249 976 3324 primogde
1021 3250 1310 3305 miserabili
1361 3261 1534 3324 morte
1569 3251 1722 3324 Vale-
1749 3261 1795 3324 ρ
1826 3243 1988 3324 sisset
2014 3243 2252 3324 eruditas
2272 3260 2337 3300 ac
2358 3243 2887 3324 diligentesfiaronii
2906 3259 3118 3324 manus,
3144 3260 3318 3315 neque
3341 3255 3420 3324 tot

1826 3315 2266 3386 doctissimorum
2301 3325 2355 3371 et
2382 3314 2716 3386 antiquitatis
2745 3314 3131 3386 ecclesiastica:
3160 3314 3419 3371 amantis-

1819 3384 2432 3458 simorum__hominum,
2460 3384 2551 3457 qui
2591 3395 2715 3457 post
2749 3386 2835 3441 Pii
2869 3385 2911 3442 V
2952 3386 3317 3458 pontiﬁcatum
3363 3395 3422 3442 et

1822 3457 2046 3511 Mariani
2079 3456 2298 3511 Victorii
2331 3456 2575 3525 tempora
2598 3456 2785 3512 Romae
2808 3456 2970 3512 vitam
3003 3466 3251 3527 egerunt.
3286 3467 3339 3512 et
3361 3458 3415 3514 in

1817 3526 2044 3582 edendis
2070 3528 2529 3596 recensendisque
2564 3544 2626 3583 ac
2652 3528 3006 3583 emendandis
3044 3526 3411 3596 Scriptorum,

1818 3597 1871 3650 in
1905 3599 2091 3667 primis
2123 3614 2250 3652 vero
2277 3599 2786 3664 ecclesiasticorum,
2816 3597 3272 3655 lucubrationibus
3304 3600 3418 3653 lau-

1818 3669 2051 3722 dabilem
2083 3684 2301 3737 nperam
2329 3679 2639 3739 posuerunt.
2660 3670 2908 3724 Profecto
2933 3685 3162 3726 concors
3190 3670 3320 3724 illud
3352 3685 3416 3725 ac

1817 3750 2139 3810 perpetuum
2186 3748 2265 3793 tot
2328 3742 2898 3810 praestantissimorum
2957 3743 3201 3795 virorum
3251 3741 3416 3796 silen-

1817 3811 1950 3865 tium
1976 3811 2043 3866 de
2062 3825 2119 3864 re
2142 3812 2271 3865 tanti
2291 3815 2573 3877 ammenti,
2597 3812 2686 3880 qui
2709 3826 2778 3866 ne
2802 3815 2970 3865 verbo
2994 3811 3212 3881 quidem
3246 3811 3411 3865 ullam

1816 3881 1975 3936 istius
2029 3882 2237 3936 Aurelii
2271 3881 2502 3938 Victoris
2548 3881 2789 3937 historize
2844 3884 3175 3937 mentionem
3205 3884 3411 3951 uspiam

1817 3951 2039 4020 faciunt,
2066 3968 2151 4006 me
2176 3952 2261 4007 vel
2291 3954 2517 4009 invitum
2539 3969 2604 4008 ac
2635 3955 2989 4009 reluctantem
3019 3954 3282 4022 StlSpiCal‘i
3312 3968 3410 4008 co-

1814 4026 1913 4093 git,
1946 4033 2037 4079 aut
2081 4024 2341 4095 memoria
2373 4026 2581 4095 lapsum
2611 4039 2734 4080 esse
2768 4023 3203 4095 Victorium,ant
3233 4024 3412 4093 impo-

1815 4095 1981 4150 situm
2012 4095 2089 4151 illi
2115 4094 2300 4161 fuisse,
2339 4094 2785 4168 pra’esertimgeum
2813 4111 2878 4150 ex
2901 4096 3077 4168 verbis
3098 4094 3408 4168 lilieronymi

1814 4168 1993 4235 colligi
2018 4183 2122 4221 non
2145 4168 2333 4235 possit,
2349 4169 2626 4222 Aurelium
2642 4166 2914 4221 Victorem
2934 4166 3219 4236 scripsisse
3237 4166 3407 4220 biSto-

1815 4237 1950 4291 riam
2000 4240 2475 4308 persecutionum;
2528 4238 2620 4293 sed
2680 4247 2885 4291 tantum
2935 4236 3052 4307 ejus
3100 4237 3399 4308 historiam.

1813 4309 1868 4364 in
1901 4307 2285 4379 qua’tractatur
2311 4309 2379 4363 de
2402 4312 2505 4363 vita
2530 4308 2916 4377 lmperat'orum
2957 4322 3123 4379 usque
3151 4310 3217 4361 ad
3238 4307 3406 4362 Julia-

1814 4378 1963 4441 num,
2001 4379 2184 4434 utilem
2208 4395 2327 4435 esse
2349 4382 2421 4444 ei,
2454 4381 2541 4450 qui
2574 4380 2698 4436 velit
2728 4379 2929 4434 habere
2969 4378 3205 4432 notitiam
3230 4393 3405 4448 perse-

1813 4459 2067 4520 cuturum,
2116 4451 2167 4504 id
2197 4462 2301 4516 est,
2331 4453 2515 4505 eorum
2557 4453 2968 4520 imperatorum,
3016 4452 3105 4517 qui
3137 4450 3402 4520 persecuti

1812 4531 1940 4577 sunt
1978 4519 2279 4576 Ecclesiatn
2329 4522 2444 4574 Dei.
2480 4519 2876 4575 Persecutorum
2905 4522 3049 4573 enim
3076 4520 3195 4575 heic
3220 4519 3406 4589 legen-

1811 4591 1939 4647 dum
1964 4605 2108 4655 esse,
2138 4607 2244 4645 non
2271 4607 2402 4646 vero
2450 4595 2884 4662 persecutionum,
2907 4589 3103 4644 docent
3131 4593 3181 4643 in
3215 4592 3403 4658 primis

136 4638 256 4733 ιιιιιῖ
278 4638 1164 4733 anteiri
1191 4638 1700 4723 ἐξὲἴῖὖιῆἱιῗιὶιῖἷιὲἱζ
1729 4638 1785 4699 Ῑ)
1810 4662 2025 4733 codices
2050 4638 2153 4716 1⁵³15
2170 4661 2377 4733 θι2789
2400 4638 2737 4716 bibliotheca:
2758 4638 3137 4733 Reginuvetus
3158 4638 3298 4733 alier
3316 4675 3403 4733 co-

137 4730 501 4810 §enstts_enim
552 4739 639 4794 hic
668 4730 771 4795 est.
825 4739 1058 4794 Licinius
1083 4737 1702 4810 Candidianum‘neCari

135 4806 285 4874 jussit.
313 4808 447 4874 Quia
470 4824 600 4865 vero
629 4826 734 4865 non
763 4811 939 4865 statim
960 4811 1213 4865 mandato
1238 4819 1324 4864 est
1347 4807 1700 4873 satisfactum,

138 4871 352 4953 Valeria;
380 4887 440 4932 ut
485 4895 607 4936 eum
656 4883 877 4953 vixisse
897 4892 1005 4935 tum
1036 4882 1316 4953 cognovit,
1343 4893 1464 4953 cum
1521 4871 1703 4935 necari

136 4948 290 5015 iussus
305 4958 443 5015 erat,
471 4954 748 5007 comitatui
774 4968 834 5006 se
858 4952 1049 5007 Licinii
1077 4948 1311 5014 miscuit,
1342 4959 1402 5004 ut
1428 4948 1699 5005 fortunam

137 5014 436 5091 Candidiani’
453 5026 843 5091 specularetur.

196 5085 559 5164 Momentum.
579 5094 636 5149 Id
653 5105 757 5158 est,
784 5107 918 5149 uxor
939 5093 1231 5160 Maximini,
1249 5092 1401 5164 cujus
1420 5106 1618 5148 nomen
1642 5107 1702 5148 se

133 5159 317 5213 nescire
341 5160 579 5218 fatentur
597 5166 811 5220 eruditi.

192 5227 252 5307 l__n
278 5230 552 5288 Orientem.
587 5235 836 5307 Plerique
866 5236 1235 5307 coniecerunt,
1265 5233 1695 5301 rescribendum,

128 5300 181 5353 in
197 5300 587 5376 Ufentemquia
614 5300 844 5367 consiat,
867 5300 1086 5361 ﬂuvium
1111 5307 1163 5361 iu
1192 5306 1295 5363 hoc
1313 5307 1432 5360 loco
1453 5308 1649 5376 signari
1678 5322 1693 5371 ;

128 5372 257 5449 quod
286 5372 520 5449 pluribus
563 5377 893 5449 argumentis
921 5378 1133 5432 erudite
1176 5377 1420 5447 profecto
1446 5372 1696 5449 Aos'tendit

125 5442 435 5500 clarissimus
458 5442 722 5517 Cuper'us.
754 5449 887 5517 Quia
931 5458 1107 5502 tamen
1135 5442 1322 5517 eiipse
1346 5446 1527 5513 tradit,
1551 5463 1690 5503 n0u-

119 5516 292 5588 nullos
312 5524 521 5572 veteres
548 5516 832 5574 Orientem
866 5533 1089 5575 vocasse
1110 5516 1498 5587 eum’ﬂuvinm,
1528 5533 1688 5588 quem

116 5586 479 5664 reliquimng
507 5588 691 5664 dicunt
718 5588 1001 5664 Orontem,
1037 5589 1182 5664 nolui
1213 5598 1414 5664 textum
1445 5586 1686 5664 mutare;

112 5659 233 5714 licet
255 5657 396 5731 idem
426 5659 508 5713 vir
531 5661 865 5731 clarissimus
892 5675 999 5731 non
1026 5657 1254 5727 dubitet,
1288 5659 1414 5731 quin
1454 5658 1686 5714 Lactan-

109 5733 211 5784 tius
238 5729 515 5799 scripserit
562 5730 808 5786 0rontem
859 5740 915 5785 et
964 5730 1222 5785 Orientem
1272 5729 1322 5784 iu
1372 5733 1543 5784 locum
1574 5731 1689 5786 veri

106 5798 335 5927 nenii’inis
365 5803 647 5871 irrepsisse
676 5818 770 5874 per
798 5801 1041 5856 librarios
1071 5816 1131 5856 ea
1162 5811 1339 5868 aelate,
1363 5816 1464 5870 qua
1504 5802 1573 5856 ita
1605 5801 1689 5856 lo-

106 5888 207 5927 nue
242 5880 422 5926 antur.

102 5880 422 5949 quebantur.

1810 4733 1917 4787 dex
1969 4732 2210 4802 eiusdem
2265 4732 2631 4799 bibliothecae,
2660 4733 2748 4802 qui
2783 4732 2881 4785 l'uit
2905 4730 3036 4802 olim
3079 4732 3178 4784 viri
3206 4731 3400 4802 claris-

1810 4804 1932 4857 simi
1990 4800 2199 4859 Claudii
2247 4802 2491 4868 Pnteani,
2550 4812 2659 4856 tum
2679 4800 2692 4802 “
2715 4802 2885 4856 codex
2918 4801 3027 4856 305
3056 4800 3400 4857 bibliotheca}

1807 4875 2160 4941 Colbertium,
2195 4874 2363 4943 prima
2393 4874 2559 4928 editio
2589 4874 2831 4928 Romana
2853 4874 2979 4925 anni
3007 4873 3167 4938 1468,
3192 4872 3397 4928 Veneta

1807 4948 1932 5000 anni
1974 4946 2135 5013 1488,
2165 4956 2219 5000 et
2264 4944 2651 5014 Lugdunenses
2694 4958 2955 4998 annorum
2982 4943 3140 5009 1508,
3175 4944 3314 4999 1515
3344 4952 3402 5001 et

1808 5018 1971 5073 1518.
2002 5017 2214 5072 Primus
2242 5016 2482 5072 omnium
2515 5015 2772 5070 Erasmus
2811 5017 3054 5083 reposuit
3084 5016 3398 5079 persecutio-

1804 5104 1953 5154 num,
1978 5088 2300 5143 auctoritate
2331 5086 2471 5141 baud
2499 5088 2661 5141 dubie
2714 5087 2913 5139 vetusti
2941 5086 3169 5155 alicujus
3206 5102 3397 5140 exem-

1802 5161 1987 5230 plaris,
2018 5174 2143 5230 cum
2184 5161 2235 5213 in
2287 5157 2491 5230 codice,
2518 5156 3167 5230 quoquejlttlejusdem
3197 5157 3398 5230 biblio-

1803 5227 1976 5285 thecae
2002 5228 2328 5285 Colbertinte
2355 5230 2424 5283 ita
2481 5227 2708 5298 legatur.
2741 5227 2893 5282 Hunc
2923 5238 3143 5283 secutus
3170 5237 3255 5283 est
3303 5228 3399 5283 Vi—

1799 5301 2023 5355 ctorius.
2050 5299 2158 5356 Sed
2176 5303 2420 5370 profecto
2441 5314 2506 5354 ex
2534 5300 2636 5366 bis,
2660 5315 2779 5368 qua:
2799 5298 2941 5353 dicta
2965 5299 3223 5353 hactenus
3245 5311 3393 5366 sunt,

1798 5373 1930 5426 satis
1976 5381 2225 5435 constat,
2259 5371 2399 5426 hanc
2438 5370 2727 5425 lectionem
2778 5386 2883 5423 non
2923 5384 3046 5424 esse
3091 5371 3311 5438 bonam,
3339 5382 3396 5425 et

1795 5456 1917 5496 eam
1948 5445 2163 5496 retineri
2192 5441 2411 5506 debere,
2444 5457 2601 5512 quam
2644 5450 2858 5512 veteres
2885 5439 3004 5512 libri
3033 5451 3089 5496 et
3126 5442 3393 5496 editiones

1794 5513 2070 5577 exhibent,
2102 5526 2223 5567 cum
2254 5510 2477 5566 nullam
2504 5512 2704 5568 habeat
2727 5510 3123 5566 dillicultatem.
3156 5516 3392 5579 Agamus

1794 5594 1973 5639 autem
1996 5586 2196 5652 gratias
2239 5582 2520 5638 immensa:
2550 5585 2642 5638 Dei
2668 5582 2855 5652 optimi
2875 5582 3103 5652 maximi
3146 5581 3391 5652 benigni-

1795 5656 1915 5718 tati,
1945 5650 2035 5721 qui
2064 5657 2223 5708 istum
2255 5653 2522 5709 Lactantii
2543 5650 2737 5714 librum
2760 5651 2916 5707 nobis
2942 5661 3065 5721 post
3092 5660 3172 5704 tot
3191 5650 3387 5721 saecula

1794 5720 2311 5799 redonavit,_eoque
2336 5733 2551 5799 utantur
2575 5724 2642 5778 ad
2673 5720 3385 5799 ntajoretnipsiusgloriam

1795 5806 1848 5850 ct
1875 5805 2077 5850 sancta:
2109 5792 2366 5850 Ecclesia:
2411 5794 2716 5859 utilitatem,
2747 5792 2800 5847 in
2827 5792 2982 5860 cujus
3009 5792 3240 5858 gratiam
3267 5805 3387 5847 διιδ-

1796 5877 1983 5937 ceptus
2011 5876 2094 5923 est
2126 5866 2211 5921 hic
2240 5867 2410 5935 labor.
