3746 6256
153 280 245 341 409

800 281 1030 340 "NOTAE
1068 281 1136 340 IN
1172 280 1302 338 LIB.
1345 279 1433 338 DE
1470 276 1817 338 MOR'I'IBUS
1852 278 2236 341 PERSECUT.
2276 282 2429 340 CAP.
2470 282 2660 341 XVIII.

3281 283 3396 342 “0

208 401 358 470 Quam
373 399 651 472 jucundum
669 401 802 457 illud
819 402 1161 471 spectaculum
1182 398 1686 472 Deo...Cyprianus
1716 400 1761 457 Λ
1794 396 2095 472 Ειυίξγιιςρῑ
2130 399 2436 467 Cltalttcius,
2475 402 2814 472 ﬁrmantque,
2860 408 2954 457 aut
2977 409 3224 472 repetunt
3252 402 3372 469 alii;

142 469 279 543 epist.
310 472 341 527 9
365 469 428 526 ad
449 471 737 543 Martyres:
789 469 1008 543 ()quule
1047 473 1142 539 fuit
1180 472 1311 525 illud
1342 469 1686 543 speetacnlutn

144 539 337 616 Domino
361 544 383 596 !
416 560 563 609 quam
577 539 805 599 sublime
831 539 1040 616 {quam
1073 542 1356 609 magnum!
1402 558 1550 611 quam
1595 539 1688 616 Dei

140 615 277 671 oculis
303 614 623 686 Sacramenta
653 632 716 668 ac
753 611 1014 669 devotione
1037 616 1213 668 militis
1244 617 1357 686 ejus
1382 611 1690 686 acceptum!

136 686 267 742 Adde
288 701 401 754 qnzc
424 700 487 745 ex
518 684 746 741 Minutio
774 686 973 750 Felice.
1016 687 1141 740 item
1188 683 1309 755 quin
1338 699 1405 740 ex
1432 683 1688 755 Epicteto

135 757 268 811 allen
307 752 512 827 Lipsius
558 757 625 811 ad
665 766 787 813 nota
825 758 912 811 illa
939 756 1100 812 verba
1135 752 1377 817 Senem),
1428 754 1522 807 lib.
1565 769 1582 827 ι
1620 752 1688 808 de

135 827 322 884 Provid.
354 825 402 881 c.
425 828 491 880 ἓξ
536 827 673 882 Ecce
699 829 1038 899 spectaculum
1069 827 1302 897 dignum,
1334 827 1413 899 _ad
1445 825 1581 899 quod
1607 840 1688 878 re-

133 901 287 969 spiciat
306 900 523 954 intentus
542 902 684 966 operi
711 896 803 954 suo
830 899 964 953 Deus
988 915 1005 953 :
1045 896 1158 954 ecce
1200 915 1293 966 par
1325 896 1427 951 Deo
1452 898 1682 968 dignum,

134 971 487 1054 vir‘fortislcum
512 972 650 1024 mala
672 972 877 1054 fortuna
904 971 1233 1054 compositus.

190 1038 306 1095 Cum
335 1038 680 1096 dominatores
709 1038 1058 1096 dominantur.
1100 1039 1264 1113 Cypr.
1307 1054 1394 1107 ep.
1418 1038 1487 1094 6:
1534 1038 1687 1113 illunc

130 1123 189 1168 est
213 1123 262 1165 ut
282 1115 437 1183 magis
462 1113 791 1167 insidiante»:
819 1109 1168 1167 adversarium
1188 1109 1448 1183 metuant,
1469 1110 1557 1179 qui
1579 1109 1690 1183 for-

129 1188 281 1238 tiorem
306 1181 548 1253 quemque
573 1184 737 1255 magis
762 1183 1078 1255 aggreditur,
1123 1192 1169 1236 et
1213 1184 1382 1236 acrior
1401 1181 1563 1251 factus
1582 1181 1688 1254 hoc

126 1258 237 1336 ipso,
274 1256 406 1336 quod
446 1256 615 1336 pictus
654 1265 747 1336 est,
798 1267 1122 1336 superantem
1166 1269 1405 1336 superare
1449 1260 1685 1307 conatur.

129 1327 185 1381 Et
205 1341 284 1392 ep.
314 1327 402 1389 5i,
427 1327 495 1381 de
520 1324 775 1382 Celerino
796 1327 952 1381 Mart.
978 1342 991 1380 :
1022 1325 1196 1379 Iacuit
1222 1324 1355 1379 inter
1382 1339 1554 1392 ptenas
1583 1338 1691 1391 pae-

126 1399 191 1450 uis
215 1397 311 1449 suis
334 1396 536 1466 fortior,
580 1398 811 1452 inclusus
857 1397 1231 1451 includentibus
1276 1398 1463 1468 major,
1494 1396 1686 1468 iacens

125 1465 344 1522 stantibus
369 1469 574 1529 celsior.
606 1468 940 1523 vincientibus
959 1469 1159 1537 firmior
1177 1465 1393 1531 vinctus,
1421 1465 1686 1519 sublimior

120 1539 440 1613 jadicautibus
456 1541 751 1613 judicatus.

188 1610 412 1681 Nefanda
432 1606 691 1677 iussione.
742 1611 830 1666 Sic
871 1611 966 1665 lib.
994 1626 1051 1665 tv
1078 1609 1251 1681 Instit.
1282 1623 1334 1665 c.
1364 1609 1463 1681 15:
1521 1606 1684 1662 Verba

120 1698 172 1736 ac
184 1680 401 1754 jussione
422 1683 671 1751 faciebat;
699 1684 790 1738 lib.
820 1698 871 1744 v,
894 1698 945 1737 c.
971 1683 1073 1737 13:
1109 1680 1229 1735 Non
1252 1680 1543 1754 tyrannicas
1559 1682 1681 1751 jus-

120 1752 281 1824 siones,
319 1770 418 1808 non
446 1756 731 1824 prtesidunt
755 1754 952 1824 gladios
977 1762 1215 1807 tremunt.
1274 1753 1435 1807 Plura
1470 1752 1683 1806 Elmen-

122 1823 366 1879 borsthius
393 1823 459 1878 ad
485 1826 694 1881 Arnob.
726 1823 815 1879 lib.
846 1840 905 1888 lt,
934 1842 985 1894 p.
1012 1825 1102 1880 67.

181 1896 243 1948 Ac
260 1897 544 1950 terriculas.
607 1897 681 1951 De
709 1897 809 1951 hac
840 1910 970 1950 voce
995 1896 1080 1951 adi
1108 1894 1359 1950 Nonium.
1418 1893 1681 1947 Praeterea

119 1980 147 2021 e
169 1966 333 2020 vaio
356 1983 559 2021 cassam
585 1967 881 2023 terriculam
905 1967 1157 2031 alI’erunt,
1194 1975 1249 2020 et
1278 1981 1309 2019 e
1336 1964 1556 2019 Senecm
1588 1965 1683 2018 tle-

121 2037 331 2112 perditis,
363 2036 561 2092 Omnes
593 2043 705 2112 ejus
731 2038 1224 2112 terriculasudelude.
1278 2036 1406 2112 luto
1431 2036 1591 2112 habet
1629 2046 1684 2091 et

121 2108 276 2232 {avius
302 2110 393 2164 lib.
422 2108 691 2177 κικινζρ.
720 2113 777 2166 Η
807 2128 819 2163 :
870 2108 1047 2165 Nullis
1072 2109 1243 2173 minis,
1278 2108 1433 2162 nullis
1469 2109 1684 2161 terricu-

138 2196 173 2232 ts
194 2197 244 2232 se
264 2191 438 2232 motos.

138 2181 173 2232 is
194 2191 438 2235 semotas.

183 2250 300 2305 Fide
342 2251 529 2307 stabili.
619 2253 879 2324 Suspicor
933 2254 1124 2309 leviter
1174 2251 1441 2324 excidisse
1488 2263 1681 2324 vocem

123 2336 293 2393 uuam;
323 2331 378 2377 ut
414 2324 601 2388 luerit,
632 2322 744 2393 ﬁde
762 2325 931 2380 stabili
959 2336 1009 2379 et
1048 2325 1237 2378 invicto
1266 2323 1443 2376 robore
1465 2322 1643 2393 animi.

185 2390 318 2467 Nihil
360 2395 599 2467 ungultz.
633 2390 925 2466 ’Ungulac,
968 2412 1140 2467 genus
1176 2394 1472 2467 quoddam_
1497 2391 1686 2447 ferrea:

125 2463 331 2536 forcipis.
377 2462 523 2521 inter
574 2462 840 2523 tormenta
888 2462 1141 2523 atlliibitze
1196 2462 1348 2522 olim.
1399 2462 1684 2536 iFormam

126 2534 375 2604 vide—apud
400 2537 735 2603 Gallonium,
767 2548 860 2594 aut
887 2541 1028 2594 inter
1052 2554 1136 2602 ea,
1180 2553 1300 2605 qua:
1329 2534 1686 2606 subjiciuntur

133 2606 247 2661 libro
268 2607 405 2678 Magii
432 2609 505 2665 de
534 2610 800 2682 Equuleo,
830 2625 950 2681 pag.
990 2611 1092 2665 176
1116 2619 1170 2665 ct
1196 2610 1287 2665 8L

632 2722 702 2780 IN
727 2723 957 2781 CAPUT
995 2722 1160 2780 XVII.

195 2811 528 2871 Vicennalium
550 2817 703 2871 diem.
730 2817 1064 2872 Solemniunt
1090 2825 1357 2880 votorum.
1384 2817 1686 2886 quinquen-

126 2886 294 2940 nalium
314 2902 532 2956 nempe,
560 2888 954 2955 decennalitun,
987 2901 1042 2942 et
1062 2888 1338 2956 deinceps,
1369 2902 1491 2958 qum
1510 2890 1681 2958 origo,

123 2970 320 3026 quaeque
348 2960 489 3012 ratio
522 2959 703 3026 fuerit,
736 2961 858 3015 licet
883 2961 1133 3014 traditum
1157 2961 1275 3014 sita
1305 2960 1502 3021 doctis,
1531 2976 1685 3028 repe-

123 3036 213 3081 tam
240 3029 470 3086 breviter
513 3039 716 3091 tamen,
757 3032 810 3084 in
835 3031 1058 3100 gratiam
1101 3046 1313 3095 eorum,
1360 3031 1557 3100 quibus
1588 3033 1689 3085 ltoc

123 3101 543 3168 genuslibrorum
572 3116 676 3155 non
702 3101 771 3155 ita
797 3100 954 3155 facile
975 3117 1099 3156 esse
1141 3111 1317 3170 potest
1360 3102 1425 3156 ad
1472 3117 1681 3157 manus.

1794 482 1845 520 ιιι
1875 468 1915 522 C
1937 471 2098 523 trolus
2126 472 2438 526 Dtd'rcsuius
2466 468 2839 528 dissertatione
2867 474 2934 529 de
2958 468 3375 528 Numismatibus

1792 542 1889 592 ιυνί
1915 540 2201 615 inferioris.
2233 559 2350 613 pag.
2380 543 2470 598 εἰς).
2525 544 2706 615 Magna
2758 545 2940 600 itidem
2981 560 3101 598 cum
3130 559 3257 598 cura
3283 560 3374 598 ar-

1790 622 2100 680 gumentum
2134 614 2270 669 idetn
2302 625 2599 670 tractarunt
2618 614 2881 672 lleuricus
2909 615 3148 671 Norisius
3172 616 3379 670 Dissero

1794 683 1993 756 latione
2039 685 2108 756 de
2150 684 2302 756 votis
2346 686 2749 754 decennalibus,
2792 699 2846 742 et
2879 687 3143 742 AutOuius
3185 686 3379 756 Pagius

1790 750 2166 828 dissertatione
2181 755 2462 828 Hypatica,
2490 772 2583 812 seu
2606 756 2675 812 de
2693 750 3074 814 consulatibus
3093 750 3377 812 thsaceis.

1862 824 1943 877 Ad
1980 841 2073 880 xu.
2111 824 2354 882 kalendas
2386 828 2685 883 decembres.
2746 828 3012 885 Videndus
3052 839 3136 883 est
3167 828 3236 883 de
3274 828 3377 884 hoc

1792 894 2206 971 locp_Atttonius
2236 899 2448 971 Pagius,
2475 901 2584 969 jam
2612 899 2738 955 dicti
2770 902 2948 970 operis
2971 900 3158 971 pagina
3185 899 3273 964 90,
3308 900 3379 954 92

1789 965 1955 1029 et93.
2005 967 2094 1022 ubi
2143 965 2336 1034 tradit:
2374 965 2490 1025 uon'
2522 970 2642 1026 ideo
2678 965 2943 1027 celebrata
2971 965 3014 1026 'a
3042 965 3378 1026 Diocletiano

1792 1035 1893 1113 hoc
1915 1037 2346 1113 die_vicennali_a,
2375 1042 2512 1112 quod
2543 1044 2586 1097 is
2611 1053 2755 1098 esset
2776 1042 2985 1113 imperii
3007 1042 3124 1110 ejus
3149 1043 3374 1098 natalis:

1789 1107 1884 1162 sed
1939 1110 2059 1178 quia
2115 1120 2240 1166 tunc
2278 1107 2629 1169 Maximianus
2678 1107 2957 1169 Herculius
3005 1107 3187 1169 Caesar
3230 1123 3378 1169 esset

1789 1183 2375 1256 authpat_us_.__ldque
2427 1183 2619 1239 factum
2665 1186 2968 1256 aliquoties,
3025 1185 3206 1255 utique
3256 1193 3376 1254 post

1788 1247 2123 1326 Constantini
2152 1247 2323 1325 Magni
2355 1264 2615 1325 tempora,
2649 1267 2705 1310 ut
2729 1247 2886 1310 causa
2934 1247 3180 1326 quapiam
3209 1247 3373 1310 in'ter-

1788 1322 2191 1397 veniente,htton
2222 1322 2387 1395 ipsius
2417 1322 2753 1396 la'tperatoris
2778 1322 2969 1397 primi,
3017 1322 3111 1381 sed
3159 1327 3376 1395 partici-

1789 1392 1870 1462 pis
1896 1394 2014 1469 ejus
2040 1392 2355 1469 die‘ttatali,
2388 1392 2615 1462 ltoc'est,
2662 1392 3064 1469 quo—particeps
3090 1392 3369 1468 imperium

1786 1465 2091 1538 auspicatus
2115 1464 2304 1532 luerat,
2336 1468 2529 1523 festum
2561 1464 2717 1535 ltuju's
2745 1464 2957 1538 generis
2982 1464 3366 1524 celebraretur.

1862 1535 2230 1610 Quodcumque
2240 1556 2294 1593 se
2317 1541 2494 1609 premi.
2518 1539 2680 1608 Lego,
2708 1535 2825 1608 Quo
2845 1550 3116 1609 utcumque
3127 1557 3181 1593 se
3191 1543 3371 1610 premi.

1822 1606 2190 1688 “Ammone...
2218 1606 2495 1688 nectamen
2546 1606 2741 1688 (etaim
2782 1611 2834 1667 ld
2877 1622 2986 1688 est,
3033 1606 3256 1688 ιιίιειιιι,⁸
3283 1620 3376 1666 aut

1785 1679 1974 1753 vitales
1995 1680 2234 1753 Spiritus.
2267 1682 2355 1736 Sic
2382 1692 2532 1735 vetus
2562 1682 2853 1738 Bildiorum
2877 1681 3147 1753 Interpres
3169 1698 3202 1736 ιι
3225 1683 3369 1737 Sam.

1714 1772 1759 1833 Β
1788 1763 1825 1813 t,
1856 1764 1907 1832 γ.
1937 1749 2004 1805 9:
2060 1751 2315 1833 Quoniam
2353 1763 2516 1833 tene_n_t
2560 1770 2640 1806 me
2657 1755 2937 1833 augustae,
2951 1749 3040 1833 _et,—
3059 1754 3228 1833 adhuc
3269 1762 3375 1833 tota

1783 1821 1957 1908 animg
1980 1838 2099 1908 .mea
2128 1824 2283 1908 inmte
2307 1835 2401 1879 est.
2446 1821 2889 1908 Martyrologium
2922 1824 3146 1880 Usuardi
3167 1866 3182 1889 ,
3233 1825 3372 1906 prid.

1787 1891 1891 1945 kal.
1925 1890 2058 1946 febr.
2095 1911 2129 1966 7:
2170 1893 2350 1965 Ibique
2377 1890 2637 1965 spiritum,
2678 1890 2839 1966 quiin
2870 1912 2929 1950 eo
2966 1890 3251 1965 supererat,
3294 1896 3373 1949 in-

1776 1966 2030 2035 jecerunt.
2091 1964 2222 2021 Vide
2255 1964 2453 2023 llartltii
2493 1964 2821 2035 adversaria,
2853 1982 2973 2039 pag.
3007 1964 3168 2024 I682.

2318 2082 2386 2138 IN
2426 2081 2658 2140 CAPUT
2682 2082 2866 2140 XVIII.

1857 2172 2033 2228 Aiebat
2062 2174 2105 2229 ei
2132 2174 2366 2230 indecens
2387 2192 2512 2231 esse.
2568 2176 2778 2245 Scribe,
2823 2176 3000 2231 Aiebat
3048 2186 3095 2231 et
3129 2176 3370 2232 indecens

1785 2259 1912 2319 esse,
1945 2257 2000 2299 ιιι
2032 2246 2132 2301 hoc
2163 2248 2462 2319 membrum
2493 2248 2761 2319 sequenti,
2803 2259 2849 2303 et
2872 2251 3043 2303 minus
3069 2258 3256 2315 tutum,
3290 2251 3369 2304 le-

1790 2314 1963 2385 pidius
1992 2318 2334 2386 respondeat.

1861 2386 2145 2460 Multorum
2197 2390 2292 2442 sibi
2350 2390 2468 2444 odia
2509 2390 2786 2460 quaesisset.
2849 2388 3092 2445 Lactant.
3148 2389 3240 2445 lib.
3297 2407 3368 2459 tt,

1787 2458 1925 2533 c._l_‘2
1948 2458 2092 2533 :_l’er
2114 2464 2226 2533 ejus
2256 2462 2484 2515 divinum
2508 2458 2667 2533 atque
2676 2462 2883 2533 unicum
2903 2477 3083 2514 nomen
3110 2462 3372 2533 hominum

1787 2529 1883 2581 sibi
1919 2529 2321 2585 misericordiam
2354 2529 2583 2599 quteritf
2631 2531 2698 2586 Et
2729 2532 2824 2588 lib.
2854 2546 2927 2593 tv,
2956 2546 3005 2585 c.
3040 2532 3101 2585 1:
3154 2530 3372 2586 Mortem

1787 2600 1885 2674 sibi
1906 2612 2204 2669 perpetuant
2229 2619 2342 2674 cum
2364 2604 2462 2657 diis
2482 2614 2528 2657 et
2556 2619 2671 2656 cum
2697 2603 2839 2656 bonis
2859 2602 3209 2674 corporalibus
3225 2619 3368 2674 qua:-

1788 2671 1999 2725 sierunl.
2053 2673 2203 2728 Adde
2230 2673 2466 2728 Gronov.
2500 2674 2564 2728 ad
2590 2674 2717 2728 Sen.
2754 2674 2910 2729 llerc.
2944 2672 3069 2727 Fur.
3102 2690 3153 2729 v.
3184 2671 3312 2729 285.

1862 2742 2036 2797 Nerva
2061 2761 2172 2797 vero
2202 2762 2302 2798 uno
2327 2763 2462 2799 anno
2486 2747 2784 2812 imperante.
2852 2743 3076 2798 Nervam
3116 2761 3230 2799 vero
3268 2762 3373 2800 uno

1789 2829 1924 2868 anno
1956 2816 2299 2888 imperantem
2337 2817 2680 2872 scribendum
2726 2831 2869 2882 esse,
2902 2817 3041 2871 ratio
3085 2825 3374 2888 syntaxeos

1789 2887 2013 2941 evincit.

1859 2956 1980 3011 1am
2007 2959 2116 3025 ipse
2134 2958 2413 3013 inhiaverat
2538 2958 2702 3029 Lego,
2757 2957 2880 3012 lam
2924 2974 3014 3028 spe
3066 2959 3372 3026 inltiaverat,

1788 3044 1905 3083 cum
1930 3029 2047 3083 inde
2065 3029 2162 3082 sibi
2187 3040 2275 3083 aut
2303 3031 2433 3083 nihil
2462 3040 2646 3099 praeter
2671 3046 2872 3094 nomen,
2903 3040 2992 3083 aut
3017 3046 3119 3083 non
3150 3032 3365 3084 multum

1789 3100 1985 3154 videbat
2009 3102 2263 3154 accedere.
2322 3100 2486 3164 Niltil,
2524 3112 2616 3154 aut
2653 3102 2901 3170 exiguum
2937 3101 3115 3167 nimis,
3157 3101 3375 3156 videba-

124 3163 276 3224 Casar
306 3171 596 3242 Augustus,
645 3188 767 3227 cum
799 3172 1055 3227 Romanis
1086 3163 1247 3228 rebus
1280 3183 1401 3242 post
1429 3184 1608 3229 motus
1631 3163 1756 3229 etC
1790 3179 1878 3226 tttr
1903 3170 2139 3234 Galerio.
2171 3172 2216 3226 si
2244 3173 2350 3226 duo
2370 3163 2603 3243 majores
2647 3163 2941 3243 retinerent
2982 3163 3246 3227 summam
3276 3174 3372 3227 im-

127 3243 281 3296 turhas
302 3245 564 3298 maximas
601 3259 630 3297 a
677 3259 736 3298 se
778 3244 1096 3313 compositis
1142 3254 1197 3298 et
1243 3245 1549 3299 constitutis
1587 3244 1681 3299 de-

124 3313 287 3367 cennio
322 3314 646 3383 praefuisset,
693 3316 807 3370 sive
850 3314 1009 3370 t:rdio
1035 3314 1357 3369 valetudinis
1391 3316 1680 3381 diuturnte,

124 3384 345 3457 curisque
368 3400 434 3440 ac
456 3386 729 3441 laboribus
761 3387 970 3457 imperii
1016 3386 1237 3448 fractus,
1290 3387 1360 3441 de
1409 3387 1681 3442 reddenda

126 3455 365 3527 republica
421 3458 568 3512 serio
596 3455 892 3527 cogitaret,
935 3458 1102 3526 (quod
1145 3457 1418 3512 allirmare
1469 3457 1683 3512 videtur

125 3522 380 3598 Suetonius
409 3531 462 3582 ιη
492 3531 627 3598 Aug.
664 3522 724 3583 ἒ.
764 3529 867 3597 28)
907 3522 1020 3583 sive
1068 3529 1169 3582 hoc
1225 3536 1428 3582 tantum
1473 3542 1581 3598 prie
1619 3542 1681 3583 se

127 3596 262 3651 terret
287 3599 353 3651 ob
375 3596 623 3655 causas‘a
678 3596 853 3654 Dione
893 3600 1150 3668 prolixius
1195 3596 1492 3666 expositas,
1543 3613 1678 3653 con-

125 3679 288 3739 vocato
309 3670 528 3736 Senatu,
560 3671 823 3726 rationem
847 3670 1201 3725 administrati
1226 3669 1432 3739 imperii
1455 3670 1533 3724 sic
1555 3670 1679 3725 red-

125 3735 255 3802 didit,
295 3748 351 3795 ut
379 3735 578 3806 tamen,
625 3742 776 3811 quasi
801 3741 1124 3797 decernente
1148 3735 1363 3806 eodem,
1418 3741 1470 3794 in
1499 3742 1682 3810 proxi-

128 3823 249 3883 mum
283 3812 701 3883 quinquennium
749 3822 1066 3880 potestatem
1115 3811 1511 3867 constituenda:
1569 3812 1680 3867 rei-

127 3880 326 3946 publica:
354 3880 628 3939 retineret.
685 3883 884 3939 Verum
914 3883 1014 3937 boc
1045 3884 1261 3951 elapso,
1312 3898 1500 3937 rursus
1537 3883 1679 3938 aliud

126 3953 537 4025 quinquennium,
597 3965 718 4025 post
742 3954 1085 4017 decennium,
1127 3969 1191 4007 ac
1215 3969 1282 4009 eo
1311 3954 1481 4018 linito,
1537 3954 1679 4009 aliud

130 4021 293 4078 iterum
337 4021 611 4081 decretum
653 4036 771 4090 est;
825 4025 892 4079 ita
947 4035 1005 4080 ut
1028 4026 1352 4080 continuatis
1378 4025 1680 4091 tlecenuiis,

131 4106 211 4158 per
247 4104 399 4150 totam
429 4097 587 4151 vitam
618 4097 826 4166 imperii
856 4111 1118 4149 summam
1148 4096 1458 4151 obtinuerit.
1516 4095 1682 4167 Cujus

130 4168 397 4239 exemplum
425 4168 822 4239 quodammodo
846 4168 1013 4222 secuti
1041 4181 1407 4232 successores,
1438 4170 1538 4222 etsi
1566 4184 1675 4223 non

134 4234 190 4284 ad
212 4251 394 4292 certum
427 4234 659 4308 tempus,
685 4238 777 4292 sed
812 4254 906 4307 per
935 4253 1096 4293 omne
1141 4239 1263 4292 vitae
1307 4239 1536 4308 spatium
1584 4241 1681 4293 im-

138 4307 570 4370 peritmtdelattnu
619 4310 719 4365 sibi
769 4309 1047 4370 baberent,
1098 4307 1541 4378 singttlis’tamen
1588 4310 1683 4365 de-

135 4378 307 4451 cenniis
334 4380 521 4435 festum
553 4396 650 4451 pro
706 4382 1053 4435 renovatione
1101 4381 1218 4449 ejus
1259 4381 1506 4450 agebant.
1555 4381 1691 4437 tltec'

131 4444 223 4517 lere
252 4451 338 4504 Ilio
379 4454 444 4507 ita
491 4444 656 4507 rei‘crt
701 4452 793 4505 lib.
842 4466 957 4517 LIII,
1009 4461 1064 4505 et
1108 4444 1172 4505 ex
1223 4444 1677 4507 eo'recentiores.

1786 3243 1939 3313 perii,
1971 3242 2084 3310 ipse
2107 3251 2392 3297 contentus
2432 3244 2650 3299 nomine
2700 3242 2961 3309 Caesaris,
3013 3245 3226 3299 tertium
3279 3253 3374 3298 aut

1784 3323 2034 3384 quartum
2067 3324 2275 3369 teneret
2305 3315 2503 3370 locum.

1853 3386 1975 3439 lam
2001 3385 2216 3453 ﬂuxisse
2232 3402 2394 3440 annos
2418 3386 2726 3456 quindecim.
2745 3385 2987 3440 Lactant.
3022 3384 3057 3439 Ι.
3091 3401 3170 3447 ιιι.
3199 3400 3247 3441 c.
3277 3386 3370 3452 17,

1781 3471 1849 3512 ex
1879 3464 2059 3511 mente
2077 3457 2543 3511 adversariorum:
2581 3456 2800 3510 Nullum
2822 3458 2975 3520 diem,
3003 3458 3205 3511 nultum
3225 3459 3375 3512 deni—

1780 3544 1878 3601 que
1901 3529 2139 3597 temporis
2160 3538 2403 3596 punctum
2430 3529 2642 3599 efﬂuere
2660 3528 2804 3581 nobis
2833 3529 2942 3581 sine
2982 3529 3243 3599 voluptate
3278 3546 3374 3601 pa-

1781 3599 1988 3652 tiamur.
2051 3646 2057 3653 η

1854 3669 2029 3741 Annos
2051 3669 2359 3741 quindecim.
2382 3671 2436 3723 in
2467 3670 2759 3741 Illyricum.
2817 3669 3038 3725 Videtur
3062 3670 3370 3738 respexisse

1781 3742 1941 3795 verba
1975 3740 2128 3804 Livii,
2163 3740 2256 3794 lib.
2294 3756 2387 3808 vu,
2414 3756 2463 3795 c.
2497 3740 2600 3795 ὅδε
2659 3743 2736 3794 An
2763 3756 2963 3809 teqmmt
2984 3757 3091 3795 esse
3115 3742 3375 3796 dedititios

1781 3828 1902 3866 suos
1922 3811 2015 3865 illa
2033 3811 2270 3880 felicitate
2296 3813 2489 3879 perfrui
2519 3812 2718 3881 (Etlitio
2749 3812 2916 3879 Lugd.
2950 3813 3063 3864 Bal.
3099 3811 3162 3866 A.
3195 3811 3371 3867 163i:

1782 3883 2036 3937 dedititios
2062 3898 2183 3936 suos
2203 3884 2295 3937 illa
2314 3885 2579 3951 fertilitate
2605 3895 2755 3953 atque
2774 3885 3059 3936 unuenitate
3109 3884 3339 3954 perfrui)
3360 3899 3373 3944 ς

1782 3970 1838 4009 se
1856 3954 2123 4008 militando
2151 3957 2330 4025 fessos,
2355 3957 2406 4008 in
2429 3956 2679 4025 pestilenti
2701 3965 2851 4025 atque
2868 3955 3017 4008 arido
3037 3955 3173 4007 circa
3194 3953 3367 4007 urbem

1782 4027 1892 4080 solo
1918 4026 2105 4079 luctari
2116 4025 2141 4079 ε)

1857 4096 2022 4152 Filios
2046 4096 2355 4166 nuncupari.
2388 4097 2559 4154 lustit.
2596 4097 2631 4151 Ι.
2665 4111 2703 4159 ι,
2729 4111 2781 4150 c.
2808 4096 2876 4151 8:
2911 4096 3049 4163 Quos
3074 4097 3297 4168 imperiti
3324 4106 3371 4150 et

1780 4169 2073 4240 insipientes
2101 4178 2338 4240 tanquam
2363 4170 2484 4222 deos
2513 4179 2559 4221 et
2585 4178 2903 4235 nuncupant,
2927 4179 2976 4222 et
3009 4168 3248 4223 adorant.
3282 4168 3371 4223 Sic

1783 4240 1875 4294 lib.
1906 4255 1980 4306 tv,
2004 4254 2054 4294 c.
2087 4242 2148 4294 4:
2185 4240 2499 4307 Nuncupare
2528 4250 2743 4309 patrem,
2771 4255 3068 4306 nuncupare
3086 4240 3370 4303 dominum,

1781 4325 1942 4365 sensu
1988 4310 2233 4365 nonniltil
2282 4310 2515 4365 diverso.
2574 4310 2707 4364 Nam
2762 4310 2846 4363 Itic
2905 4324 3235 4379 nuncupare,
3289 4319 3373 4363 est

1781 4381 2052 4437 Caesarem
2101 4383 2468 4451 pronuntiare,
2514 4392 2676 4451 atque
2722 4381 2859 4435 adeo
2901 4382 2955 4435 in
3001 4378 3370 4434 ltmreditatem

1782 4464 1837 4508 et
1859 4454 1948 4520 jus
1971 4453 2249 4508 obtinendi
2278 4452 2405 4507 olim
2437 4454 2644 4522 imperii
2676 4466 2887 4506 vocare.

218 4524 372 4589 primo
411 4532 623 4602 gestum
665 4526 912 4602 Augusto
944 4513 1264 4602 septimum,
1315 4523 1543 4602 Agrippa
1574 4533 1675 4602 ter-
1707 4543 1755 4602 υ
1854 4513 2220 4602 :Sanctissitnus
2259 4513 2570 4602 adolescens:
2628 4522 2682 4602 Id
2714 4523 2975 4602 est,_vit_:c
3007 4521 3369 4602 integerrima:

130 4587 237 4664 tium
263 4587 577 4650 consulibus.
661 4587 962 4663 Seq'uentes
1004 4587 1165 4664 igitur
1194 4587 1418 4663 Augusti
1445 4587 1673 4664 Singulis

128 4657 368 4741 decenniis
394 4666 732 4741 celebrarunt
755 4657 856 4718 bas
874 4657 1325 4741 _iruvn§dpstg,__ob
1359 4664 1410 4741 id
1439 4657 1673 4741 δεκᾶετη-

129 4729 251 4813 ξίᾷοις
277 4736 435 4813 dictas
464 4735 993 4813 Xipltilinouquilius
1026 4729 1147 4813 'vo'ta
1175 4735 1277 4789 diis
1304 4736 1672 4813 solvebantur,

132 4803 257 4882 initio
279 4803 803 4882 cujusque'decemtii
821 4803 1152 4882 solemniter
1170 4807 1511 4876 postmodum
1555 4822 1676 4862 sus-

129 4875 214 4939 cipi
239 4875 513 4943 consueta;
567 4877 822 4934 militibus
846 4875 1182 4940 donativum,
1220 4886 1275 4931 et
1309 4892 1536 4932 annona:
1580 4894 1677 4946 po-

133 4947 238 5017 pulo
270 4949 527 5005 circenses
575 4948 984 5003 exhibebantur.
1069 4948 1180 5002 lmo
1231 4950 1459 5017 singulis
1510 4951 1673 5004 etiam

133 5014 307 5091 lustris,
333 5021 438 5075 sive
457 5020 859 5091 quinquenniis,
889 5033 975 5074 res
1001 5018 1116 5074 haec
1137 5018 1259 5073 dein
1283 5014 1451 5088 repeti
1473 5031 1670 5089 cmpta.

134 5081 642 5167 Ιθξιυιιτιιιι-ιςιεειῖιχοιτι⁸
675 5081 1093 5167 quinquennalia
1134 5091 1307 5167 primo
1340 5081 1482 5145 anno
1527 5081 1674 5167 inita:

132 5157 536 5226 dignitatisz'sed
562 5157 913 5217 solvebantur
941 5157 1147 5216 exacto
1170 5163 1379 5226 lustro;
1427 5170 1537 5216 tum
1579 5162 1673 5216 de-

133 5232 336 5305 cennalis
364 5234 823 5305 nuncupabantur,
876 5232 1045 5305 lustro
1079 5234 1249 5287 altero
1283 5232 1499 5288 demunt
1525 5247 1673 5289 cont-

138 5297 249 5373 pleto
270 5297 556 5359 solvendaf
588 5303 721 5359 Vota
751 5303 1046 5358 vicennalia
1074 5304 1501 5373 suscipiebantur
1530 5320 1673 5361 anno

139 5370 486 5448 qttinlotlecimo
506 5376 713 5444 imperii
747 5394 761 5430 :
818 5373 1011 5448 festum
1035 5390 1187 5448 vero
1213 5370 1386 5448 ipsum
1414 5376 1673 5448 agebatur

139 5445 368 5516 yit‘esimo,
411 5462 517 5516 quo
563 5462 783 5501 munera
823 5445 1341 5516 etiatuitnperato'ri
1369 5446 1502 5500 tuitti
1528 5448 1673 5502 sole—

134 5506 263 5589 baut;
289 5506 566 5589 deatitbtts
596 5517 718 5571 vide
742 5506 1148 5589 Symmachum,
1177 5512 1270 5573 lib.
1297 5533 1352 5581 x,
1382 5518 1551 5587 Epist.
1572 5517 1668 5574 26.

133 5577 474 5659 Rei-prtetri-ea
520 5577 826 5643 carceribus
865 5577 1273 5659 exiutebatitur,
1330 5577 1441 5643 Ded
1483 5591 1671 5659 gratiae

128 5655 408 5730 agebantur,
460 5661 703 5730 pecuniae
754 5657 1213 5714 distribuebantur
1259 5655 1364 5730 per
1399 5655 1669 5726 civitates,

125 5732 167 5802 _c_l
222 5728 387 5785 lcetitia
458 5728 666 5802 publica
738 5730 1145 5802 multismodis
1192 5728 1355 5786 liebat
1400 5731 1665 5802 testatior.

126 5791 223 5853 Hscc
264 5816 323 5856 cx
373 5791 607 5859 nummis
659 5801 871 5871 plenius
923 5801 1118 5857 docent
1173 5802 1454 5871 Adolpltus
1501 5801 1667 5873 Occo,

1777 4602 1834 4648 et
1859 4594 2328 4648 innocentissimzn.
2398 4593 2488 4649 Sic
2532 4594 2600 4648 de
2642 4593 2865 4662 Paganis
2920 4592 3161 4648 Lactant.
3219 4593 3256 4646 l.
3315 4609 3367 4658 ν,

1779 4679 1829 4720 c.
1867 4668 1968 4721 tt):
1996 4665 2098 4732 Qui
2144 4665 2258 4718 licet
2289 4666 2480 4719 sanctis
2510 4663 2735 4717 maribus
2763 4664 2950 4729 vivant,
2973 4665 3026 4718 in
3047 4679 3247 4717 summa
3271 4664 3375 4732 fide

1779 4746 1932 4804 atque
1976 4736 2284 4798 innocentia,
2332 4745 2496 4790 tamen
2539 4735 2658 4803 quia
2681 4735 2802 4807 deos
2826 4735 3296 4807 colunt,_ajustitia
3323 4744 3370 4788 et

1781 4808 1983 4861 nomine
2012 4822 2143 4861 vera:
2166 4807 2515 4879 pietatis‘sunt
2539 4805 2711 4879 alieni.
2771 4804 3103 4879 Symmacho
3124 4805 3239 4879 huic
3266 4821 3371 4859 vox

1782 4880 1937 4934 valde
1957 4875 2209 4945 frequens
2230 4885 2332 4943 est,
2360 4875 2715 4938 Christianos.
2745 4875 3041 4946 ut’opinor,
3070 4876 3364 4931 temulautt.

1782 4949 1877 5005 Vel
1893 4950 2063 5004 unoin
2090 4950 2276 5019 quinto
2305 4949 2443 5003 libro
2461 4964 2526 5002 en
2549 4949 2761 5017 quoties
2782 4962 2909 5019 cant
2926 4956 3134 5017 repetat
3150 4987 3173 5019 ,ί
3191 4947 3364 5019 Epist.

1784 5021 1885 5075 15:
1919 5018 2442 5086 Sancto’Lumpadio,
2475 5035 2717 5089 germano
2747 5026 2858 5082 tuo;
2882 5018 2980 5088 Ep.
3004 5018 3077 5073 20
3102 5037 3114 5073 :
3147 5018 3374 5075 Sanctus

1782 5092 2055 5153 Aurelius:
2077 5091 2174 5161 Ep.
2204 5090 2304 5162 29:
2356 5089 2537 5162 Sancti
2561 5090 2880 5162 Asclepiadis
2907 5091 3237 5157 philosophi;
3270 5091 3363 5162 Ep.

1781 5162 1879 5218 39:
1916 5160 2135 5216 Sanctus
2159 5161 2381 5227 Sabius;
2414 5161 2509 5230 Ep.
2543 5160 2645 5216 69:
2703 5160 2786 5215 Ea:
2826 5170 2913 5215 tuo
2954 5162 3274 5218 sanctissimo
3315 5160 3371 5217 et

1780 5233 2182 5289 luculentissima
2210 5249 2317 5286 ore.
2397 5233 2551 5287 I’lura
2582 5247 2685 5287 non
2720 5247 2975 5303 congero.

1855 5304 2109 5375 Fideliteri
2135 5305 2370 5372 praebuit.
2432 5303 2664 5358 Omnino
2713 5302 2843 5358 vera
2884 5314 2969 5359 est
3013 5306 3159 5375 prior
3211 5302 3369 5374 hujus

1782 5375 1882 5432 loci
1909 5375 2048 5445 apud
2075 5374 2343 5445 Cuperttm
2374 5376 2765 5444 interpretatio.
2841 5375 2931 5429 Sic
2964 5374 3021 5430 in
3049 5376 3236 5430 Bibliis
3266 5375 3367 5429 La-

1776 5448 1925 5511 tinis,
1948 5462 1992 5518 ιι
2014 5446 2272 5518 Paralip..
2301 5461 2457 5507 XXXI.
2492 5462 2545 5499 v.
2578 5446 2674 5500 18:
2714 5446 3076 5501 Sacerdotibus
3097 5463 3188 5517 per
3211 5447 3367 5514 fami-

1774 5519 1870 5573 lias
1893 5530 1937 5572 et
1968 5517 2152 5571 Levitis
2184 5519 2400 5586 ﬁdeliter
2424 5518 2524 5572 cibi
2545 5520 2608 5572 de
2634 5519 2735 5583 his,
2770 5534 2885 5589 qua:
2912 5519 3240 5589 sanctificata
3255 5519 3367 5589 fuee

1724 5622 1727 5625 -
1772 5598 1908 5652 rant,
1933 5590 2299 5659 prtebebantur.
2328 5589 2643 5643 Ammianus
2665 5587 2823 5643 Marc.
2859 5589 2950 5644 lib.
2982 5603 3150 5659 xxvttt
3170 5605 3197 5659 :7
3217 5587 3368 5650 Quod

1773 5662 1875 5730 ipsi
1903 5658 1971 5714 ad
2000 5662 2399 5733 expeditionales
2428 5677 2549 5733 usus
2578 5659 2800 5731 praebere
2839 5658 3126 5733 necessaria
3164 5658 3366 5733 detrec-

1775 5727 1968 5787 tarunt.
1995 5727 2085 5787 Sic
2110 5731 2377 5797 dicebant,
2412 5727 2632 5798 prtebere
2661 5748 2910 5799 congrua,
2954 5727 3178 5800 prtebere
3197 5731 3368 5800 justa,

1773 5820 1970 5870 annua,
2019 5804 2226 5871 diurna,
2272 5813 2328 5857 et
2371 5804 2583 5857 similia.
2636 5798 3158 5857 Laetantius‘lnstit.
3198 5798 3236 5852 l.
3293 5814 3372 5867 tv,
