4034 6354
1599 700 2518 832 ELENCHUS

689 1141 1192 1229 OPERUM
1251 1139 1524 1251 QUfE
1588 1140 1709 1223 IN
1764 1137 2010 1220 HOC
2073 1135 2414 1229 ΤΟΜΟ
2481 1135 3365 1226 CONTINENTUR.

1213 1520 2827 1564 —m-——

553 1845 742 1907 Liber
774 1845 851 1908 de
872 1844 1138 1923 Opiﬁcio
1169 1845 1304 1910 Dei.
1409 1913 1414 1918 ,
3171 1847 3295 1911 col.
3498 1847 3538 1907 9

563 1947 756 2010 Liber
785 1948 861 2009 de
892 1948 994 2010 Ira
1023 1947 1158 2009 Dei.
3459 1949 3540 2008 77

555 2050 936 2114 Dissertatio
963 2051 1040 2115 Ν.
1070 2051 1130 2112 le
1157 2051 1411 2130 Nourry
1443 2050 1506 2110 in
1538 2049 1772 2111 librum
1802 2047 1878 2110 de
1909 2048 2011 2110 Ira
2038 2048 2176 2109 Dei.
3425 2048 3541 2111 157

559 2151 938 2233 Disquisitio
967 2152 1206 2215 Nicolai
1239 2151 1315 2214 de
1348 2153 1615 2230 Lestocq
1652 2153 1716 2213 in
1749 2151 1987 2214 librum
2013 2150 2093 2212 de
2121 2145 2435 2212 Mortibus
2475 2150 2978 2227 persecuturum.
3430 2149 3545 2211 157

572 2256 912 2336 Appendix
945 2255 1022 2318 de
1048 2255 1300 2318 duobus
1327 2257 1485 2318 locis
1520 2254 1657 2317 cod.
1687 2271 1805 2315 ms.
1842 2253 2036 2332 hujus
2064 2251 2232 2316 libri.
3082 2303 3088 2309 .
3429 2252 3542 2313 171

559 2353 940 2418 Dissertatio
985 2354 1246 2416 Henrici
1278 2352 1582 2417 Dodwelli
1611 2352 1689 2414 de
1717 2351 1885 2434 Ripa
1907 2349 2144 2430 Striga.
3426 2349 3544 2410 175

557 2454 752 2517 Liber
784 2453 861 2516 de
894 2455 1210 2517 Mortibus
1241 2459 1750 2534 persecuturum.
3427 2452 3546 2514 190

569 2552 888 2616 Lactantii
935 2552 1312 2634 fragmenta.
3420 2551 3543 2612 275

566 2656 800 2718 Incerti
839 2657 1121 2719 auctoris
1159 2658 1442 2719 PHOENIX
1473 2655 1806 2718 Lactantio
1843 2656 2140 2716 tributus.
2751 2659 2760 2664 “
3373 2655 3541 2718 Ibid.

569 2757 799 2819 Incerti
831 2759 1113 2821 auctoris
1143 2776 1400 2820 carmen
1425 2759 1502 2820 de
1537 2756 1840 2820 Passione
1867 2757 2149 2820 Domini.
3431 2759 3552 2821 283

571 2858 848 2922 Carmen
881 2858 960 2922 de
991 2859 1262 2922 Pascha.
3428 2861 3549 2925 285

571 2961 807 3025 Ctecilii
839 2961 1192 3042 symphosii
1221 2961 1543 3041 IEuigma.
3431 2962 3554 3024 289

573 3061 876 3142 Stephani
906 3064 1147 3126 Balusii
1186 3071 1351 3127 noue
1387 3066 1447 3125 in
1478 3065 1712 3127 librum
1743 3063 1818 3125 de
1847 3065 2161 3128 Mortibus
2201 3071 2699 3146 persecuturum.
3432 3069 3552 3130 297

576 3162 878 3243 Ejusdem
915 3165 978 3226 in
1023 3167 1152 3228 duo
1181 3166 1322 3229 loca
1351 3165 1633 3245 ejusdem
1670 3165 1812 3226 libri
1843 3165 1984 3228 dua:
2009 3167 2313 3247 epistolas.
2872 3169 2881 3178 ’
3432 3170 3550 3231 3'79

575 3264 742 3325 Petri
780 3264 981 3326 Diazii
1009 3267 1324 3328 sententia
1352 3265 1428 3327 de
1455 3263 1902 3345 quodamjloco
1935 3264 2246 3333 Lactantii
2276 3277 2597 3349 corrupto.
3380 3269 3548 3332 Ibid.

578 3363 868 3442 Epistula
907 3365 1152 3426 Balozii
1183 3365 1263 3426 ad
1293 3365 1608 3430 Diazium.
3429 3368 3549 3433 380

575 3463 886 3544 Ejusdem
903 3465 1089 3544 epist.
1120 3465 1200 3528 ad
1232 3467 1578 3532 Henricum
1605 3465 1682 3529 de
1708 3469 1918 3531 Noris.
3435 3471 3550 3532 381

570 3566 856 3646 Epistula
883 3565 1151 3629 Joannis
1182 3565 1472 3628 Columbi
1504 3567 1580 3630 ad
1611 3567 1975 3631 Gisbertum
2007 3569 2354 3649 Cuperum.
3433 3572 3556 3635 385

579 3667 828 3728 Lectori
864 3667 1202 3729 benevolo.
3431 3672 3552 3735 387

579 3773 669 3834 De
712 3772 879 3833 libro
931 3771 1054 3835 hoc
1092 3772 1332 3852 judicia
1377 3777 1438 3835 et
1487 3771 1850 3836 testimonia
1886 3774 2155 3853 aliquot.
2967 3839 2970 3842 ,
3437 3776 3558 3838 388

574 3876 842 3938 Joannis
874 3876 1163 3939 Columbi
1197 3881 1363 3940 notae
1391 3877 1455 3938 in
1487 3878 1722 3938 librum
1779 3877 1856 3939 de
1899 3878 2213 3940 Mortibus
2267 3881 2776 3957 persecuturum.
3437 3878 3559 3940 389

578 3977 823 4040 Nicolai
851 3978 1152 4042 Toinardi
1189 3978 1502 4046 monitum
1530 3977 1777 4038 lecturi.
3437 3975 3556 4038 E35

577 4081 756 4142 Nota:
780 4078 1084 4140 Toinardi
1129 4079 1192 4140 in
1221 4078 1454 4140 librum
1489 4078 1565 4140 de
1599 4076 1912 4140 Mortibus
1951 4085 2458 4158 persecuturum.
3383 4077 3553 4144 Ibid.

580 4181 854 4243 Gisberli
890 4180 1122 4260 Cuperi
1159 4185 1344 4243 notae.
3439 4177 3560 4239 £63

589 4284 770 4345 Pauli
801 4282 1034 4346 Baudri
1070 4288 1236 4346 nota:
1266 4283 1328 4344 in
1360 4283 1594 4346 librum
1625 4283 1702 4345 de
1733 4282 2044 4344 Mortibus
2076 4288 2582 4360 persecuturum.
3439 4281 3559 4365 587

585 4386 965 4449 Dissertatio
998 4387 1072 4448 N.
1103 4387 1160 4448 le
1186 4387 1440 4468 Nourry
1464 4387 1528 4451 in
1558 4387 1790 4448 librum
1817 4385 1892 4446 de
1922 4385 2237 4447 Mortibus
2273 4391 2776 4466 persecuturum.
3430 4385 3549 4447 839

586 4487 884 4570 Ejusdem
915 4489 1396 4574 disquisitioncs
1427 4489 1801 4570 dogmaticae
1830 4489 1891 4551 in
1919 4488 2347 4556 Lactantium.
2490 4565 2495 4569 _
3403 4487 3547 4557 1011

4025 2598 4029 2747 4
