4034 6354
246 387 316 448 Π
1090 394 1242 450 CAP.
1283 391 1368 448 ιιι.
1411 391 1500 446 ΒΕ.
1535 390 1950 449 CONDITIONE
1994 393 2239 452 PECUD.
2284 399 2374 453 ET
2415 400 2714 456 HOMINIS.
3494 410 3567 465 18

244 505 553 565 liberaliter
587 524 650 564 se
679 510 933 580 gesserit,
980 509 1252 566 hominem
1291 523 1421 563 vero
1463 508 1540 561 sic
1585 506 1851 574 effuderit,
1881 514 1935 573 Α
1962 524 2138 564 nonne
2169 513 2432 567 maximos
2461 515 2760 585 suscipiunt
2804 517 2855 571 in
2904 517 3183 574 educando
3222 520 3477 577 labores?
3508 533 3568 578 ut

246 613 308 655 ut
331 603 506 670 inops,
549 609 606 657 et
647 602 914 667 inﬁrmus,
943 613 993 657 et
1026 604 1172 656 omni
1203 602 1400 656 auxilio
1429 599 1696 670 indigens,
1726 599 1857 654 nihil

245 693 391 747 aliud
436 694 628 762 possit,
672 710 834 764 quam
877 693 1176 763 fragilitatis
1205 708 1316 747 sure
1345 691 1710 746 conditionem
1739 690 1856 760 plo-

247 797 368 843 ratu
399 803 464 841 ac
490 786 712 842 ﬂetibus
739 788 849 842 suis
877 787 1136 841 ominari:
1161 786 1384 850 scilicet,

401 878 489 929 Cui
515 886 709 929 tantum
731 881 783 928 in
809 882 906 928 vita
929 883 1090 929 restet
1108 879 1320 928 transire
1335 876 1592 926 malorum.

245 973 376 1038 Qua:
416 986 541 1026 cum
591 971 813 1036 dicunt,
872 972 1223 1026 vehementer
1267 984 1459 1041 sapere
1509 968 1850 1036 creduntur,

249 1078 527 1137 propterea
557 1067 704 1137 quod
734 1068 1098 1139 unusquisque
1145 1066 1542 1122 inconsiderate
1569 1081 1682 1121 suae
1715 1081 1849 1120 con-

248 1161 437 1216 ditiuni
466 1163 708 1233 ingratus
738 1171 856 1218 est:
887 1176 990 1234 ego
1017 1175 1146 1218 vero
1173 1161 1296 1217 illos
1326 1175 1597 1232 nunquam
1630 1171 1736 1215 tam
1765 1159 1856 1214 de-

245 1256 424 1323 sipere
451 1255 746 1321 contendo,
769 1270 929 1326 quam
961 1269 1083 1310 cum
1112 1254 1227 1309 haec
1254 1255 1564 1324 loquuntur.
1589 1253 1853 1308 Conside-

245 1361 374 1402 rans
415 1349 562 1403 enim
611 1347 973 1402 conditionem
1017 1363 1219 1412 rerum,
1264 1347 1501 1416 intelligo
1547 1345 1677 1402 nihil
1738 1345 1853 1402 ﬁeri

241 1439 400 1494 aliter
442 1439 718 1505 debuisse,
761 1449 818 1495 ut
854 1455 959 1495 non
1003 1439 1200 1505 dicam,
1249 1441 1508 1509 potuisse,
1539 1440 1660 1510 quia
1711 1440 1852 1495 Dens

243 1541 424 1602 potest
443 1534 657 1598 omnia;
685 1532 780 1588 sed
802 1547 1027 1588 necesse
1047 1543 1151 1598 est,
1183 1541 1242 1586 ut
1269 1532 1732 1601 providentissima
1761 1532 1850 1588 illa

213 1628 502 1696 'majestas
531 1626 583 1681 id
613 1626 871 1694 clTecerit,
903 1626 1048 1696 quod
1075 1635 1192 1682 erat
1216 1626 1410 1681 melius
1438 1637 1490 1681 et
1523 1627 1740 1682 rectius.

316 1718 478 1774 Libet
519 1719 679 1790 igitur
723 1719 1056 1790 interrogare
1087 1719 1220 1774 istos
1265 1718 1571 1776 divinorum
1622 1735 1846 1790 operum

246 1811 690 1880 reprehensores,
723 1811 846 1881 quid
878 1811 931 1866 in
960 1811 1177 1867 homine
1211 1812 1418 1876 deesse,
1455 1813 1576 1880 quia
1601 1812 1846 1867 imbecil-

1961 604 2229 660 interdum
2251 608 2452 679 aliquid
2472 609 2718 665 humanm
2743 613 3104 684 intelligentize
3124 615 3324 672 habere
3339 619 3566 675 videan-

1960 705 2046 750 tur
2077 717 2087 748 :
2119 701 2272 754 nidos
2312 701 2452 755 enim
2477 713 2609 782 ,_aut
2636 705 2746 758 luto
2789 707 3087 774 :edificant,
3117 720 3208 764 attt
3233 711 3479 780 virgultis
3509 723 3567 766 et

1958 790 2232 846 frondibus
2275 806 2624 861 consmmut;
2655 807 2711 852 et
2746 798 2984 852 ciborum
3028 811 3278 870 expertes
3309 804 3567 858 incubant

1957 881 2102 946 ovis;
2133 893 2186 938 et
2213 888 2464 955 quoniam
2499 888 2654 943 fmtus
2680 890 2746 943 de
2778 891 2889 950 suis
2930 893 3247 962 corporibus
3289 897 3434 950 alere
3460 897 3569 950 da-

1957 988 2070 1030 tum
2095 993 2200 1032 non
2228 988 2331 1044 est,
2361 981 2511 1035 cibos
2537 982 2862 1050 convehunt,
2912 993 2966 1040 et
2991 994 3128 1040 totos
3150 987 3265 1042 dics
3293 989 3344 1042 in
3371 989 3566 1060 hujus-

1966 1068 2112 1124 modi
2157 1071 2549 1129 discursatione
2594 1085 2949 1143 consumunt,
2997 1079 3244 1134 noctibus
3290 1098 3418 1136 vero
3468 1084 3565 1137 dc-

1958 1160 2213 1230 fendunt,
2263 1165 2481 1229 fovent,
2548 1177 2850 1238 protegunt.
2915 1169 3051 1236 Quid
3109 1172 3336 1239 amplius
3389 1173 3564 1229 facere

1958 1250 2202 1310 homines
2223 1259 2483 1326 possunt?
2513 1259 2614 1312 nisi
2652 1259 2754 1314 hoc
2788 1261 2958 1314 solum
3001 1261 3248 1330 fortasse,
3287 1265 3428 1334 quod
3457 1282 3562 1320 non

1957 1347 2234 1416 expellunt
2279 1349 2530 1416 adultos,
2583 1351 2676 1406 sed
2733 1364 2990 1424 perpetua
3043 1358 3443 1414 necessitudine
3498 1376 3563 1414 ac

1953 1433 2174 1494 'vinculo
2197 1440 2472 1498 charitatis
2501 1443 2784 1514 adjunctos
2811 1446 3030 1502 habent.
3051 1449 3212 1517 Quid,
3229 1452 3367 1522 quod
3383 1453 3562 1507 avium

1954 1531 2113 1587 fastus
2140 1535 2308 1589 multo
2343 1534 2583 1607 fragilior
2619 1547 2723 1604 est,
2767 1556 2923 1610 quam
2957 1539 3190 1597 hominis
3226 1561 3238 1597 :
3286 1546 3412 1614 quia
3451 1562 3559 1600 non

1955 1632 2200 1680 materno
2226 1640 2452 1692 corpore
2482 1628 2655 1698 ipsum
2687 1630 2883 1685 animal
2915 1631 3107 1697 edunt;
3139 1635 3234 1690 sed
3271 1636 3414 1706 quod
3447 1652 3562 1692 ma-

1955 1716 2094 1771 terni
2122 1720 2367 1788 corporis
2407 1720 2516 1774 fotu
2549 1730 2604 1775 et
2627 1722 2807 1778 calore
2839 1725 3184 1794 tepefactum,
3217 1729 3415 1784 animal
3445 1729 3562 1784 effi-

1952 1810 2076 1875 ciat,
2102 1811 2243 1882 quod
2276 1820 2452 1867 tamen
2476 1829 2596 1867 cum
2620 1816 2810 1884 spiritu
2831 1816 2990 1872 fuerit
3018 1819 3332 1884 animatum,
3356 1819 3410 1874 id
3433 1835 3562 1876 vero

249 1902 353 1957 lior
379 1904 639 1968 nascitur,
671 1903 926 1958 credant?
953 1899 1088 1958 Num
1117 1903 1316 1959 idcirco
1346 1905 1524 1959 minus
1549 1904 1847 1960 educentur
1875 1927 1923 1986 Β
1951 1901 2208 1971 implume
2233 1918 2294 1958 ac
2328 1914 2591 1969 tenerum,
2623 1922 2726 1960 non
2761 1908 2919 1962 modo
2961 1909 3202 1976 volandi,
3238 1910 3334 1965 sed
3366 1911 3561 1966 ambu-

241 1996 532 2054 homines?
555 2014 683 2053 num
727 1998 901 2054 minus
928 1999 993 2053 ad
1022 2013 1288 2054 summum
1320 2000 1483 2054 robur
1517 2001 1690 2054 artatis
1716 2015 1840 2070 pro-

243 2091 543 2157 vehantur;
591 2106 716 2145 num
768 2091 1100 2147 imbecillitas
1127 2102 1217 2146 aut
1247 2092 1634 2148 incrementum
1673 2095 1841 2163 impc«

237 2183 370 2248 diat,
424 2194 517 2238 aut
553 2183 821 2238 salutem?
872 2185 1123 2255 quoniam
1175 2199 1294 2255 qua:
1325 2185 1538 2250 desunt,
1581 2185 1717 2240 ratio
1748 2185 1840 2240 de-

241 2275 443 2344 pendit.
500 2274 572 2330 At
627 2275 880 2338 hominis,
942 2275 1232 2345 inqttiunt,
1296 2276 1543 2332 educatio
1591 2277 1841 2334 maximis

242 2367 514 2423 laboribus
548 2377 793 2423 constat:
832 2368 1092 2438 pecudum
1129 2369 1332 2425 scilicet
1366 2370 1601 2425 conditio
1624 2372 1838 2436 melior,

237 2460 381 2530 quod
408 2460 490 2515 ha:
515 2475 726 2529 omnes,
754 2477 876 2516 cum
901 2463 1087 2518 ftetum
1126 2463 1411 2531 ediderint,
1442 2480 1547 2518 non
1586 2464 1684 2518 nisi
1715 2479 1841 2534 pas-

238 2559 326 2607 tus
351 2553 433 2608 sui
475 2567 658 2608 curam
689 2563 910 2623 gerunt;
940 2569 1008 2608 ex
1050 2569 1154 2624 quo
1183 2553 1435 2620 efficitur,
1485 2565 1541 2610 ut
1584 2557 1842 2611 uberibus

237 2658 342 2700 sua
371 2653 564 2715 sponte
588 2644 860 2711 distentis,
886 2645 1200 2701 alimentum
1233 2647 1386 2700 lactis
1415 2647 1632 2702 fmtibus
1660 2647 1845 2702 minis-

235 2747 432 2808 tretur,
460 2747 516 2794 et
556 2738 609 2794 id
649 2748 874 2810 cogente
900 2749 1110 2807 natura,
1151 2739 1269 2795 sine
1307 2750 1537 2794 matrum
1581 2740 1842 2795 sollicitu-

234 2831 366 2890 dine
391 2839 668 2905 appetant.
698 2831 837 2901 Quid
881 2847 1032 2900 aves,
1060 2848 1288 2904 quarum
1333 2834 1470 2888 ratio
1498 2833 1709 2888 diversa
1739 2842 1842 2900 est,

1948 1995 2091 2049 landi
2122 2011 2334 2066 quoque
2365 2013 2463 2052 usu
2491 2009 2657 2054 caret.
2684 1998 2800 2054 Non
2833 2016 2962 2071 ergo
2989 2001 3358 2072 iueplissimus
3384 2005 3477 2070 sit,
3506 1995 3558 2061 εί

1948 2087 2069 2155 quis
2102 2096 2252 2158 putet
2275 2089 2417 2144 male
2442 2105 2564 2144 cum
2595 2091 2906 2147 volucribus
2931 2094 3104 2164 egisse
3145 2104 3410 2162 naturam,
3441 2097 3556 2166 pri-

1949 2193 2096 2234 mum
2112 2180 2252 2250 quod
2272 2182 2352 2235 bis
2371 2194 2692 2250 nascuntur;
2712 2184 2928 2252 deinde,
2949 2187 3087 2256 quod
3108 2197 3214 2242 tam
3235 2189 3480 2254 infirmas,
3499 2201 3559 2244 ut

1949 2272 2058 2328 sint
2074 2274 2312 2344 quaesitis
2337 2291 2430 2344 per
2448 2276 2685 2332 laborem
2704 2277 2838 2332 cibis
2855 2293 2882 2332 a
2904 2279 3213 2348 parentibus
3229 2280 3558 2336 nutriendus.

1949 2367 2055 2424 Sed
2083 2369 2156 2423 illi
2189 2367 2407 2424 fortiora
2438 2370 2660 2440 eligunt,
2690 2371 3038 2427 imbecilliora
3068 2381 3414 2442 prmtereunt.

2017 2460 2213 2528 Qumro
2239 2461 2397 2531 igitur
2423 2462 2491 2517 ab
2528 2463 2614 2529 iis,
2642 2464 2730 2534 qui
2753 2461 3116 2518 conditionem
3145 2465 3412 2534 pecudum
3443 2480 3558 2523 suae

1949 2551 2266 2623 praeferunt,
2293 2554 2422 2624 quid
2474 2553 2697 2625 eligant,
2729 2556 2775 2610 si
2824 2556 2965 2611 Deus
3005 2556 3088 2610 his
3131 2556 3338 2612 deferat
3380 2559 3561 2628 optio-

1950 2653 2312 2710 nem;utrum
2347 2647 2533 2700 malint
2573 2647 2862 2702 humanam
2901 2649 3219 2718 sapientiam
3241 2664 3364 2705 cum
3389 2649 3563 2705 imbe-

1948 2738 2194 2806 cillitate,
2215 2754 2282 2793 an
2303 2741 2562 2808 pecudum
2591 2741 2898 2797 firmitatem
2929 2758 3051 2798 cum
3080 2743 3293 2799 illarum
3322 2745 3558 2800 natura?

1949 2831 2170 2889 Scilicet
2199 2848 2304 2888 non
2328 2843 2434 2888 tam
2465 2833 2696 2904 pecudes
2725 2845 2870 2904 sunt,
2898 2845 2958 2892 ut
2983 2849 3090 2892 non
3117 2835 3308 2892 malint
3334 2837 3422 2893 vel
3451 2835 3563 2892 fra-

1566 2945 1934 3004 VARIORUM
1973 2946 2205 3004 NOTIE.

315 3065 440 3138 Tam
469 3067 744 3123 liberaliter
767 3082 823 3121 se
857 3027 1084 3138 gesserit.
1120 3067 1281 3122 Abest
1309 3084 1361 3122 se
1399 3083 1429 3122 a
1457 3082 1587 3122 mss.
1614 3067 1645 3121 7
1673 3066 1834 3136 Reg.,

238 3134 1115 3234 Eilgtli‘lberknglarom,Christ.,
1141 3137 1366 3194 Menon.
1400 3148 1454 3194 et
1492 3138 1650 3195 editis
1677 3134 1834 3193 Rom.
1867 3171 1912 3234 Ο

239 3205 383 3264 1470
405 3218 459 3264 et
486 3210 690 3278 Grapb.

311 3279 458 3335 Suis.
499 3281 668 3336 Abest
693 3295 722 3334 a
762 3279 890 3336 Mss.
942 3290 1080 3336 teste
1111 3281 1374 3337 lleuman.
1413 3281 1583 3337 Abest
1621 3280 1782 3336 etiam
1809 3295 1840 3332 a

236 3350 508 3422 msLBov.
538 3351 680 3422 quod
705 3353 904 3408 rectius
930 3351 1158 3408 videtur.
1597 3378 1606 3387 ο

313 3420 593 3494 Nunquam
617 3423 987 3494 tantidesipere.
1017 3424 1107 3478 Sic
1135 3424 1342 3478 restitui
1373 3438 1436 3494 ex
1463 3422 1586 3494 Mss.
1617 3423 1650 3476 ό
1682 3421 1838 3491 Reg..

236 3491 476 3559 Bonum,
506 3495 694 3560 Cauc.,
714 3493 750 3547 2
771 3491 923 3551 Colb.
958 3496 1109 3549 bona:
1135 3503 1296 3554 notze.
1325 3493 1508 3548 Baluz.
1542 3493 1724 3562 anue
1747 3495 1764 3562 (
1786 3500 1844 3546 ut

237 3563 454 3635 opinor)
483 3567 716 3635 genuina
744 3575 827 3620 est
859 3564 1122 3620 Lactantii
1161 3565 1342 3631 lectio,
1389 3564 1478 3634 qui
1510 3582 1614 3618 non
1649 3578 1753 3618 uno
1788 3565 1840 3617 in

239 3635 359 3690 loco
392 3637 579 3690 vocula
625 3647 728 3690 tam
757 3637 922 3691 utitur
966 3653 1084 3692 cum
1131 3638 1315 3692 verbo.
1365 3635 1453 3691 Sic
1486 3637 1722 3690 Divinar.
1755 3635 1843 3688 ln-

239 3707 412 3777 stitut.
439 3707 531 3763 lib.
567 3724 580 3761 ι
611 3723 729 3777 cap.
761 3708 824 3764 7:
853 3706 895 3763 Τ
901 3725 984 3762 am
1007 3725 1110 3764 non
1137 3710 1352 3763 multum
1395 3724 1428 3760 a
1460 3708 1608 3761 mutis
1636 3707 1840 3761 aninmo

241 3776 372 3831 libus
393 3776 702 3844 differentes.

312 3847 577 3904 Debuisse.
625 3850 753 3904 Post
799 3851 936 3905 hanc
959 3866 1166 3918 vocem,
1199 3850 1432 3920 expunxi
1463 3865 1616 3920 quant
1653 3853 1845 3920 factum

241 3930 336 3992 est,
365 3930 421 3974 ut
442 3922 707 3992 glossema
732 3923 940 3988 inutile,
967 3924 1108 3992 quod
1137 3923 1288 3977 abest
1313 3940 1342 3976 a
1371 3921 1682 3976 melioribus
1709 3935 1840 3975 mss.

242 3991 394 4064 “et
424 3991 590 4046 avet.
619 3993 776 4048 editis
804 3991 993 4057 Rom.,
1015 3995 1216 4064 Graph.
1249 4003 1302 4049 et
1325 3993 1520 4064 Cellar.

318 4062 471 4116 Nihil
525 4063 638 4132 ﬁeri
699 4064 851 4118 aliter
913 4062 1258 4120 debuisse...”
1315 4065 1447 4136 quia,
1487 4062 1626 4117 Deus
1682 4069 1846 4136 potest

245 4137 451 4196 omnia,
493 4145 600 4189 etc.
653 4137 733 4189 An
780 4136 923 4191 Deus
953 4136 1151 4206 aliquid
1201 4136 1392 4191 melius
1430 4135 1607 4189 facere
1653 4135 1844 4202 possit,

245 4221 406 4276 quam
431 4207 638 4269 fecerit,
662 4216 716 4261 et
743 4222 810 4262 an
840 4208 1094 4261 mundum
1124 4207 1301 4261 facere
1331 4207 1606 4262 meliorem
1656 4216 1846 4274 potuc-

246 4279 349 4339 rit,
396 4286 450 4331 et
489 4280 694 4346 possit,
722 4293 882 4348 quam
913 4278 1120 4341 fecerit,
1154 4279 1427 4347 disputant
1454 4277 1689 4346 theologi
1723 4290 1846 4330 cum

244 4347 498 4418 Magistro
516 4365 531 4403 ι
549 4347 807 4414 sentent,
830 4349 1067 4404 diSIiuct.
1087 4349 1178 4412 1M,
1199 4350 1281 4403 tibi
1300 4351 1358 4404 S.
1375 4349 1629 4418 Thomas,
1653 4357 1841 4418 qumst.

245 4423 416 4483 unic.,
444 4429 544 4473 art.
572 4420 597 4474 1
620 4432 671 4473 et
697 4422 764 4485 2;
791 4420 848 4476 S.
868 4421 1093 4486 Bonav.,
1119 4418 1344 4489 qu:esti0
1370 4420 1394 4473 1
1423 4428 1474 4473 et
1501 4419 1564 4484 3;
1590 4417 1846 4489 Richard.

247 4501 439 4557 quaest.
477 4490 499 4544 1
527 4507 540 4554 ;
573 4493 757 4547 Albert
788 4507 840 4560 p.
873 4507 948 4559 p.,
978 4487 1168 4560 quiest.
1203 4491 1292 4557 77,
1319 4492 1518 4546 memb.
1560 4490 1630 4560 3;
1659 4487 1846 4544 Alens.

245 4575 304 4616 ιιι
334 4578 410 4627 ειη
440 4572 631 4632 qua-st.
655 4562 748 4629 96,
779 4559 973 4617 memb.
997 4559 1058 4617 Β.
1553 4559 1741 4615 Ιειευε.

324 4632 392 4687 Ut
416 4630 854 4701 providentissime:
882 4633 975 4687 illa
1004 4636 1264 4704 majeslas.
1293 4632 1379 4688 Sic
1400 4632 1616 4704 reposui
1654 4647 1722 4685 ex
1752 4630 1844 4684 de-

246 4718 364 4759 cem
415 4705 802 4774 antiquioribus
849 4714 904 4759 et
959 4702 1256 4773 potioribus
1310 4702 1545 4758 mssjlu
1588 4702 1719 4756 Pen.
1763 4711 1848 4774 est

247 4775 683 4902 srudentissima;
725 4778 776 4830 in
822 4777 853 4830 7
894 4785 977 4831 est
1013 4777 1150 4846 quod
1195 4774 1319 4841 illa,
1352 4791 1473 4846 quae
1510 4780 1672 4829 voCes
1714 4775 1768 4828 in
1813 4773 1848 4828 5

287 4862 418 4902 csuu
449 4883 461 4895 .

287 4857 461 4902 CSUlll.

320 4916 699 4972 Provehantur.
725 4917 778 4972 In
805 4932 904 4971 ms.
937 4916 1092 4981 Bov.,

323 4988 592 5060 Dependit.
627 4988 697 5044 lla
719 5005 846 5044 mss.
866 4989 899 5044 5
922 4988 1076 5060 Reg.,
1095 4987 1255 5044 Goth.
1275 4988 1525 5060 Torncs.,
1550 4985 1846 5060 Colotnesq

250 5057 486 5123 Balliol.,
522 5060 664 5123 Enn,
698 5061 873 5125 Cant.,
905 5059 938 5112 1t
968 5057 1146 5126 Cblh.,
1179 5061 1351 5128 Lips.,
1385 5057 1644 5125 Clarom.,
1680 5057 1844 5111 Bruu.

250 5141 305 5187 et
333 5132 462 5186 edit.
488 5131 645 5186 Rom.
689 5131 847 5192 M70,
879 5133 1023 5202 Crat.
1059 5132 1108 5185 in
1143 5147 1314 5202 marg.
1344 5141 1397 5184 ct
1425 5130 1624 5199 Graph.
1663 5129 1711 5183 id
1745 5139 1848 5192 est,

249 5205 501 5268 rependit,
531 5202 674 5270 quod
703 5212 784 5256 est
821 5203 871 5255 in
900 5201 1220 5273 Regio-Pot.
1252 5219 1346 5256 seu
1372 5210 1684 5268 compensat,
1713 5211 1763 5252 ut
1797 5203 1849 5255 in

250 5274 378 5328 edit.
415 5275 590 5329 Betui.
627 5274 680 5326 In
717 5274 752 5327 5
802 5273 959 5342 Reg,
1001 5276 1036 5328 ‘2
1064 5275 1244 5339 Colb.,
1276 5273 1456 5328 Baluz.
1489 5283 1544 5326 et
1576 5273 1627 5326 in
1659 5288 1849 5325 novem

249 5346 480 5471 vulgatis
508 5343 860 5415 deprehendit,
887 5345 1109 5402 vitiose:
1139 5344 1479 5417 reprehendit,
1507 5343 1683 5398 adlmc
1700 5344 1850 5412 pejus

249 5432 305 5471 in
385 5432 522 5471 arm.

249 5432 305 5472 In
336 5432 522 5471 alarm.

322 5487 526 5542 Fmtum
579 5485 850 5540 ediderint.
910 5486 979 5541 Ut
1045 5486 1141 5542 inf.
1197 5487 1358 5558 Lips.
1406 5494 1528 5558 te_rt.
1592 5485 1848 5558 Reimm.,

252 5558 427 5628 [telum
455 5559 732 5612 emiserint.
767 5559 968 5613 Arnob.
998 5558 1089 5612 lib.
1122 5575 1182 5626 tt,
1212 5555 1274 5629 p.’
1299 5556 1390 5622 54,
1428 5555 1508 5612 Ea:
1553 5556 1680 5629 aleis
1733 5560 1854 5628 fun-

251 5627 424 5684 dimur
447 5641 596 5700 atque
624 5629 899 5700 emittinmr
928 5639 1168 5700 matrum.
1215 5627 1225 5629 ἡ
1611 5627 1743 5684 Βυιιιζ

326 5699 539 5754 (ierunt.
571 5699 628 5753 In
659 5715 758 5753 ms.
787 5699 914 5754 Bov.
948 5699 1155 5754 Geram.

1126 4917 1484 4985 prove/tentur.

325 5772 451 5827 Sine
493 5780 716 5824 matrum
755 5770 1113 5824 sollicitudine.
1157 5772 1244 5827 Sic
1273 5772 1456 5842 legunt
1492 5769 1619 5826 Mss.
1650 5770 1856 5842 Regio-

253 5843 399 5909 Put.,
441 5843 478 5896 2
524 5842 594 5895 al.
640 5842 798 5910 Reg,
842 5842 1072 5906 Bonon.,
1100 5843 1134 5896 '2
1174 5841 1352 5906 Colh.,
1382 5843 1614 5905 Erasm.,
1646 5841 1853 5906 Baluz.,

258 5915 446 5985 Cauc.,
478 5913 626 5984 Lips.
661 5922 716 5968 ct
744 5914 916 5969 cunCIi
944 5914 1055 5971 fere
1084 5915 1232 5971 editi.
1269 5913 1438 5970 Abest
1464 5922 1679 5966 matrum
1703 5927 1734 5968 a
1763 5914 1855 5968 de-

1945 3080 2065 3122 cem
2092 3081 2223 3120 mss.
2255 3081 2365 3120 rec.
2400 3075 2453 3120 et
2483 3066 2610 3120 edit.
2638 3067 2797 3120 Rom.
2830 3067 2990 3123 M70.

2017 3137 2089 3190 Et
2117 3138 2361 3191 ciborum.
2397 3136 2453 3190 In
2477 3137 2574 3191 Ms.
2612 3137 2770 3196 Bov..
2805 3137 2977 3191 Etiam
3008 3138 3254 3193 ciborum.

2017 3207 2426 3262 Discursatione.
2457 3208 2530 3262 Ita
2560 3208 2775 3274 reposui
2795 3223 2861 3263 ex
2893 3209 3140 3264 omnibus
3162 3209 3274 3264 fere
3304 3223 3434 3265 mss.
3465 3224 3560 3265 co-

1945 3279 2154 3334 dicibus
2191 3289 2245 3333 et
2287 3289 2396 3334 vet.
2433 3281 2590 3334 editis
2620 3280 2815 3350 Rom.,
2873 3279 3094 3350 Gymn.,
3149 3279 3376 3350 Graph.,
3417 3281 3558 3336 'l‘or-

1947 3365 2092 3416 nes.,
2135 3350 2307 3404 Betul.
2360 3365 2570 3406 necnon
2601 3349 2798 3405 Cellar.
2844 3361 2899 3405 et
2927 3349 3138 3405 Walcb.
3174 3349 3458 3416 Et'recte,
3504 3362 3562 3409 ut
3619 3401 3636 3419 ,

1945 3431 2094 3491 puto.
2122 3420 2258 3476 Vide
2291 3421 2426 3476 infra
2455 3421 2519 3475 ad
2562 3423 2721 3476 linem
2751 3421 2974 3492 hujusce
3013 3423 3226 3491 capitis,
3270 3424 3441 3476 auium
3467 3441 3560 3490 per

1945 3509 2114 3546 aerem
2145 3491 2301 3546 libera
2330 3491 2655 3546 discursatio.
2687 3493 2741 3545 ln
2773 3509 2873 3546 ms.
2903 3507 2918 3546 l
2948 3492 3100 3547 Colb.
3149 3509 3258 3549 rec.
3292 3504 3347 3548 et
3373 3494 3406 3549 9
3445 3495 3559 3550 edi-

1946 3565 2017 3618 tis
2047 3575 2130 3619 est
2151 3565 2500 3628 discursione;
2528 3565 2580 3618 itt
2611 3581 2626 3618 ι
2653 3565 2786 3632 Reg.
2817 3565 3124 3618 conlatione.

2021 3635 2155 3701 Quia
2181 3652 2284 3688 non
2305 3645 2534 3690 materno
2567 3651 2798 3704 corpore.
2845 3635 2967 3689 H2130
2991 3635 3100 3689 duo
3127 3643 3380 3689 extrema
3398 3649 3559 3690 voea-

1947 3707 2070 3762 bula
2098 3707 2292 3762 absunt
2316 3721 2346 3760 a
2379 3722 2509 3760 mss.
2532 3723 2547 3760 ι
2572 3707 2731 3770 Bon.,
2759 3705 2922 3760 Cauc.
2952 3716 3007 3760 et
3037 3706 3264 3776 vulgatis
3289 3709 3554 3774 quinque:

1947 3787 2341 3904 cxtantdautem
2387 3778 2442 3832 in
2473 3779 2684 3834 caeteris
2711 3777 3228 3844 maximo‘numero,
3277 3786 3390 3833 tum
3421 3793 3554 3833 mss.

1948 3859 2062 3904 tum
2094 3866 2123 3904 e
2165 3859 2274 3903 itis.

1948 3859 2062 3905 tum
2094 3851 2274 3904 editis.

2020 3922 2126 3976 Sed
2154 3923 2308 3991 quod.
2335 3919 2630 3975 Buneman.
2666 3919 2847 3986 habet,
2871 3920 2961 3973 sed
2987 3920 3061 3984 id,
3102 3921 3260 3991 quod,
3289 3928 3557 3991 etnotam

1948 3989 2262 4061 sequentem
2284 3993 2600 4047 exbibet.—
2618 3991 2725 4062 Sed
2750 3991 2825 4058 id,
2857 3991 3012 4062 quod.
3063 3989 3220 4062 \’en.,
3268 3989 3428 4056 1M5,
3463 3991 3556 4057 97,

1949 4063 2165 4126 Parrb.,
2216 4064 2364 4124 Ald.,
2413 4062 2582 4129 Crat.,
2620 4061 2806 4134 Fasit.,
2850 4061 3080 4134 Grypb.,
3113 4061 3305 4134 Torn‘.,
3349 4061 3554 4128 Betul.,

1949 4134 2205 4188 Thomas.
2239 4144 2293 4188 et
2328 4133 2631 4204 seqq.,lsed
2661 4134 2818 4204 quod.
2866 4131 3088 4188 Plenius
3117 4131 3395 4204 Anglicani
3427 4147 3558 4202 sep-

1952 4215 2078 4272 tem,
2113 4205 2299 4269 Goth.,
2329 4201 2500 4273 Lips},
2533 4201 2788 4268 Reinim.,
2814 4204 2987 4261 Subl..
3019 4204 3200 4273 Rost.,
3227 4201 3360 4257 Ven.
3393 4201 3555 4267 1471.

1951 4277 2042 4340 72,
2076 4288 2300 4346 utraque
2345 4272 2432 4343 78,
2477 4277 2671 4338 Paris.,
2706 4276 2938 4336 l5rasm.,
2965 4273 3126 4346 Frob.
3158 4272 3317 4346 1529,
3347 4289 3558 4345 gymu.,

1948 4348 2038 4402 sed
2087 4348 2142 4400 id
2189 4345 2346 4418 quod.
2399 4347 2746 4402 lleumaunus
2783 4361 2850 4400 ex
2884 4346 2938 4398 id
2965 4345 3100 4415 quod
3146 4345 3335 4471 efﬁngit;
3383 4361 3553 4400 ovunt.

3323 4433 3407 4471 un.

3323 4433 3407 4471 UN.

2025 4488 2184 4544 Fotu.
2220 4489 2276 4544 ln
2303 4487 2618 4559 quibusdam
2659 4501 2768 4543 rec.
2799 4501 2932 4542 mss.
2963 4495 3016 4542 et
3040 4487 3272 4558 vulgatis
3302 4497 3386 4543 est
3410 4491 3556 4559 fietu,

1875 4557 1930 4616 D
1955 4572 2228 4630 corrupte.

2024 4632 2091 4686 1d
2117 4628 2230 4687 uero
2257 4631 2503 4703 implume
2529 4647 2590 4684 ac
2619 4638 2866 4684 tenerum.
2909 4628 3038 4685 Haec
3080 4630 3244 4686 verba
3275 4629 3557 4686 Glossema

1950 4705 2198 4760 videntur
2216 4704 2566 4767 Heumanno;
2593 4718 2657 4757 ac
2684 4712 2850 4757 recte.

2026 4797 2149 4851 Non
2195 4813 2335 4865 ergo.
2387 4795 2462 4849 Ita
2517 4810 2647 4848 mss.
2697 4795 2730 4848 5
2779 4793 2933 4861 ch.,
2977 4790 3303 4865 4_Colbert.,
3346 4792 3556 4865 Baluz.,

1951 4868 2162 4933 Marm.,
2216 4862 2474 4930 Clarom.,
2523 4865 2696 4934 Lips.,
2749 4865 2938 4922 Brun..
2999 4862 3160 4927 Bov.,
3217 4863 3346 4934 edit.
3393 4862 3550 4918 Rom.

1953 4940 2115 5002 N70,
2148 4937 2308 4996 1474,
2361 4933 2840 5006 Graph.,Cellar.,
2885 4934 3096 4989 Walcb.
3126 4935 3184 4989 lu
3217 4950 3230 4989 t
3257 4933 3412 4989 Colb.
3443 4950 3553 4990 rec.

1952 5020 2007 5065 et
2033 5026 2225 5064 novem
2247 5009 2405 5063 editis
2425 5019 2508 5062 est
2533 5007 2676 5077 Num
2695 5023 2834 5077 ergo.

2028 5082 2155 5134 Tam
2177 5083 2414 5150 inﬁrmat.
2448 5079 2601 5134 Adde
2631 5076 2954 5131 Nascuntur.

2027 5175 2214 5245 Igitur.
2248 5175 2303 5230 ln
2345 5190 2446 5230 ms.
2481 5175 2610 5228 Bov.
2643 5189 2796 5245 ergo;
2832 5186 2905 5245 _ac
2948 5167 3062 5225 fere
3115 5184 3346 5240 semper,
3384 5170 3470 5223 ubi
3507 5169 3556 5224 in

1955 5243 2114 5302 editis
2143 5257 2226 5302 est
2251 5248 2424 5318 igitur,
2455 5261 2552 5298 ms.
2580 5247 2710 5299 Bov.
2742 5243 2867 5318 legit
2897 5258 3036 5311 ergo.

2031 5318 2214 5374 Utrum
2238 5311 2413 5371 malint
2437 5319 2713 5369 humanam
2733 5317 3052 5384 sapientiam.
3083 5311 3170 5365 Sic
3189 5319 3396 5384 veteres
3425 5311 3553 5384 editi

1956 5399 2010 5444 et
2037 5405 2166 5444 mss.
2191 5399 2382 5458 printer
2407 5405 2422 5441 ι
2444 5388 2650 5442 Βοιιοιι.
2681 5397 2733 5440 et
2756 5402 2772 5438 ι
2794 5381 2954 5438 Colb.
2981 5398 3044 5437 ac
3070 5397 3177 5436 rec.
3203 5382 3332 5436 edit.
3361 5381 3558 5451 quibus

1956 5473 2040 5517 est
2064 5463 2405 5515 liumananme
2433 5459 2753 5528 sapientiam.

2030 5553 2158 5608 Cum
2185 5553 2392 5608 illarum
2431 5559 2635 5604 natura.
2677 5545 2975 5604 lrrationali
3006 5541 3227 5596 scilicet.
3278 5542 3334 5596 ln
3362 5557 3492 5598 mss.
3526 5545 3559 5598 6

1959 5641 2069 5682 rec.
2097 5636 2150 5681 et
2166 5625 2294 5679 edit.
2311 5624 2346 5676 2
2366 5624 2518 5676 Rom.
2541 5632 2621 5675 est
2643 5621 2850 5694 illorum
2869 5633 2886 5680 ;
2913 5616 2965 5694 in
2988 5613 3206 5694 t_(.}olb.,
3236 5615 3561 5694 eorttm._E_1t-

1961 5698 2121 5766 punxi
2151 5696 2330 5765 spuria
2361 5703 2588 5766 quatuor
2611 5687 2887 5766 vocabula,
2923 5685 3058 5766 Quid
3085 5685 3562 5766 optumatium-clis

1959 5755 2122 5850 'gunt?
2151 5755 2270 5836 qua:
2296 5755 2538 5842 absunta
2559 5761 2628 5842 ‘26.
2655 5775 2786 5842 m‘ss.
2812 5767 2910 5809 eta
2942 5765 3049 5850 vel.
3067 5755 3258 5850 editis.
3286 5756 3354 5809 At
3378 5763 3562 5811 extant

1960 5823 2013 5895 in
2047 5852 2150 5891 uno
2170 5823 2506 5891 'Bononiensi
2532 5841 2586 5886 et
2617 5832 2667 5884 in
2698 5830 2729 5881 :‘i
2759 5841 2869 5881 rec.
2902 5823 3154 5896 vulgatis.

1959 5936 1972 5984 ;
2032 5909 2258 5966 Scilicet.
2291 5907 2388 5965 llic
2417 5903 2664 5967 sumitur,
2710 5913 2805 5970 pro
2835 5907 2986 5954 certe.
