  <div class='ocr_page' id='page_1' title='image "/cluster/home/n/w/nwhite01/storage/ocr_20150623/7/hvd.32044015471246/016.png"; bbox 0 0 4034 6354; ppageno 0'>
   <div class='ocr_carea' id='block_1_1' title="bbox 273 304 1876 392">
    <p class='ocr_par' dir='ltr' id='par_1_1' title="bbox 273 304 1876 387">
     <span class='ocr_line' id='line_1_1' title="bbox 273 304 1876 387; baseline 0.009 -23"><span class='ocrx_word' id='word_1_1' title='bbox 273 304 346 364; x_wconf 77' lang='grc'><strong>21</strong></span> <span class='ocrx_word' id='word_1_2' title='bbox 1273 309 1557 387; x_wconf 65' lang='grc' dir='ltr'><strong>ΟΑΡ.Ξ,ΙῩ.</strong></span> <span class='ocrx_word' id='word_1_3' title='bbox 1601 315 1690 375; x_wconf 83' lang='lat' dir='ltr'><strong>DE</strong></span> <span class='ocrx_word' id='word_1_4' title='bbox 1727 315 1800 375; x_wconf 81' lang='grc' dir='ltr'><strong>ιιι</strong></span> <span class='ocrx_word' id='word_1_5' title='bbox 1808 316 1876 378; x_wconf 75' lang='grc' dir='ltr'><strong><em>ΒΕ</em></strong></span> 
     </span>
    </p>
   </div>
   <div class='ocr_carea' id='block_1_2' title="bbox 1985 304 2601 392">
    <p class='ocr_par' dir='ltr' id='par_1_2' title="bbox 1985 318 2601 392">
     <span class='ocr_line' id='line_1_2' title="bbox 1985 318 2601 392; baseline 0.021 -12"><span class='ocrx_word' id='word_1_6' title='bbox 1985 318 2262 384; x_wconf 53' lang='grc' dir='ltr'><strong>μωΤΔΤΕ</strong></span> <span class='ocrx_word' id='word_1_7' title='bbox 2300 325 2601 392; x_wconf 64' lang='grc' dir='ltr'>ιιοιιιιιιε.</span> 
     </span>
    </p>
   </div>
   <div class='ocr_carea' id='block_1_3' title="bbox 3516 345 3607 407">
    <p class='ocr_par' dir='ltr' id='par_1_3' title="bbox 3516 345 3607 407">
     <span class='ocr_line' id='line_1_3' title="bbox 3516 345 3607 407; baseline 0 -2"><span class='ocrx_word' id='word_1_8' title='bbox 3516 345 3607 407; x_wconf 63' lang='grc' dir='ltr'><strong>ει</strong></span> 
     </span>
    </p>
   </div>
   <div class='ocr_carea' id='block_1_4' title="bbox 273 416 3583 531">
    <p class='ocr_par' dir='ltr' id='par_1_4' title="bbox 273 416 3583 531">
     <span class='ocr_line' id='line_1_4' title="bbox 273 416 3583 531; baseline 0.008 -36"><span class='ocrx_word' id='word_1_9' title='bbox 273 416 501 531; x_wconf 62' lang='grc' dir='ltr'><strong>ξιυῖάθιξι</strong></span> <span class='ocrx_word' id='word_1_10' title='bbox 534 431 745 495; x_wconf 66' lang='grc' dir='ltr'><strong>Ροβεθῑυ</strong></span> <span class='ocrx_word' id='word_1_11' title='bbox 758 424 1009 498; x_wconf 71' lang='lat' dir='ltr'><strong>quoniam</strong></span> <span class='ocrx_word' id='word_1_12' title='bbox 1034 437 1180 531; x_wconf 45' lang='lat' dir='ltr'><strong>mor?</strong></span> <span class='ocrx_word' id='word_1_13' title='bbox 1201 424 1420 531; x_wconf 52' lang='lat' dir='ltr'><strong>“quem</strong></span> <span class='ocrx_word' id='word_1_14' title='bbox 1436 427 1747 531; x_wconf 58' lang='lat' dir='ltr'><strong>mof&#39;bol‘ﬂm</strong></span> <span class='ocrx_word' id='word_1_15' title='bbox 1763 438 1866 488; x_wconf 69' lang='grc' dir='ltr'>εει·</span> <span class='ocrx_word' id='word_1_16' title='bbox 1895 433 1951 499; x_wconf 75' lang='grc' dir='ltr'><strong>Δ</strong></span> <span class='ocrx_word' id='word_1_17' title='bbox 1973 447 2037 495; x_wconf 82' lang='lat' dir='ltr'><strong>ea</strong></span> <span class='ocrx_word' id='word_1_18' title='bbox 2063 436 2371 500; x_wconf 87' lang='lat' dir='ltr'><strong>conditione</strong></span> <span class='ocrx_word' id='word_1_19' title='bbox 2399 452 2668 514; x_wconf 77' lang='lat' dir='ltr'><strong>nascatur,</strong></span> <span class='ocrx_word' id='word_1_20' title='bbox 2698 462 2803 521; x_wconf 86' lang='lat' dir='ltr'><strong>qua</strong></span> <span class='ocrx_word' id='word_1_21' title='bbox 2825 450 3014 508; x_wconf 88' lang='lat' dir='ltr'><strong>morbo</strong></span> <span class='ocrx_word' id='word_1_22' title='bbox 3036 455 3266 515; x_wconf 80' lang='lat' dir='ltr'><strong>mortive</strong></span> <span class='ocrx_word' id='word_1_23' title='bbox 3295 459 3583 531; x_wconf 72' lang='lat' dir='ltr'><strong>subjectus</strong></span> 
     </span>
    </p>
   </div>
   <div class='ocr_carea' id='block_1_5' title="bbox 272 510 1889 592">
    <p class='ocr_par' dir='ltr' id='par_1_5' title="bbox 272 510 1889 592">
     <span class='ocr_line' id='line_1_5' title="bbox 272 510 1889 592; baseline 0.012 -24"><span class='ocrx_word' id='word_1_24' title='bbox 272 510 579 570; x_wconf 83' lang='lat' dir='ltr'><strong>Immatura</strong></span> <span class='ocrx_word' id='word_1_25' title='bbox 609 529 744 572; x_wconf 86' lang='lat' dir='ltr'><strong>vero</strong></span> <span class='ocrx_word' id='word_1_26' title='bbox 771 530 922 572; x_wconf 89' lang='lat' dir='ltr'><strong>mors</strong></span> <span class='ocrx_word' id='word_1_27' title='bbox 950 514 1216 587; x_wconf 90' lang='lat' dir='ltr'><strong>quomodo</strong></span> <span class='ocrx_word' id='word_1_28' title='bbox 1240 515 1455 576; x_wconf 83' lang='lat' dir='ltr'><strong>abesset</strong></span> <span class='ocrx_word' id='word_1_29' title='bbox 1476 520 1546 577; x_wconf 88' lang='lat' dir='ltr'><strong>ab</strong></span> <span class='ocrx_word' id='word_1_30' title='bbox 1571 536 1658 592; x_wconf 88' lang='lat' dir='ltr'><strong>eo,</strong></span> <span class='ocrx_word' id='word_1_31' title='bbox 1689 526 1776 583; x_wconf 89' lang='lat' dir='ltr'><strong>cui</strong></span> <span class='ocrx_word' id='word_1_32' title='bbox 1800 542 1889 587; x_wconf 87' lang='lat' dir='ltr'><strong>es-</strong></span> 
     </span>
    </p>
   </div>
   <div class='ocr_carea' id='block_1_6' title="bbox 274 606 1887 678">
    <p class='ocr_par' dir='ltr' id='par_1_6' title="bbox 274 606 1887 678">
     <span class='ocr_line' id='line_1_6' title="bbox 274 606 1887 678; baseline 0.011 -17"><span class='ocrx_word' id='word_1_33' title='bbox 274 612 366 663; x_wconf 83' lang='lat' dir='ltr'><strong>set</strong></span> <span class='ocrx_word' id='word_1_34' title='bbox 392 606 693 662; x_wconf 90' lang='lat' dir='ltr'><strong>constituta</strong></span> <span class='ocrx_word' id='word_1_35' title='bbox 719 608 965 664; x_wconf 79' lang='lat' dir='ltr'><strong>matura?</strong></span> <span class='ocrx_word' id='word_1_36' title='bbox 987 611 1195 678; x_wconf 82' lang='lat' dir='ltr'><strong>Nempe</strong></span> <span class='ocrx_word' id='word_1_37' title='bbox 1219 606 1422 664; x_wconf 90' lang='lat' dir='ltr'><strong>nullum</strong></span> <span class='ocrx_word' id='word_1_38' title='bbox 1450 607 1725 671; x_wconf 86' lang='lat' dir='ltr'><strong>hominem</strong></span> <span class='ocrx_word' id='word_1_39' title='bbox 1748 620 1887 678; x_wconf 87' lang='lat' dir='ltr'><strong>mori</strong></span> 
     </span>
    </p>
   </div>
   <div class='ocr_carea' id='block_1_7' title="bbox 274 696 1886 774">
    <p class='ocr_par' dir='ltr' id='par_1_7' title="bbox 274 696 1886 774">
     <span class='ocr_line' id='line_1_7' title="bbox 274 696 1886 774; baseline 0.009 -21"><span class='ocrx_word' id='word_1_40' title='bbox 274 696 497 765; x_wconf 74' lang='lat' dir='ltr'><strong>volunt,</strong></span> <span class='ocrx_word' id='word_1_41' title='bbox 533 698 640 754; x_wconf 94' lang='lat' dir='ltr'><strong>nisi</strong></span> <span class='ocrx_word' id='word_1_42' title='bbox 669 713 792 755; x_wconf 89' lang='lat' dir='ltr'><strong>cum</strong></span> <span class='ocrx_word' id='word_1_43' title='bbox 820 698 1174 755; x_wconf 88' lang='lat' dir='ltr'><strong>centesimum</strong></span> <span class='ocrx_word' id='word_1_44' title='bbox 1199 700 1375 756; x_wconf 66' lang='lat' dir='ltr'><strong>artatis</strong></span> <span class='ocrx_word' id='word_1_45' title='bbox 1412 704 1765 774; x_wconf 74' lang='lat' dir='ltr'><strong>compleverit</strong></span> <span class='ocrx_word' id='word_1_46' title='bbox 1784 725 1886 767; x_wconf 89' lang='lat' dir='ltr'><strong>an-</strong></span> 
     </span>
    </p>
   </div>
   <div class='ocr_carea' id='block_1_8' title="bbox 274 792 1885 864">
    <p class='ocr_par' dir='ltr' id='par_1_8' title="bbox 274 792 1885 864">
     <span class='ocr_line' id='line_1_8' title="bbox 274 792 1885 864; baseline 0.009 -18"><span class='ocrx_word' id='word_1_47' title='bbox 274 806 434 846; x_wconf 86' lang='lat' dir='ltr'><strong>num.</strong></span> <span class='ocrx_word' id='word_1_48' title='bbox 464 792 758 860; x_wconf 85' lang='lat' dir='ltr'><strong>Quomodo</strong></span> <span class='ocrx_word' id='word_1_49' title='bbox 787 792 891 848; x_wconf 84' lang='lat' dir='ltr'><strong>illis</strong></span> <span class='ocrx_word' id='word_1_50' title='bbox 917 792 969 848; x_wconf 90' lang='lat' dir='ltr'><strong>in</strong></span> <span class='ocrx_word' id='word_1_51' title='bbox 991 799 1135 848; x_wconf 84' lang='lat' dir='ltr'><strong>tanta</strong></span> <span class='ocrx_word' id='word_1_52' title='bbox 1163 794 1513 864; x_wconf 84' lang='lat' dir='ltr'><strong>repugnantia</strong></span> <span class='ocrx_word' id='word_1_53' title='bbox 1540 812 1718 854; x_wconf 89' lang='lat' dir='ltr'><strong>rerum</strong></span> <span class='ocrx_word' id='word_1_54' title='bbox 1741 803 1885 861; x_wconf 91' lang='lat' dir='ltr'><strong>ratio</strong></span> 
     </span>
    </p>
   </div>
   <div class='ocr_carea' id='block_1_9' title="bbox 273 883 1887 955">
    <p class='ocr_par' dir='ltr' id='par_1_9' title="bbox 273 883 1887 955">
     <span class='ocr_line' id='line_1_9' title="bbox 273 883 1887 955; baseline 0.008 -16"><span class='ocrx_word' id='word_1_55' title='bbox 273 884 490 955; x_wconf 80' lang='lat' dir='ltr'><strong>poterit</strong></span> <span class='ocrx_word' id='word_1_56' title='bbox 514 884 818 941; x_wconf 78' lang='lat' dir='ltr'><strong>constare?</strong></span> <span class='ocrx_word' id='word_1_57' title='bbox 853 883 924 941; x_wconf 84' lang='lat' dir='ltr'><strong>Ut</strong></span> <span class='ocrx_word' id='word_1_58' title='bbox 952 884 1095 939; x_wconf 91' lang='lat' dir='ltr'><strong>enim</strong></span> <span class='ocrx_word' id='word_1_59' title='bbox 1135 894 1262 941; x_wconf 86' lang='lat' dir='ltr'><strong>ante</strong></span> <span class='ocrx_word' id='word_1_60' title='bbox 1305 899 1476 942; x_wconf 91' lang='lat' dir='ltr'><strong>annos</strong></span> <span class='ocrx_word' id='word_1_61' title='bbox 1501 900 1718 947; x_wconf 84' lang='lat' dir='ltr'><strong>centum</strong></span> <span class='ocrx_word' id='word_1_62' title='bbox 1745 894 1887 953; x_wconf 91' lang='lat' dir='ltr'><strong>mori</strong></span> 
     </span>
    </p>
   </div>
   <div class='ocr_carea' id='block_1_10' title="bbox 275 974 1882 1053">
    <p class='ocr_par' dir='ltr' id='par_1_10' title="bbox 275 974 1882 1053">
     <span class='ocr_line' id='line_1_10' title="bbox 275 974 1882 1053; baseline 0.005 -19"><span class='ocrx_word' id='word_1_63' title='bbox 275 980 516 1050; x_wconf 85' lang='lat' dir='ltr'><strong>quisque</strong></span> <span class='ocrx_word' id='word_1_64' title='bbox 547 995 656 1035; x_wconf 91' lang='lat' dir='ltr'><strong>non</strong></span> <span class='ocrx_word' id='word_1_65' title='bbox 681 978 869 1051; x_wconf 82' lang='lat' dir='ltr'><strong>possit,</strong></span> <span class='ocrx_word' id='word_1_66' title='bbox 901 978 1104 1050; x_wconf 89' lang='lat' dir='ltr'><strong>aliquid</strong></span> <span class='ocrx_word' id='word_1_67' title='bbox 1147 974 1225 1034; x_wconf 83' lang='lat' dir='ltr'><strong>illi</strong></span> <span class='ocrx_word' id='word_1_68' title='bbox 1263 979 1654 1053; x_wconf 83' lang='lat' dir='ltr'><strong>roboris,un</strong></span> <span class='ocrx_word' id='word_1_69' title='bbox 1679 986 1752 1040; x_wconf 86' lang='lat' dir='ltr'><strong>sit</strong></span> <span class='ocrx_word' id='word_1_70' title='bbox 1779 986 1882 1043; x_wconf 90' lang='lat' dir='ltr'><strong>im-</strong></span> 
     </span>
    </p>
   </div>
   <div class='ocr_carea' id='block_1_11' title="bbox 276 1069 1886 1142">
    <p class='ocr_par' dir='ltr' id='par_1_11' title="bbox 276 1069 1886 1142">
     <span class='ocr_line' id='line_1_11' title="bbox 276 1069 1886 1142; baseline 0.006 -14"><span class='ocrx_word' id='word_1_71' title='bbox 276 1074 532 1141; x_wconf 81' lang='lat' dir='ltr'><strong>mortale,</strong></span> <span class='ocrx_word' id='word_1_72' title='bbox 564 1070 906 1128; x_wconf 87' lang='lat' dir='ltr'><strong>tribuendum</strong></span> <span class='ocrx_word' id='word_1_73' title='bbox 934 1078 1035 1128; x_wconf 87' lang='lat' dir='ltr'><strong>est.</strong></span> <span class='ocrx_word' id='word_1_74' title='bbox 1065 1069 1184 1139; x_wconf 85' lang='lat' dir='ltr'><strong>Quo</strong></span> <span class='ocrx_word' id='word_1_75' title='bbox 1222 1085 1505 1142; x_wconf 86' lang='lat' dir='ltr'><strong>concesso,</strong></span> <span class='ocrx_word' id='word_1_76' title='bbox 1532 1090 1754 1134; x_wconf 89' lang='lat' dir='ltr'><strong>necesse</strong></span> <span class='ocrx_word' id='word_1_77' title='bbox 1801 1089 1886 1136; x_wconf 83' lang='lat' dir='ltr'><strong>est</strong></span> 
     </span>
    </p>
   </div>
   <div class='ocr_carea' id='block_1_12' title="bbox 278 1164 1884 1246">
    <p class='ocr_par' dir='ltr' id='par_1_12' title="bbox 278 1164 1884 1246">
     <span class='ocr_line' id='line_1_12' title="bbox 278 1164 1884 1246; baseline 0.004 -22"><span class='ocrx_word' id='word_1_78' title='bbox 278 1166 652 1224; x_wconf 80' lang='lat' dir='ltr'><strong>conditionem</strong></span> <span class='ocrx_word' id='word_1_79' title='bbox 682 1166 872 1222; x_wconf 92' lang='lat' dir='ltr'><strong>mortis</strong></span> <span class='ocrx_word' id='word_1_80' title='bbox 916 1165 1149 1222; x_wconf 84' lang='lat' dir='ltr'><strong>excludi.</strong></span> <span class='ocrx_word' id='word_1_81' title='bbox 1180 1164 1239 1222; x_wconf 89' lang='lat' dir='ltr'><strong>Id</strong></span> <span class='ocrx_word' id='word_1_82' title='bbox 1268 1174 1446 1224; x_wconf 89' lang='lat' dir='ltr'><strong>autem</strong></span> <span class='ocrx_word' id='word_1_83' title='bbox 1496 1172 1670 1241; x_wconf 89' lang='lat' dir='ltr'><strong>ipsum</strong></span> <span class='ocrx_word' id='word_1_84' title='bbox 1703 1174 1884 1246; x_wconf 86' lang='lat' dir='ltr'><strong>cujus-</strong></span> 
     </span>
    </p>
   </div>
   <div class='ocr_carea' id='block_1_13' title="bbox 276 1256 1883 1331">
    <p class='ocr_par' dir='ltr' id='par_1_13' title="bbox 276 1256 1883 1331">
     <span class='ocr_line' id='line_1_13' title="bbox 276 1256 1883 1331; baseline 0.003 -12"><span class='ocrx_word' id='word_1_85' title='bbox 276 1260 430 1319; x_wconf 88' lang='lat' dir='ltr'><strong>modi</strong></span> <span class='ocrx_word' id='word_1_86' title='bbox 460 1269 642 1331; x_wconf 87' lang='lat' dir='ltr'><strong>potest</strong></span> <span class='ocrx_word' id='word_1_87' title='bbox 672 1274 833 1325; x_wconf 67' lang='lat' dir='ltr'><strong>esse,</strong></span> <span class='ocrx_word' id='word_1_88' title='bbox 861 1257 1003 1329; x_wconf 92' lang='lat' dir='ltr'><strong>quod</strong></span> <span class='ocrx_word' id='word_1_89' title='bbox 1041 1256 1316 1315; x_wconf 86' lang='lat' dir='ltr'><strong>hominem</strong></span> <span class='ocrx_word' id='word_1_90' title='bbox 1365 1270 1553 1317; x_wconf 89' lang='lat' dir='ltr'><strong>contra</strong></span> <span class='ocrx_word' id='word_1_91' title='bbox 1585 1260 1804 1321; x_wconf 82' lang='lat' dir='ltr'><strong>morbos</strong></span> <span class='ocrx_word' id='word_1_92' title='bbox 1828 1277 1883 1325; x_wconf 89' lang='lat' dir='ltr'><strong>et</strong></span> 
     </span>
    </p>
   </div>
   <div class='ocr_carea' id='block_1_14' title="bbox 277 1352 1880 1426">
    <p class='ocr_par' dir='ltr' id='par_1_14' title="bbox 277 1352 1880 1426">
     <span class='ocr_line' id='line_1_14' title="bbox 277 1352 1880 1426; baseline 0.003 -14"><span class='ocrx_word' id='word_1_93' title='bbox 277 1352 424 1413; x_wconf 80' lang='lat' dir='ltr'><strong>ictus</strong></span> <span class='ocrx_word' id='word_1_94' title='bbox 447 1364 736 1409; x_wconf 87' lang='lat' dir='ltr'><strong>extraneos</strong></span> <span class='ocrx_word' id='word_1_95' title='bbox 779 1352 1013 1407; x_wconf 85' lang='lat' dir='ltr'><strong>solidum</strong></span> <span class='ocrx_word' id='word_1_96' title='bbox 1061 1360 1225 1423; x_wconf 85' lang='lat' dir='ltr'><strong>atque</strong></span> <span class='ocrx_word' id='word_1_97' title='bbox 1286 1352 1760 1426; x_wconf 79' lang='lat' dir='ltr'><strong>inexpugnabilem</strong></span> <span class='ocrx_word' id='word_1_98' title='bbox 1796 1359 1880 1416; x_wconf 84' lang='lat' dir='ltr'><strong>fa-</strong></span> 
     </span>
    </p>
   </div>
   <div class='ocr_carea' id='block_1_15' title="bbox 277 1444 1883 1520">
    <p class='ocr_par' dir='ltr' id='par_1_15' title="bbox 277 1444 1883 1520">
     <span class='ocr_line' id='line_1_15' title="bbox 277 1444 1883 1520; baseline 0.005 -15"><span class='ocrx_word' id='word_1_99' title='bbox 277 1445 386 1505; x_wconf 82' lang='lat' dir='ltr'><strong>ciat</strong></span> <span class='ocrx_word' id='word_1_100' title='bbox 410 1444 590 1501; x_wconf 69' lang='lat' dir='ltr'><strong>lCum</strong></span> <span class='ocrx_word' id='word_1_101' title='bbox 612 1446 757 1502; x_wconf 89' lang='lat' dir='ltr'><strong>enim</strong></span> <span class='ocrx_word' id='word_1_102' title='bbox 783 1455 996 1502; x_wconf 89' lang='lat' dir='ltr'><strong>constet</strong></span> <span class='ocrx_word' id='word_1_103' title='bbox 1021 1461 1089 1502; x_wconf 82' lang='lat' dir='ltr'><strong>ex</strong></span> <span class='ocrx_word' id='word_1_104' title='bbox 1126 1446 1363 1514; x_wconf 87' lang='lat' dir='ltr'><strong>ossibus,</strong></span> <span class='ocrx_word' id='word_1_105' title='bbox 1394 1460 1450 1506; x_wconf 89' lang='lat' dir='ltr'><strong>et</strong></span> <span class='ocrx_word' id='word_1_106' title='bbox 1496 1452 1697 1520; x_wconf 83' lang='lat' dir='ltr'><strong>nervis,</strong></span> <span class='ocrx_word' id='word_1_107' title='bbox 1729 1465 1783 1511; x_wconf 90' lang='lat' dir='ltr'><strong>et</strong></span> <span class='ocrx_word' id='word_1_108' title='bbox 1803 1455 1883 1513; x_wconf 86' lang='lat' dir='ltr'><strong>vi-</strong></span> 
     </span>
    </p>
   </div>
   <div class='ocr_carea' id='block_1_16' title="bbox 280 1538 1883 1613">
    <p class='ocr_par' dir='ltr' id='par_1_16' title="bbox 280 1538 1883 1613">
     <span class='ocr_line' id='line_1_16' title="bbox 280 1538 1883 1613; baseline 0.007 -20"><span class='ocrx_word' id='word_1_109' title='bbox 280 1538 548 1606; x_wconf 86' lang='lat' dir='ltr'><strong>sceribus,</strong></span> <span class='ocrx_word' id='word_1_110' title='bbox 578 1548 635 1594; x_wconf 90' lang='lat' dir='ltr'><strong>et</strong></span> <span class='ocrx_word' id='word_1_111' title='bbox 682 1539 943 1609; x_wconf 76' lang='lat' dir='ltr'><strong>sanguine</strong></span> <span class='ocrx_word' id='word_1_112' title='bbox 966 1580 981 1606; x_wconf 87' lang='lat'><strong>,</strong></span> <span class='ocrx_word' id='word_1_113' title='bbox 1028 1538 1154 1610; x_wconf 88' lang='lat' dir='ltr'><strong>quid</strong></span> <span class='ocrx_word' id='word_1_114' title='bbox 1199 1539 1389 1596; x_wconf 87' lang='lat' dir='ltr'><strong>horum</strong></span> <span class='ocrx_word' id='word_1_115' title='bbox 1417 1552 1597 1613; x_wconf 87' lang='lat' dir='ltr'><strong>potest</strong></span> <span class='ocrx_word' id='word_1_116' title='bbox 1622 1560 1744 1602; x_wconf 87' lang='lat' dir='ltr'><strong>esse</strong></span> <span class='ocrx_word' id='word_1_117' title='bbox 1772 1556 1883 1607; x_wconf 86' lang='lat' dir='ltr'><strong>tam</strong></span> 
     </span>
    </p>
   </div>
   <div class='ocr_carea' id='block_1_17' title="bbox 279 1627 1881 1712">
    <p class='ocr_par' dir='ltr' id='par_1_17' title="bbox 279 1627 1881 1712">
     <span class='ocr_line' id='line_1_17' title="bbox 279 1627 1881 1712; baseline 0.007 -27"><span class='ocrx_word' id='word_1_118' title='bbox 279 1629 521 1695; x_wconf 75' lang='lat' dir='ltr'><strong>ﬁrmum,</strong></span> <span class='ocrx_word' id='word_1_119' title='bbox 563 1638 620 1685; x_wconf 92' lang='lat' dir='ltr'><strong>ut</strong></span> <span class='ocrx_word' id='word_1_120' title='bbox 665 1627 1008 1701; x_wconf 84' lang='lat' dir='ltr'><strong>fragilitatem</strong></span> <span class='ocrx_word' id='word_1_121' title='bbox 1035 1630 1262 1702; x_wconf 84' lang='lat' dir='ltr'><strong>repellat</strong></span> <span class='ocrx_word' id='word_1_122' title='bbox 1289 1635 1351 1688; x_wconf 80' lang='lat' dir='ltr'><strong>ac</strong></span> <span class='ocrx_word' id='word_1_123' title='bbox 1392 1638 1667 1693; x_wconf 78' lang='lat' dir='ltr'><strong>mortem?</strong></span> <span class='ocrx_word' id='word_1_124' title='bbox 1690 1636 1759 1695; x_wconf 88' lang='lat' dir='ltr'><strong>Ut</strong></span> <span class='ocrx_word' id='word_1_125' title='bbox 1783 1640 1881 1712; x_wconf 83' lang='lat' dir='ltr'><strong>igi-</strong></span> 
     </span>
    </p>
   </div>
   <div class='ocr_carea' id='block_1_18' title="bbox 284 1720 1878 1800">
    <p class='ocr_par' dir='ltr' id='par_1_18' title="bbox 284 1720 1878 1800">
     <span class='ocr_line' id='line_1_18' title="bbox 284 1720 1878 1800; baseline 0.008 -25"><span class='ocrx_word' id='word_1_126' title='bbox 284 1729 375 1776; x_wconf 85' lang='lat' dir='ltr'><strong>tur</strong></span> <span class='ocrx_word' id='word_1_127' title='bbox 406 1721 568 1777; x_wconf 88' lang='lat' dir='ltr'><strong>homo</strong></span> <span class='ocrx_word' id='word_1_128' title='bbox 590 1720 971 1777; x_wconf 88' lang='lat' dir='ltr'><strong>indissolubilis</strong></span> <span class='ocrx_word' id='word_1_129' title='bbox 994 1723 1064 1777; x_wconf 88' lang='lat' dir='ltr'><strong>sit</strong></span> <span class='ocrx_word' id='word_1_130' title='bbox 1101 1732 1229 1779; x_wconf 86' lang='lat' dir='ltr'><strong>ante</strong></span> <span class='ocrx_word' id='word_1_131' title='bbox 1270 1724 1321 1780; x_wconf 93' lang='lat' dir='ltr'><strong>id</strong></span> <span class='ocrx_word' id='word_1_132' title='bbox 1353 1733 1584 1798; x_wconf 88' lang='lat' dir='ltr'><strong>tempus,</strong></span> <span class='ocrx_word' id='word_1_133' title='bbox 1615 1730 1760 1800; x_wconf 90' lang='lat' dir='ltr'><strong>quod</strong></span> <span class='ocrx_word' id='word_1_134' title='bbox 1799 1733 1878 1788; x_wconf 86' lang='lat' dir='ltr'><strong>illi</strong></span> 
     </span>
    </p>
   </div>
   <div class='ocr_carea' id='block_1_19' title="bbox 1988 526 3705 626">
    <p class='ocr_par' dir='ltr' id='par_1_19' title="bbox 1988 526 3705 626">
     <span class='ocr_line' id='line_1_19' title="bbox 1988 526 3705 626; baseline 0.019 -43"><span class='ocrx_word' id='word_1_135' title='bbox 1988 526 2081 594; x_wconf 86' lang='lat' dir='ltr'><strong>sit,</strong></span> <span class='ocrx_word' id='word_1_136' title='bbox 2108 528 2213 626; x_wconf 82' lang='lat' dir='ltr'><strong>nisi</strong></span> <span class='ocrx_word' id='word_1_137' title='bbox 2240 540 2459 603; x_wconf 85' lang='lat' dir='ltr'><strong>peracto</strong></span> <span class='ocrx_word' id='word_1_138' title='bbox 2517 537 2691 595; x_wconf 76' lang='lat' dir='ltr'><strong>aetatis</strong></span> <span class='ocrx_word' id='word_1_139' title='bbox 2714 553 2828 598; x_wconf 59' lang='lat' dir='ltr'><strong>sua;</strong></span> <span class='ocrx_word' id='word_1_140' title='bbox 2872 544 3073 615; x_wconf 62' lang='lat' dir='ltr'><strong>spatio,</strong></span> <span class='ocrx_word' id='word_1_141' title='bbox 3096 547 3167 605; x_wconf 83' lang='lat' dir='ltr'><strong>ad</strong></span> <span class='ocrx_word' id='word_1_142' title='bbox 3192 526 3435 608; x_wconf 73' lang='lat' dir='ltr'><strong>ultimam</strong></span> <span class='ocrx_word' id='word_1_143' title='bbox 3462 568 3593 626; x_wconf 70' lang='grc' dir='ltr'>ιιι-οη</span> <span class='ocrx_word' id='word_1_144' title='bbox 3694 593 3705 602; x_wconf 71' lang='lat'><strong>~</strong></span> 
     </span>
    </p>
   </div>
   <div class='ocr_carea' id='block_1_20' title="bbox 1988 623 3599 709">
    <p class='ocr_par' dir='ltr' id='par_1_20' title="bbox 1988 623 3599 709">
     <span class='ocr_line' id='line_1_20' title="bbox 1988 623 3599 709; baseline 0.017 -31"><span class='ocrx_word' id='word_1_145' title='bbox 1988 623 2212 680; x_wconf 87' lang='lat' dir='ltr'><strong>cesserit</strong></span> <span class='ocrx_word' id='word_1_146' title='bbox 2249 636 2604 689; x_wconf 83' lang='lat' dir='ltr'><strong>senectutem.</strong></span> <span class='ocrx_word' id='word_1_147' title='bbox 2633 630 2751 691; x_wconf 86' lang='lat' dir='ltr'><strong>Non</strong></span> <span class='ocrx_word' id='word_1_148' title='bbox 2779 634 2942 706; x_wconf 89' lang='lat' dir='ltr'><strong>igitur</strong></span> <span class='ocrx_word' id='word_1_149' title='bbox 2964 637 3171 709; x_wconf 79' lang='lat' dir='ltr'><strong>vident,</strong></span> <span class='ocrx_word' id='word_1_150' title='bbox 3191 642 3238 699; x_wconf 80' lang='lat' dir='ltr'><strong>si</strong></span> <span class='ocrx_word' id='word_1_151' title='bbox 3256 642 3332 700; x_wconf 90' lang='lat' dir='ltr'><strong>ita</strong></span> <span class='ocrx_word' id='word_1_152' title='bbox 3362 646 3439 703; x_wconf 83' lang='lat' dir='ltr'><strong>sit</strong></span> <span class='ocrx_word' id='word_1_153' title='bbox 3457 623 3599 704; x_wconf 76' lang='lat' dir='ltr'><strong>eon-</strong></span> 
     </span>
    </p>
   </div>
   <div class='ocr_carea' id='block_1_21' title="bbox 1987 712 3595 808">
    <p class='ocr_par' dir='ltr' id='par_1_21' title="bbox 1987 712 3595 808">
     <span class='ocr_line' id='line_1_21' title="bbox 1987 712 3595 808; baseline 0.019 -41"><span class='ocrx_word' id='word_1_154' title='bbox 1987 712 2255 785; x_wconf 83' lang='lat' dir='ltr'><strong>stituturn,</strong></span> <span class='ocrx_word' id='word_1_155' title='bbox 2282 718 2412 790; x_wconf 91' lang='lat' dir='ltr'><strong>quid</strong></span> <span class='ocrx_word' id='word_1_156' title='bbox 2436 730 2715 793; x_wconf 85' lang='lat' dir='ltr'><strong>sequatur,</strong></span> <span class='ocrx_word' id='word_1_157' title='bbox 2738 727 2885 787; x_wconf 88' lang='lat' dir='ltr'><strong>omni</strong></span> <span class='ocrx_word' id='word_1_158' title='bbox 2910 729 3094 802; x_wconf 86' lang='lat' dir='ltr'><strong>utique</strong></span> <span class='ocrx_word' id='word_1_159' title='bbox 3114 744 3315 792; x_wconf 68' lang='lat' dir='ltr'><strong>caetero</strong></span> <span class='ocrx_word' id='word_1_160' title='bbox 3341 745 3595 808; x_wconf 73' lang='lat' dir='ltr'><strong>tempore</strong></span> 
     </span>
    </p>
   </div>
   <div class='ocr_carea' id='block_1_22' title="bbox 1986 808 3591 895">
    <p class='ocr_par' dir='ltr' id='par_1_22' title="bbox 1986 808 3591 895">
     <span class='ocr_line' id='line_1_22' title="bbox 1986 808 3591 895; baseline 0.016 -34"><span class='ocrx_word' id='word_1_161' title='bbox 1986 808 2127 863; x_wconf 89' lang='lat' dir='ltr'><strong>mori</strong></span> <span class='ocrx_word' id='word_1_162' title='bbox 2153 809 2303 867; x_wconf 88' lang='lat' dir='ltr'><strong>nullo</strong></span> <span class='ocrx_word' id='word_1_163' title='bbox 2326 813 2491 871; x_wconf 90' lang='lat' dir='ltr'><strong>modo</strong></span> <span class='ocrx_word' id='word_1_164' title='bbox 2520 830 2681 887; x_wconf 84' lang='lat' dir='ltr'><strong>posse</strong></span> <span class='ocrx_word' id='word_1_165' title='bbox 2704 834 2721 873; x_wconf 89' lang='lat'><strong>:</strong></span> <span class='ocrx_word' id='word_1_166' title='bbox 2750 819 2869 888; x_wconf 86' lang='lat' dir='ltr'><strong>sed,</strong></span> <span class='ocrx_word' id='word_1_167' title='bbox 2915 823 2963 879; x_wconf 90' lang='lat' dir='ltr'><strong>si</strong></span> <span class='ocrx_word' id='word_1_168' title='bbox 2986 825 3262 895; x_wconf 79' lang='lat' dir='ltr'><strong>prohiberi</strong></span> <span class='ocrx_word' id='word_1_169' title='bbox 3316 829 3388 887; x_wconf 85' lang='lat' dir='ltr'><strong>ab</strong></span> <span class='ocrx_word' id='word_1_170' title='bbox 3408 830 3591 887; x_wconf 79' lang='lat' dir='ltr'><strong>altero</strong></span> 
     </span>
    </p>
   </div>
   <div class='ocr_carea' id='block_1_23' title="bbox 1984 900 3593 1003">
    <p class='ocr_par' dir='ltr' id='par_1_23' title="bbox 1984 900 3593 1003">
     <span class='ocr_line' id='line_1_23' title="bbox 1984 900 3593 1003; baseline 0.016 -48"><span class='ocrx_word' id='word_1_171' title='bbox 1984 900 2130 1003; x_wconf 77' lang='lat' dir='ltr'><strong>victu</strong></span> <span class='ocrx_word' id='word_1_172' title='bbox 2170 912 2372 1003; x_wconf 80' lang='lat' dir='ltr'><strong>potest,</strong></span> <span class='ocrx_word' id='word_1_173' title='bbox 2414 908 2559 965; x_wconf 87' lang='lat' dir='ltr'><strong>mori</strong></span> <span class='ocrx_word' id='word_1_174' title='bbox 2604 913 2838 981; x_wconf 85' lang='lat' dir='ltr'><strong>poterit;</strong></span> <span class='ocrx_word' id='word_1_175' title='bbox 2868 929 2961 971; x_wconf 80' lang='lat' dir='ltr'><strong>res</strong></span> <span class='ocrx_word' id='word_1_176' title='bbox 2987 916 3150 986; x_wconf 88' lang='lat' dir='ltr'><strong>igitur</strong></span> <span class='ocrx_word' id='word_1_177' title='bbox 3171 921 3358 992; x_wconf 71' lang='lat' dir='ltr'><strong>exigit,</strong></span> <span class='ocrx_word' id='word_1_178' title='bbox 3389 931 3447 978; x_wconf 92' lang='lat' dir='ltr'><strong>ut</strong></span> <span class='ocrx_word' id='word_1_179' title='bbox 3484 922 3593 980; x_wconf 86' lang='lat' dir='ltr'><strong>bo-</strong></span> 
     </span>
    </p>
   </div>
   <div class='ocr_carea' id='block_1_24' title="bbox 1984 992 3592 1082">
    <p class='ocr_par' dir='ltr' id='par_1_24' title="bbox 1984 992 3592 1082">
     <span class='ocr_line' id='line_1_24' title="bbox 1984 992 3592 1082; baseline 0.015 -34"><span class='ocrx_word' id='word_1_180' title='bbox 1984 992 2140 1061; x_wconf 88' lang='lat' dir='ltr'><strong>mini,</strong></span> <span class='ocrx_word' id='word_1_181' title='bbox 2170 996 2262 1066; x_wconf 87' lang='lat' dir='ltr'><strong>qui</strong></span> <span class='ocrx_word' id='word_1_182' title='bbox 2286 1005 2413 1055; x_wconf 85' lang='lat' dir='ltr'><strong>ante</strong></span> <span class='ocrx_word' id='word_1_183' title='bbox 2447 1009 2655 1057; x_wconf 88' lang='lat' dir='ltr'><strong>certum</strong></span> <span class='ocrx_word' id='word_1_184' title='bbox 2694 1001 2839 1059; x_wconf 87' lang='lat' dir='ltr'><strong>diem</strong></span> <span class='ocrx_word' id='word_1_185' title='bbox 2880 1006 3023 1062; x_wconf 87' lang='lat' dir='ltr'><strong>mori</strong></span> <span class='ocrx_word' id='word_1_186' title='bbox 3064 1025 3173 1067; x_wconf 87' lang='lat' dir='ltr'><strong>non</strong></span> <span class='ocrx_word' id='word_1_187' title='bbox 3202 1021 3403 1082; x_wconf 82' lang='lat' dir='ltr'><strong>potest,</strong></span> <span class='ocrx_word' id='word_1_188' title='bbox 3435 1012 3592 1070; x_wconf 82' lang='lat' dir='ltr'><strong>cibo—</strong></span> 
     </span>
    </p>
   </div>
   <div class='ocr_carea' id='block_1_25' title="bbox 1984 1087 3589 1173">
    <p class='ocr_par' dir='ltr' id='par_1_25' title="bbox 1984 1087 3589 1173">
     <span class='ocr_line' id='line_1_25' title="bbox 1984 1087 3589 1173; baseline 0.014 -32"><span class='ocrx_word' id='word_1_189' title='bbox 1984 1101 2104 1143; x_wconf 87' lang='lat' dir='ltr'><strong>rum</strong></span> <span class='ocrx_word' id='word_1_190' title='bbox 2133 1087 2424 1160; x_wconf 83' lang='lat' dir='ltr'><strong>alimentis,</strong></span> <span class='ocrx_word' id='word_1_191' title='bbox 2451 1091 2577 1162; x_wconf 86' lang='lat' dir='ltr'><strong>quia</strong></span> <span class='ocrx_word' id='word_1_192' title='bbox 2602 1092 2845 1152; x_wconf 84' lang='lat' dir='ltr'><strong>subtrahi</strong></span> <span class='ocrx_word' id='word_1_193' title='bbox 2877 1108 3125 1170; x_wconf 84' lang='lat' dir='ltr'><strong>possunt,</strong></span> <span class='ocrx_word' id='word_1_194' title='bbox 3154 1115 3294 1173; x_wconf 86' lang='lat' dir='ltr'><strong>opus</strong></span> <span class='ocrx_word' id='word_1_195' title='bbox 3337 1120 3445 1162; x_wconf 88' lang='lat' dir='ltr'><strong>non</strong></span> <span class='ocrx_word' id='word_1_196' title='bbox 3489 1106 3589 1163; x_wconf 81' lang='lat' dir='ltr'><strong>sit.</strong></span> 
     </span>
    </p>
   </div>
   <div class='ocr_carea' id='block_1_26' title="bbox 1985 1173 3593 1258">
    <p class='ocr_par' dir='ltr' id='par_1_26' title="bbox 1985 1173 3593 1258">
     <span class='ocr_line' id='line_1_26' title="bbox 1985 1173 3593 1258; baseline 0.014 -28"><span class='ocrx_word' id='word_1_197' title='bbox 1985 1173 2042 1231; x_wconf 89' lang='lat' dir='ltr'><strong>Si</strong></span> <span class='ocrx_word' id='word_1_198' title='bbox 2070 1190 2205 1248; x_wconf 89' lang='lat' dir='ltr'><strong>opus</strong></span> <span class='ocrx_word' id='word_1_199' title='bbox 2228 1176 2350 1235; x_wconf 89' lang='lat' dir='ltr'><strong>cibo</strong></span> <span class='ocrx_word' id='word_1_200' title='bbox 2385 1195 2495 1237; x_wconf 81' lang='lat' dir='ltr'><strong>non</strong></span> <span class='ocrx_word' id='word_1_201' title='bbox 2532 1183 2657 1251; x_wconf 84' lang='lat' dir='ltr'><strong>crit,</strong></span> <span class='ocrx_word' id='word_1_202' title='bbox 2696 1183 2810 1254; x_wconf 85' lang='lat' dir='ltr'><strong>jam</strong></span> <span class='ocrx_word' id='word_1_203' title='bbox 2834 1200 2944 1243; x_wconf 86' lang='lat' dir='ltr'><strong>non</strong></span> <span class='ocrx_word' id='word_1_204' title='bbox 2985 1186 3152 1245; x_wconf 87' lang='lat' dir='ltr'><strong>homo</strong></span> <span class='ocrx_word' id='word_1_205' title='bbox 3182 1190 3294 1258; x_wconf 87' lang='lat' dir='ltr'><strong>ille,</strong></span> <span class='ocrx_word' id='word_1_206' title='bbox 3315 1192 3412 1250; x_wconf 84' lang='lat' dir='ltr'><strong>sed</strong></span> <span class='ocrx_word' id='word_1_207' title='bbox 3444 1194 3593 1253; x_wconf 77' lang='lat' dir='ltr'><strong>Deus</strong></span> 
     </span>
    </p>
   </div>
   <div class='ocr_carea' id='block_1_27' title="bbox 1984 1268 3629 1354">
    <p class='ocr_par' dir='ltr' id='par_1_27' title="bbox 1984 1268 3629 1354">
     <span class='ocr_line' id='line_1_27' title="bbox 1984 1268 3629 1354; baseline 0.014 -31"><span class='ocrx_word' id='word_1_208' title='bbox 1984 1268 2097 1324; x_wconf 78' lang='lat' dir='ltr'><strong>fiet.</strong></span> <span class='ocrx_word' id='word_1_209' title='bbox 2129 1269 2274 1341; x_wconf 84' lang='lat' dir='ltr'><strong>Ergo</strong></span> <span class='ocrx_word' id='word_1_210' title='bbox 2299 1269 2383 1343; x_wconf 90' lang='lat' dir='ltr'><strong>(ut</strong></span> <span class='ocrx_word' id='word_1_211' title='bbox 2422 1276 2674 1346; x_wconf 85' lang='lat' dir='ltr'><strong>superius</strong></span> <span class='ocrx_word' id='word_1_212' title='bbox 2697 1275 2833 1352; x_wconf 81' lang='lat' dir='ltr'><strong>dixi)</strong></span> <span class='ocrx_word' id='word_1_213' title='bbox 2859 1279 2953 1349; x_wconf 90' lang='lat' dir='ltr'><strong>qui</strong></span> <span class='ocrx_word' id='word_1_214' title='bbox 2998 1279 3067 1337; x_wconf 88' lang='lat' dir='ltr'><strong>de</strong></span> <span class='ocrx_word' id='word_1_215' title='bbox 3094 1279 3384 1354; x_wconf 68' lang='lat' dir='ltr'><strong>fragilitate</strong></span> <span class='ocrx_word' id='word_1_216' title='bbox 3408 1285 3587 1343; x_wconf 74' lang='lat' dir='ltr'><strong>homi-</strong></span> <span class='ocrx_word' id='word_1_217' title='bbox 3624 1342 3629 1347; x_wconf 84' lang='lat'><strong>.</strong></span> 
     </span>
    </p>
   </div>
   <div class='ocr_carea' id='block_1_28' title="bbox 1983 1361 3593 1447">
    <p class='ocr_par' dir='ltr' id='par_1_28' title="bbox 1983 1361 3593 1447">
     <span class='ocr_line' id='line_1_28' title="bbox 1983 1361 3593 1447; baseline 0.012 -32"><span class='ocrx_word' id='word_1_218' title='bbox 1983 1361 2070 1417; x_wconf 90' lang='lat' dir='ltr'><strong>nis</strong></span> <span class='ocrx_word' id='word_1_219' title='bbox 2119 1374 2438 1434; x_wconf 88' lang='lat' dir='ltr'><strong>queruntur,</strong></span> <span class='ocrx_word' id='word_1_220' title='bbox 2469 1365 2524 1422; x_wconf 92' lang='lat' dir='ltr'><strong>id</strong></span> <span class='ocrx_word' id='word_1_221' title='bbox 2562 1368 2900 1438; x_wconf 88' lang='lat' dir='ltr'><strong>potissimum</strong></span> <span class='ocrx_word' id='word_1_222' title='bbox 2942 1383 3268 1444; x_wconf 86' lang='lat' dir='ltr'><strong>queruntur,</strong></span> <span class='ocrx_word' id='word_1_223' title='bbox 3296 1375 3438 1447; x_wconf 88' lang='lat' dir='ltr'><strong>quod</strong></span> <span class='ocrx_word' id='word_1_224' title='bbox 3474 1391 3593 1445; x_wconf 81' lang='lat' dir='ltr'><strong>non,</strong></span> 
     </span>
    </p>
   </div>
   <div class='ocr_carea' id='block_1_29' title="bbox 1985 1455 3595 1540">
    <p class='ocr_par' dir='ltr' id='par_1_29' title="bbox 1985 1455 3595 1540">
     <span class='ocr_line' id='line_1_29' title="bbox 1985 1455 3595 1540; baseline 0.009 -28"><span class='ocrx_word' id='word_1_225' title='bbox 1985 1455 2319 1512; x_wconf 82' lang='lat' dir='ltr'><strong>immortales</strong></span> <span class='ocrx_word' id='word_1_226' title='bbox 2341 1466 2399 1513; x_wconf 93' lang='lat' dir='ltr'><strong>ct</strong></span> <span class='ocrx_word' id='word_1_227' title='bbox 2422 1459 2735 1531; x_wconf 87' lang='lat' dir='ltr'><strong>sempiterni</strong></span> <span class='ocrx_word' id='word_1_228' title='bbox 2756 1461 2864 1518; x_wconf 90' lang='lat' dir='ltr'><strong>sint</strong></span> <span class='ocrx_word' id='word_1_229' title='bbox 2886 1464 3017 1521; x_wconf 87' lang='lat' dir='ltr'><strong>nati.</strong></span> <span class='ocrx_word' id='word_1_230' title='bbox 3040 1463 3235 1536; x_wconf 78' lang='lat' dir='ltr'><strong>Nemo,</strong></span> <span class='ocrx_word' id='word_1_231' title='bbox 3264 1467 3370 1524; x_wconf 85' lang='lat' dir='ltr'><strong>nisi</strong></span> <span class='ocrx_word' id='word_1_232' title='bbox 3393 1483 3595 1540; x_wconf 77' lang='lat' dir='ltr'><strong>senex,</strong></span> 
     </span>
    </p>
   </div>
   <div class='ocr_carea' id='block_1_30' title="bbox 1983 1547 3589 1633">
    <p class='ocr_par' dir='ltr' id='par_1_30' title="bbox 1983 1547 3589 1633">
     <span class='ocr_line' id='line_1_30' title="bbox 1983 1547 3589 1633; baseline 0.011 -30"><span class='ocrx_word' id='word_1_233' title='bbox 1983 1548 2121 1605; x_wconf 91' lang='lat' dir='ltr'><strong>mori</strong></span> <span class='ocrx_word' id='word_1_234' title='bbox 2146 1547 2329 1604; x_wconf 85' lang='lat' dir='ltr'><strong>debet.</strong></span> <span class='ocrx_word' id='word_1_235' title='bbox 2359 1547 2565 1621; x_wconf 87' lang='lat' dir='ltr'><strong>Nempe</strong></span> <span class='ocrx_word' id='word_1_236' title='bbox 2596 1552 2718 1613; x_wconf 88' lang='lat' dir='ltr'><strong>ideo</strong></span> <span class='ocrx_word' id='word_1_237' title='bbox 2762 1554 2898 1611; x_wconf 91' lang='lat' dir='ltr'><strong>mori</strong></span> <span class='ocrx_word' id='word_1_238' title='bbox 2926 1555 3115 1628; x_wconf 85' lang='lat' dir='ltr'><strong>debet,</strong></span> <span class='ocrx_word' id='word_1_239' title='bbox 3142 1560 3269 1633; x_wconf 81' lang='lat' dir='ltr'><strong>quia</strong></span> <span class='ocrx_word' id='word_1_240' title='bbox 3299 1560 3443 1618; x_wconf 87' lang='lat' dir='ltr'><strong>Deus</strong></span> <span class='ocrx_word' id='word_1_241' title='bbox 3471 1577 3589 1621; x_wconf 75' lang='lat' dir='ltr'><strong>non</strong></span> 
     </span>
    </p>
   </div>
   <div class='ocr_carea' id='block_1_31' title="bbox 1981 1641 3593 1721">
    <p class='ocr_par' dir='ltr' id='par_1_31' title="bbox 1981 1641 3593 1721">
     <span class='ocr_line' id='line_1_31' title="bbox 1981 1641 3593 1721; baseline 0.012 -24"><span class='ocrx_word' id='word_1_242' title='bbox 1981 1649 2085 1697; x_wconf 87' lang='lat' dir='ltr'><strong>est.</strong></span> <span class='ocrx_word' id='word_1_243' title='bbox 2128 1641 2621 1713; x_wconf 46' lang='lat' dir='ltr'><strong>Atquiguortalitas</strong></span> <span class='ocrx_word' id='word_1_244' title='bbox 2651 1660 2777 1721; x_wconf 22' lang='lat' dir='ltr'><strong>non,</strong></span> <span class='ocrx_word' id='word_1_245' title='bbox 2802 1657 2987 1720; x_wconf 80' lang='lat' dir='ltr'><strong>potest</strong></span> <span class='ocrx_word' id='word_1_246' title='bbox 3010 1664 3139 1707; x_wconf 84' lang='lat' dir='ltr'><strong>cum</strong></span> <span class='ocrx_word' id='word_1_247' title='bbox 3174 1651 3593 1716; x_wconf 77' lang='lat' dir='ltr'><strong>immortalitate</strong></span> 
     </span>
    </p>
   </div>
   <div class='ocr_carea' id='block_1_32' title="bbox 1982 1732 3588 1815">
    <p class='ocr_par' dir='ltr' id='par_1_32' title="bbox 1982 1732 3588 1815">
     <span class='ocr_line' id='line_1_32' title="bbox 1982 1732 3588 1815; baseline 0.009 -25"><span class='ocrx_word' id='word_1_248' title='bbox 1982 1732 2255 1806; x_wconf 81' lang='lat' dir='ltr'><strong>conjungi.</strong></span> <span class='ocrx_word' id='word_1_249' title='bbox 2286 1734 2341 1795; x_wconf 89' lang='lat' dir='ltr'><strong>Si</strong></span> <span class='ocrx_word' id='word_1_250' title='bbox 2366 1734 2512 1791; x_wconf 88' lang='lat' dir='ltr'><strong>enim</strong></span> <span class='ocrx_word' id='word_1_251' title='bbox 2541 1739 2785 1797; x_wconf 87' lang='lat' dir='ltr'><strong>mortalis</strong></span> <span class='ocrx_word' id='word_1_252' title='bbox 2809 1749 2894 1799; x_wconf 85' lang='lat' dir='ltr'><strong>est</strong></span> <span class='ocrx_word' id='word_1_253' title='bbox 2936 1742 2993 1801; x_wconf 85' lang='lat' dir='ltr'><strong>in</strong></span> <span class='ocrx_word' id='word_1_254' title='bbox 3022 1752 3328 1815; x_wconf 82' lang='lat' dir='ltr'><strong>senectute,</strong></span> <span class='ocrx_word' id='word_1_255' title='bbox 3349 1746 3588 1805; x_wconf 74' lang='lat' dir='ltr'><strong>humor-</strong></span> 
     </span>
    </p>
   </div>
   <div class='ocr_carea' id='block_1_33' title="bbox 284 1813 3584 1907">
    <p class='ocr_par' dir='ltr' id='par_1_33' title="bbox 284 1813 3584 1907">
     <span class='ocr_line' id='line_1_33' title="bbox 284 1813 3584 1907; baseline 0.011 -42"><span class='ocrx_word' id='word_1_256' title='bbox 284 1820 480 1907; x_wconf 80' lang='lat' dir='ltr'><strong>putant</strong></span> <span class='ocrx_word' id='word_1_257' title='bbox 505 1813 1114 1907; x_wconf 27' lang='lat' dir='ltr'><strong>oportuisse-constitui,</strong></span> <span class='ocrx_word' id='word_1_258' title='bbox 1136 1829 1205 1907; x_wconf 66' lang='lat' dir='ltr'><strong>ea</strong></span> <span class='ocrx_word' id='word_1_259' title='bbox 1230 1831 1336 1887; x_wconf 89' lang='lat' dir='ltr'><strong>qua</strong></span> <span class='ocrx_word' id='word_1_260' title='bbox 1361 1818 1410 1872; x_wconf 92' lang='lat' dir='ltr'><strong>ei</strong></span> <span class='ocrx_word' id='word_1_261' title='bbox 1432 1820 1657 1875; x_wconf 87' lang='lat' dir='ltr'><strong>materia</strong></span> <span class='ocrx_word' id='word_1_262' title='bbox 1678 1836 1875 1894; x_wconf 88' lang='lat' dir='ltr'><strong>corpus</strong></span> <span class='ocrx_word' id='word_1_263' title='bbox 1903 1829 1951 1890; x_wconf 91' lang='lat' dir='ltr'><strong>B</strong></span> <span class='ocrx_word' id='word_1_264' title='bbox 1981 1829 2103 1885; x_wconf 87' lang='lat' dir='ltr'><strong>talis</strong></span> <span class='ocrx_word' id='word_1_265' title='bbox 2130 1844 2255 1887; x_wconf 89' lang='lat' dir='ltr'><strong>esse</strong></span> <span class='ocrx_word' id='word_1_266' title='bbox 2296 1830 2351 1884; x_wconf 92' lang='lat' dir='ltr'><strong>in</strong></span> <span class='ocrx_word' id='word_1_267' title='bbox 2370 1829 2731 1891; x_wconf 84' lang='lat' dir='ltr'><strong>adolescentia</strong></span> <span class='ocrx_word' id='word_1_268' title='bbox 2759 1848 2869 1889; x_wconf 88' lang='lat' dir='ltr'><strong>non</strong></span> <span class='ocrx_word' id='word_1_269' title='bbox 2909 1844 3131 1907; x_wconf 83' lang='lat' dir='ltr'><strong>potest;</strong></span> <span class='ocrx_word' id='word_1_270' title='bbox 3157 1853 3260 1895; x_wconf 86' lang='lat' dir='ltr'><strong>nec</strong></span> <span class='ocrx_word' id='word_1_271' title='bbox 3308 1848 3393 1897; x_wconf 85' lang='lat' dir='ltr'><strong>est</strong></span> <span class='ocrx_word' id='word_1_272' title='bbox 3415 1841 3486 1899; x_wconf 84' lang='lat' dir='ltr'><strong>ab</strong></span> <span class='ocrx_word' id='word_1_273' title='bbox 3509 1856 3584 1899; x_wconf 83' lang='lat' dir='ltr'><strong>eo</strong></span> 
     </span>
    </p>
   </div>
   <div class='ocr_carea' id='block_1_34' title="bbox 282 1902 3571 2001">
    <p class='ocr_par' dir='ltr' id='par_1_34' title="bbox 282 1902 3571 2001">
     <span class='ocr_line' id='line_1_34' title="bbox 282 1902 3571 2001; baseline 0.009 -42"><span class='ocrx_word' id='word_1_274' title='bbox 282 1902 860 1975; x_wconf 76' lang='lat' dir='ltr'><strong>attribuent‘lFragilia</strong></span> <span class='ocrx_word' id='word_1_275' title='bbox 890 1913 1017 1961; x_wconf 87' lang='lat' dir='ltr'><strong>sunt</strong></span> <span class='ocrx_word' id='word_1_276' title='bbox 1044 1905 1246 1975; x_wconf 84' lang='lat' dir='ltr'><strong>omnia,</strong></span> <span class='ocrx_word' id='word_1_277' title='bbox 1275 1922 1396 1978; x_wconf 83' lang='lat' dir='ltr'><strong>quae</strong></span> <span class='ocrx_word' id='word_1_278' title='bbox 1418 1910 1610 1979; x_wconf 90' lang='lat' dir='ltr'><strong>videri,</strong></span> <span class='ocrx_word' id='word_1_279' title='bbox 1639 1927 1702 1969; x_wconf 91' lang='lat' dir='ltr'><strong>ac</strong></span> <span class='ocrx_word' id='word_1_280' title='bbox 1731 1915 1876 1988; x_wconf 88' lang='lat' dir='ltr'><strong>tangi</strong></span> <span class='ocrx_word' id='word_1_281' title='bbox 1972 1918 2209 1976; x_wconf 86' lang='lat' dir='ltr'><strong>conditio</strong></span> <span class='ocrx_word' id='word_1_282' title='bbox 2232 1921 2421 1977; x_wconf 89' lang='lat' dir='ltr'><strong>mortis</strong></span> <span class='ocrx_word' id='word_1_283' title='bbox 2447 1922 2651 1992; x_wconf 83' lang='lat' dir='ltr'><strong>aliena,</strong></span> <span class='ocrx_word' id='word_1_284' title='bbox 2667 1925 2758 1995; x_wconf 86' lang='lat' dir='ltr'><strong>qui</strong></span> <span class='ocrx_word' id='word_1_285' title='bbox 2785 1902 3423 2000; x_wconf 76' lang='lat' dir='ltr'><strong>quandoquetuoriturtts</strong></span> <span class='ocrx_word' id='word_1_286' title='bbox 3443 1943 3571 2001; x_wconf 77' lang='lat' dir='ltr'><strong>est;</strong></span> 
     </span>
    </p>
   </div>
   <div class='ocr_carea' id='block_1_35' title="bbox 279 2000 3583 2087">
    <p class='ocr_par' dir='ltr' id='par_1_35' title="bbox 279 2000 3583 2087">
     <span class='ocr_line' id='line_1_35' title="bbox 279 2000 3583 2087; baseline 0.009 -32"><span class='ocrx_word' id='word_1_287' title='bbox 279 2008 529 2071; x_wconf 89' lang='lat' dir='ltr'><strong>possunt.</strong></span> <span class='ocrx_word' id='word_1_288' title='bbox 574 2000 851 2073; x_wconf 87' lang='lat' dir='ltr'><strong>Superest,</strong></span> <span class='ocrx_word' id='word_1_289' title='bbox 898 2012 955 2058; x_wconf 91' lang='lat' dir='ltr'><strong>ut</strong></span> <span class='ocrx_word' id='word_1_290' title='bbox 996 2004 1196 2075; x_wconf 84' lang='lat' dir='ltr'><strong>aliquid</strong></span> <span class='ocrx_word' id='word_1_291' title='bbox 1238 2020 1302 2061; x_wconf 81' lang='lat' dir='ltr'><strong>ex</strong></span> <span class='ocrx_word' id='word_1_292' title='bbox 1350 2005 1489 2063; x_wconf 66' lang='lat' dir='ltr'><strong>caelo</strong></span> <span class='ocrx_word' id='word_1_293' title='bbox 1514 2016 1719 2078; x_wconf 87' lang='lat' dir='ltr'><strong>petant,</strong></span> <span class='ocrx_word' id='word_1_294' title='bbox 1742 2026 1876 2082; x_wconf 92' lang='lat' dir='ltr'><strong>quo-</strong></span> <span class='ocrx_word' id='word_1_295' title='bbox 1972 2029 2074 2071; x_wconf 88' lang='lat' dir='ltr'><strong>nec</strong></span> <span class='ocrx_word' id='word_1_296' title='bbox 2102 2014 2208 2069; x_wconf 88' lang='lat' dir='ltr'><strong>ulla</strong></span> <span class='ocrx_word' id='word_1_297' title='bbox 2256 2015 2632 2073; x_wconf 84' lang='lat' dir='ltr'><strong>immortalitas</strong></span> <span class='ocrx_word' id='word_1_298' title='bbox 2679 2028 2781 2087; x_wconf 84' lang='lat' dir='ltr'><strong>est,</strong></span> <span class='ocrx_word' id='word_1_299' title='bbox 2810 2021 2903 2079; x_wconf 86' lang='lat' dir='ltr'><strong>cui</strong></span> <span class='ocrx_word' id='word_1_300' title='bbox 2930 2021 3002 2079; x_wconf 79' lang='lat' dir='ltr'><strong>sit</strong></span> <span class='ocrx_word' id='word_1_301' title='bbox 3030 2023 3299 2082; x_wconf 79' lang='lat' dir='ltr'><strong>terminus</strong></span> <span class='ocrx_word' id='word_1_302' title='bbox 3315 2000 3583 2085; x_wconf 59' lang='lat' dir='ltr'><strong>constitit-</strong></span> 
     </span>
    </p>
   </div>
   <div class='ocr_carea' id='block_1_36' title="bbox 278 2094 1690 2169">
    <p class='ocr_par' dir='ltr' id='par_1_36' title="bbox 278 2094 1690 2169">
     <span class='ocr_line' id='line_1_36' title="bbox 278 2094 1690 2169; baseline 0.002 -17"><span class='ocrx_word' id='word_1_303' title='bbox 278 2094 426 2152; x_wconf 89' lang='lat' dir='ltr'><strong>niam</strong></span> <span class='ocrx_word' id='word_1_304' title='bbox 454 2094 509 2150; x_wconf 91' lang='lat' dir='ltr'><strong>in</strong></span> <span class='ocrx_word' id='word_1_305' title='bbox 539 2104 680 2150; x_wconf 87' lang='lat' dir='ltr'><strong>terra</strong></span> <span class='ocrx_word' id='word_1_306' title='bbox 706 2094 839 2150; x_wconf 86' lang='lat' dir='ltr'><strong>nihil</strong></span> <span class='ocrx_word' id='word_1_307' title='bbox 862 2105 964 2163; x_wconf 84' lang='lat' dir='ltr'><strong>est,</strong></span> <span class='ocrx_word' id='word_1_308' title='bbox 993 2096 1138 2169; x_wconf 89' lang='lat' dir='ltr'><strong>quod</strong></span> <span class='ocrx_word' id='word_1_309' title='bbox 1164 2114 1271 2152; x_wconf 87' lang='lat' dir='ltr'><strong>non</strong></span> <span class='ocrx_word' id='word_1_310' title='bbox 1297 2097 1367 2153; x_wconf 91' lang='lat' dir='ltr'><strong>sit</strong></span> <span class='ocrx_word' id='word_1_311' title='bbox 1397 2098 1690 2155; x_wconf 85' lang='lat' dir='ltr'><strong>infirmum.</strong></span> 
     </span>
    </p>
   </div>
   <div class='ocr_carea' id='block_1_37' title="bbox 341 2187 1873 2262">
    <p class='ocr_par' dir='ltr' id='par_1_37' title="bbox 341 2187 1873 2262">
     <span class='ocr_line' id='line_1_37' title="bbox 341 2187 1873 2262; baseline 0.005 -19"><span class='ocrx_word' id='word_1_312' title='bbox 341 2188 477 2243; x_wconf 88' lang='lat' dir='ltr'><strong>Cum</strong></span> <span class='ocrx_word' id='word_1_313' title='bbox 500 2203 628 2260; x_wconf 85' lang='lat' dir='ltr'><strong>ergo</strong></span> <span class='ocrx_word' id='word_1_314' title='bbox 651 2187 810 2244; x_wconf 90' lang='lat' dir='ltr'><strong>homo</strong></span> <span class='ocrx_word' id='word_1_315' title='bbox 833 2190 912 2245; x_wconf 89' lang='lat' dir='ltr'><strong>sic</strong></span> <span class='ocrx_word' id='word_1_316' title='bbox 931 2189 1246 2246; x_wconf 90' lang='lat' dir='ltr'><strong>formandus</strong></span> <span class='ocrx_word' id='word_1_317' title='bbox 1271 2200 1417 2247; x_wconf 89' lang='lat' dir='ltr'><strong>esset</strong></span> <span class='ocrx_word' id='word_1_318' title='bbox 1435 2207 1464 2247; x_wconf 89' lang='lat' dir='ltr'><strong>a</strong></span> <span class='ocrx_word' id='word_1_319' title='bbox 1490 2193 1622 2262; x_wconf 90' lang='lat' dir='ltr'><strong>Deo,</strong></span> <span class='ocrx_word' id='word_1_320' title='bbox 1639 2203 1698 2249; x_wconf 92' lang='lat' dir='ltr'><strong>ut</strong></span> <span class='ocrx_word' id='word_1_321' title='bbox 1724 2210 1873 2251; x_wconf 92' lang='lat' dir='ltr'><strong>mor-</strong></span> 
     </span>
    </p>
   </div>
   <div class='ocr_carea' id='block_1_38' title="bbox 281 2281 1874 2356">
    <p class='ocr_par' dir='ltr' id='par_1_38' title="bbox 281 2281 1874 2356">
     <span class='ocr_line' id='line_1_38' title="bbox 281 2281 1874 2356; baseline 0.006 -21"><span class='ocrx_word' id='word_1_322' title='bbox 281 2281 400 2336; x_wconf 85' lang='lat' dir='ltr'><strong>talis</strong></span> <span class='ocrx_word' id='word_1_323' title='bbox 426 2289 573 2337; x_wconf 88' lang='lat' dir='ltr'><strong>esset</strong></span> <span class='ocrx_word' id='word_1_324' title='bbox 591 2281 901 2353; x_wconf 87' lang='lat' dir='ltr'><strong>aliquando,</strong></span> <span class='ocrx_word' id='word_1_325' title='bbox 934 2298 1024 2339; x_wconf 88' lang='lat' dir='ltr'><strong>res</strong></span> <span class='ocrx_word' id='word_1_326' title='bbox 1048 2284 1163 2354; x_wconf 87' lang='lat' dir='ltr'><strong>ipsa</strong></span> <span class='ocrx_word' id='word_1_327' title='bbox 1179 2284 1449 2356; x_wconf 73' lang='lat' dir='ltr'><strong>exigebat,</strong></span> <span class='ocrx_word' id='word_1_328' title='bbox 1483 2295 1540 2342; x_wconf 93' lang='lat' dir='ltr'><strong>ut</strong></span> <span class='ocrx_word' id='word_1_329' title='bbox 1580 2296 1796 2343; x_wconf 89' lang='lat' dir='ltr'><strong>terreno</strong></span> <span class='ocrx_word' id='word_1_330' title='bbox 1817 2298 1874 2345; x_wconf 88' lang='lat' dir='ltr'><strong>et</strong></span> 
     </span>
    </p>
   </div>
   <div class='ocr_carea' id='block_1_39' title="bbox 281 2376 1873 2452">
    <p class='ocr_par' dir='ltr' id='par_1_39' title="bbox 281 2376 1873 2452">
     <span class='ocr_line' id='line_1_39' title="bbox 281 2376 1873 2452; baseline 0.005 -20"><span class='ocrx_word' id='word_1_331' title='bbox 281 2376 457 2447; x_wconf 80' lang='lat' dir='ltr'><strong>fragili</strong></span> <span class='ocrx_word' id='word_1_332' title='bbox 478 2391 707 2447; x_wconf 89' lang='lat' dir='ltr'><strong>corpore</strong></span> <span class='ocrx_word' id='word_1_333' title='bbox 727 2379 1035 2450; x_wconf 84' lang='lat' dir='ltr'><strong>fingeretur.</strong></span> <span class='ocrx_word' id='word_1_334' title='bbox 1064 2377 1298 2435; x_wconf 80' lang='lat' dir='ltr'><strong>Necesse</strong></span> <span class='ocrx_word' id='word_1_335' title='bbox 1322 2390 1406 2437; x_wconf 92' lang='lat' dir='ltr'><strong>est</strong></span> <span class='ocrx_word' id='word_1_336' title='bbox 1431 2381 1609 2452; x_wconf 77' lang='lat' dir='ltr'><strong>igitur,</strong></span> <span class='ocrx_word' id='word_1_337' title='bbox 1642 2392 1703 2438; x_wconf 92' lang='lat' dir='ltr'><strong>ut</strong></span> <span class='ocrx_word' id='word_1_338' title='bbox 1729 2398 1873 2440; x_wconf 92' lang='lat' dir='ltr'><strong>mor-</strong></span> 
     </span>
    </p>
   </div>
   <div class='ocr_carea' id='block_1_40' title="bbox 226 2471 1867 2549">
    <p class='ocr_par' dir='ltr' id='par_1_40' title="bbox 226 2471 1867 2549">
     <span class='ocr_line' id='line_1_40' title="bbox 226 2471 1867 2549; baseline 0.005 -22"><span class='ocrx_word' id='word_1_339' title='bbox 226 2546 233 2549; x_wconf 90' lang='lat'>_</span> <span class='ocrx_word' id='word_1_340' title='bbox 278 2481 387 2529; x_wconf 89' lang='lat' dir='ltr'><strong>tem</strong></span> <span class='ocrx_word' id='word_1_341' title='bbox 426 2471 652 2542; x_wconf 89' lang='lat' dir='ltr'><strong>recipiat</strong></span> <span class='ocrx_word' id='word_1_342' title='bbox 693 2471 1068 2544; x_wconf 87' lang='lat' dir='ltr'><strong>quandolibet,</strong></span> <span class='ocrx_word' id='word_1_343' title='bbox 1125 2473 1380 2544; x_wconf 88' lang='lat' dir='ltr'><strong>quoniam</strong></span> <span class='ocrx_word' id='word_1_344' title='bbox 1426 2475 1725 2547; x_wconf 87' lang='lat' dir='ltr'><strong>corporalis</strong></span> <span class='ocrx_word' id='word_1_345' title='bbox 1749 2486 1867 2544; x_wconf 88' lang='lat' dir='ltr'><strong>est;</strong></span> 
     </span>
    </p>
   </div>
   <div class='ocr_carea' id='block_1_41' title="bbox 276 2565 1868 2638">
    <p class='ocr_par' dir='ltr' id='par_1_41' title="bbox 276 2565 1868 2638">
     <span class='ocr_line' id='line_1_41' title="bbox 276 2565 1868 2638; baseline 0.004 -19"><span class='ocrx_word' id='word_1_346' title='bbox 276 2578 477 2635; x_wconf 83' lang='lat' dir='ltr'><strong>corpus</strong></span> <span class='ocrx_word' id='word_1_347' title='bbox 524 2565 669 2619; x_wconf 88' lang='lat' dir='ltr'><strong>enim</strong></span> <span class='ocrx_word' id='word_1_348' title='bbox 689 2565 968 2636; x_wconf 88' lang='lat' dir='ltr'><strong>quodlibet</strong></span> <span class='ocrx_word' id='word_1_349' title='bbox 1018 2566 1245 2622; x_wconf 91' lang='lat' dir='ltr'><strong>solnbile</strong></span> <span class='ocrx_word' id='word_1_350' title='bbox 1300 2575 1463 2638; x_wconf 87' lang='lat' dir='ltr'><strong>atque</strong></span> <span class='ocrx_word' id='word_1_351' title='bbox 1502 2571 1732 2627; x_wconf 89' lang='lat' dir='ltr'><strong>mortale</strong></span> <span class='ocrx_word' id='word_1_352' title='bbox 1764 2581 1868 2629; x_wconf 89' lang='lat' dir='ltr'><strong>est.</strong></span> 
     </span>
    </p>
   </div>
   <div class='ocr_carea' id='block_1_42' title="bbox 277 2662 1864 2736">
    <p class='ocr_par' dir='ltr' id='par_1_42' title="bbox 277 2662 1864 2736">
     <span class='ocr_line' id='line_1_42' title="bbox 277 2662 1864 2736; baseline 0.002 -17"><span class='ocrx_word' id='word_1_353' title='bbox 277 2662 595 2721; x_wconf 86' lang='lat' dir='ltr'><strong>Stultissimi</strong></span> <span class='ocrx_word' id='word_1_354' title='bbox 613 2677 764 2734; x_wconf 86' lang='lat' dir='ltr'><strong>ergo,</strong></span> <span class='ocrx_word' id='word_1_355' title='bbox 792 2664 881 2734; x_wconf 85' lang='lat' dir='ltr'><strong>qui</strong></span> <span class='ocrx_word' id='word_1_356' title='bbox 907 2662 975 2718; x_wconf 90' lang='lat' dir='ltr'><strong>de</strong></span> <span class='ocrx_word' id='word_1_357' title='bbox 1000 2672 1175 2718; x_wconf 89' lang='lat' dir='ltr'><strong>morte</strong></span> <span class='ocrx_word' id='word_1_358' title='bbox 1199 2663 1484 2720; x_wconf 88' lang='lat' dir='ltr'><strong>immatura</strong></span> <span class='ocrx_word' id='word_1_359' title='bbox 1521 2677 1822 2736; x_wconf 84' lang='lat' dir='ltr'><strong>queruntur</strong></span> <span class='ocrx_word' id='word_1_360' title='bbox 1847 2685 1864 2736; x_wconf 89' lang='lat'><strong>;</strong></span> 
     </span>
    </p>
   </div>
   <div class='ocr_carea' id='block_1_43' title="bbox 275 2757 1869 2829">
    <p class='ocr_par' dir='ltr' id='par_1_43' title="bbox 275 2757 1869 2829">
     <span class='ocr_line' id='line_1_43' title="bbox 275 2757 1869 2829; baseline 0.004 -18"><span class='ocrx_word' id='word_1_361' title='bbox 275 2758 528 2829; x_wconf 88' lang='lat' dir='ltr'><strong>quoniam</strong></span> <span class='ocrx_word' id='word_1_362' title='bbox 556 2765 761 2813; x_wconf 75' lang='lat' dir='ltr'><strong>natura:</strong></span> <span class='ocrx_word' id='word_1_363' title='bbox 803 2757 1041 2813; x_wconf 91' lang='lat' dir='ltr'><strong>conditio</strong></span> <span class='ocrx_word' id='word_1_364' title='bbox 1069 2758 1245 2814; x_wconf 91' lang='lat' dir='ltr'><strong>locum</strong></span> <span class='ocrx_word' id='word_1_365' title='bbox 1286 2759 1363 2814; x_wconf 86' lang='lat' dir='ltr'><strong>illi</strong></span> <span class='ocrx_word' id='word_1_366' title='bbox 1390 2758 1541 2815; x_wconf 83' lang='lat' dir='ltr'><strong>facit.</strong></span> <span class='ocrx_word' id='word_1_367' title='bbox 1573 2760 1651 2816; x_wconf 86' lang='lat' dir='ltr'><strong>Ita</strong></span> <span class='ocrx_word' id='word_1_368' title='bbox 1676 2775 1869 2818; x_wconf 83' lang='lat' dir='ltr'><strong>conso-</strong></span> 
     </span>
    </p>
   </div>
   <div class='ocr_carea' id='block_1_44' title="bbox 275 2850 1867 2926">
    <p class='ocr_par' dir='ltr' id='par_1_44' title="bbox 275 2850 1867 2926">
     <span class='ocr_line' id='line_1_44' title="bbox 275 2850 1867 2926; baseline 0.003 -20"><span class='ocrx_word' id='word_1_369' title='bbox 275 2867 446 2924; x_wconf 88' lang='lat' dir='ltr'><strong>quens</strong></span> <span class='ocrx_word' id='word_1_370' title='bbox 472 2852 597 2918; x_wconf 87' lang='lat' dir='ltr'><strong>erit,</strong></span> <span class='ocrx_word' id='word_1_371' title='bbox 631 2859 690 2905; x_wconf 90' lang='lat' dir='ltr'><strong>ut</strong></span> <span class='ocrx_word' id='word_1_372' title='bbox 741 2852 943 2907; x_wconf 86' lang='lat' dir='ltr'><strong>morbis</strong></span> <span class='ocrx_word' id='word_1_373' title='bbox 969 2867 1183 2923; x_wconf 90' lang='lat' dir='ltr'><strong>quoque</strong></span> <span class='ocrx_word' id='word_1_374' title='bbox 1233 2850 1510 2922; x_wconf 83' lang='lat' dir='ltr'><strong>subjectus</strong></span> <span class='ocrx_word' id='word_1_375' title='bbox 1556 2853 1625 2909; x_wconf 86' lang='lat' dir='ltr'><strong>sit</strong></span> <span class='ocrx_word' id='word_1_376' title='bbox 1652 2870 1668 2920; x_wconf 87' lang='lat'><strong><em>;</em></strong></span> <span class='ocrx_word' id='word_1_377' title='bbox 1692 2861 1867 2926; x_wconf 78' lang='lat' dir='ltr'><strong>neque</strong></span> 
     </span>
    </p>
   </div>
   <div class='ocr_carea' id='block_1_45' title="bbox 279 2944 1866 3017">
    <p class='ocr_par' dir='ltr' id='par_1_45' title="bbox 279 2944 1866 3017">
     <span class='ocr_line' id='line_1_45' title="bbox 279 2944 1866 3017; baseline 0.001 -14"><span class='ocrx_word' id='word_1_378' title='bbox 279 2945 419 3003; x_wconf 86' lang='lat' dir='ltr'><strong>enim</strong></span> <span class='ocrx_word' id='word_1_379' title='bbox 453 2944 653 3016; x_wconf 87' lang='lat' dir='ltr'><strong>patitur</strong></span> <span class='ocrx_word' id='word_1_380' title='bbox 672 2954 884 3012; x_wconf 87' lang='lat' dir='ltr'><strong>natura,</strong></span> <span class='ocrx_word' id='word_1_381' title='bbox 921 2954 976 3000; x_wconf 93' lang='lat' dir='ltr'><strong>ut</strong></span> <span class='ocrx_word' id='word_1_382' title='bbox 1001 2945 1193 3002; x_wconf 85' lang='lat' dir='ltr'><strong>abesse</strong></span> <span class='ocrx_word' id='word_1_383' title='bbox 1213 2946 1382 3017; x_wconf 90' lang='lat' dir='ltr'><strong>possit</strong></span> <span class='ocrx_word' id='word_1_384' title='bbox 1406 2945 1688 3005; x_wconf 82' lang='lat' dir='ltr'><strong>inﬁrmitas</strong></span> <span class='ocrx_word' id='word_1_385' title='bbox 1706 2949 1776 3005; x_wconf 93' lang='lat' dir='ltr'><strong>ab</strong></span> <span class='ocrx_word' id='word_1_386' title='bbox 1799 2962 1866 3005; x_wconf 84' lang='lat' dir='ltr'><strong>eo</strong></span> 
     </span>
    </p>
   </div>
   <div class='ocr_carea' id='block_1_46' title="bbox 278 3038 1866 3115">
    <p class='ocr_par' dir='ltr' id='par_1_46' title="bbox 278 3038 1866 3115">
     <span class='ocr_line' id='line_1_46' title="bbox 278 3038 1866 3115; baseline 0.003 -20"><span class='ocrx_word' id='word_1_387' title='bbox 278 3053 530 3111; x_wconf 86' lang='lat' dir='ltr'><strong>corpore,</strong></span> <span class='ocrx_word' id='word_1_388' title='bbox 558 3038 706 3111; x_wconf 91' lang='lat' dir='ltr'><strong>quod</strong></span> <span class='ocrx_word' id='word_1_389' title='bbox 757 3040 1044 3112; x_wconf 82' lang='lat' dir='ltr'><strong>aliquando</strong></span> <span class='ocrx_word' id='word_1_390' title='bbox 1097 3041 1411 3097; x_wconf 82' lang='lat' dir='ltr'><strong>solvendum</strong></span> <span class='ocrx_word' id='word_1_391' title='bbox 1444 3052 1545 3098; x_wconf 88' lang='lat' dir='ltr'><strong>est.</strong></span> <span class='ocrx_word' id='word_1_392' title='bbox 1577 3043 1684 3099; x_wconf 87' lang='lat' dir='ltr'><strong>Sed</strong></span> <span class='ocrx_word' id='word_1_393' title='bbox 1715 3052 1866 3115; x_wconf 88' lang='lat' dir='ltr'><strong>pute-</strong></span> 
     </span>
    </p>
   </div>
   <div class='ocr_carea' id='block_1_47' title="bbox 1974 2106 3585 2188">
    <p class='ocr_par' dir='ltr' id='par_1_47' title="bbox 1974 2106 3585 2188">
     <span class='ocr_line' id='line_1_47' title="bbox 1974 2106 3585 2188; baseline 0.009 -26"><span class='ocrx_word' id='word_1_394' title='bbox 1974 2114 2078 2165; x_wconf 85' lang='lat' dir='ltr'><strong>tus.</strong></span> <span class='ocrx_word' id='word_1_395' title='bbox 2109 2107 2188 2163; x_wconf 81' lang='lat' dir='ltr'><strong>ita</strong></span> <span class='ocrx_word' id='word_1_396' title='bbox 2214 2106 2292 2174; x_wconf 79' lang='lat' dir='ltr'><strong>fit,</strong></span> <span class='ocrx_word' id='word_1_397' title='bbox 2327 2117 2383 2163; x_wconf 91' lang='lat' dir='ltr'><strong>ut</strong></span> <span class='ocrx_word' id='word_1_398' title='bbox 2412 2121 2467 2165; x_wconf 82' lang='lat' dir='ltr'><strong>et</strong></span> <span class='ocrx_word' id='word_1_399' title='bbox 2484 2107 2866 2171; x_wconf 80' lang='lat' dir='ltr'><strong>immortalitas</strong></span> <span class='ocrx_word' id='word_1_400' title='bbox 2893 2112 3115 2171; x_wconf 82' lang='lat' dir='ltr'><strong>exclusa</strong></span> <span class='ocrx_word' id='word_1_401' title='bbox 3146 2114 3203 2171; x_wconf 90' lang='lat' dir='ltr'><strong>in</strong></span> <span class='ocrx_word' id='word_1_402' title='bbox 3229 2125 3585 2188; x_wconf 77' lang='lat' dir='ltr'><strong>perpetuum.</strong></span> 
     </span>
    </p>
   </div>
   <div class='ocr_carea' id='block_1_48' title="bbox 1977 2199 3587 2273">
    <p class='ocr_par' dir='ltr' id='par_1_48' title="bbox 1977 2199 3587 2273">
     <span class='ocr_line' id='line_1_48' title="bbox 1977 2199 3587 2273; baseline 0.009 -19"><span class='ocrx_word' id='word_1_403' title='bbox 1977 2209 2034 2255; x_wconf 91' lang='lat' dir='ltr'><strong>et</strong></span> <span class='ocrx_word' id='word_1_404' title='bbox 2059 2199 2127 2255; x_wconf 90' lang='lat' dir='ltr'><strong>ad</strong></span> <span class='ocrx_word' id='word_1_405' title='bbox 2157 2209 2367 2271; x_wconf 87' lang='lat' dir='ltr'><strong>tempus</strong></span> <span class='ocrx_word' id='word_1_406' title='bbox 2392 2211 2608 2272; x_wconf 83' lang='lat' dir='ltr'><strong>recepta</strong></span> <span class='ocrx_word' id='word_1_407' title='bbox 2628 2204 2957 2271; x_wconf 82' lang='lat' dir='ltr'><strong>mortalitas,</strong></span> <span class='ocrx_word' id='word_1_408' title='bbox 2984 2206 3259 2271; x_wconf 78' lang='lat' dir='ltr'><strong>hominem</strong></span> <span class='ocrx_word' id='word_1_409' title='bbox 3284 2211 3587 2273; x_wconf 68' lang='lat' dir='ltr'><strong>constituat</strong></span> 
     </span>
    </p>
   </div>
   <div class='ocr_carea' id='block_1_49' title="bbox 1979 2294 3504 2371">
    <p class='ocr_par' dir='ltr' id='par_1_49' title="bbox 1979 2294 3504 2371">
     <span class='ocr_line' id='line_1_49' title="bbox 1979 2294 3504 2371; baseline 0.008 -22"><span class='ocrx_word' id='word_1_410' title='bbox 1979 2294 2034 2349; x_wconf 92' lang='lat' dir='ltr'><strong>in</strong></span> <span class='ocrx_word' id='word_1_411' title='bbox 2066 2309 2131 2350; x_wconf 90' lang='lat' dir='ltr'><strong>ea</strong></span> <span class='ocrx_word' id='word_1_412' title='bbox 2155 2294 2491 2365; x_wconf 87' lang='lat' dir='ltr'><strong>conditione,</strong></span> <span class='ocrx_word' id='word_1_413' title='bbox 2521 2304 2583 2351; x_wconf 88' lang='lat' dir='ltr'><strong>ut</strong></span> <span class='ocrx_word' id='word_1_414' title='bbox 2604 2298 2678 2352; x_wconf 90' lang='lat' dir='ltr'><strong>sit</strong></span> <span class='ocrx_word' id='word_1_415' title='bbox 2703 2299 2758 2354; x_wconf 91' lang='lat' dir='ltr'><strong>in</strong></span> <span class='ocrx_word' id='word_1_416' title='bbox 2782 2299 3030 2371; x_wconf 85' lang='lat' dir='ltr'><strong>qualibet</strong></span> <span class='ocrx_word' id='word_1_417' title='bbox 3047 2311 3207 2361; x_wconf 71' lang='lat' dir='ltr'><strong>aetate</strong></span> <span class='ocrx_word' id='word_1_418' title='bbox 3233 2305 3504 2361; x_wconf 79' lang='lat' dir='ltr'><strong>mortalia.</strong></span> 
     </span>
    </p>
   </div>
   <div class='ocr_carea' id='block_1_50' title="bbox 2049 2386 3585 2464">
    <p class='ocr_par' dir='ltr' id='par_1_50' title="bbox 2049 2386 3585 2464">
     <span class='ocr_line' id='line_1_50' title="bbox 2049 2386 3585 2464; baseline 0.012 -22"><span class='ocrx_word' id='word_1_419' title='bbox 2049 2386 2288 2453; x_wconf 84' lang='lat' dir='ltr'><strong>Quadrat</strong></span> <span class='ocrx_word' id='word_1_420' title='bbox 2338 2387 2497 2459; x_wconf 77' lang='lat' dir='ltr'><strong>igitur</strong></span> <span class='ocrx_word' id='word_1_421' title='bbox 2536 2389 2833 2447; x_wconf 84' lang='lat' dir='ltr'><strong>necessitas</strong></span> <span class='ocrx_word' id='word_1_422' title='bbox 2875 2391 3135 2464; x_wconf 78' lang='lat' dir='ltr'><strong>undique,</strong></span> <span class='ocrx_word' id='word_1_423' title='bbox 3181 2409 3284 2451; x_wconf 88' lang='lat' dir='ltr'><strong>nec</strong></span> <span class='ocrx_word' id='word_1_424' title='bbox 3319 2395 3585 2459; x_wconf 60' lang='lat' dir='ltr'><strong>debui“.</strong></span> 
     </span>
    </p>
   </div>
   <div class='ocr_carea' id='block_1_51' title="bbox 1977 2479 3581 2562">
    <p class='ocr_par' dir='ltr' id='par_1_51' title="bbox 1977 2479 3581 2562">
     <span class='ocr_line' id='line_1_51' title="bbox 1977 2479 3581 2562; baseline 0.009 -27"><span class='ocrx_word' id='word_1_425' title='bbox 1977 2479 2134 2537; x_wconf 88' lang='lat' dir='ltr'><strong>aliter</strong></span> <span class='ocrx_word' id='word_1_426' title='bbox 2159 2481 2300 2548; x_wconf 88' lang='lat' dir='ltr'><strong>fieri,</strong></span> <span class='ocrx_word' id='word_1_427' title='bbox 2327 2497 2426 2538; x_wconf 87' lang='lat' dir='ltr'><strong>nec</strong></span> <span class='ocrx_word' id='word_1_428' title='bbox 2446 2480 2526 2537; x_wconf 83' lang='lat' dir='ltr'><strong>fas</strong></span> <span class='ocrx_word' id='word_1_429' title='bbox 2549 2481 2737 2539; x_wconf 77' lang='lat' dir='ltr'><strong>fuisse.</strong></span> <span class='ocrx_word' id='word_1_430' title='bbox 2769 2482 2875 2540; x_wconf 90' lang='lat' dir='ltr'><strong>Sed</strong></span> <span class='ocrx_word' id='word_1_431' title='bbox 2914 2486 3004 2542; x_wconf 89' lang='lat' dir='ltr'><strong>isti</strong></span> <span class='ocrx_word' id='word_1_432' title='bbox 3038 2485 3304 2546; x_wconf 82' lang='lat' dir='ltr'><strong>rationem</strong></span> <span class='ocrx_word' id='word_1_433' title='bbox 3340 2503 3581 2562; x_wconf 65' lang='lat' dir='ltr'><strong>sequen-</strong></span> 
     </span>
    </p>
   </div>
   <div class='ocr_carea' id='block_1_52' title="bbox 1978 2574 3580 2655">
    <p class='ocr_par' dir='ltr' id='par_1_52' title="bbox 1978 2574 3580 2655">
     <span class='ocr_line' id='line_1_52' title="bbox 1978 2574 3580 2655; baseline 0.008 -23"><span class='ocrx_word' id='word_1_434' title='bbox 1978 2574 2113 2632; x_wconf 85' lang='lat' dir='ltr'><strong>tium</strong></span> <span class='ocrx_word' id='word_1_435' title='bbox 2132 2590 2243 2633; x_wconf 87' lang='lat' dir='ltr'><strong>non</strong></span> <span class='ocrx_word' id='word_1_436' title='bbox 2259 2576 2464 2645; x_wconf 87' lang='lat' dir='ltr'><strong>vident,</strong></span> <span class='ocrx_word' id='word_1_437' title='bbox 2480 2579 2609 2649; x_wconf 86' lang='lat' dir='ltr'><strong>quia</strong></span> <span class='ocrx_word' id='word_1_438' title='bbox 2623 2577 2793 2635; x_wconf 86' lang='lat' dir='ltr'><strong>semel</strong></span> <span class='ocrx_word' id='word_1_439' title='bbox 2808 2590 3129 2639; x_wconf 87' lang='lat' dir='ltr'><strong>erraverunt</strong></span> <span class='ocrx_word' id='word_1_440' title='bbox 3140 2582 3325 2655; x_wconf 79' lang='lat' dir='ltr'><strong>inipsa</strong></span> <span class='ocrx_word' id='word_1_441' title='bbox 3336 2596 3580 2645; x_wconf 73' lang='lat' dir='ltr'><strong>summa.</strong></span> 
     </span>
    </p>
   </div>
   <div class='ocr_carea' id='block_1_53' title="bbox 1978 2667 3582 2745">
    <p class='ocr_par' dir='ltr' id='par_1_53' title="bbox 1978 2667 3582 2745">
     <span class='ocr_line' id='line_1_53' title="bbox 1978 2667 3582 2745; baseline 0.003 -18"><span class='ocrx_word' id='word_1_442' title='bbox 1978 2670 2208 2727; x_wconf 83' lang='lat' dir='ltr'><strong>Exclusa</strong></span> <span class='ocrx_word' id='word_1_443' title='bbox 2251 2669 2394 2726; x_wconf 85' lang='lat' dir='ltr'><strong>enim</strong></span> <span class='ocrx_word' id='word_1_444' title='bbox 2425 2668 2494 2726; x_wconf 88' lang='lat' dir='ltr'><strong>de</strong></span> <span class='ocrx_word' id='word_1_445' title='bbox 2533 2668 2696 2725; x_wconf 89' lang='lat' dir='ltr'><strong>rebus</strong></span> <span class='ocrx_word' id='word_1_446' title='bbox 2723 2667 2977 2729; x_wconf 81' lang='lat' dir='ltr'><strong>humanis</strong></span> <span class='ocrx_word' id='word_1_447' title='bbox 3005 2668 3189 2731; x_wconf 84' lang='lat' dir='ltr'><strong>divina</strong></span> <span class='ocrx_word' id='word_1_448' title='bbox 3210 2672 3582 2745; x_wconf 72' lang='lat' dir='ltr'><strong>peovideutia.</strong></span> 
     </span>
    </p>
   </div>
   <div class='ocr_carea' id='block_1_54' title="bbox 1973 2760 3577 2839">
    <p class='ocr_par' dir='ltr' id='par_1_54' title="bbox 1973 2760 3577 2839">
     <span class='ocr_line' id='line_1_54' title="bbox 1973 2760 3577 2839; baseline 0.004 -20"><span class='ocrx_word' id='word_1_449' title='bbox 1973 2762 2283 2820; x_wconf 85' lang='lat' dir='ltr'><strong>necessario</strong></span> <span class='ocrx_word' id='word_1_450' title='bbox 2301 2761 2648 2832; x_wconf 78' lang='lat' dir='ltr'><strong>sequebatur,</strong></span> <span class='ocrx_word' id='word_1_451' title='bbox 2674 2769 2734 2819; x_wconf 91' lang='lat' dir='ltr'><strong>ut</strong></span> <span class='ocrx_word' id='word_1_452' title='bbox 2752 2760 2932 2829; x_wconf 80' lang='lat' dir='ltr'><strong>omnia</strong></span> <span class='ocrx_word' id='word_1_453' title='bbox 2952 2774 3050 2823; x_wconf 78' lang='lat' dir='ltr'><strong>sua</strong></span> <span class='ocrx_word' id='word_1_454' title='bbox 3074 2772 3273 2834; x_wconf 75' lang='lat' dir='ltr'><strong>sponte</strong></span> <span class='ocrx_word' id='word_1_455' title='bbox 3289 2765 3401 2839; x_wconf 82' lang='lat' dir='ltr'><strong>sint</strong></span> <span class='ocrx_word' id='word_1_456' title='bbox 3424 2776 3577 2825; x_wconf 84' lang='lat' dir='ltr'><strong>nata.</strong></span> 
     </span>
    </p>
   </div>
   <div class='ocr_carea' id='block_1_55' title="bbox 1975 2852 3576 2931">
    <p class='ocr_par' dir='ltr' id='par_1_55' title="bbox 1975 2852 3576 2931">
     <span class='ocr_line' id='line_1_55' title="bbox 1975 2852 3576 2931; baseline 0.001 -21"><span class='ocrx_word' id='word_1_457' title='bbox 1975 2852 2112 2913; x_wconf 87' lang='lat' dir='ltr'><strong>Hinc</strong></span> <span class='ocrx_word' id='word_1_458' title='bbox 2140 2854 2462 2913; x_wconf 85' lang='lat' dir='ltr'><strong>invenerunt</strong></span> <span class='ocrx_word' id='word_1_459' title='bbox 2486 2853 2606 2909; x_wconf 86' lang='lat' dir='ltr'><strong>illas</strong></span> <span class='ocrx_word' id='word_1_460' title='bbox 2632 2852 2967 2911; x_wconf 86' lang='lat' dir='ltr'><strong>minutorum</strong></span> <span class='ocrx_word' id='word_1_461' title='bbox 2987 2852 3261 2931; x_wconf 73' lang='lat' dir='ltr'><strong>seruitium</strong></span> <span class='ocrx_word' id='word_1_462' title='bbox 3283 2854 3491 2929; x_wconf 81' lang='lat' dir='ltr'><strong>plagas,</strong></span> <span class='ocrx_word' id='word_1_463' title='bbox 3514 2866 3576 2919; x_wconf 74' lang='lat' dir='ltr'><strong>et</strong></span> 
     </span>
    </p>
   </div>
   <div class='ocr_carea' id='block_1_56' title="bbox 1974 2944 3574 3017">
    <p class='ocr_par' dir='ltr' id='par_1_56' title="bbox 1974 2944 3574 3017">
     <span class='ocr_line' id='line_1_56' title="bbox 1974 2944 3574 3017; baseline 0.001 -13"><span class='ocrx_word' id='word_1_464' title='bbox 1974 2946 2357 3004; x_wconf 87' lang='lat' dir='ltr'><strong>concursiones</strong></span> <span class='ocrx_word' id='word_1_465' title='bbox 2384 2944 2657 3012; x_wconf 85' lang='lat' dir='ltr'><strong>fortuitas,</strong></span> <span class='ocrx_word' id='word_1_466' title='bbox 2682 2945 2807 3017; x_wconf 87' lang='lat' dir='ltr'><strong>quia</strong></span> <span class='ocrx_word' id='word_1_467' title='bbox 2836 2958 3020 3003; x_wconf 85' lang='lat' dir='ltr'><strong>rerum</strong></span> <span class='ocrx_word' id='word_1_468' title='bbox 3059 2945 3325 3017; x_wconf 82' lang='lat' dir='ltr'><strong>originem</strong></span> <span class='ocrx_word' id='word_1_469' title='bbox 3350 2963 3463 3007; x_wconf 88' lang='lat' dir='ltr'><strong>non</strong></span> <span class='ocrx_word' id='word_1_470' title='bbox 3491 2947 3574 3007; x_wconf 76' lang='lat' dir='ltr'><strong>vi~</strong></span> 
     </span>
    </p>
   </div>
   <div class='ocr_carea' id='block_1_57' title="bbox 1972 3036 3573 3110">
    <p class='ocr_par' dir='ltr' id='par_1_57' title="bbox 1972 3036 3573 3110">
     <span class='ocr_line' id='line_1_57' title="bbox 1972 3036 3573 3110; baseline 0.002 -16"><span class='ocrx_word' id='word_1_471' title='bbox 1972 3039 2191 3096; x_wconf 87' lang='lat' dir='ltr'><strong>debant.</strong></span> <span class='ocrx_word' id='word_1_472' title='bbox 2222 3038 2281 3093; x_wconf 85' lang='lat' dir='ltr'><strong>In</strong></span> <span class='ocrx_word' id='word_1_473' title='bbox 2318 3051 2455 3109; x_wconf 88' lang='lat' dir='ltr'><strong>quas</strong></span> <span class='ocrx_word' id='word_1_474' title='bbox 2480 3052 2541 3094; x_wconf 91' lang='lat' dir='ltr'><strong>se</strong></span> <span class='ocrx_word' id='word_1_475' title='bbox 2567 3036 2843 3108; x_wconf 75' lang='lat' dir='ltr'><strong>angustias</strong></span> <span class='ocrx_word' id='word_1_476' title='bbox 2878 3050 3002 3093; x_wconf 88' lang='lat' dir='ltr'><strong>cum</strong></span> <span class='ocrx_word' id='word_1_477' title='bbox 3044 3036 3425 3109; x_wconf 71' lang='lat' dir='ltr'><strong>coniecissent,</strong></span> <span class='ocrx_word' id='word_1_478' title='bbox 3453 3038 3573 3110; x_wconf 77' lang='lat' dir='ltr'><strong>jam</strong></span> 
     </span>
    </p>
   </div>
   <div class='ocr_carea' id='block_1_58' title="bbox 268 3122 3563 3206">
    <p class='ocr_par' dir='ltr' id='par_1_58' title="bbox 268 3122 3563 3206">
     <span class='ocr_line' id='line_1_58' title="bbox 268 3122 3563 3206; baseline -0.002 -11"><span class='ocrx_word' id='word_1_479' title='bbox 268 3148 392 3203; x_wconf 1' lang='lat' dir='ltr'><strong>smus</strong></span> <span class='ocrx_word' id='word_1_480' title='bbox 420 3134 543 3190; x_wconf 84' lang='lat' dir='ltr'><strong>ﬁeri</strong></span> <span class='ocrx_word' id='word_1_481' title='bbox 569 3149 749 3206; x_wconf 90' lang='lat' dir='ltr'><strong>posse,</strong></span> <span class='ocrx_word' id='word_1_482' title='bbox 781 3134 1233 3206; x_wconf 89' lang='lat' dir='ltr'><strong>quemadmodum</strong></span> <span class='ocrx_word' id='word_1_483' title='bbox 1259 3135 1464 3203; x_wconf 83' lang='lat' dir='ltr'><strong>velum,</strong></span> <span class='ocrx_word' id='word_1_484' title='bbox 1492 3146 1550 3192; x_wconf 87' lang='lat' dir='ltr'><strong>ut</strong></span> <span class='ocrx_word' id='word_1_485' title='bbox 1572 3136 1733 3194; x_wconf 90' lang='lat' dir='ltr'><strong>homo</strong></span> <span class='ocrx_word' id='word_1_486' title='bbox 1757 3152 1865 3192; x_wconf 90' lang='lat' dir='ltr'><strong>non</strong></span> <span class='ocrx_word' id='word_1_487' title='bbox 1894 3122 1943 3187; x_wconf 84' lang='lat' dir='ltr'><strong><em>C</em></strong></span> <span class='ocrx_word' id='word_1_488' title='bbox 1970 3132 2195 3203; x_wconf 84' lang='lat' dir='ltr'><strong>cogebat</strong></span> <span class='ocrx_word' id='word_1_489' title='bbox 2220 3146 2315 3187; x_wconf 89' lang='lat' dir='ltr'><strong>eos</strong></span> <span class='ocrx_word' id='word_1_490' title='bbox 2343 3129 2636 3187; x_wconf 82' lang='lat' dir='ltr'><strong>necessitas</strong></span> <span class='ocrx_word' id='word_1_491' title='bbox 2667 3128 3000 3199; x_wconf 79' lang='lat' dir='ltr'><strong>existimare,</strong></span> <span class='ocrx_word' id='word_1_492' title='bbox 3032 3130 3240 3201; x_wconf 69' lang='lat' dir='ltr'><strong>aninias</strong></span> <span class='ocrx_word' id='word_1_493' title='bbox 3280 3144 3407 3205; x_wconf 80' lang='lat' dir='ltr'><strong>cum</strong></span> <span class='ocrx_word' id='word_1_494' title='bbox 3432 3146 3563 3191; x_wconf 54' lang='lat' dir='ltr'><strong>car-</strong></span> 
     </span>
    </p>
   </div>
   <div class='ocr_carea' id='block_1_59' title="bbox 613 3232 2285 3344">
    <p class='ocr_par' dir='ltr' id='par_1_59' title="bbox 613 3232 2285 3344">
     <span class='ocr_line' id='line_1_59' title="bbox 613 3232 2285 3344; baseline 0 -17"><span class='ocrx_word' id='word_1_495' title='bbox 613 3232 629 3245; x_wconf 83' lang='grc'><strong>’</strong></span> <span class='ocrx_word' id='word_1_496' title='bbox 1628 3268 2017 3344; x_wconf 51' lang='lat' dir='ltr'><strong>{vitulorum</strong></span> <span class='ocrx_word' id='word_1_497' title='bbox 2054 3266 2285 3327; x_wconf 70' lang='lat' dir='ltr'><strong>nom.</strong></span> 
     </span>
    </p>
   </div>
   <div class='ocr_carea' id='block_1_60' title="bbox 341 3408 1867 3477">
    <p class='ocr_par' dir='ltr' id='par_1_60' title="bbox 341 3408 1867 3477">
     <span class='ocr_line' id='line_1_60' title="bbox 341 3408 1867 3477; baseline -0.005 -6"><span class='ocrx_word' id='word_1_498' title='bbox 341 3414 580 3471; x_wconf 73' lang='lat' dir='ltr'><strong>Matura.</strong></span> <span class='ocrx_word' id='word_1_499' title='bbox 609 3411 688 3469; x_wconf 91' lang='lat' dir='ltr'><strong>Ita</strong></span> <span class='ocrx_word' id='word_1_500' title='bbox 713 3426 844 3468; x_wconf 87' lang='lat' dir='ltr'><strong>mss.</strong></span> <span class='ocrx_word' id='word_1_501' title='bbox 874 3411 1127 3474; x_wconf 86' lang='lat' dir='ltr'><strong>Tornes.,</strong></span> <span class='ocrx_word' id='word_1_502' title='bbox 1148 3410 1387 3477; x_wconf 85' lang='lat' dir='ltr'><strong>Erasm.,</strong></span> <span class='ocrx_word' id='word_1_503' title='bbox 1411 3411 1572 3465; x_wconf 85' lang='lat' dir='ltr'><strong>Cane.</strong></span> <span class='ocrx_word' id='word_1_504' title='bbox 1601 3425 1723 3466; x_wconf 88' lang='lat' dir='ltr'><strong>cum</strong></span> <span class='ocrx_word' id='word_1_505' title='bbox 1752 3408 1867 3465; x_wconf 89' lang='lat' dir='ltr'><strong>edi-</strong></span> 
     </span>
    </p>
   </div>
   <div class='ocr_carea' id='block_1_61' title="bbox 264 3480 1865 3557">
    <p class='ocr_par' dir='ltr' id='par_1_61' title="bbox 264 3480 1865 3557">
     <span class='ocr_line' id='line_1_61' title="bbox 264 3480 1865 3557; baseline -0.006 -13"><span class='ocrx_word' id='word_1_506' title='bbox 264 3487 338 3557; x_wconf 81' lang='lat' dir='ltr'><strong>tis</strong></span> <span class='ocrx_word' id='word_1_507' title='bbox 363 3485 599 3556; x_wconf 87' lang='lat' dir='ltr'><strong>Graph.,</strong></span> <span class='ocrx_word' id='word_1_508' title='bbox 626 3484 800 3557; x_wconf 81' lang='lat' dir='ltr'><strong>Cra_l.,</strong></span> <span class='ocrx_word' id='word_1_509' title='bbox 829 3482 1297 3557; x_wconf 58' lang='lat' dir='ltr'><strong>Betul.,Ihomas.</strong></span> <span class='ocrx_word' id='word_1_510' title='bbox 1324 3491 1377 3536; x_wconf 93' lang='lat' dir='ltr'><strong>et</strong></span> <span class='ocrx_word' id='word_1_511' title='bbox 1404 3480 1595 3551; x_wconf 85' lang='lat' dir='ltr'><strong>Spark.</strong></span> <span class='ocrx_word' id='word_1_512' title='bbox 1628 3482 1759 3548; x_wconf 77' lang='lat' dir='ltr'><strong>Qua:</strong></span> <span class='ocrx_word' id='word_1_513' title='bbox 1782 3482 1865 3557; x_wconf 52' lang='lat' dir='ltr'><strong>le:</strong></span> 
     </span>
    </p>
   </div>
   <div class='ocr_carea' id='block_1_62' title="bbox 269 3547 1867 3627">
    <p class='ocr_par' dir='ltr' id='par_1_62' title="bbox 269 3547 1867 3627">
     <span class='ocr_line' id='line_1_62' title="bbox 269 3547 1867 3627; baseline -0.004 -13"><span class='ocrx_word' id='word_1_514' title='bbox 269 3547 376 3615; x_wconf 89' lang='lat' dir='ltr'><strong>ctio</strong></span> <span class='ocrx_word' id='word_1_515' title='bbox 401 3547 612 3627; x_wconf 71' lang='lat' dir='ltr'><strong>optime</strong></span> <span class='ocrx_word' id='word_1_516' title='bbox 656 3547 888 3627; x_wconf 80' lang='lat' dir='ltr'><strong>refertur</strong></span> <span class='ocrx_word' id='word_1_517' title='bbox 931 3547 1023 3627; x_wconf 77' lang='lat' dir='ltr'><strong>ad</strong></span> <span class='ocrx_word' id='word_1_518' title='bbox 1048 3547 1199 3616; x_wconf 85' lang='lat' dir='ltr'><strong>illud,</strong></span> <span class='ocrx_word' id='word_1_519' title='bbox 1228 3547 1504 3627; x_wconf 67' lang='lat' dir='ltr'><strong>immatura</strong></span> <span class='ocrx_word' id='word_1_520' title='bbox 1542 3547 1698 3617; x_wconf 76' lang='lat' dir='ltr'><strong>mors,</strong></span> <span class='ocrx_word' id='word_1_521' title='bbox 1723 3550 1867 3623; x_wconf 89' lang='lat' dir='ltr'><strong>quod</strong></span> 
     </span>
    </p>
   </div>
   <div class='ocr_carea' id='block_1_63' title="bbox 270 3623 1870 3702">
    <p class='ocr_par' dir='ltr' id='par_1_63' title="bbox 270 3623 1870 3702">
     <span class='ocr_line' id='line_1_63' title="bbox 270 3623 1870 3702; baseline -0.006 -15"><span class='ocrx_word' id='word_1_522' title='bbox 270 3623 522 3702; x_wconf 71' lang='lat' dir='ltr'><strong>proxime</strong></span> <span class='ocrx_word' id='word_1_523' title='bbox 548 3625 821 3702; x_wconf 66' lang='lat' dir='ltr'><strong>praecedit.</strong></span> <span class='ocrx_word' id='word_1_524' title='bbox 847 3627 902 3680; x_wconf 93' lang='lat' dir='ltr'><strong>In</strong></span> <span class='ocrx_word' id='word_1_525' title='bbox 923 3624 986 3702; x_wconf 87' lang='lat' dir='ltr'><strong>2_l</strong></span> <span class='ocrx_word' id='word_1_526' title='bbox 1008 3640 1137 3702; x_wconf 69' lang='lat' dir='ltr'><strong>mss.</strong></span> <span class='ocrx_word' id='word_1_527' title='bbox 1162 3634 1218 3679; x_wconf 92' lang='lat' dir='ltr'><strong>et</strong></span> <span class='ocrx_word' id='word_1_528' title='bbox 1242 3623 1499 3702; x_wconf 81' lang='lat' dir='ltr'><strong>_5_excusis</strong></span> <span class='ocrx_word' id='word_1_529' title='bbox 1518 3635 1731 3702; x_wconf 74' lang='lat' dir='ltr'><strong>natura,</strong></span> <span class='ocrx_word' id='word_1_530' title='bbox 1749 3638 1870 3680; x_wconf 88' lang='lat' dir='ltr'><strong>cor-</strong></span> 
     </span>
    </p>
   </div>
   <div class='ocr_carea' id='block_1_64' title="bbox 269 3694 1654 3773">
    <p class='ocr_par' dir='ltr' id='par_1_64' title="bbox 269 3694 1654 3773">
     <span class='ocr_line' id='line_1_64' title="bbox 269 3694 1654 3773; baseline -0.006 -17"><span class='ocrx_word' id='word_1_531' title='bbox 269 3694 444 3773; x_wconf 73' lang='lat' dir='ltr'><strong>rupte.</strong></span> <span class='ocrx_word' id='word_1_532' title='bbox 476 3694 611 3773; x_wconf 55' lang='lat' dir='ltr'><strong>Huic</strong></span> <span class='ocrx_word' id='word_1_533' title='bbox 640 3697 931 3773; x_wconf 39' lang='lat' dir='ltr'><strong>vosudeest</strong></span> <span class='ocrx_word' id='word_1_534' title='bbox 959 3696 1010 3751; x_wconf 90' lang='lat' dir='ltr'><strong>in</strong></span> <span class='ocrx_word' id='word_1_535' title='bbox 1036 3695 1209 3773; x_wconf 74' lang='lat' dir='ltr'><strong>tribus</strong></span> <span class='ocrx_word' id='word_1_536' title='bbox 1238 3694 1654 3773; x_wconf 79' lang='lat' dir='ltr'><strong>Oxoniensibus.</strong></span> 
     </span>
    </p>
   </div>
   <div class='ocr_carea' id='block_1_65' title="bbox 343 3765 1869 3841">
    <p class='ocr_par' dir='ltr' id='par_1_65' title="bbox 343 3765 1869 3841">
     <span class='ocr_line' id='line_1_65' title="bbox 343 3765 1869 3841; baseline -0.006 -14"><span class='ocrx_word' id='word_1_537' title='bbox 343 3765 486 3841; x_wconf 74' lang='lat' dir='ltr'><strong>Quid</strong></span> <span class='ocrx_word' id='word_1_538' title='bbox 506 3768 817 3841; x_wconf 35' lang='lat' dir='ltr'><strong>IrarumLSic</strong></span> <span class='ocrx_word' id='word_1_539' title='bbox 837 3766 1173 3841; x_wconf 75' lang='lat' dir='ltr'><strong>reposuimus</strong></span> <span class='ocrx_word' id='word_1_540' title='bbox 1186 3781 1250 3823; x_wconf 86' lang='lat' dir='ltr'><strong>ex</strong></span> <span class='ocrx_word' id='word_1_541' title='bbox 1266 3768 1515 3841; x_wconf 81' lang='lat' dir='ltr'><strong>omnibus</strong></span> <span class='ocrx_word' id='word_1_542' title='bbox 1537 3779 1666 3822; x_wconf 88' lang='lat' dir='ltr'><strong>mss.</strong></span> <span class='ocrx_word' id='word_1_543' title='bbox 1685 3774 1739 3822; x_wconf 91' lang='lat' dir='ltr'><strong>et</strong></span> <span class='ocrx_word' id='word_1_544' title='bbox 1753 3765 1869 3841; x_wconf 78' lang='lat' dir='ltr'><strong>vul-</strong></span> 
     </span>
    </p>
   </div>
   <div class='ocr_carea' id='block_1_66' title="bbox 269 3837 1865 3915">
    <p class='ocr_par' dir='ltr' id='par_1_66' title="bbox 269 3837 1865 3915">
     <span class='ocr_line' id='line_1_66' title="bbox 269 3837 1865 3915; baseline -0.006 -17"><span class='ocrx_word' id='word_1_545' title='bbox 269 3837 427 3915; x_wconf 70' lang='lat' dir='ltr'><strong>gatis,</strong></span> <span class='ocrx_word' id='word_1_546' title='bbox 456 3853 653 3915; x_wconf 63' lang='lat' dir='ltr'><strong>praeter</strong></span> <span class='ocrx_word' id='word_1_547' title='bbox 673 3837 920 3915; x_wconf 47' lang='lat' dir='ltr'><strong>(Elarom.</strong></span> <span class='ocrx_word' id='word_1_548' title='bbox 938 3847 994 3894; x_wconf 89' lang='lat' dir='ltr'><strong>et</strong></span> <span class='ocrx_word' id='word_1_549' title='bbox 1009 3838 1133 3915; x_wconf 86' lang='lat' dir='ltr'><strong>edd.</strong></span> <span class='ocrx_word' id='word_1_550' title='bbox 1160 3849 1267 3893; x_wconf 89' lang='lat' dir='ltr'><strong>tres</strong></span> <span class='ocrx_word' id='word_1_551' title='bbox 1288 3838 1684 3915; x_wconf 65' lang='lat' dir='ltr'><strong>inquibus_est,</strong></span> <span class='ocrx_word' id='word_1_552' title='bbox 1708 3837 1865 3915; x_wconf 53' lang='lat' dir='ltr'><strong>quod.</strong></span> 
     </span>
    </p>
   </div>
   <div class='ocr_carea' id='block_1_67' title="bbox 341 3908 1869 3985">
    <p class='ocr_par' dir='ltr' id='par_1_67' title="bbox 341 3908 1869 3985">
     <span class='ocr_line' id='line_1_67' title="bbox 341 3908 1869 3985; baseline -0.005 -16"><span class='ocrx_word' id='word_1_553' title='bbox 341 3908 659 3985; x_wconf 74' lang='lat' dir='ltr'><strong>Aliquando.</strong></span> <span class='ocrx_word' id='word_1_554' title='bbox 689 3911 817 3967; x_wconf 81' lang='lat' dir='ltr'><strong>Post</strong></span> <span class='ocrx_word' id='word_1_555' title='bbox 848 3910 1301 3985; x_wconf 43' lang='lat' dir='ltr'><strong>aliquandogiss.</strong></span> <span class='ocrx_word' id='word_1_556' title='bbox 1320 3909 1358 3963; x_wconf 81' lang='lat'><strong>2</strong></span> <span class='ocrx_word' id='word_1_557' title='bbox 1374 3908 1507 3985; x_wconf 68' lang='lat' dir='ltr'><strong>Bon.</strong></span> <span class='ocrx_word' id='word_1_558' title='bbox 1520 3950 1535 3975; x_wconf 88' lang='lat'><strong>,</strong></span> <span class='ocrx_word' id='word_1_559' title='bbox 1550 3908 1707 3975; x_wconf 76' lang='lat' dir='ltr'><strong>Tax.,</strong></span> <span class='ocrx_word' id='word_1_560' title='bbox 1728 3909 1869 3985; x_wconf 50' lang='lat' dir='ltr'><strong>Boil-5</strong></span> 
     </span>
    </p>
   </div>
   <div class='ocr_carea' id='block_1_68' title="bbox 272 3979 1863 4054">
    <p class='ocr_par' dir='ltr' id='par_1_68' title="bbox 272 3979 1863 4054">
     <span class='ocr_line' id='line_1_68' title="bbox 272 3979 1863 4054; baseline -0.003 -14"><span class='ocrx_word' id='word_1_561' title='bbox 272 3979 456 4054; x_wconf 68' lang='lat' dir='ltr'><strong>leian.,</strong></span> <span class='ocrx_word' id='word_1_562' title='bbox 474 3984 513 4039; x_wconf 84' lang='lat'><strong>2</strong></span> <span class='ocrx_word' id='word_1_563' title='bbox 538 3983 671 4054; x_wconf 78' lang='lat' dir='ltr'><strong>Reg.</strong></span> <span class='ocrx_word' id='word_1_564' title='bbox 703 3980 895 4047; x_wconf 86' lang='lat' dir='ltr'><strong>rec.,2</strong></span> <span class='ocrx_word' id='word_1_565' title='bbox 917 3980 1354 4054; x_wconf 64' lang='lat' dir='ltr'><strong>Colb.,glarom.</strong></span> <span class='ocrx_word' id='word_1_566' title='bbox 1373 3981 1427 4035; x_wconf 91' lang='lat' dir='ltr'><strong>in</strong></span> <span class='ocrx_word' id='word_1_567' title='bbox 1459 3990 1711 4054; x_wconf 77' lang='lat' dir='ltr'><strong>marg_._et</strong></span> <span class='ocrx_word' id='word_1_568' title='bbox 1731 3979 1863 4035; x_wconf 85' lang='lat' dir='ltr'><strong>edit.</strong></span> 
     </span>
    </p>
   </div>
   <div class='ocr_carea' id='block_1_69' title="bbox 260 4050 1867 4126">
    <p class='ocr_par' dir='ltr' id='par_1_69' title="bbox 260 4050 1867 4126">
     <span class='ocr_line' id='line_1_69' title="bbox 260 4050 1867 4126; baseline -0.005 -13"><span class='ocrx_word' id='word_1_569' title='bbox 260 4050 608 4126; x_wconf 61' lang='lat'><strong>1472,1478</strong></span> <span class='ocrx_word' id='word_1_570' title='bbox 624 4050 689 4109; x_wconf 60' lang='lat' dir='ltr'><strong>Et</strong></span> <span class='ocrx_word' id='word_1_571' title='bbox 718 4054 877 4110; x_wconf 72' lang='grc'>1497.</span> <span class='ocrx_word' id='word_1_572' title='bbox 907 4052 1082 4119; x_wconf 87' lang='lat' dir='ltr'><strong>Trid.,</strong></span> <span class='ocrx_word' id='word_1_573' title='bbox 1107 4051 1346 4126; x_wconf 75' lang='lat' dir='ltr'><strong>Floreat.</strong></span> <span class='ocrx_word' id='word_1_574' title='bbox 1381 4060 1435 4107; x_wconf 89' lang='lat' dir='ltr'><strong>et</strong></span> <span class='ocrx_word' id='word_1_575' title='bbox 1457 4051 1525 4106; x_wconf 92' lang='lat' dir='ltr'><strong>ls.</strong></span> <span class='ocrx_word' id='word_1_576' title='bbox 1554 4050 1777 4126; x_wconf 77' lang='lat' dir='ltr'><strong>addunt,</strong></span> <span class='ocrx_word' id='word_1_577' title='bbox 1818 4060 1867 4106; x_wconf 82' lang='lat' dir='ltr'><strong>et</strong></span> 
     </span>
    </p>
   </div>
   <div class='ocr_carea' id='block_1_70' title="bbox 271 4122 1862 4198">
    <p class='ocr_par' dir='ltr' id='par_1_70' title="bbox 271 4122 1862 4198">
     <span class='ocr_line' id='line_1_70' title="bbox 271 4122 1862 4198; baseline -0.003 -15"><span class='ocrx_word' id='word_1_578' title='bbox 271 4146 373 4198; x_wconf 11' lang='lat' dir='ltr'><strong>per,</strong></span> <span class='ocrx_word' id='word_1_579' title='bbox 386 4122 440 4185; x_wconf 83' lang='lat' dir='ltr'><strong>se</strong></span> <span class='ocrx_word' id='word_1_580' title='bbox 471 4125 870 4198; x_wconf 79' lang='lat' dir='ltr'><strong>ipsumniobilis</strong></span> <span class='ocrx_word' id='word_1_581' title='bbox 896 4140 1135 4198; x_wconf 77' lang='lat' dir='ltr'><strong>_semper,</strong></span> <span class='ocrx_word' id='word_1_582' title='bbox 1163 4139 1281 4198; x_wconf 63' lang='lat' dir='ltr'><strong>qua:</strong></span> <span class='ocrx_word' id='word_1_583' title='bbox 1311 4123 1364 4177; x_wconf 89' lang='lat' dir='ltr'><strong>in</strong></span> <span class='ocrx_word' id='word_1_584' title='bbox 1406 4123 1619 4179; x_wconf 82' lang='lat' dir='ltr'><strong>caeteris</strong></span> <span class='ocrx_word' id='word_1_585' title='bbox 1642 4122 1862 4198; x_wconf 77' lang='lat' dir='ltr'><strong>desunt.</strong></span> 
     </span>
    </p>
   </div>
   <div class='ocr_carea' id='block_1_71' title="bbox 270 4193 1865 4265">
    <p class='ocr_par' dir='ltr' id='par_1_71' title="bbox 270 4193 1865 4265">
     <span class='ocr_line' id='line_1_71' title="bbox 270 4193 1865 4265; baseline -0.004 -9"><span class='ocrx_word' id='word_1_586' title='bbox 270 4193 612 4256; x_wconf 55' lang='lat' dir='ltr'><strong>l—Czeterum</strong></span> <span class='ocrx_word' id='word_1_587' title='bbox 656 4196 769 4252; x_wconf 64' lang='lat' dir='ltr'><strong>haec</strong></span> <span class='ocrx_word' id='word_1_588' title='bbox 796 4195 983 4263; x_wconf 83' lang='lat' dir='ltr'><strong>verba,</strong></span> <span class='ocrx_word' id='word_1_589' title='bbox 1030 4211 1147 4265; x_wconf 74' lang='lat' dir='ltr'><strong>qua:</strong></span> <span class='ocrx_word' id='word_1_590' title='bbox 1177 4195 1444 4265; x_wconf 83' lang='lat' dir='ltr'><strong>glossema</strong></span> <span class='ocrx_word' id='word_1_591' title='bbox 1491 4203 1635 4259; x_wconf 88' lang='lat' dir='ltr'><strong>sunt,</strong></span> <span class='ocrx_word' id='word_1_592' title='bbox 1664 4193 1865 4250; x_wconf 89' lang='lat' dir='ltr'><strong>omittit</strong></span> 
     </span>
    </p>
   </div>
   <div class='ocr_carea' id='block_1_72' title="bbox 269 4265 1861 4326">
    <p class='ocr_par' dir='ltr' id='par_1_72' title="bbox 269 4265 1861 4326">
     <span class='ocr_line' id='line_1_72' title="bbox 269 4265 1861 4326; baseline -0.003 -2"><span class='ocrx_word' id='word_1_593' title='bbox 269 4272 430 4326; x_wconf 89' lang='lat' dir='ltr'><strong>etiam</strong></span> <span class='ocrx_word' id='word_1_594' title='bbox 460 4268 530 4325; x_wconf 90' lang='grc' dir='ltr'><strong>Ο.</strong></span> <span class='ocrx_word' id='word_1_595' title='bbox 559 4266 623 4323; x_wconf 91' lang='lat' dir='ltr'><strong>F.</strong></span> <span class='ocrx_word' id='word_1_596' title='bbox 646 4266 924 4323; x_wconf 85' lang='lat' dir='ltr'><strong>Friizsche</strong></span> <span class='ocrx_word' id='word_1_597' title='bbox 954 4271 1004 4321; x_wconf 90' lang='lat' dir='ltr'><strong>in</strong></span> <span class='ocrx_word' id='word_1_598' title='bbox 1034 4280 1129 4323; x_wconf 82' lang='lat' dir='ltr'><strong>sua</strong></span> <span class='ocrx_word' id='word_1_599' title='bbox 1156 4266 1363 4322; x_wconf 88' lang='lat' dir='ltr'><strong>recenti</strong></span> <span class='ocrx_word' id='word_1_600' title='bbox 1389 4265 1861 4320; x_wconf 87' lang='lat' dir='ltr'><strong>Lactantiaaorum</strong></span> 
     </span>
    </p>
   </div>
   <div class='ocr_carea' id='block_1_73' title="bbox 271 4338 782 4413">
    <p class='ocr_par' dir='ltr' id='par_1_73' title="bbox 271 4338 782 4413">
     <span class='ocr_line' id='line_1_73' title="bbox 271 4338 782 4413; baseline -0.002 -18"><span class='ocrx_word' id='word_1_601' title='bbox 271 4358 498 4413; x_wconf 82' lang='lat' dir='ltr'><strong>operum</strong></span> <span class='ocrx_word' id='word_1_602' title='bbox 524 4338 782 4413; x_wconf 81' lang='lat' dir='ltr'><strong>editione.</strong></span> 
     </span>
    </p>
   </div>
   <div class='ocr_carea' id='block_1_74' title="bbox 342 4406 1862 4538">
    <p class='ocr_par' dir='ltr' id='par_1_74' title="bbox 342 4406 1862 4538">
     <span class='ocr_line' id='line_1_74' title="bbox 342 4406 1862 4538; baseline -0.003 -71"><span class='ocrx_word' id='word_1_603' title='bbox 342 4411 568 4538; x_wconf 49' lang='lat' dir='ltr'><strong>Mortam</strong></span> <span class='ocrx_word' id='word_1_604' title='bbox 591 4410 820 4483; x_wconf 80' lang='lat' dir='ltr'><strong>recipiat.</strong></span> <span class='ocrx_word' id='word_1_605' title='bbox 854 4407 913 4465; x_wconf 84' lang='lat' dir='ltr'><strong>id</strong></span> <span class='ocrx_word' id='word_1_606' title='bbox 942 4417 1047 4479; x_wconf 88' lang='lat' dir='ltr'><strong>est,</strong></span> <span class='ocrx_word' id='word_1_607' title='bbox 1102 4408 1290 4465; x_wconf 88' lang='lat' dir='ltr'><strong>mortis</strong></span> <span class='ocrx_word' id='word_1_608' title='bbox 1323 4421 1490 4479; x_wconf 81' lang='lat' dir='ltr'><strong>capax</strong></span> <span class='ocrx_word' id='word_1_609' title='bbox 1527 4407 1616 4472; x_wconf 89' lang='lat' dir='ltr'><strong>sit,</strong></span> <span class='ocrx_word' id='word_1_610' title='bbox 1648 4414 1703 4463; x_wconf 92' lang='lat' dir='ltr'><strong>ut</strong></span> <span class='ocrx_word' id='word_1_611' title='bbox 1723 4406 1862 4463; x_wconf 88' lang='lat' dir='ltr'><strong>mori</strong></span> 
     </span>
     <span class='ocr_line' id='line_1_75' title="bbox 342 4493 622 4538; baseline -0.004 0"><span class='ocrx_word' id='word_1_612' title='bbox 342 4493 457 4538; x_wconf 74' lang='lat' dir='ltr'><strong>ssrt.</strong></span> <span class='ocrx_word' id='word_1_613' title='bbox 537 4498 622 4538; x_wconf 76' lang='lat' dir='ltr'><strong>UN.</strong></span> 
     </span>
    </p>
   </div>
   <div class='ocr_carea' id='block_1_75' title="bbox 308 4486 622 4540">
    <p class='ocr_par' dir='ltr' id='par_1_75' title="bbox 308 4486 622 4540">
     <span class='ocr_line' id='line_1_76' title="bbox 308 4486 622 4540; baseline -0.003 -2"><span class='ocrx_word' id='word_1_614' title='bbox 308 4486 457 4540; x_wconf 90' lang='lat' dir='ltr'><strong>ossit.</strong></span> <span class='ocrx_word' id='word_1_615' title='bbox 489 4486 622 4538; x_wconf 76' lang='lat' dir='ltr'><strong>BUN.</strong></span> 
     </span>
    </p>
   </div>
   <div class='ocr_carea' id='block_1_76' title="bbox 271 4498 1861 4627">
    <p class='ocr_par' dir='ltr' id='par_1_76' title="bbox 271 4498 1861 4627">
     <span class='ocr_line' id='line_1_77' title="bbox 271 4498 1861 4627; baseline -0.005 -16"><span class='ocrx_word' id='word_1_616' title='bbox 271 4498 653 4627; x_wconf 33' lang='grc' dir='ltr'><strong>ὲοῗὲἀιξξὲιίὶ</strong></span> <span class='ocrx_word' id='word_1_617' title='bbox 680 4570 818 4627; x_wconf 88' lang='lat' dir='ltr'><strong>ergo.</strong></span> <span class='ocrx_word' id='word_1_618' title='bbox 839 4551 918 4609; x_wconf 88' lang='lat' dir='ltr'><strong>lla</strong></span> <span class='ocrx_word' id='word_1_619' title='bbox 941 4568 1062 4627; x_wconf 81' lang='lat' dir='ltr'><strong>cum</strong></span> <span class='ocrx_word' id='word_1_620' title='bbox 1086 4549 1480 4627; x_wconf 73' lang='lat' dir='ltr'><strong>vetustioribus</strong></span> <span class='ocrx_word' id='word_1_621' title='bbox 1488 4549 1650 4627; x_wconf 78' lang='lat' dir='ltr'><strong>editis</strong></span> <span class='ocrx_word' id='word_1_622' title='bbox 1671 4548 1861 4627; x_wconf 68' lang='grc' dir='ltr'>ειςεῐ-</span> 
     </span>
    </p>
   </div>
   <div class='ocr_carea' id='block_1_77' title="bbox 273 4622 1861 4697">
    <p class='ocr_par' dir='ltr' id='par_1_77' title="bbox 273 4622 1861 4697">
     <span class='ocr_line' id='line_1_78' title="bbox 273 4622 1861 4697; baseline -0.001 -18"><span class='ocrx_word' id='word_1_623' title='bbox 273 4625 370 4681; x_wconf 82' lang='lat' dir='ltr'><strong>lar.</strong></span> <span class='ocrx_word' id='word_1_624' title='bbox 412 4642 606 4681; x_wconf 90' lang='lat' dir='ltr'><strong>omnes</strong></span> <span class='ocrx_word' id='word_1_625' title='bbox 632 4622 763 4683; x_wconf 58' lang='lat' dir='ltr'><strong>mss&#39;.</strong></span> <span class='ocrx_word' id='word_1_626' title='bbox 797 4634 993 4697; x_wconf 69' lang='lat' dir='ltr'><strong>praeter</strong></span> <span class='ocrx_word' id='word_1_627' title='bbox 1029 4624 1065 4680; x_wconf 84' lang='lat'><strong>2</strong></span> <span class='ocrx_word' id='word_1_628' title='bbox 1094 4639 1206 4681; x_wconf 86' lang='lat' dir='ltr'><strong>rec.</strong></span> <span class='ocrx_word' id='word_1_629' title='bbox 1234 4631 1288 4679; x_wconf 88' lang='lat' dir='ltr'><strong>et</strong></span> <span class='ocrx_word' id='word_1_630' title='bbox 1306 4622 1383 4691; x_wconf 72' lang='lat' dir='ltr'><strong>al.</strong></span> <span class='ocrx_word' id='word_1_631' title='bbox 1416 4622 1547 4679; x_wconf 90' lang='lat' dir='ltr'><strong>edit.</strong></span> <span class='ocrx_word' id='word_1_632' title='bbox 1582 4622 1634 4677; x_wconf 91' lang='lat' dir='ltr'><strong>in</strong></span> <span class='ocrx_word' id='word_1_633' title='bbox 1664 4622 1861 4695; x_wconf 86' lang='lat' dir='ltr'><strong>quibus</strong></span> 
     </span>
    </p>
   </div>
   <div class='ocr_carea' id='block_1_78' title="bbox 271 4697 648 4756">
    <p class='ocr_par' dir='ltr' id='par_1_78' title="bbox 271 4697 648 4756">
     <span class='ocr_line' id='line_1_79' title="bbox 271 4697 648 4756; baseline 0.005 -4"><span class='ocrx_word' id='word_1_634' title='bbox 271 4697 485 4756; x_wconf 89' lang='lat' dir='ltr'><strong>additur</strong></span> <span class='ocrx_word' id='word_1_635' title='bbox 507 4706 648 4754; x_wconf 75' lang='lat' dir='ltr'><strong>sunt.</strong></span> 
     </span>
    </p>
   </div>
   <div class='ocr_carea' id='block_1_79' title="bbox 347 4764 1859 4841">
    <p class='ocr_par' dir='ltr' id='par_1_79' title="bbox 347 4764 1859 4841">
     <span class='ocr_line' id='line_1_80' title="bbox 347 4764 1859 4841; baseline -0.003 -18"><span class='ocrx_word' id='word_1_636' title='bbox 347 4771 502 4839; x_wconf 82' lang='lat' dir='ltr'><strong>Quod</strong></span> <span class='ocrx_word' id='word_1_637' title='bbox 550 4769 831 4841; x_wconf 78' lang='lat' dir='ltr'><strong>aliquando</strong></span> <span class='ocrx_word' id='word_1_638' title='bbox 858 4767 1152 4841; x_wconf 77' lang='lat' dir='ltr'><strong>solvendum</strong></span> <span class='ocrx_word' id='word_1_639' title='bbox 1178 4764 1391 4841; x_wconf 72' lang='lat' dir='ltr'><strong>est_._Sic</strong></span> <span class='ocrx_word' id='word_1_640' title='bbox 1433 4764 1765 4841; x_wconf 66' lang='lat' dir='ltr'><strong>restituimus</strong></span> <span class='ocrx_word' id='word_1_641' title='bbox 1791 4780 1859 4820; x_wconf 82' lang='lat' dir='ltr'><strong>ex</strong></span> 
     </span>
    </p>
   </div>
   <div class='ocr_carea' id='block_1_80' title="bbox 276 4836 1857 4912">
    <p class='ocr_par' dir='ltr' id='par_1_80' title="bbox 276 4836 1857 4912">
     <span class='ocr_line' id='line_1_81' title="bbox 276 4836 1857 4912; baseline -0.004 -16"><span class='ocrx_word' id='word_1_642' title='bbox 276 4836 404 4899; x_wconf 82' lang='lat' dir='ltr'><strong>mss.</strong></span> <span class='ocrx_word' id='word_1_643' title='bbox 438 4843 474 4897; x_wconf 84' lang='lat'><strong><em>5</em></strong></span> <span class='ocrx_word' id='word_1_644' title='bbox 515 4836 674 4912; x_wconf 59' lang='lat' dir='ltr'><strong>Begl,</strong></span> <span class='ocrx_word' id='word_1_645' title='bbox 697 4843 731 4897; x_wconf 76' lang='grc'><strong>5</strong></span> <span class='ocrx_word' id='word_1_646' title='bbox 755 4840 935 4906; x_wconf 83' lang='lat' dir='ltr'><strong>Colb.,</strong></span> <span class='ocrx_word' id='word_1_647' title='bbox 984 4840 1201 4912; x_wconf 81' lang='lat' dir='ltr'><strong>Marm.,</strong></span> <span class='ocrx_word' id='word_1_648' title='bbox 1237 4838 1412 4912; x_wconf 68' lang='lat' dir='ltr'><strong>Lips...</strong></span> <span class='ocrx_word' id='word_1_649' title='bbox 1467 4836 1857 4912; x_wconf 64' lang='lat' dir='ltr'><strong>Goth_.,__Em.,</strong></span> 
     </span>
    </p>
   </div>
   <div class='ocr_carea' id='block_1_81' title="bbox 275 4906 1858 4978">
    <p class='ocr_par' dir='ltr' id='par_1_81' title="bbox 275 4906 1858 4978">
     <span class='ocr_line' id='line_1_82' title="bbox 275 4906 1858 4978; baseline -0.005 -7"><span class='ocrx_word' id='word_1_650' title='bbox 275 4912 455 4978; x_wconf 85' lang='lat' dir='ltr'><strong>Cant.,</strong></span> <span class='ocrx_word' id='word_1_651' title='bbox 488 4906 720 4968; x_wconf 59' lang='lat' dir='ltr'><strong>Clar&#39;om.</strong></span> <span class='ocrx_word' id='word_1_652' title='bbox 769 4922 825 4967; x_wconf 92' lang='lat' dir='ltr'><strong>et</strong></span> <span class='ocrx_word' id='word_1_653' title='bbox 861 4911 1240 4966; x_wconf 89' lang='lat' dir='ltr'><strong>vetustioribus</strong></span> <span class='ocrx_word' id='word_1_654' title='bbox 1287 4906 1444 4964; x_wconf 85' lang='lat' dir='ltr'><strong>editis</strong></span> <span class='ocrx_word' id='word_1_655' title='bbox 1483 4924 1545 4963; x_wconf 86' lang='lat' dir='ltr'><strong>ac</strong></span> <span class='ocrx_word' id='word_1_656' title='bbox 1580 4906 1773 4963; x_wconf 88' lang='lat' dir='ltr'><strong>Ccllar.</strong></span> <span class='ocrx_word' id='word_1_657' title='bbox 1804 4909 1858 4963; x_wconf 92' lang='lat' dir='ltr'><strong>in</strong></span> 
     </span>
    </p>
   </div>
   <div class='ocr_carea' id='block_1_82' title="bbox 272 4977 1855 5051">
    <p class='ocr_par' dir='ltr' id='par_1_82' title="bbox 272 4977 1855 5051">
     <span class='ocr_line' id='line_1_83' title="bbox 272 4977 1855 5051; baseline -0.004 -11"><span class='ocrx_word' id='word_1_658' title='bbox 272 4983 515 5051; x_wconf 66' lang='lat' dir='ltr'><strong>Walcln,</strong></span> <span class='ocrx_word' id='word_1_659' title='bbox 534 4983 641 5049; x_wconf 77' lang='lat' dir='ltr'><strong>sit;</strong></span> <span class='ocrx_word' id='word_1_660' title='bbox 670 4982 1049 5039; x_wconf 85' lang='lat' dir='ltr'><strong>accedentibus</strong></span> <span class='ocrx_word' id='word_1_661' title='bbox 1062 4993 1118 5037; x_wconf 91' lang='lat' dir='ltr'><strong>et</strong></span> <span class='ocrx_word' id='word_1_662' title='bbox 1139 4982 1437 5037; x_wconf 77' lang='lat' dir='ltr'><strong>faventibus</strong></span> <span class='ocrx_word' id='word_1_663' title='bbox 1467 4980 1493 5034; x_wconf 86' lang='lat' dir='ltr'><strong>l</strong></span> <span class='ocrx_word' id='word_1_664' title='bbox 1522 4977 1855 5051; x_wconf 81' lang='lat' dir='ltr'><strong>Reg.,Vict.,</strong></span> 
     </span>
    </p>
   </div>
   <div class='ocr_carea' id='block_1_83' title="bbox 273 5050 1856 5124">
    <p class='ocr_par' dir='ltr' id='par_1_83' title="bbox 273 5050 1856 5124">
     <span class='ocr_line' id='line_1_84' title="bbox 273 5050 1856 5124; baseline -0.004 -15"><span class='ocrx_word' id='word_1_665' title='bbox 273 5054 431 5120; x_wconf 88' lang='lat' dir='ltr'><strong>Nav.,</strong></span> <span class='ocrx_word' id='word_1_666' title='bbox 457 5050 507 5110; x_wconf 45' lang='grc'><strong>1⁷</strong></span> <span class='ocrx_word' id='word_1_667' title='bbox 533 5053 713 5124; x_wconf 90' lang='lat' dir='ltr'><strong>Colb.,</strong></span> <span class='ocrx_word' id='word_1_668' title='bbox 744 5056 909 5110; x_wconf 85' lang='lat' dir='ltr'><strong>Bruti.</strong></span> <span class='ocrx_word' id='word_1_669' title='bbox 956 5055 1010 5108; x_wconf 90' lang='lat' dir='ltr'><strong>in</strong></span> <span class='ocrx_word' id='word_1_670' title='bbox 1060 5054 1252 5123; x_wconf 90' lang='lat' dir='ltr'><strong>quibus</strong></span> <span class='ocrx_word' id='word_1_671' title='bbox 1279 5061 1382 5124; x_wconf 68' lang='lat' dir='ltr'><strong>est,</strong></span> <span class='ocrx_word' id='word_1_672' title='bbox 1411 5053 1547 5118; x_wconf 86' lang='lat' dir='ltr'><strong>quod</strong></span> <span class='ocrx_word' id='word_1_673' title='bbox 1577 5050 1856 5124; x_wconf 73' lang='lat' dir='ltr'><strong>aliquando</strong></span> 
     </span>
    </p>
   </div>
   <div class='ocr_carea' id='block_1_84' title="bbox 275 5122 1858 5195">
    <p class='ocr_par' dir='ltr' id='par_1_84' title="bbox 275 5122 1858 5195">
     <span class='ocr_line' id='line_1_85' title="bbox 275 5122 1858 5195; baseline -0.003 -16"><span class='ocrx_word' id='word_1_674' title='bbox 275 5127 629 5181; x_wconf 68' lang='lat' dir='ltr'><strong>resolvendum</strong></span> <span class='ocrx_word' id='word_1_675' title='bbox 654 5122 761 5191; x_wconf 68' lang='lat' dir='ltr'><strong>est;</strong></span> <span class='ocrx_word' id='word_1_676' title='bbox 800 5135 856 5181; x_wconf 86' lang='lat' dir='ltr'><strong>et</strong></span> <span class='ocrx_word' id='word_1_677' title='bbox 898 5122 1192 5195; x_wconf 83' lang='lat' dir='ltr'><strong>respuunt,</strong></span> <span class='ocrx_word' id='word_1_678' title='bbox 1242 5123 1433 5177; x_wconf 83' lang='lat' dir='ltr'><strong>idcirco</strong></span> <span class='ocrx_word' id='word_1_679' title='bbox 1486 5138 1588 5176; x_wconf 88' lang='lat' dir='ltr'><strong>non</strong></span> <span class='ocrx_word' id='word_1_680' title='bbox 1634 5122 1858 5195; x_wconf 68' lang='lat' dir='ltr'><strong>solidam</strong></span> 
     </span>
    </p>
   </div>
   <div class='ocr_carea' id='block_1_85' title="bbox 279 5190 1854 5269">
    <p class='ocr_par' dir='ltr' id='par_1_85' title="bbox 279 5190 1854 5269">
     <span class='ocr_line' id='line_1_86' title="bbox 279 5190 1854 5269; baseline -0.004 -17"><span class='ocrx_word' id='word_1_681' title='bbox 279 5197 429 5266; x_wconf 70' lang='lat' dir='ltr'><strong>ﬁrn‘tu</strong></span> <span class='ocrx_word' id='word_1_682' title='bbox 438 5215 582 5269; x_wconf 85' lang='lat' dir='ltr'><strong>mque</strong></span> <span class='ocrx_word' id='word_1_683' title='bbox 597 5190 775 5269; x_wconf 75' lang='lat' dir='ltr'><strong>natant</strong></span> <span class='ocrx_word' id='word_1_684' title='bbox 795 5207 865 5252; x_wconf 76' lang='lat' dir='ltr'><strong>est</strong></span> <span class='ocrx_word' id='word_1_685' title='bbox 882 5207 958 5263; x_wconf 83' lang='lat' dir='ltr'><strong>ut,</strong></span> <span class='ocrx_word' id='word_1_686' title='bbox 974 5190 1115 5266; x_wconf 79' lang='lat' dir='ltr'><strong>quod</strong></span> <span class='ocrx_word' id='word_1_687' title='bbox 1133 5195 1464 5269; x_wconf 80' lang='lat' dir='ltr'><strong>interjiciunt</strong></span> <span class='ocrx_word' id='word_1_688' title='bbox 1477 5209 1607 5269; x_wconf 70' lang='lat' dir='ltr'><strong>mss.</strong></span> <span class='ocrx_word' id='word_1_689' title='bbox 1623 5193 1658 5247; x_wconf 85' lang='lat'><strong>2</strong></span> <span class='ocrx_word' id='word_1_690' title='bbox 1673 5190 1854 5269; x_wconf 68' lang='lat' dir='ltr'><strong>Colb.,</strong></span> 
     </span>
    </p>
   </div>
   <div class='ocr_carea' id='block_1_86' title="bbox 279 5262 1856 5338">
    <p class='ocr_par' dir='ltr' id='par_1_86' title="bbox 279 5262 1856 5338">
     <span class='ocr_line' id='line_1_87' title="bbox 279 5262 1856 5338; baseline -0.001 -15"><span class='ocrx_word' id='word_1_691' title='bbox 279 5262 306 5323; x_wconf 67' lang='grc' dir='ltr'>ἰ</span> <span class='ocrx_word' id='word_1_692' title='bbox 334 5262 839 5335; x_wconf 76' lang='lat' dir='ltr'><strong>Sorh6n.,Clarom.</strong></span> <span class='ocrx_word' id='word_1_693' title='bbox 859 5270 909 5323; x_wconf 88' lang='lat' dir='ltr'><strong>in</strong></span> <span class='ocrx_word' id='word_1_694' title='bbox 931 5262 1125 5338; x_wconf 66' lang='lat' dir='ltr'><strong>marg,</strong></span> <span class='ocrx_word' id='word_1_695' title='bbox 1150 5262 1408 5336; x_wconf 86' lang='lat' dir='ltr'><strong>multique</strong></span> <span class='ocrx_word' id='word_1_696' title='bbox 1429 5264 1557 5320; x_wconf 87' lang='lat' dir='ltr'><strong>editi</strong></span> <span class='ocrx_word' id='word_1_697' title='bbox 1580 5265 1718 5320; x_wconf 91' lang='lat' dir='ltr'><strong>inter</strong></span> <span class='ocrx_word' id='word_1_698' title='bbox 1739 5262 1856 5321; x_wconf 74' lang='lat' dir='ltr'><strong>haec</strong></span> 
     </span>
    </p>
   </div>
   <div class='ocr_carea' id='block_1_87' title="bbox 281 5339 1092 5411">
    <p class='ocr_par' dir='ltr' id='par_1_87' title="bbox 281 5339 1092 5411">
     <span class='ocr_line' id='line_1_88' title="bbox 281 5339 1092 5411; baseline -0.001 -18"><span class='ocrx_word' id='word_1_699' title='bbox 281 5339 387 5411; x_wconf 84' lang='lat' dir='ltr'><strong>duo</strong></span> <span class='ocrx_word' id='word_1_700' title='bbox 410 5340 599 5405; x_wconf 88' lang='lat' dir='ltr'><strong>verba,</strong></span> <span class='ocrx_word' id='word_1_701' title='bbox 626 5343 762 5411; x_wconf 82' lang='lat' dir='ltr'><strong>quod</strong></span> <span class='ocrx_word' id='word_1_702' title='bbox 791 5339 1092 5410; x_wconf 83' lang='lat' dir='ltr'><strong>aliquando.</strong></span> 
     </span>
    </p>
   </div>
   <div class='ocr_carea' id='block_1_88' title="bbox 353 5407 1852 5481">
    <p class='ocr_par' dir='ltr' id='par_1_88' title="bbox 353 5407 1852 5481">
     <span class='ocr_line' id='line_1_89' title="bbox 353 5407 1852 5481; baseline -0.002 -16"><span class='ocrx_word' id='word_1_703' title='bbox 353 5410 509 5465; x_wconf 83' lang='lat' dir='ltr'><strong>Omni</strong></span> <span class='ocrx_word' id='word_1_704' title='bbox 536 5407 708 5481; x_wconf 82' lang='lat' dir='ltr'><strong>utique</strong></span> <span class='ocrx_word' id='word_1_705' title='bbox 731 5407 911 5466; x_wconf 75' lang='lat' dir='ltr'><strong>cwlero</strong></span> <span class='ocrx_word' id='word_1_706' title='bbox 936 5420 1160 5478; x_wconf 82' lang='lat' dir='ltr'><strong>tempore</strong></span> <span class='ocrx_word' id='word_1_707' title='bbox 1187 5410 1316 5463; x_wconf 85' lang='lat' dir='ltr'><strong>mori</strong></span> <span class='ocrx_word' id='word_1_708' title='bbox 1344 5407 1487 5481; x_wconf 77' lang='lat' dir='ltr'><strong>nullo</strong></span> <span class='ocrx_word' id='word_1_709' title='bbox 1514 5408 1663 5481; x_wconf 85' lang='lat' dir='ltr'><strong>modo</strong></span> <span class='ocrx_word' id='word_1_710' title='bbox 1687 5424 1852 5478; x_wconf 74' lang='lat' dir='ltr'><strong>posse.</strong></span> 
     </span>
    </p>
   </div>
   <div class='ocr_carea' id='block_1_89' title="bbox 266 5480 1858 5552">
    <p class='ocr_par' dir='ltr' id='par_1_89' title="bbox 266 5480 1858 5552">
     <span class='ocr_line' id='line_1_90' title="bbox 266 5480 1858 5552; baseline -0.001 -17"><span class='ocrx_word' id='word_1_711' title='bbox 266 5481 355 5537; x_wconf 77' lang='lat' dir='ltr'><strong>’lta</strong></span> <span class='ocrx_word' id='word_1_712' title='bbox 400 5480 807 5552; x_wconf 82' lang='lat' dir='ltr'><strong>emendavimus</strong></span> <span class='ocrx_word' id='word_1_713' title='bbox 860 5498 927 5537; x_wconf 81' lang='lat' dir='ltr'><strong>ex</strong></span> <span class='ocrx_word' id='word_1_714' title='bbox 964 5497 1094 5537; x_wconf 83' lang='lat' dir='ltr'><strong>mss.</strong></span> <span class='ocrx_word' id='word_1_715' title='bbox 1152 5480 1487 5552; x_wconf 79' lang='lat' dir='ltr'><strong>Regio-Put.</strong></span> <span class='ocrx_word' id='word_1_716' title='bbox 1546 5480 1769 5550; x_wconf 84' lang='lat' dir='ltr'><strong>aliisque</strong></span> <span class='ocrx_word' id='word_1_717' title='bbox 1819 5480 1858 5533; x_wconf 97' lang='lat'><strong>2</strong></span> 
     </span>
    </p>
   </div>
   <div class='ocr_carea' id='block_1_90' title="bbox 283 5551 1853 5623">
    <p class='ocr_par' dir='ltr' id='par_1_90' title="bbox 283 5551 1853 5623">
     <span class='ocr_line' id='line_1_91' title="bbox 283 5551 1853 5623; baseline -0.003 -14"><span class='ocrx_word' id='word_1_718' title='bbox 283 5552 438 5623; x_wconf 61' lang='lat'><strong>863.,</strong></span> <span class='ocrx_word' id='word_1_719' title='bbox 461 5552 500 5607; x_wconf 87' lang='lat'><strong>2</strong></span> <span class='ocrx_word' id='word_1_720' title='bbox 523 5551 699 5618; x_wconf 88' lang='lat' dir='ltr'><strong>Colb.,</strong></span> <span class='ocrx_word' id='word_1_721' title='bbox 754 5553 942 5618; x_wconf 88' lang='lat' dir='ltr'><strong>Goth.,</strong></span> <span class='ocrx_word' id='word_1_722' title='bbox 996 5553 1160 5607; x_wconf 83' lang='lat' dir='ltr'><strong>Bruti.</strong></span> <span class='ocrx_word' id='word_1_723' title='bbox 1195 5551 1489 5623; x_wconf 80' lang='lat' dir='ltr'><strong>faventibus</strong></span> <span class='ocrx_word' id='word_1_724' title='bbox 1537 5566 1691 5616; x_wconf 83' lang='lat' dir='ltr'><strong>mss.,</strong></span> <span class='ocrx_word' id='word_1_725' title='bbox 1722 5553 1755 5606; x_wconf 81' lang='lat'><strong>3</strong></span> <span class='ocrx_word' id='word_1_726' title='bbox 1784 5552 1853 5623; x_wconf 71' lang='lat' dir='ltr'><strong>al;</strong></span> 
     </span>
    </p>
   </div>
   <div class='ocr_carea' id='block_1_91' title="bbox 284 5620 1853 5694">
    <p class='ocr_par' dir='ltr' id='par_1_91' title="bbox 284 5620 1853 5694">
     <span class='ocr_line' id='line_1_92' title="bbox 284 5620 1853 5694; baseline -0.001 -17"><span class='ocrx_word' id='word_1_727' title='bbox 284 5620 440 5694; x_wconf 56' lang='lat' dir='ltr'><strong>Reg,</strong></span> <span class='ocrx_word' id='word_1_728' title='bbox 461 5624 499 5677; x_wconf 90' lang='lat'><strong>2</strong></span> <span class='ocrx_word' id='word_1_729' title='bbox 522 5623 700 5692; x_wconf 87' lang='lat' dir='ltr'><strong>Colb.,</strong></span> <span class='ocrx_word' id='word_1_730' title='bbox 719 5624 885 5692; x_wconf 86' lang='lat' dir='ltr'><strong>Ultr.,</strong></span> <span class='ocrx_word' id='word_1_731' title='bbox 902 5626 1044 5683; x_wconf 51' lang='lat' dir='ltr'><strong>Em”</strong></span> <span class='ocrx_word' id='word_1_732' title='bbox 1064 5624 1273 5689; x_wconf 79' lang='lat' dir='ltr'><strong>Marm.,</strong></span> <span class='ocrx_word' id='word_1_733' title='bbox 1293 5623 1346 5678; x_wconf 91' lang='lat' dir='ltr'><strong>in</strong></span> <span class='ocrx_word' id='word_1_734' title='bbox 1373 5621 1568 5691; x_wconf 82' lang='lat' dir='ltr'><strong>quibus</strong></span> <span class='ocrx_word' id='word_1_735' title='bbox 1593 5630 1676 5677; x_wconf 87' lang='lat' dir='ltr'><strong>est</strong></span> <span class='ocrx_word' id='word_1_736' title='bbox 1695 5621 1853 5679; x_wconf 84' lang='lat' dir='ltr'><strong>omni.</strong></span> 
     </span>
    </p>
   </div>
   <div class='ocr_carea' id='block_1_92' title="bbox 286 5693 1852 5765">
    <p class='ocr_par' dir='ltr' id='par_1_92' title="bbox 286 5693 1852 5765">
     <span class='ocr_line' id='line_1_93' title="bbox 286 5693 1852 5765; baseline -0.002 -16"><span class='ocrx_word' id='word_1_737' title='bbox 434 5703 492 5749; x_wconf 91' lang='lat' dir='ltr'><strong>et</strong></span> <span class='ocrx_word' id='word_1_738' title='bbox 504 5695 760 5765; x_wconf 71' lang='lat' dir='ltr'><strong>Qlarom.,</strong></span> <span class='ocrx_word' id='word_1_739' title='bbox 779 5706 993 5751; x_wconf 62' lang='lat' dir='ltr'><strong>tulero:</strong></span> <span class='ocrx_word' id='word_1_740' title='bbox 1014 5695 1107 5749; x_wconf 90' lang='lat' dir='ltr'><strong>sed</strong></span> <span class='ocrx_word' id='word_1_741' title='bbox 1134 5697 1185 5749; x_wconf 92' lang='lat' dir='ltr'><strong>in</strong></span> <span class='ocrx_word' id='word_1_742' title='bbox 1215 5695 1513 5765; x_wconf 84' lang='lat' dir='ltr'><strong>posteriore</strong></span> <span class='ocrx_word' id='word_1_743' title='bbox 1538 5701 1620 5749; x_wconf 85' lang='lat' dir='ltr'><strong>est</strong></span> <span class='ocrx_word' id='word_1_744' title='bbox 1640 5693 1852 5761; x_wconf 84' lang='lat' dir='ltr'><strong>homini,</strong></span> 
     </span>
    </p>
   </div>
   <div class='ocr_carea' id='block_1_93' title="bbox 288 5764 1853 5835">
    <p class='ocr_par' dir='ltr' id='par_1_93' title="bbox 288 5764 1853 5835">
     <span class='ocr_line' id='line_1_94' title="bbox 288 5764 1853 5835; baseline -0.001 -17"><span class='ocrx_word' id='word_1_745' title='bbox 288 5772 345 5818; x_wconf 91' lang='lat' dir='ltr'><strong>ut</strong></span> <span class='ocrx_word' id='word_1_746' title='bbox 372 5764 425 5823; x_wconf 90' lang='lat' dir='ltr'><strong>in</strong></span> <span class='ocrx_word' id='word_1_747' title='bbox 445 5766 482 5819; x_wconf 90' lang='lat'><strong>2</strong></span> <span class='ocrx_word' id='word_1_748' title='bbox 508 5764 660 5822; x_wconf 86' lang='lat' dir='ltr'><strong>Colb.</strong></span> <span class='ocrx_word' id='word_1_749' title='bbox 689 5777 745 5823; x_wconf 92' lang='lat' dir='ltr'><strong>et</strong></span> <span class='ocrx_word' id='word_1_750' title='bbox 765 5768 945 5822; x_wconf 84' lang='lat' dir='ltr'><strong>Balnz.</strong></span> <span class='ocrx_word' id='word_1_751' title='bbox 978 5766 1033 5820; x_wconf 93' lang='lat' dir='ltr'><strong>ln</strong></span> <span class='ocrx_word' id='word_1_752' title='bbox 1064 5765 1096 5818; x_wconf 92' lang='lat'>7</span> <span class='ocrx_word' id='word_1_753' title='bbox 1125 5764 1253 5819; x_wconf 81' lang='lat' dir='ltr'><strong>mss.</strong></span> <span class='ocrx_word' id='word_1_754' title='bbox 1286 5775 1370 5820; x_wconf 87' lang='lat' dir='ltr'><strong>cst</strong></span> <span class='ocrx_word' id='word_1_755' title='bbox 1399 5773 1557 5835; x_wconf 78' lang='lat' dir='ltr'><strong>verto,</strong></span> <span class='ocrx_word' id='word_1_756' title='bbox 1582 5773 1853 5835; x_wconf 89' lang='lat' dir='ltr'><strong>corrupte.</strong></span> 
     </span>
    </p>
   </div>
   <div class='ocr_carea' id='block_1_94' title="bbox 288 5834 1859 5908">
    <p class='ocr_par' dir='ltr' id='par_1_94' title="bbox 288 5834 1859 5908">
     <span class='ocr_line' id='line_1_95' title="bbox 288 5834 1859 5908; baseline 0.002 -18"><span class='ocrx_word' id='word_1_757' title='bbox 288 5835 399 5900; x_wconf 67' lang='grc' dir='ltr'><strong>ωε</strong></span> <span class='ocrx_word' id='word_1_758' title='bbox 422 5837 655 5908; x_wconf 83' lang='grc' dir='ltr'><strong>Βοηοιι.,</strong></span> <span class='ocrx_word' id='word_1_759' title='bbox 677 5838 834 5908; x_wconf 80' lang='lat' dir='ltr'><strong>Tax.,</strong></span> <span class='ocrx_word' id='word_1_760' title='bbox 862 5847 915 5895; x_wconf 89' lang='lat' dir='ltr'><strong>et</strong></span> <span class='ocrx_word' id='word_1_761' title='bbox 940 5837 1087 5908; x_wconf 89' lang='lat' dir='ltr'><strong>Lips.</strong></span> <span class='ocrx_word' id='word_1_762' title='bbox 1112 5847 1166 5893; x_wconf 89' lang='lat' dir='ltr'><strong>et</strong></span> <span class='ocrx_word' id='word_1_763' title='bbox 1195 5838 1247 5893; x_wconf 91' lang='lat' dir='ltr'><strong>in</strong></span> <span class='ocrx_word' id='word_1_764' title='bbox 1277 5834 1611 5905; x_wconf 84' lang='lat' dir='ltr'><strong>pravioribus</strong></span> <span class='ocrx_word' id='word_1_765' title='bbox 1637 5834 1859 5905; x_wconf 82' lang='lat' dir='ltr'><strong>vulgatis</strong></span> 
     </span>
    </p>
   </div>
   <div class='ocr_carea' id='block_1_95' title="bbox 1973 3403 3567 3477">
    <p class='ocr_par' dir='ltr' id='par_1_95' title="bbox 1973 3403 3567 3477">
     <span class='ocr_line' id='line_1_96' title="bbox 1973 3403 3567 3477; baseline 0.001 -13"><span class='ocrx_word' id='word_1_766' title='bbox 1973 3417 2079 3473; x_wconf 89' lang='lat' dir='ltr'><strong>est,</strong></span> <span class='ocrx_word' id='word_1_767' title='bbox 2100 3407 2354 3477; x_wconf 64' lang='lat' dir='ltr'><strong>[continent</strong></span> <span class='ocrx_word' id='word_1_768' title='bbox 2382 3403 2553 3477; x_wconf 64' lang='lat' dir='ltr'><strong>utique</strong></span> <span class='ocrx_word' id='word_1_769' title='bbox 2604 3411 2990 3477; x_wconf 15' lang='lat' dir='ltr'><strong>certogteinpore</strong></span> <span class='ocrx_word' id='word_1_770' title='bbox 3041 3408 3172 3467; x_wconf 87' lang='lat' dir='ltr'><strong>mori</strong></span> <span class='ocrx_word' id='word_1_771' title='bbox 3216 3408 3363 3465; x_wconf 81' lang='lat' dir='ltr'><strong>nullo</strong></span> <span class='ocrx_word' id='word_1_772' title='bbox 3410 3409 3567 3466; x_wconf 80' lang='lat' dir='ltr'><strong>modo</strong></span> 
     </span>
    </p>
   </div>
   <div class='ocr_carea' id='block_1_96' title="bbox 1975 3472 3571 3551">
    <p class='ocr_par' dir='ltr' id='par_1_96' title="bbox 1975 3472 3571 3551">
     <span class='ocr_line' id='line_1_97' title="bbox 1975 3472 3571 3551; baseline 0.005 -21"><span class='ocrx_word' id='word_1_773' title='bbox 1975 3472 2155 3551; x_wconf 72' lang='lat' dir='ltr'><strong>posse;</strong></span> <span class='ocrx_word' id='word_1_774' title='bbox 2181 3478 2231 3532; x_wconf 89' lang='lat' dir='ltr'><strong>in</strong></span> <span class='ocrx_word' id='word_1_775' title='bbox 2250 3472 2412 3551; x_wconf 65' lang='lat' dir='ltr'><strong>Qauc.</strong></span> <span class='ocrx_word' id='word_1_776' title='bbox 2440 3472 2496 3531; x_wconf 80' lang='lat' dir='ltr'><strong>et</strong></span> <span class='ocrx_word' id='word_1_777' title='bbox 2519 3474 2551 3530; x_wconf 90' lang='lat'><strong>7</strong></span> <span class='ocrx_word' id='word_1_778' title='bbox 2575 3474 2809 3543; x_wconf 79' lang='lat' dir='ltr'><strong>excusis,</strong></span> <span class='ocrx_word' id='word_1_779' title='bbox 2830 3472 3086 3534; x_wconf 77' lang='lat' dir='ltr'><strong>hominem</strong></span> <span class='ocrx_word' id='word_1_780' title='bbox 3114 3479 3288 3550; x_wconf 83' lang='lat' dir='ltr'><strong>utique</strong></span> <span class='ocrx_word' id='word_1_781' title='bbox 3307 3480 3408 3536; x_wconf 78' lang='lat' dir='ltr'><strong>nisi</strong></span> <span class='ocrx_word' id='word_1_782' title='bbox 3427 3489 3571 3538; x_wconf 82' lang='lat' dir='ltr'><strong>certo</strong></span> 
     </span>
    </p>
   </div>
   <div class='ocr_carea' id='block_1_97' title="bbox 1975 3547 3606 3618">
    <p class='ocr_par' dir='ltr' id='par_1_97' title="bbox 1975 3547 3606 3618">
     <span class='ocr_line' id='line_1_98' title="bbox 1975 3547 3606 3618; baseline -0.004 -11"><span class='ocrx_word' id='word_1_783' title='bbox 1975 3547 2218 3618; x_wconf 69' lang='lat' dir='ltr'><strong>lempore.</strong></span> <span class='ocrx_word' id='word_1_784' title='bbox 2251 3547 2385 3603; x_wconf 79' lang='lat' dir='ltr'><strong>Vide</strong></span> <span class='ocrx_word' id='word_1_785' title='bbox 2413 3561 2528 3618; x_wconf 88' lang='lat' dir='ltr'><strong>seq.</strong></span> <span class='ocrx_word' id='word_1_786' title='bbox 3206 3547 3216 3550; x_wconf 68' lang='grc'>⁷</span> <span class='ocrx_word' id='word_1_787' title='bbox 3601 3605 3606 3610; x_wconf 56' lang='grc'><strong>,</strong></span> 
     </span>
    </p>
   </div>
   <div class='ocr_carea' id='block_1_98' title="bbox 2049 3617 3562 3690">
    <p class='ocr_par' dir='ltr' id='par_1_98' title="bbox 2049 3617 3562 3690">
     <span class='ocr_line' id='line_1_99' title="bbox 2049 3617 3562 3690; baseline 0.003 -13"><span class='ocrx_word' id='word_1_788' title='bbox 2049 3617 2110 3677; x_wconf 86' lang='lat' dir='ltr'><strong>Si</strong></span> <span class='ocrx_word' id='word_1_789' title='bbox 2141 3620 2395 3690; x_wconf 82' lang='lat' dir='ltr'><strong>prohiberi</strong></span> <span class='ocrx_word' id='word_1_790' title='bbox 2415 3617 2477 3672; x_wconf 87' lang='lat' dir='ltr'><strong>ab</strong></span> <span class='ocrx_word' id='word_1_791' title='bbox 2492 3620 2655 3675; x_wconf 83' lang='lat' dir='ltr'><strong>altera</strong></span> <span class='ocrx_word' id='word_1_792' title='bbox 2676 3620 2809 3674; x_wconf 80' lang='lat' dir='ltr'><strong>victu</strong></span> <span class='ocrx_word' id='word_1_793' title='bbox 2836 3619 3239 3689; x_wconf 79' lang='lat' dir='ltr'><strong>potest.Pr:cter</strong></span> <span class='ocrx_word' id='word_1_794' title='bbox 3254 3635 3353 3678; x_wconf 86' lang='lat' dir='ltr'><strong>ms.</strong></span> <span class='ocrx_word' id='word_1_795' title='bbox 3387 3621 3562 3681; x_wconf 84' lang='lat' dir='ltr'><strong>Torn.</strong></span> 
     </span>
    </p>
   </div>
   <div class='ocr_carea' id='block_1_99' title="bbox 1977 3690 3568 3762">
    <p class='ocr_par' dir='ltr' id='par_1_99' title="bbox 1977 3690 3568 3762">
     <span class='ocr_line' id='line_1_100' title="bbox 1977 3690 3568 3762; baseline 0.003 -15"><span class='ocrx_word' id='word_1_796' title='bbox 1977 3701 2031 3748; x_wconf 92' lang='lat' dir='ltr'><strong>et</strong></span> <span class='ocrx_word' id='word_1_797' title='bbox 2053 3693 2083 3746; x_wconf 91' lang='lat'><strong>7</strong></span> <span class='ocrx_word' id='word_1_798' title='bbox 2104 3692 2234 3747; x_wconf 91' lang='lat' dir='ltr'><strong>edit.</strong></span> <span class='ocrx_word' id='word_1_799' title='bbox 2266 3704 2377 3747; x_wconf 87' lang='lat' dir='ltr'><strong>rec.</strong></span> <span class='ocrx_word' id='word_1_800' title='bbox 2399 3692 2455 3745; x_wconf 76' lang='lat' dir='ltr'><strong>in</strong></span> <span class='ocrx_word' id='word_1_801' title='bbox 2477 3691 2673 3760; x_wconf 81' lang='lat' dir='ltr'><strong>quibus</strong></span> <span class='ocrx_word' id='word_1_802' title='bbox 2696 3700 2782 3747; x_wconf 80' lang='lat' dir='ltr'><strong>est</strong></span> <span class='ocrx_word' id='word_1_803' title='bbox 2806 3690 2991 3755; x_wconf 79' lang='lat' dir='ltr'><strong>altore,</strong></span> <span class='ocrx_word' id='word_1_804' title='bbox 3020 3691 3207 3762; x_wconf 81' lang='lat' dir='ltr'><strong>scripti</strong></span> <span class='ocrx_word' id='word_1_805' title='bbox 3222 3701 3281 3747; x_wconf 89' lang='lat' dir='ltr'><strong>et</strong></span> <span class='ocrx_word' id='word_1_806' title='bbox 3299 3693 3424 3749; x_wconf 86' lang='lat' dir='ltr'><strong>edd.</strong></span> <span class='ocrx_word' id='word_1_807' title='bbox 3441 3711 3568 3751; x_wconf 85' lang='lat' dir='ltr'><strong>.om-</strong></span> 
     </span>
    </p>
   </div>
   <div class='ocr_carea' id='block_1_100' title="bbox 1978 3762 3568 3835">
    <p class='ocr_par' dir='ltr' id='par_1_100' title="bbox 1978 3762 3568 3835">
     <span class='ocr_line' id='line_1_101' title="bbox 1978 3762 3568 3835; baseline 0.003 -17"><span class='ocrx_word' id='word_1_808' title='bbox 1978 3780 2073 3819; x_wconf 87' lang='lat' dir='ltr'><strong>nos</strong></span> <span class='ocrx_word' id='word_1_809' title='bbox 2105 3763 2307 3835; x_wconf 85' lang='lat' dir='ltr'><strong>habent</strong></span> <span class='ocrx_word' id='word_1_810' title='bbox 2335 3762 2517 3835; x_wconf 75' lang='lat' dir='ltr'><strong>altera.</strong></span> <span class='ocrx_word' id='word_1_811' title='bbox 2544 3763 2632 3817; x_wconf 87' lang='lat' dir='ltr'><strong>Sic</strong></span> <span class='ocrx_word' id='word_1_812' title='bbox 2656 3764 2817 3835; x_wconf 86' lang='lat' dir='ltr'><strong>etiam</strong></span> <span class='ocrx_word' id='word_1_813' title='bbox 2841 3762 3014 3817; x_wconf 83' lang='lat' dir='ltr'><strong>Betui.</strong></span> <span class='ocrx_word' id='word_1_814' title='bbox 3040 3767 3237 3835; x_wconf 80' lang='lat' dir='ltr'><strong>codex.</strong></span> <span class='ocrx_word' id='word_1_815' title='bbox 3261 3762 3473 3835; x_wconf 86' lang='lat' dir='ltr'><strong>Optima</strong></span> <span class='ocrx_word' id='word_1_816' title='bbox 3509 3775 3568 3823; x_wconf 86' lang='lat' dir='ltr'><strong>et</strong></span> 
     </span>
    </p>
   </div>
   <div class='ocr_carea' id='block_1_101' title="bbox 1972 3830 3561 3905">
    <p class='ocr_par' dir='ltr' id='par_1_101' title="bbox 1972 3830 3561 3905">
     <span class='ocr_line' id='line_1_102' title="bbox 1972 3830 3561 3905; baseline 0.001 -15"><span class='ocrx_word' id='word_1_817' title='bbox 1972 3836 2203 3905; x_wconf 85' lang='lat' dir='ltr'><strong>genuina</strong></span> <span class='ocrx_word' id='word_1_818' title='bbox 2233 3833 2411 3888; x_wconf 80' lang='lat' dir='ltr'><strong>lectio.</strong></span> <span class='ocrx_word' id='word_1_819' title='bbox 2441 3833 2617 3887; x_wconf 79' lang='lat' dir='ltr'><strong>Altero</strong></span> <span class='ocrx_word' id='word_1_820' title='bbox 2646 3833 2790 3905; x_wconf 85' lang='lat' dir='ltr'><strong>enim</strong></span> <span class='ocrx_word' id='word_1_821' title='bbox 2823 3830 3202 3905; x_wconf 13' lang='lat' dir='ltr'><strong>nongrefertnr</strong></span> <span class='ocrx_word' id='word_1_822' title='bbox 3221 3834 3290 3890; x_wconf 87' lang='lat' dir='ltr'><strong>ad</strong></span> <span class='ocrx_word' id='word_1_823' title='bbox 3307 3830 3377 3890; x_wconf 78' lang='grc' dir='ltr'><strong>’τὸ</strong></span> <span class='ocrx_word' id='word_1_824' title='bbox 3399 3836 3561 3905; x_wconf 81' lang='lat' dir='ltr'><strong>victu,</strong></span> 
     </span>
    </p>
   </div>
   <div class='ocr_carea' id='block_1_102' title="bbox 1972 3903 3566 3977">
    <p class='ocr_par' dir='ltr' id='par_1_102' title="bbox 1972 3903 3566 3977">
     <span class='ocr_line' id='line_1_103' title="bbox 1972 3903 3566 3977; baseline 0.002 -17"><span class='ocrx_word' id='word_1_825' title='bbox 1972 3903 2033 3960; x_wconf 85' lang='lat' dir='ltr'><strong>ut</strong></span> <span class='ocrx_word' id='word_1_826' title='bbox 2061 3904 2276 3977; x_wconf 88' lang='lat' dir='ltr'><strong>quidam</strong></span> <span class='ocrx_word' id='word_1_827' title='bbox 2319 3912 2658 3977; x_wconf 84' lang='lat' dir='ltr'><strong>putaverunt.</strong></span> <span class='ocrx_word' id='word_1_828' title='bbox 2686 3903 2743 3959; x_wconf 87' lang='lat' dir='ltr'><strong>Id</strong></span> <span class='ocrx_word' id='word_1_829' title='bbox 2783 3914 2887 3970; x_wconf 89' lang='lat' dir='ltr'><strong>est,</strong></span> <span class='ocrx_word' id='word_1_830' title='bbox 2913 3904 3140 3977; x_wconf 81' lang='lat' dir='ltr'><strong>sialter,</strong></span> <span class='ocrx_word' id='word_1_831' title='bbox 3174 3903 3566 3977; x_wconf 85' lang='lat' dir='ltr'><strong>impedimento</strong></span> 
     </span>
    </p>
   </div>
   <div class='ocr_carea' id='block_1_103' title="bbox 1971 3975 3558 4048">
    <p class='ocr_par' dir='ltr' id='par_1_103' title="bbox 1971 3975 3558 4048">
     <span class='ocr_line' id='line_1_104' title="bbox 1971 3975 3558 4048; baseline -0.001 -15"><span class='ocrx_word' id='word_1_832' title='bbox 1971 3978 2061 4043; x_wconf 87' lang='lat' dir='ltr'><strong>sit,</strong></span> <span class='ocrx_word' id='word_1_833' title='bbox 2081 3975 2379 4048; x_wconf 73' lang='lat' dir='ltr'><strong>quominus</strong></span> <span class='ocrx_word' id='word_1_834' title='bbox 2402 3975 2545 4048; x_wconf 84' lang='lat' dir='ltr'><strong>victu</strong></span> <span class='ocrx_word' id='word_1_835' title='bbox 2572 3984 2772 4048; x_wconf 74' lang='lat' dir='ltr'><strong>utatur,</strong></span> <span class='ocrx_word' id='word_1_836' title='bbox 2801 3985 2897 4048; x_wconf 88' lang='lat' dir='ltr'><strong>aut</strong></span> <span class='ocrx_word' id='word_1_837' title='bbox 2925 3975 3179 4048; x_wconf 85' lang='lat' dir='ltr'><strong>alimenta</strong></span> <span class='ocrx_word' id='word_1_838' title='bbox 3204 3975 3558 4034; x_wconf 81' lang='lat' dir='ltr'><strong>subtraxerit.</strong></span> 
     </span>
    </p>
   </div>
   <div class='ocr_carea' id='block_1_104' title="bbox 1971 4045 3559 4115">
    <p class='ocr_par' dir='ltr' id='par_1_104' title="bbox 1971 4045 3559 4115">
     <span class='ocr_line' id='line_1_105' title="bbox 1971 4045 3559 4115; baseline 0.001 -12"><span class='ocrx_word' id='word_1_839' title='bbox 1971 4048 2039 4103; x_wconf 84' lang='lat' dir='ltr'><strong>Et</strong></span> <span class='ocrx_word' id='word_1_840' title='bbox 2067 4045 2146 4104; x_wconf 78' lang='lat' dir='ltr'><strong>sic</strong></span> <span class='ocrx_word' id='word_1_841' title='bbox 2171 4046 2308 4103; x_wconf 86' lang='lat' dir='ltr'><strong>infra</strong></span> <span class='ocrx_word' id='word_1_842' title='bbox 2338 4045 2572 4115; x_wconf 89' lang='lat' dir='ltr'><strong>loquitur</strong></span> <span class='ocrx_word' id='word_1_843' title='bbox 2601 4045 3088 4102; x_wconf 58' lang='lat' dir='ltr'><strong>Lactantius—Ab</strong></span> <span class='ocrx_word' id='word_1_844' title='bbox 3103 4048 3265 4115; x_wconf 85' lang='lat' dir='ltr'><strong>altera</strong></span> <span class='ocrx_word' id='word_1_845' title='bbox 3290 4048 3559 4105; x_wconf 79' lang='lat' dir='ltr'><strong>victu.No-</strong></span> 
     </span>
    </p>
   </div>
   <div class='ocr_carea' id='block_1_105' title="bbox 1969 4114 3564 4188">
    <p class='ocr_par' dir='ltr' id='par_1_105' title="bbox 1969 4114 3564 4188">
     <span class='ocr_line' id='line_1_106' title="bbox 1969 4114 3564 4188; baseline 0.001 -14"><span class='ocrx_word' id='word_1_846' title='bbox 1969 4121 2096 4174; x_wconf 92' lang='lat' dir='ltr'><strong>dum</strong></span> <span class='ocrx_word' id='word_1_847' title='bbox 2127 4120 2180 4173; x_wconf 91' lang='lat' dir='ltr'><strong>in</strong></span> <span class='ocrx_word' id='word_1_848' title='bbox 2220 4118 2400 4187; x_wconf 86' lang='lat' dir='ltr'><strong>scirpo</strong></span> <span class='ocrx_word' id='word_1_849' title='bbox 2412 4114 2701 4188; x_wconf 71' lang='lat' dir='ltr'><strong>Erasmus,</strong></span> <span class='ocrx_word' id='word_1_850' title='bbox 2725 4116 2984 4188; x_wconf 70' lang='lat' dir='ltr'><strong>Gallzeus,</strong></span> <span class='ocrx_word' id='word_1_851' title='bbox 3016 4116 3093 4171; x_wconf 87' lang='lat' dir='ltr'><strong>lo.</strong></span> <span class='ocrx_word' id='word_1_852' title='bbox 3117 4114 3280 4171; x_wconf 85' lang='lat' dir='ltr'><strong>Cauci</strong></span> <span class='ocrx_word' id='word_1_853' title='bbox 3301 4117 3387 4174; x_wconf 90' lang='lat' dir='ltr'><strong>hic</strong></span> <span class='ocrx_word' id='word_1_854' title='bbox 3411 4134 3564 4188; x_wconf 71' lang='lat' dir='ltr'><strong>qure-</strong></span> 
     </span>
    </p>
   </div>
   <div class='ocr_carea' id='block_1_106' title="bbox 1967 4187 3560 4260">
    <p class='ocr_par' dir='ltr' id='par_1_106' title="bbox 1967 4187 3560 4260">
     <span class='ocr_line' id='line_1_107' title="bbox 1967 4187 3560 4260; baseline 0.001 -15"><span class='ocrx_word' id='word_1_855' title='bbox 1967 4192 2195 4247; x_wconf 86' lang='lat' dir='ltr'><strong>sierunt.</strong></span> <span class='ocrx_word' id='word_1_856' title='bbox 2227 4189 2390 4245; x_wconf 81' lang='lat' dir='ltr'><strong>Ortus</strong></span> <span class='ocrx_word' id='word_1_857' title='bbox 2417 4187 2507 4243; x_wconf 80' lang='lat' dir='ltr'><strong>hic</strong></span> <span class='ocrx_word' id='word_1_858' title='bbox 2531 4189 2713 4260; x_wconf 83' lang='lat' dir='ltr'><strong>lapsus</strong></span> <span class='ocrx_word' id='word_1_859' title='bbox 2739 4203 2803 4245; x_wconf 80' lang='lat' dir='ltr'><strong>ex</strong></span> <span class='ocrx_word' id='word_1_860' title='bbox 2827 4187 2960 4243; x_wconf 86' lang='lat' dir='ltr'><strong>falsa</strong></span> <span class='ocrx_word' id='word_1_861' title='bbox 2983 4189 3408 4260; x_wconf 66' lang='lat' dir='ltr'><strong>constructione.</strong></span> <span class='ocrx_word' id='word_1_862' title='bbox 3423 4188 3560 4245; x_wconf 80' lang='lat' dir='ltr'><strong>0m-</strong></span> 
     </span>
    </p>
   </div>
   <div class='ocr_carea' id='block_1_107' title="bbox 1969 4256 3559 4333">
    <p class='ocr_par' dir='ltr' id='par_1_107' title="bbox 1969 4256 3559 4333">
     <span class='ocr_line' id='line_1_108' title="bbox 1969 4256 3559 4333; baseline 0.001 -17"><span class='ocrx_word' id='word_1_863' title='bbox 1969 4264 2056 4316; x_wconf 82' lang='lat' dir='ltr'><strong>nia</strong></span> <span class='ocrx_word' id='word_1_864' title='bbox 2085 4261 2264 4333; x_wconf 81' lang='lat' dir='ltr'><strong>plana,</strong></span> <span class='ocrx_word' id='word_1_865' title='bbox 2310 4261 2365 4333; x_wconf 81' lang='lat' dir='ltr'><strong>si</strong></span> <span class='ocrx_word' id='word_1_866' title='bbox 2392 4268 2541 4333; x_wconf 82' lang='lat' dir='ltr'><strong>recte</strong></span> <span class='ocrx_word' id='word_1_867' title='bbox 2565 4256 2637 4313; x_wconf 82' lang='lat' dir='ltr'><strong>iia</strong></span> <span class='ocrx_word' id='word_1_868' title='bbox 2667 4268 2951 4333; x_wconf 81' lang='lat' dir='ltr'><strong>construas</strong></span> <span class='ocrx_word' id='word_1_869' title='bbox 2979 4275 2993 4312; x_wconf 89' lang='lat'><strong>:</strong></span> <span class='ocrx_word' id='word_1_870' title='bbox 3026 4256 3133 4333; x_wconf 60' lang='lat' dir='ltr'><strong>sed</strong></span> <span class='ocrx_word' id='word_1_871' title='bbox 3156 4259 3375 4333; x_wconf 13' lang='lat' dir='ltr'><strong>sighom‘o</strong></span> <span class='ocrx_word' id='word_1_872' title='bbox 3395 4262 3461 4316; x_wconf 80' lang='lat' dir='ltr'><strong>ab</strong></span> <span class='ocrx_word' id='word_1_873' title='bbox 3481 4261 3559 4317; x_wconf 81' lang='lat' dir='ltr'><strong>al-</strong></span> 
     </span>
    </p>
   </div>
   <div class='ocr_carea' id='block_1_108' title="bbox 1968 4328 3562 4456">
    <p class='ocr_par' dir='ltr' id='par_1_108' title="bbox 1968 4328 3562 4456">
     <span class='ocr_line' id='line_1_109' title="bbox 1968 4328 3562 4456; baseline 0.001 -69"><span class='ocrx_word' id='word_1_874' title='bbox 1968 4328 2100 4415; x_wconf 50' lang='lat' dir='ltr'><strong>tera:</strong></span> <span class='ocrx_word' id='word_1_875' title='bbox 2125 4332 2255 4398; x_wconf 84' lang='lat' dir='ltr'><strong>(alio</strong></span> <span class='ocrx_word' id='word_1_876' title='bbox 2309 4330 2738 4456; x_wconf 52' lang='lat' dir='ltr'><strong>hominegyotest</strong></span> <span class='ocrx_word' id='word_1_877' title='bbox 2782 4330 2919 4384; x_wconf 72' lang='lat' dir='ltr'><strong>victu</strong></span> <span class='ocrx_word' id='word_1_878' title='bbox 2963 4328 3253 4413; x_wconf 44' lang='lat' dir='ltr'><strong>prohiberi;</strong></span> <span class='ocrx_word' id='word_1_879' title='bbox 3290 4330 3441 4415; x_wconf 64' lang='lat' dir='ltr'><strong>sive,</strong></span> <span class='ocrx_word' id='word_1_880' title='bbox 3497 4339 3562 4389; x_wconf 76' lang='grc' dir='ltr'><strong>ιιι</strong></span> 
     </span>
     <span class='ocr_line' id='line_1_110' title="bbox 1968 4399 3561 4456; baseline 0 0"><span class='ocrx_word' id='word_1_881' title='bbox 1968 4411 2148 4456; x_wconf 85' lang='lat' dir='ltr'><strong>statim</strong></span> <span class='ocrx_word' id='word_1_882' title='bbox 2191 4410 2478 4456; x_wconf 76' lang='lat' dir='ltr'><strong>sequitur:</strong></span> <span class='ocrx_word' id='word_1_883' title='bbox 2558 4417 2575 4456; x_wconf 76' lang='grc' dir='ltr'><strong>ι</strong></span> <span class='ocrx_word' id='word_1_884' title='bbox 2615 4402 2679 4455; x_wconf 74' lang='lat' dir='ltr'><strong>ob</strong></span> <span class='ocrx_word' id='word_1_885' title='bbox 2724 4401 2888 4456; x_wconf 77' lang='lat' dir='ltr'><strong>altero</strong></span> <span class='ocrx_word' id='word_1_886' title='bbox 2933 4401 3045 4456; x_wconf 81' lang='lat' dir='ltr'><strong>(sc.</strong></span> <span class='ocrx_word' id='word_1_887' title='bbox 3076 4399 3209 4456; x_wconf 67' lang='lat' dir='ltr'><strong>alio)</strong></span> <span class='ocrx_word' id='word_1_888' title='bbox 3254 4417 3303 4455; x_wconf 80' lang='lat' dir='ltr'><strong>et</strong></span> <span class='ocrx_word' id='word_1_889' title='bbox 3330 4402 3561 4456; x_wconf 71' lang='lat' dir='ltr'><strong>ciborum</strong></span> 
     </span>
    </p>
   </div>
   <div class='ocr_carea' id='block_1_109' title="bbox 1967 4399 3561 4476">
    <p class='ocr_par' dir='ltr' id='par_1_109' title="bbox 1967 4399 3561 4476">
     <span class='ocr_line' id='line_1_111' title="bbox 1967 4399 3561 4476; baseline 0.001 -18"><span class='ocrx_word' id='word_1_890' title='bbox 1967 4404 2148 4458; x_wconf 83' lang='lat' dir='ltr'><strong>statim</strong></span> <span class='ocrx_word' id='word_1_891' title='bbox 2191 4402 2478 4476; x_wconf 62' lang='lat' dir='ltr'><strong>sequitur;</strong></span> <span class='ocrx_word' id='word_1_892' title='bbox 2513 4399 2583 4456; x_wconf 80' lang='lat' dir='ltr'><strong>Si</strong></span> <span class='ocrx_word' id='word_1_893' title='bbox 2615 4402 2679 4455; x_wconf 74' lang='lat' dir='ltr'><strong>ob</strong></span> <span class='ocrx_word' id='word_1_894' title='bbox 2724 4401 2910 4476; x_wconf 19' lang='lat' dir='ltr'><strong>altero»</strong></span> <span class='ocrx_word' id='word_1_895' title='bbox 2933 4399 3045 4476; x_wconf 84' lang='lat' dir='ltr'><strong>(se.</strong></span> <span class='ocrx_word' id='word_1_896' title='bbox 3076 4399 3209 4476; x_wconf 62' lang='lat' dir='ltr'><strong>alio)</strong></span> <span class='ocrx_word' id='word_1_897' title='bbox 3254 4402 3303 4455; x_wconf 88' lang='lat' dir='ltr'><strong>ei</strong></span> <span class='ocrx_word' id='word_1_898' title='bbox 3330 4401 3561 4459; x_wconf 68' lang='lat' dir='ltr'><strong>ciborum</strong></span> 
     </span>
    </p>
   </div>
   <div class='ocr_carea' id='block_1_110' title="bbox 1888 4471 3264 4571">
    <p class='ocr_par' dir='ltr' id='par_1_110' title="bbox 1888 4471 3264 4571">
     <span class='ocr_line' id='line_1_112' title="bbox 1888 4471 3264 4571; baseline -0.003 -40"><span class='ocrx_word' id='word_1_899' title='bbox 1888 4509 1943 4571; x_wconf 70' lang='grc' dir='ltr'><strong><em>Β</em></strong></span> <span class='ocrx_word' id='word_1_900' title='bbox 1965 4474 2464 4571; x_wconf 49' lang='lat' dir='ltr'><strong>eligenta’subtrnhi</strong></span> <span class='ocrx_word' id='word_1_901' title='bbox 2492 4483 2729 4571; x_wconf 47' lang='lat' dir='ltr'><strong>poterint,</strong></span> <span class='ocrx_word' id='word_1_902' title='bbox 2751 4471 3264 4571; x_wconf 36' lang='grc' dir='ltr'><strong>ροιεςξςειοςὶᾁιῦυιι.</strong></span> 
     </span>
    </p>
   </div>
   <div class='ocr_carea' id='block_1_111' title="bbox 2039 4543 3560 4615">
    <p class='ocr_par' dir='ltr' id='par_1_111' title="bbox 2039 4543 3560 4615">
     <span class='ocr_line' id='line_1_113' title="bbox 2039 4543 3560 4615; baseline 0 -14"><span class='ocrx_word' id='word_1_903' title='bbox 2039 4547 2174 4602; x_wconf 84' lang='lat' dir='ltr'><strong>Fiet.</strong></span> <span class='ocrx_word' id='word_1_904' title='bbox 2209 4546 2458 4602; x_wconf 88' lang='lat' dir='ltr'><strong>Omnium</strong></span> <span class='ocrx_word' id='word_1_905' title='bbox 2486 4558 2615 4602; x_wconf 86' lang='lat' dir='ltr'><strong>mss.</strong></span> <span class='ocrx_word' id='word_1_906' title='bbox 2649 4558 2733 4603; x_wconf 89' lang='lat' dir='ltr'><strong>est</strong></span> <span class='ocrx_word' id='word_1_907' title='bbox 2774 4560 2838 4600; x_wconf 93' lang='lat' dir='ltr'><strong>ac</strong></span> <span class='ocrx_word' id='word_1_908' title='bbox 2866 4544 3156 4610; x_wconf 86' lang='lat' dir='ltr'><strong>editorum,</strong></span> <span class='ocrx_word' id='word_1_909' title='bbox 3187 4552 3383 4615; x_wconf 63' lang='lat' dir='ltr'><strong>praeter</strong></span> <span class='ocrx_word' id='word_1_910' title='bbox 3409 4543 3560 4601; x_wconf 77' lang='lat' dir='ltr'><strong>Tho-</strong></span> 
     </span>
    </p>
   </div>
   <div class='ocr_carea' id='block_1_112' title="bbox 1966 4616 3293 4690">
    <p class='ocr_par' dir='ltr' id='par_1_112' title="bbox 1966 4616 3293 4690">
     <span class='ocr_line' id='line_1_114' title="bbox 1966 4616 3293 4690; baseline -0.005 -15"><span class='ocrx_word' id='word_1_911' title='bbox 1966 4635 2127 4684; x_wconf 87' lang='lat' dir='ltr'><strong>mas.,</strong></span> <span class='ocrx_word' id='word_1_912' title='bbox 2150 4617 2347 4690; x_wconf 86' lang='lat' dir='ltr'><strong>Thys.,</strong></span> <span class='ocrx_word' id='word_1_913' title='bbox 2376 4616 2522 4690; x_wconf 77' lang='lat' dir='ltr'><strong>Gal.,</strong></span> <span class='ocrx_word' id='word_1_914' title='bbox 2554 4617 2748 4689; x_wconf 87' lang='lat' dir='ltr'><strong>Spark.</strong></span> <span class='ocrx_word' id='word_1_915' title='bbox 2783 4617 2839 4672; x_wconf 86' lang='lat' dir='ltr'><strong>in</strong></span> <span class='ocrx_word' id='word_1_916' title='bbox 2859 4617 3051 4686; x_wconf 85' lang='lat' dir='ltr'><strong>quibus</strong></span> <span class='ocrx_word' id='word_1_917' title='bbox 3076 4616 3293 4690; x_wconf 79' lang='lat' dir='ltr'><strong>est_ﬁat.</strong></span> 
     </span>
    </p>
   </div>
   <div class='ocr_carea' id='block_1_113' title="bbox 2038 4686 3552 4760">
    <p class='ocr_par' dir='ltr' id='par_1_113' title="bbox 2038 4686 3552 4760">
     <span class='ocr_line' id='line_1_115' title="bbox 2038 4686 3552 4760; baseline 0.001 -15"><span class='ocrx_word' id='word_1_918' title='bbox 2038 4692 2139 4757; x_wconf 81' lang='lat' dir='ltr'><strong>Qui</strong></span> <span class='ocrx_word' id='word_1_919' title='bbox 2165 4686 2539 4760; x_wconf 61' lang='lat' dir='ltr'><strong>deri-agilitate</strong></span> <span class='ocrx_word' id='word_1_920' title='bbox 2572 4686 2794 4744; x_wconf 73' lang='lat' dir='ltr'><strong>liminis</strong></span> <span class='ocrx_word' id='word_1_921' title='bbox 2821 4696 3122 4760; x_wconf 69' lang='lat' dir='ltr'><strong>querantur.</strong></span> <span class='ocrx_word' id='word_1_922' title='bbox 3158 4688 3234 4742; x_wconf 88' lang='lat' dir='ltr'><strong>lta</strong></span> <span class='ocrx_word' id='word_1_923' title='bbox 3265 4686 3552 4760; x_wconf 77' lang='lat' dir='ltr'><strong>emendavi</strong></span> 
     </span>
    </p>
   </div>
   <div class='ocr_carea' id='block_1_114' title="bbox 1963 4757 3556 4848">
    <p class='ocr_par' dir='ltr' id='par_1_114' title="bbox 1963 4757 3556 4848">
     <span class='ocr_line' id='line_1_116' title="bbox 1963 4757 3556 4848; baseline -0.003 -31"><span class='ocrx_word' id='word_1_924' title='bbox 1963 4779 2033 4848; x_wconf 54' lang='lat' dir='ltr'><strong>es</strong></span> <span class='ocrx_word' id='word_1_925' title='bbox 2060 4757 2312 4817; x_wconf 81' lang='lat' dir='ltr'><strong>omnibus</strong></span> <span class='ocrx_word' id='word_1_926' title='bbox 2336 4757 2465 4816; x_wconf 81' lang='lat' dir='ltr'><strong>mss.</strong></span> <span class='ocrx_word' id='word_1_927' title='bbox 2494 4769 2551 4816; x_wconf 89' lang='lat' dir='ltr'><strong>et</strong></span> <span class='ocrx_word' id='word_1_928' title='bbox 2569 4760 2731 4817; x_wconf 85' lang='lat' dir='ltr'><strong>editis</strong></span> <span class='ocrx_word' id='word_1_929' title='bbox 2758 4757 2952 4832; x_wconf 62' lang='lat' dir='ltr'><strong>prmter</strong></span> <span class='ocrx_word' id='word_1_930' title='bbox 2979 4757 3117 4816; x_wconf 83' lang='lat' dir='ltr'><strong>Gall.</strong></span> <span class='ocrx_word' id='word_1_931' title='bbox 3150 4760 3243 4831; x_wconf 83' lang='lat' dir='ltr'><strong>qui</strong></span> <span class='ocrx_word' id='word_1_932' title='bbox 3281 4759 3429 4831; x_wconf 88' lang='lat' dir='ltr'><strong>legit,</strong></span> <span class='ocrx_word' id='word_1_933' title='bbox 3452 4759 3556 4814; x_wconf 85' lang='lat' dir='ltr'><strong>Ito-</strong></span> 
     </span>
    </p>
   </div>
   <div class='ocr_carea' id='block_1_115' title="bbox 1962 4849 2139 4889">
    <p class='ocr_par' dir='ltr' id='par_1_115' title="bbox 1962 4849 2139 4889">
     <span class='ocr_line' id='line_1_117' title="bbox 1962 4849 2139 4889; baseline -0.006 0"><span class='ocrx_word' id='word_1_934' title='bbox 1962 4849 2139 4889; x_wconf 73' lang='lat' dir='ltr'><strong>mea.</strong></span> 
     </span>
    </p>
   </div>
   <div class='ocr_carea' id='block_1_116' title="bbox 2036 4899 3555 4973">
    <p class='ocr_par' dir='ltr' id='par_1_116' title="bbox 2036 4899 3555 4973">
     <span class='ocr_line' id='line_1_118' title="bbox 2036 4899 3555 4973; baseline -0.003 -14"><span class='ocrx_word' id='word_1_935' title='bbox 2036 4906 2225 4960; x_wconf 86' lang='lat' dir='ltr'><strong>Nemo.</strong></span> <span class='ocrx_word' id='word_1_936' title='bbox 2239 4903 2366 4959; x_wconf 78' lang='lat' dir='ltr'><strong>Mss.</strong></span> <span class='ocrx_word' id='word_1_937' title='bbox 2397 4918 2492 4960; x_wconf 82' lang='lat' dir='ltr'><strong>sex</strong></span> <span class='ocrx_word' id='word_1_938' title='bbox 2518 4902 2984 4973; x_wconf 83' lang='lat' dir='ltr'><strong>ree.totidemque</strong></span> <span class='ocrx_word' id='word_1_939' title='bbox 3009 4900 3137 4958; x_wconf 88' lang='lat' dir='ltr'><strong>editi</strong></span> <span class='ocrx_word' id='word_1_940' title='bbox 3165 4899 3371 4973; x_wconf 84' lang='lat' dir='ltr'><strong>addunt</strong></span> <span class='ocrx_word' id='word_1_941' title='bbox 3394 4900 3555 4968; x_wconf 64' lang='lat' dir='ltr'><strong>enim,</strong></span> 
     </span>
    </p>
   </div>
   <div class='ocr_carea' id='block_1_117' title="bbox 1962 4972 3557 5048">
    <p class='ocr_par' dir='ltr' id='par_1_117' title="bbox 1962 4972 3557 5048">
     <span class='ocr_line' id='line_1_119' title="bbox 1962 4972 3557 5048; baseline -0.001 -17"><span class='ocrx_word' id='word_1_942' title='bbox 1962 4977 2105 5047; x_wconf 82' lang='lat' dir='ltr'><strong>quod</strong></span> <span class='ocrx_word' id='word_1_943' title='bbox 2130 4976 2343 5031; x_wconf 61' lang='lat' dir='ltr'><strong>caeteris</strong></span> <span class='ocrx_word' id='word_1_944' title='bbox 2368 4976 2542 5048; x_wconf 71' lang='lat' dir='ltr'><strong>deest.</strong></span> <span class='ocrx_word' id='word_1_945' title='bbox 2590 4975 2839 5048; x_wconf 83' lang='lat' dir='ltr'><strong>Objectio</strong></span> <span class='ocrx_word' id='word_1_946' title='bbox 2879 4972 2963 5048; x_wconf 74' lang='lat' dir='ltr'><strong>est</strong></span> <span class='ocrx_word' id='word_1_947' title='bbox 2998 4988 3070 5048; x_wconf 79' lang='lat' dir='ltr'><strong>ex</strong></span> <span class='ocrx_word' id='word_1_948' title='bbox 3117 4972 3557 5048; x_wconf 78' lang='lat' dir='ltr'><strong>adversariorum</strong></span> 
     </span>
    </p>
   </div>
   <div class='ocr_carea' id='block_1_118' title="bbox 1961 5043 3403 5120">
    <p class='ocr_par' dir='ltr' id='par_1_118' title="bbox 1961 5043 3403 5120">
     <span class='ocr_line' id='line_1_120' title="bbox 1961 5043 3403 5120; baseline -0.004 -16"><span class='ocrx_word' id='word_1_949' title='bbox 1961 5043 2198 5120; x_wconf 80' lang='lat' dir='ltr'><strong>querelis</strong></span> <span class='ocrx_word' id='word_1_950' title='bbox 2226 5056 2369 5113; x_wconf 82' lang='lat' dir='ltr'><strong>nata,</strong></span> <span class='ocrx_word' id='word_1_951' title='bbox 2396 5047 2481 5101; x_wconf 90' lang='lat' dir='ltr'><strong>cui</strong></span> <span class='ocrx_word' id='word_1_952' title='bbox 2508 5043 2821 5120; x_wconf 76' lang='lat' dir='ltr'><strong>Lactantius</strong></span> <span class='ocrx_word' id='word_1_953' title='bbox 2847 5045 3076 5120; x_wconf 55' lang='lat' dir='ltr'><strong>subinde</strong></span> <span class='ocrx_word' id='word_1_954' title='bbox 3095 5043 3403 5115; x_wconf 88' lang='lat' dir='ltr'><strong>respondet.</strong></span> 
     </span>
    </p>
   </div>
   <div class='ocr_carea' id='block_1_119' title="bbox 2037 5115 3163 5189">
    <p class='ocr_par' dir='ltr' id='par_1_119' title="bbox 2037 5115 3163 5189">
     <span class='ocr_line' id='line_1_121' title="bbox 2037 5115 3163 5189; baseline -0.004 -15"><span class='ocrx_word' id='word_1_955' title='bbox 2037 5118 2306 5189; x_wconf 76' lang='lat' dir='ltr'><strong>Nempe...</strong></span> <span class='ocrx_word' id='word_1_956' title='bbox 2328 5134 2434 5173; x_wconf 84' lang='lat' dir='ltr'><strong>non</strong></span> <span class='ocrx_word' id='word_1_957' title='bbox 2457 5126 2550 5173; x_wconf 74' lang='lat' dir='ltr'><strong>est.</strong></span> <span class='ocrx_word' id='word_1_958' title='bbox 2582 5119 2787 5174; x_wconf 85' lang='lat' dir='ltr'><strong>Desunt</strong></span> <span class='ocrx_word' id='word_1_959' title='bbox 2810 5118 2863 5172; x_wconf 85' lang='lat' dir='ltr'><strong>in</strong></span> <span class='ocrx_word' id='word_1_960' title='bbox 2892 5131 2998 5189; x_wconf 76' lang='lat' dir='ltr'><strong>ms.</strong></span> <span class='ocrx_word' id='word_1_961' title='bbox 3030 5115 3163 5189; x_wconf 73' lang='lat' dir='ltr'><strong>Bov.</strong></span> 
     </span>
    </p>
   </div>
   <div class='ocr_carea' id='block_1_120' title="bbox 2036 5183 3555 5261">
    <p class='ocr_par' dir='ltr' id='par_1_120' title="bbox 2036 5183 3555 5261">
     <span class='ocr_line' id='line_1_122' title="bbox 2036 5183 3555 5261; baseline -0.002 -17"><span class='ocrx_word' id='word_1_962' title='bbox 2036 5183 2201 5246; x_wconf 77' lang='lat' dir='ltr'><strong>Fieri.</strong></span> <span class='ocrx_word' id='word_1_963' title='bbox 2223 5191 2337 5246; x_wconf 84' lang='lat' dir='ltr'><strong>Hoc</strong></span> <span class='ocrx_word' id='word_1_964' title='bbox 2353 5192 2598 5255; x_wconf 88' lang='lat' dir='ltr'><strong>verbum,</strong></span> <span class='ocrx_word' id='word_1_965' title='bbox 2623 5189 2765 5261; x_wconf 85' lang='lat' dir='ltr'><strong>quod</strong></span> <span class='ocrx_word' id='word_1_966' title='bbox 2782 5197 2867 5261; x_wconf 82' lang='lat' dir='ltr'><strong>est</strong></span> <span class='ocrx_word' id='word_1_967' title='bbox 2890 5187 2947 5243; x_wconf 90' lang='lat' dir='ltr'><strong>in</strong></span> <span class='ocrx_word' id='word_1_968' title='bbox 2962 5186 3214 5261; x_wconf 84' lang='lat' dir='ltr'><strong>omnibus</strong></span> <span class='ocrx_word' id='word_1_969' title='bbox 3239 5183 3400 5261; x_wconf 74' lang='lat' dir='ltr'><strong>editis</strong></span> <span class='ocrx_word' id='word_1_970' title='bbox 3413 5197 3555 5255; x_wconf 71' lang='lat' dir='ltr'><strong>prte-</strong></span> 
     </span>
    </p>
   </div>
   <div class='ocr_carea' id='block_1_121' title="bbox 1961 5257 3557 5346">
    <p class='ocr_par' dir='ltr' id='par_1_121' title="bbox 1961 5257 3557 5346">
     <span class='ocr_line' id='line_1_123' title="bbox 1961 5257 3557 5346; baseline -0.005 -28"><span class='ocrx_word' id='word_1_971' title='bbox 1961 5262 2273 5346; x_wconf 83' lang='lat' dir='ltr'><strong>ter_Cellar.</strong></span> <span class='ocrx_word' id='word_1_972' title='bbox 2305 5271 2360 5317; x_wconf 87' lang='lat' dir='ltr'><strong>et</strong></span> <span class='ocrx_word' id='word_1_973' title='bbox 2390 5262 2442 5318; x_wconf 89' lang='lat' dir='ltr'><strong>in</strong></span> <span class='ocrx_word' id='word_1_974' title='bbox 2469 5261 2505 5315; x_wconf 76' lang='lat'><strong>2</strong></span> <span class='ocrx_word' id='word_1_975' title='bbox 2552 5257 2684 5317; x_wconf 74' lang='lat' dir='ltr'><strong>mss.</strong></span> <span class='ocrx_word' id='word_1_976' title='bbox 2714 5259 2917 5331; x_wconf 81' lang='lat' dir='ltr'><strong>Regiis,</strong></span> <span class='ocrx_word' id='word_1_977' title='bbox 2963 5258 3296 5316; x_wconf 84' lang='lat' dir='ltr'><strong>desideratur</strong></span> <span class='ocrx_word' id='word_1_978' title='bbox 3330 5257 3387 5310; x_wconf 91' lang='lat' dir='ltr'><strong>in</strong></span> <span class='ocrx_word' id='word_1_979' title='bbox 3442 5269 3557 5330; x_wconf 56' lang='lat' dir='ltr'><strong>cae-5</strong></span> 
     </span>
    </p>
   </div>
   <div class='ocr_carea' id='block_1_122' title="bbox 1962 5346 2113 5390">
    <p class='ocr_par' dir='ltr' id='par_1_122' title="bbox 1962 5346 2113 5390">
     <span class='ocr_line' id='line_1_124' title="bbox 1962 5346 2113 5390; baseline -0.013 0"><span class='ocrx_word' id='word_1_980' title='bbox 1962 5346 2113 5390; x_wconf 81' lang='lat' dir='ltr'><strong>teris.</strong></span> 
     </span>
    </p>
   </div>
   <div class='ocr_carea' id='block_1_123' title="bbox 2038 5395 3555 5478">
    <p class='ocr_par' dir='ltr' id='par_1_123' title="bbox 2038 5395 3555 5478">
     <span class='ocr_line' id='line_1_125' title="bbox 2038 5395 3555 5478; baseline -0.004 -17"><span class='ocrx_word' id='word_1_981' title='bbox 2038 5405 2089 5460; x_wconf 77' lang='grc' dir='ltr'><em>Μ</em></span> <span class='ocrx_word' id='word_1_982' title='bbox 2097 5407 2355 5461; x_wconf 79' lang='lat' dir='ltr'><strong>initlorum</strong></span> <span class='ocrx_word' id='word_1_983' title='bbox 2369 5405 2636 5478; x_wconf 76' lang='lat' dir='ltr'><strong>seminum.</strong></span> <span class='ocrx_word' id='word_1_984' title='bbox 2653 5403 2913 5460; x_wconf 81' lang='lat' dir='ltr'><strong>Francius</strong></span> <span class='ocrx_word' id='word_1_985' title='bbox 2927 5416 2959 5478; x_wconf 41' lang='grc' dir='ltr'>,ε</span> <span class='ocrx_word' id='word_1_986' title='bbox 2968 5401 3249 5478; x_wconf 76' lang='lat' dir='ltr'><strong>uspicatur_</strong></span> <span class='ocrx_word' id='word_1_987' title='bbox 3262 5395 3555 5478; x_wconf 69' lang='lat' dir='ltr'><strong>legendum</strong></span> 
     </span>
    </p>
   </div>
   <div class='ocr_carea' id='block_1_124' title="bbox 1963 5467 3554 5603">
    <p class='ocr_par' dir='ltr' id='par_1_124' title="bbox 1963 5467 3554 5603">
     <span class='ocr_line' id='line_1_126' title="bbox 1963 5467 3554 5547; baseline -0.004 -15"><span class='ocrx_word' id='word_1_988' title='bbox 1963 5492 2086 5532; x_wconf 88' lang='lat' dir='ltr'><strong>esse</strong></span> <span class='ocrx_word' id='word_1_989' title='bbox 2113 5477 2392 5547; x_wconf 73' lang='lat' dir='ltr'><strong>reginimnn</strong></span> <span class='ocrx_word' id='word_1_990' title='bbox 2424 5495 2438 5541; x_wconf 91' lang='lat'>;</span> <span class='ocrx_word' id='word_1_991' title='bbox 2484 5476 2537 5532; x_wconf 87' lang='lat' dir='ltr'><strong>id</strong></span> <span class='ocrx_word' id='word_1_992' title='bbox 2582 5487 2667 5532; x_wconf 82' lang='lat' dir='ltr'><strong>est</strong></span> <span class='ocrx_word' id='word_1_993' title='bbox 2690 5467 3116 5538; x_wconf 70' lang='lat' dir='ltr'><strong>atomoriini,&#39;de</strong></span> <span class='ocrx_word' id='word_1_994' title='bbox 3143 5467 3335 5541; x_wconf 76' lang='lat' dir='ltr'><strong>quibus</strong></span> <span class='ocrx_word' id='word_1_995' title='bbox 3365 5467 3459 5525; x_wconf 90' lang='lat' dir='ltr'><strong>lib.</strong></span> <span class='ocrx_word' id='word_1_996' title='bbox 3488 5482 3554 5526; x_wconf 74' lang='lat' dir='ltr'><strong>ut</strong></span> 
     </span>
     <span class='ocr_line' id='line_1_127' title="bbox 1966 5542 3188 5603; baseline -0.008 0"><span class='ocrx_word' id='word_1_997' title='bbox 1966 5549 2083 5603; x_wconf 78' lang='lat' dir='ltr'><strong>Div.</strong></span> <span class='ocrx_word' id='word_1_998' title='bbox 2103 5548 2301 5603; x_wconf 87' lang='lat' dir='ltr'><strong>lnstit..</strong></span> <span class='ocrx_word' id='word_1_999' title='bbox 2332 5563 2382 5603; x_wconf 91' lang='lat' dir='ltr'><strong>c.</strong></span> <span class='ocrx_word' id='word_1_1000' title='bbox 2406 5549 2565 5603; x_wconf 81' lang='lat' dir='ltr'><strong>l7.et</strong></span> <span class='ocrx_word' id='word_1_1001' title='bbox 2586 5549 2625 5603; x_wconf 92' lang='grc' dir='ltr'><strong>Ι.</strong></span> <span class='ocrx_word' id='word_1_1002' title='bbox 2658 5546 2724 5602; x_wconf 86' lang='lat' dir='ltr'><strong>de</strong></span> <span class='ocrx_word' id='word_1_1003' title='bbox 2754 5544 2835 5599; x_wconf 85' lang='lat' dir='ltr'><strong>ira</strong></span> <span class='ocrx_word' id='word_1_1004' title='bbox 2864 5543 2980 5603; x_wconf 82' lang='lat' dir='ltr'><strong>Dei,</strong></span> <span class='ocrx_word' id='word_1_1005' title='bbox 3008 5557 3059 5598; x_wconf 91' lang='lat' dir='ltr'><strong>c.</strong></span> <span class='ocrx_word' id='word_1_1006' title='bbox 3102 5542 3188 5597; x_wconf 79' lang='grc'><strong>10.</strong></span> 
     </span>
    </p>
   </div>
   <div class='ocr_carea' id='block_1_125' title="bbox 2014 5561 3188 5613">
    <p class='ocr_par' dir='ltr' id='par_1_125' title="bbox 2014 5561 3188 5613">
     <span class='ocr_line' id='line_1_128' title="bbox 2014 5561 3188 5613; baseline -0.008 -11"><span class='ocrx_word' id='word_1_1007' title='bbox 2014 5564 2083 5602; x_wconf 72' lang='grc' dir='ltr'><strong>ιγ.</strong></span> <span class='ocrx_word' id='word_1_1008' title='bbox 2104 5561 2301 5609; x_wconf 74' lang='grc' dir='ltr'>ιιιειιι..</span> <span class='ocrx_word' id='word_1_1009' title='bbox 2332 5563 2382 5604; x_wconf 91' lang='lat' dir='ltr'><strong>c.</strong></span> <span class='ocrx_word' id='word_1_1010' title='bbox 2406 5561 2493 5613; x_wconf 81' lang='grc' dir='ltr'><strong>Π,</strong></span> <span class='ocrx_word' id='word_1_1011' title='bbox 2512 5561 2565 5603; x_wconf 88' lang='grc' dir='ltr'><strong>ει</strong></span> <span class='ocrx_word' id='word_1_1012' title='bbox 2587 5561 2625 5603; x_wconf 93' lang='grc' dir='ltr'>ι.</span> <span class='ocrx_word' id='word_1_1013' title='bbox 2658 5561 2724 5602; x_wconf 82' lang='lat' dir='ltr'><strong>oe</strong></span> <span class='ocrx_word' id='word_1_1014' title='bbox 2754 5561 2835 5599; x_wconf 78' lang='lat' dir='ltr'><strong>Ira</strong></span> <span class='ocrx_word' id='word_1_1015' title='bbox 2864 5561 2980 5607; x_wconf 84' lang='lat' dir='ltr'><strong>uel,</strong></span> <span class='ocrx_word' id='word_1_1016' title='bbox 3008 5561 3059 5598; x_wconf 89' lang='lat' dir='ltr'><strong>c.</strong></span> <span class='ocrx_word' id='word_1_1017' title='bbox 3102 5561 3188 5613; x_wconf 54' lang='lat' dir='ltr'><strong>tu.</strong></span> 
     </span>
    </p>
   </div>
   <div class='ocr_carea' id='block_1_126' title="bbox 2036 5609 3554 5690">
    <p class='ocr_par' dir='ltr' id='par_1_126' title="bbox 2036 5609 3554 5690">
     <span class='ocr_line' id='line_1_129' title="bbox 2036 5609 3554 5690; baseline -0.004 -17"><span class='ocrx_word' id='word_1_1018' title='bbox 2036 5618 2252 5690; x_wconf 70' lang='lat' dir='ltr'><strong>Plagae.</strong></span> <span class='ocrx_word' id='word_1_1019' title='bbox 2267 5619 2343 5690; x_wconf 74' lang='lat' dir='ltr'><strong>ita</strong></span> <span class='ocrx_word' id='word_1_1020' title='bbox 2364 5609 2674 5674; x_wconf 65' lang='lat' dir='ltr'><strong>conatanter</strong></span> <span class='ocrx_word' id='word_1_1021' title='bbox 2695 5626 2885 5690; x_wconf 85' lang='lat' dir='ltr'><strong>omnes</strong></span> <span class='ocrx_word' id='word_1_1022' title='bbox 2908 5612 3050 5690; x_wconf 76' lang='lat' dir='ltr'><strong>libri,</strong></span> <span class='ocrx_word' id='word_1_1023' title='bbox 3067 5611 3306 5690; x_wconf 83' lang='lat' dir='ltr'><strong>nihilque</strong></span> <span class='ocrx_word' id='word_1_1024' title='bbox 3323 5609 3412 5666; x_wconf 74' lang='lat' dir='ltr'><strong>hic</strong></span> <span class='ocrx_word' id='word_1_1025' title='bbox 3425 5625 3554 5668; x_wconf 84' lang='lat' dir='ltr'><strong>mu-</strong></span> 
     </span>
    </p>
   </div>
   <div class='ocr_carea' id='block_1_127' title="bbox 1967 5681 3555 5752">
    <p class='ocr_par' dir='ltr' id='par_1_127' title="bbox 1967 5681 3555 5752">
     <span class='ocr_line' id='line_1_130' title="bbox 1967 5681 3555 5752; baseline -0.003 -7"><span class='ocrx_word' id='word_1_1026' title='bbox 1967 5681 2208 5746; x_wconf 75' lang='lat' dir='ltr'><strong>tandum.</strong></span> <span class='ocrx_word' id='word_1_1027' title='bbox 2253 5689 2572 5743; x_wconf 80' lang='lat' dir='ltr'><strong>Minulorum</strong></span> <span class='ocrx_word' id='word_1_1028' title='bbox 2597 5687 2845 5742; x_wconf 79' lang='lat' dir='ltr'><strong>seminum</strong></span> <span class='ocrx_word' id='word_1_1029' title='bbox 2872 5681 3039 5752; x_wconf 80' lang='lat' dir='ltr'><strong>plaga:</strong></span> <span class='ocrx_word' id='word_1_1030' title='bbox 3071 5688 3199 5738; x_wconf 85' lang='lat' dir='ltr'><strong>sunt</strong></span> <span class='ocrx_word' id='word_1_1031' title='bbox 3244 5690 3555 5740; x_wconf 74' lang='lat' dir='ltr'><strong>atomorum</strong></span> 
     </span>
    </p>
   </div>
   <div class='ocr_carea' id='block_1_128' title="bbox 1968 5751 3567 5834">
    <p class='ocr_par' dir='ltr' id='par_1_128' title="bbox 1968 5751 3567 5834">
     <span class='ocr_line' id='line_1_131' title="bbox 1968 5751 3567 5834; baseline -0.006 -16"><span class='ocrx_word' id='word_1_1032' title='bbox 1968 5760 2340 5834; x_wconf 78' lang='lat' dir='ltr'><strong>impulsiones.</strong></span> <span class='ocrx_word' id='word_1_1033' title='bbox 2358 5760 2596 5834; x_wconf 36' lang='lat' dir='ltr'><strong>“Cicero</strong></span> <span class='ocrx_word' id='word_1_1034' title='bbox 2647 5756 2716 5811; x_wconf 88' lang='lat' dir='ltr'><strong>de</strong></span> <span class='ocrx_word' id='word_1_1035' title='bbox 2745 5754 2877 5834; x_wconf 70' lang='lat' dir='ltr'><strong>lf‘ato</strong></span> <span class='ocrx_word' id='word_1_1036' title='bbox 2906 5751 3002 5834; x_wconf 69' lang='lat' dir='ltr'><strong>hic</strong></span> <span class='ocrx_word' id='word_1_1037' title='bbox 3022 5764 3332 5834; x_wconf 63' lang='lat' dir='ltr'><strong>expressus,</strong></span> <span class='ocrx_word' id='word_1_1038' title='bbox 3352 5765 3408 5834; x_wconf 85' lang='lat' dir='ltr'><strong>c.</strong></span> <span class='ocrx_word' id='word_1_1039' title='bbox 3434 5752 3567 5824; x_wconf 57' lang='lat'><strong>10;</strong></span> 
     </span>
    </p>
   </div>
   <div class='ocr_carea' id='block_1_129' title="bbox 1970 5823 3573 5903">
    <p class='ocr_par' dir='ltr' id='par_1_129' title="bbox 1970 5823 3573 5903">
     <span class='ocr_line' id='line_1_132' title="bbox 1970 5823 3573 5903; baseline -0.008 -14"><span class='ocrx_word' id='word_1_1040' title='bbox 1970 5823 2227 5903; x_wconf 64' lang='lat' dir='ltr'><strong>Epicurus</strong></span> <span class='ocrx_word' id='word_1_1041' title='bbox 2257 5829 2595 5887; x_wconf 79' lang='lat' dir='ltr'><strong>declinatione</strong></span> <span class='ocrx_word' id='word_1_1042' title='bbox 2618 5825 2777 5882; x_wconf 83' lang='lat' dir='ltr'><strong>atomi</strong></span> <span class='ocrx_word' id='word_1_1043' title='bbox 2796 5823 2949 5876; x_wconf 76' lang='lat' dir='ltr'><strong>vilari</strong></span> <span class='ocrx_word' id='word_1_1044' title='bbox 2973 5824 3071 5893; x_wconf 76' lang='lat' dir='ltr'><strong>[uti</strong></span> <span class='ocrx_word' id='word_1_1045' title='bbox 3100 5823 3449 5880; x_wconf 72' lang='lat' dir='ltr'><strong>necessitatem</strong></span> <span class='ocrx_word' id='word_1_1046' title='bbox 3468 5823 3573 5898; x_wconf 44' lang='lat' dir='ltr'><strong>pa,</strong></span> 
     </span>
    </p>
   </div>
  </div>
