4034 6354
361 2213 369 2223 ’
456 2210 560 2252 nec
585 2209 756 2256 mors,
784 2209 903 2264 quae
929 2193 1173 2261 sequitur
1197 2200 1550 2248 senectutem.

428 316 508 378 33
1422 320 1606 378 FlRM.
1648 320 2015 378 LACTANTII
2055 318 2187 376 LIB.
2230 319 2322 376 DE
2355 317 2646 376 OPIFlClO
2687 319 2812 376 DEI.
3644 321 3726 378 ει

431 437 657 510 poribus
682 437 851 502 nasci,
885 444 940 493 et
975 436 1102 492 item
1136 449 1258 492 cum
1292 435 1612 506 corporibus
1639 434 1899 504 extingui.
1928 433 2024 487 As.
2054 441 2104 498 Α
2131 432 2334 487 auxilio
2377 431 2656 502 indigeret,
2686 445 2808 502 quae
2837 431 3070 488 societas
3107 432 3289 488 esset?
3327 449 3515 504 qua-ve
3551 435 3735 490 ratio?

431 519 780 599 sumpserant
833 529 976 584 enim
1025 527 1158 584 nihil
1209 528 1326 582 fieri
1383 537 1564 582 mente
1619 526 1818 581 divina.
1876 525 2028 592 Quod
2132 542 2253 597 qua:
2283 527 2747 582 humanitas?aut
2775 527 2900 598 quid
2923 537 3066 582 esset
3097 527 3296 582 tetriur
3315 527 3571 583 homine?
3600 527 3736 597 qttid

434 622 614 693 ipsnm
639 637 744 676 non
773 621 929 677 aliter
960 620 1192 691 probare
1219 628 1489 689 poterant,
1520 633 1680 690 quam
1702 619 1746 674 si
1773 618 2030 673 ostende-
2134 621 2450 679 efferacius?
2476 621 2602 691 quid
2646 621 2970 676 immanius?
3002 620 3110 677 Sed
3154 621 3404 692 quoniam
3449 622 3743 678 imbecillis

435 724 562 772 rent
604 731 726 770 esse
773 715 969 784 aliqua,
1019 715 1072 768 in
1116 713 1312 782 quibus
1359 709 1635 766 videretur
1682 709 2032 781 providentia:
2134 723 2238 780 est,
2269 729 2366 768 ncc
2397 728 2576 783 perse
2606 721 2779 784 potest
2798 713 2918 769 sine
2944 711 3162 768 homine
3184 713 3383 778 vivere,
3409 715 3738 770 societatem

436 807 578 863 ratio
599 805 920 862 claudicare.
953 803 1441 875 Reprehenderunt
1463 803 1625 874 igitur
1645 818 1730 867 ca,
1757 802 1811 856 in
1841 801 2034 871 quibus
2137 808 2360 876 appetit,
2398 817 2455 860 ut
2481 807 2586 860 vita
2617 806 2922 860 communis
2961 813 3018 860 et
3045 805 3288 860 ornatior
3315 803 3427 872 fiat,
3457 814 3508 860 ct
3543 805 3738 860 tutior.

439 901 531 956 vel
559 901 790 956 maxime
811 900 1151 954 divinitatem
1181 913 1332 952 suam
1358 897 1691 967 providentia
1719 896 2038 952 mirabiliter
2138 899 2302 955 Vides
2356 900 2516 970 igitur
2563 914 2779 955 omnem
2825 899 3060 954 hominis
3112 899 3373 953 rationem
3427 899 3478 952 in
3528 914 3594 953 eo
3650 900 3743 954 vel

440 991 730 1062 expressit,
760 1003 818 1046 ut
848 991 959 1058 illa,
996 1006 1116 1062 qua:
1143 990 1300 1045 retuli
1332 990 1400 1044 de
1431 990 1633 1044 morbis
1659 999 1713 1045 ct
1753 989 2036 1043 immatura
2142 993 2371 1048 maxime
2394 1001 2556 1059 stare,
2589 991 2729 1064 quod
2760 991 2933 1048 nudus
2962 992 3270 1062 fragilisque
3299 993 3558 1056 nascitur,
3591 990 3743 1059 quod

445 1094 644 1146 morte,
676 1099 803 1138 cum
839 1083 1126 1140 debuerint
1155 1083 1412 1152 cogitare,
1453 1083 1536 1135 his
1573 1082 1882 1152 assumptis,
1912 1080 2039 1150 quid
2142 1083 2346 1139 morbis
2368 1084 2621 1152 afficitur,
2645 1084 2790 1155 quod
2811 1085 3092 1139 immatura
3113 1095 3284 1139 morte
3307 1085 3581 1139 multatur.
3606 1083 3745 1151 Quae

439 1178 754 1232 necessario
799 1185 1117 1245 sequeretur
1163 1174 1488 1248 (sequuntur
1529 1183 1710 1229 autem
1763 1174 1880 1241 illa,
1921 1188 2040 1243 qua:
2142 1177 2187 1232 si
2217 1177 2422 1232 homini
2462 1179 2837 1245 detrahantur,
2876 1178 3141 1234 rationem
3169 1194 3384 1249 quoque
3426 1193 3489 1234 ac
3517 1178 3746 1247 sapien-

440 1268 576 1341 dixi)
609 1271 655 1324 si
688 1270 932 1324 morbum
979 1283 1085 1323 non
1115 1269 1401 1339 reciperet,
1436 1283 1609 1338 neque
1660 1268 1837 1332 tectis,
1870 1281 2043 1336 neque
2147 1270 2271 1324 tiam
2305 1269 2534 1337 detrahi,
2584 1285 2806 1328 necesse
2842 1280 2944 1326 est.
2987 1271 3096 1326 Sed
3143 1271 3302 1325 nimis
3340 1271 3428 1325 diu
3472 1271 3540 1325 de
3578 1271 3750 1325 rebus

441 1361 689 1419 vestibus
736 1361 1021 1431 indigeret.
1069 1359 1209 1427 Quid
1258 1361 1402 1416 enim
1447 1369 1657 1422 ventos,
1692 1370 1783 1413 aut
1822 1359 2039 1424 imbres,
2146 1362 2349 1432 apertis
2385 1362 2623 1432 disputo,
2657 1376 2779 1416 cum
2828 1361 2900 1417 sit
2937 1361 3220 1432 liquidum,
3261 1361 3390 1416 nihil
3424 1361 3539 1416 sine
3568 1362 3750 1430 provi-

441 1464 538 1510 ant
558 1454 757 1523 frigora
781 1463 1066 1518 metueret,
1097 1467 1324 1524 quorum
1346 1452 1427 1508 vis
1452 1452 1505 1507 in
1533 1467 1600 1508 eo
1621 1459 1724 1516 est,
1749 1459 1807 1506 ut
1827 1449 2048 1506 morbos
2149 1452 2351 1520 dentia,
2382 1469 2482 1510 nec
2511 1453 2708 1510 factum
2737 1468 2858 1510 esse
2899 1469 3153 1524 unquam,
3190 1468 3290 1509 nec
3319 1453 3434 1507 fieri
3480 1451 3751 1521 potuisse.

443 1546 716 1603 afferant?
746 1547 950 1605 Idcirco
987 1547 1132 1615 enim
1156 1547 1362 1618 accepit
1399 1546 1742 1616 sapientiam,
1775 1555 1833 1600 ut
1857 1544 2049 1601 adver-
2153 1545 2229 1602 De
2252 1546 2404 1617 cujus
2435 1547 2688 1616 operibus
2715 1547 3002 1612 universis,
3037 1546 3082 1601 si
3111 1560 3256 1601 nunc
3284 1547 3446 1601 libeat
3467 1545 3760 1618 disputare

447 1654 545 1696 sus
575 1640 825 1696 nocentia
851 1638 1196 1711 fragilitatem
1223 1654 1376 1695 suam
1409 1640 1632 1694 muniat.
1663 1636 1932 1709 Sequatur
1955 1653 2051 1692 ne-
2152 1651 2248 1708 per
2281 1637 2550 1705 ordinem,
2583 1638 2792 1693 infinita
2837 1639 3062 1692 materia
3100 1647 3204 1693 est.
3247 1635 3356 1693 Sed
3388 1651 3489 1707 ego
3531 1635 3598 1691 de
3642 1652 3760 1690 uno

447 1745 605 1789 cesse
632 1742 736 1798 est,
767 1742 824 1788 ut
851 1733 1105 1804 quoniam
1136 1730 1435 1788 retinenda:
1460 1729 1686 1786 rationis
1715 1744 1880 1786 causa
1906 1745 2052 1784 mor-
2153 1744 2382 1800 corpore
2424 1729 2660 1784 hominis
2688 1738 2894 1784 tantum
2924 1728 3128 1784 institui
3159 1728 3363 1794 dicere,
3393 1737 3452 1782 ut
3489 1727 3543 1782 in
3573 1742 3641 1782 co
3671 1726 3765 1782 di-

450 1823 552 1880 bos
581 1823 747 1894 capit,
777 1823 940 1880 etiam
971 1831 1200 1878 mortem
1231 1836 1445 1892 semper
1473 1821 1733 1892 accipiat;
1758 1821 1882 1892 quia
1911 1820 1956 1874 is
1982 1818 2050 1874 ad
2080 1840 2128 1900 B
2155 1822 2295 1877 vinas
2339 1821 2692 1892 providentiae
2721 1830 3068 1893 petestatem,
3113 1828 3311 1892 quanta
3357 1819 3537 1884 fuerit,
3568 1829 3762 1874 osten-

450 1932 613 1986 quem
645 1931 794 1971 mors
831 1931 937 1971 non
965 1916 1132 1982 venit,
1161 1915 1349 1970 firmus
1378 1915 1448 1970 sit
1487 1928 1712 1969 necesse
1740 1923 1825 1969 est
1857 1932 1869 1966 :
1901 1913 2051 1967 infir-
2159 1915 2282 1971 dam
2312 1915 2395 1970 his
2419 1915 2700 1970 dumtaxat
2741 1915 2793 1970 in
2823 1915 3007 1980 rebus,
3039 1930 3158 1984 qua:
3191 1923 3320 1968 sunt
3353 1911 3770 1982 comprehensi-

451 2009 613 2064 mitas
633 2018 811 2064 autem
834 2007 996 2063 habet
1025 2008 1079 2062 in
1102 2021 1163 2062 se
1193 2007 1382 2062 mortis
1407 2005 1807 2070 conditionem;
1831 2005 2054 2060 firmitas
2161 2009 2297 2065 biles
2337 2019 2394 2064 et
2421 2018 2652 2078 aperte;
2684 2023 2806 2063 nam
2833 2008 2923 2062 illa
2950 2023 3069 2078 quae
3094 2017 3221 2060 sunt
3262 2007 3477 2070 animae,
3508 2020 3609 2060 nec
3631 2003 3772 2059 sub-

452 2117 584 2159 vero
616 2101 703 2156 ubi
750 2100 930 2166 fuerit,
976 2114 1078 2154 nec
1111 2109 1361 2155 senectus
1398 2098 1574 2154 locum
1616 2105 1788 2168 potest
1833 2096 2054 2164 habere,
2159 2100 2251 2172 jici
2282 2101 2488 2165 oculis,
2532 2115 2630 2155 nec
2669 2099 3056 2171 comprehendi
3097 2109 3320 2170 queunt.
3353 2098 3508 2154 Nune
3545 2098 3613 2155 de
3648 2099 3774 2169 ipso

2163 2207 2293 2249 vase
2323 2192 2559 2250 hominis
2586 2193 2872 2264 loquimur,
2903 2191 3047 2263 quod
3079 2190 3342 2248 videmus.

2797 2284 3023 2340 CAPUT
3061 2284 3126 2339 γ.

2486 2377 2566 2432 De
2592 2378 2768 2448 ﬁguris
2794 2377 3095 2431 animalium
3119 2387 3164 2430 et
3180 2376 3436 2429 membris.

2241 2471 2298 2525 In
2329 2472 2612 2541 principio,
2636 2486 2756 2524 cum
2794 2471 2932 2526 Deus
2958 2469 3182 2540 fingeret
3209 2460 3480 2533 animalia,
3511 2467 3686 2522 noluit
3711 2482 3782 2523 ea

2171 2563 2224 2618 in
2243 2563 2521 2618 rotundam
2539 2563 2726 2618 formzr.
2739 2563 2972 2632 speciem
2987 2561 3310 2631 conglobare
3327 2569 3509 2631 atquet
3527 2559 3781 2629 olligere,

2167 2665 2224 2711 ut
2246 2665 2304 2711 et
2326 2657 2532 2712 moveri
2555 2657 2621 2711 ad
2647 2655 3053 2722 ambulandum,
3084 2665 3139 2710 et
3168 2653 3387 2710 flectere
3412 2671 3472 2709 se
3501 2656 3555 2709 in
3586 2669 3790 2725 quam-

2171 2748 2301 2804 libet
2337 2758 2542 2820 partem
2590 2749 2747 2805 facile
2792 2751 3043 2819 poSsent:
3102 2747 3197 2804 sed
3251 2763 3320 2802 ex
3375 2747 3488 2817 ipsa
3531 2748 3787 2817 corporis

2171 2855 2379 2896 summa
2413 2841 2662 2911 produxit
2701 2851 2892 2911 caput;
2920 2841 3048 2896 item
3078 2839 3328 2910 produxit
3358 2839 3599 2894 membra
3631 2854 3789 2908 qute-

475 2936 696 2992 tutlines
721 2942 1002 3006 appetunt,
1039 2934 1290 3004 quoniam
1320 2933 1520 2990 robore
1558 2933 1868 3004 viribusque
1903 2936 2072 2989 conli-
2172 2936 2294 2993 dam
2328 2938 2556 3010 longius,
2577 2953 2697 3009 quae
2717 2944 2977 2992 vocantur
2996 2935 3181 3006 pedes,
3208 2942 3268 2989 ut
3295 2933 3520 2990 alternis
3543 2934 3790 2990 motibus

476 3027 634 3084 dunt.
665 3026 837 3083 Homo
863 3041 1078 3098 quoque
1104 3027 1149 3080 si
1174 3026 1364 3082 eodem
1410 3027 1570 3080 modo
1597 3026 1819 3082 haberet
1843 3026 1910 3081 ad
1944 3042 2070 3096 pro-
2174 3032 2290 3087 solo
2317 3031 2418 3086 fixa
2467 3030 2825 3100 producerent
2847 3027 3066 3092 animal,
3091 3041 3200 3095 quo
3245 3041 3399 3081 mens
3433 3025 3668 3090 tulisset,
3691 3035 3792 3079 aut

479 3119 741 3194 pulsanda
769 3119 1006 3190 pericula
1024 3125 1316 3190 suppetens
1337 3116 1522 3183 robur,
1554 3131 1652 3174 nec
1672 3117 1834 3174 ullius
1855 3120 2078 3177 alterius
2104 3110 2149 3173 C
2183 3137 2291 3193 quo
2319 3122 2538 3193 petendi
2568 3120 2676 3178 cibi
2719 3118 3012 3177 necessitas
3039 3127 3406 3190 provocasset.
3425 3115 3520 3193 .Ex
3549 3117 3666 3188 ipso
3689 3133 3793 3172 au-

1795 3253 2160 3314 VARIORUM
2197 3257 2426 3315 NOT/E.

532 2287 823 2348 Pr:cterea,
848 2286 892 2339 si
921 2299 1069 2340 mors
1094 2292 1256 2340 certae
1278 2284 1564 2338 antistituta
1592 2291 1742 2338 esset
1767 2282 1934 2348 aetati,
1966 2283 2059 2337 fie-

461 2391 551 2437 ret.
579 2380 743 2434 homo
782 2377 1258 2442 insolentissimus,
1293 2387 1348 2432 et
1375 2375 1710 2431 humanitate
1735 2376 1882 2430 omni
1906 2391 2061 2431 care-

465 2483 573 2530 ret.
603 2471 735 2528 Nam
765 2470 878 2526 fere
913 2470 1035 2541 jura
1073 2469 1252 2524 omnia
1295 2469 1662 2535 humanitatis,
1699 2470 1894 2540 quibus
1924 2471 2066 2525 inter

468 2581 572 2622 nos
606 2566 969 2629 cohaeremus,
1011 2574 1080 2618 ex
1108 2574 1278 2626 metu,
1309 2570 1363 2616 et
1393 2562 1720 2618 conscientia
1766 2561 2067 2634 fragilitatis

468 2659 740 2716 oriuntur.
771 2657 1012 2726 Denique
1050 2654 1420 2721 imbecilliora,
1453 2665 1507 2710 et
1536 2655 1802 2711 timidiora
1841 2671 2068 2727 quaeque

473 2751 726 2808 animalia
754 2755 1169 2818 congregantur,
1206 2757 1265 2803 ut
1308 2747 1562 2821 quoniam
1595 2748 1799 2803 viribus
1831 2748 1968 2804 tueri
2007 2762 2068 2804 se

472 2852 772 2914 nequeunt,
806 2841 1151 2898 multitudine
1179 2852 1431 2898 tueantur
1462 2860 1474 2895 :
1513 2841 1732 2897 fortiora
1767 2857 1898 2896 vero
1934 2841 2068 2896 soli-

486 3409 582 3457 tat.
616 3400 797 3468 Itaque
824 3400 998 3453 tertius
1024 3399 1228 3468 quidem
1255 3405 1423 3450 motus
1445 3397 1611 3468 oritur
1631 3405 1776 3450 extra
1803 3398 2003 3462 pondus
2033 3407 2080 3452 et

486 3467 721 3544 plagam,
746 3487 860 3524 cum
877 3467 1097 3544 declinat
1124 3480 1323 3522 atomus
1343 3467 1610 3521 intervallo
1632 3469 1859 3521 minimo.
1878 3468 2080 3524 Lucre-

488 3541 618 3610 tius,
651 3543 745 3596 lib.
775 3557 906 3609 tt,v.
930 3541 1026 3596 55f
1066 3555 1082 3593 :

619 3655 849 3719 Undique
875 3667 962 3717 pro
982 3653 1085 3705 telo
1108 3651 1362 3716 plagarum
1387 3650 1686 3712 continuato,

493 3771 554 3820 et
577 3763 670 3819 lib.
699 3778 775 3828 tv,
795 3778 847 3817 v.
877 3760 1002 3828 188,
1039 3757 1142 3816 190
1167 3775 1180 3811 :

625 3853 747 3938 Qua:
768 3877 908 3940 quasi
927 3873 1210 3925 truduntur.
1256 3912 1265 3922 .
1307 3911 1318 3922 .
1357 3905 1372 3921 .
1411 3910 1422 3921 .
1464 3912 1475 3924 .

832 3992 846 4007 .
886 3997 897 4007 .
938 3997 948 4006 .
988 3994 999 4005 .
1041 3996 1052 4008 .
1093 3993 1107 4007 .
1141 3958 1371 4018 sequenti
1395 3958 1584 4007 concita
1608 3956 1768 4019 plaga.
1964 3958 2090 4009 Bon.

576 4066 903 4122 Divinitatent
933 4079 1078 4117 suam
1101 4061 1435 4130 providentia.
1463 4060 1616 4115 Haud
1637 4075 1792 4115 secus
1819 4058 2011 4130 legitur
2036 4061 2090 4118 in

498 4157 633 4200 mss.
664 4139 698 4194 5
715 4137 847 4200 Reg.
877 4133 1281 4198 vetustioribus,
1300 4132 1485 4196 Cane,
1506 4131 1742 4197 SColb.,
1770 4131 2087 4199 Ultr.,Em.,

500 4211 753 4272 Cantab,
775 4200 1003 4272 Christ.,
1034 4205 1256 4259 Merton,
1285 4244 1298 4268 ,
1330 4202 1542 4266 Marm.,
1578 4203 1764 4268 Brun.,
1793 4200 2028 4257 Clarom.
2058 4220 2090 4260 a

499 4285 673 4353 prima
709 4287 974 4353 manu_,_et
1000 4280 1049 4330 in
1078 4276 1285 4353 cunctis
1309 4273 1678 4353 fertneeditis.
1705 4277 1770 4328 At
1805 4273 1842 4327 2
1869 4275 2021 4353 Bern,
2055 4275 2091 4330 6

2185 3400 2367 3455 datum
2398 3416 2464 3456 ex
2492 3415 2622 3457 mss.
2651 3408 2705 3456 et
2733 3399 3116 3456 vetustioribus
3138 3397 3316 3454 editis.
3345 3399 3590 3471 Sequitur
3610 3415 3790 3453 neces-

2187 3473 2360 3555 sario,
2390 3473 2794 3597 italvulgaribus
2821 3472 2992 3529 libris.
3050 3471 3156 3528 Sed
3204 3485 3407 3525 necesse
3435 3479 3508 3524 est
3565 3481 3622 3524 ut
3660 3487 3794 3543 quo-

2192 3558 2399 3597 mamm
2487 3559 2564 3597 ar.

2192 3559 2331 3598 mam
2349 3558 2399 3595 ιιι
2421 3558 2564 3597 blal'.

2262 3613 2345 3665 Ad
2381 3630 2533 3684 quem
2554 3630 2690 3668 mors
2721 3630 2822 3668 non
2838 3615 2991 3668 venit.
3019 3613 3096 3667 Ita
3129 3611 3538 3684 emendavimus
3563 3626 3629 3684 es
3653 3627 3795 3676 mss,

2195 3684 2230 3738 5
2258 3681 2413 3753 [{ng,
2447 3685 2479 3739 5
2505 3683 2686 3748 Colb.,
2716 3684 2904 3752 Goth.,
2936 3684 3392 3754 Lips.,Clarom.,
3425 3683 3567 3746 Em.,
3599 3681 3791 3750 CanL,

2199 3757 2392 3818 Brun.,
2422 3755 2551 3810 Bov.
2583 3764 2637 3810 et
2665 3756 2893 3824 vulgatis
2936 3755 3093 3809 Rom.
3128 3754 3288 3819 H70,
3327 3754 3490 3817 1474.
3510 3755 3790 3816 Parrhas..

2197 3824 2290 3889 ls.,
2351 3827 2568 3888 Cellar.,
2628 3824 2842 3881 Walch.
2897 3827 2952 3881 In
3029 3826 3416 3880 recentissimis
3456 3825 3492 3879 2
3545 3825 3704 3892 Reg,
3757 3827 3786 3880 1

2195 3894 2457 4023 Sigbert"
2482 3897 2664 3954 Baluz.
2709 3907 2764 3953 et
2807 3906 3014 3953 recent.
3065 3897 3218 3962 edd.,
3250 3896 3453 3951 morbus
3484 3913 3588 3951 non
3635 3901 3790 3951 venit.

2245 3985 2259 4021 l
2305 4007 2317 4022 .
2350 3983 2502 4023 seua.

2245 3983 2317 4022 ια.
2350 3983 2502 4036 seqq.

2269 3984 2612 4094 imﬁgiiiiora
2628 4047 2676 4094 et
2695 4039 2955 4094 timidiora
2975 4055 3204 4111 qumque.
3225 4039 3445 4094 Rariora
3465 4048 3590 4111 sunt
3607 4053 3794 4094 exem-

2195 4108 2280 4178 pla
2313 4150 2330 4176 ,
2396 4111 2482 4166 ubi
2535 4112 2764 4180 quisque
2814 4108 3195 4180 comparativis
3243 4111 3505 4181 jungitur.
3559 4108 3789 4175 lterum,

2168 4195 2320 4253 cap.
2352 4181 2438 4253 ιι,
2473 4182 2756 4251 placidiora
2793 4198 3022 4251 qumque.
3054 4182 3136 4237 Ad
3175 4181 3470 4238 sectionem
3500 4182 3788 4253 integram,

2192 4251 2338 4307 conf.
2364 4252 2460 4306 lib.
2492 4268 2575 4318 ut,
2603 4267 2652 4308 c.
2678 4253 2768 4308 1⁸5.
2805 4254 2934 4308 Bon.

2266 4322 2450 4390 Qmeve
2480 4326 2632 4379 ratio.
2659 4323 2733 4378 [ta
2760 4325 2977 4395 reposui
3017 4338 3084 4378 ex
3111 4323 3515 4395 vetustioribus,
3544 4323 3705 4378 editis
3735 4332 3790 4377 et

501 4346 594 4410 alii
640 4360 694 4407 et
729 4349 764 4403 5
789 4347 918 4401 editi
948 4363 1057 4401 rec.
1093 4347 1291 4401 habent
1335 4346 1575 4399 divinitas
1623 4361 1767 4400 suam
1820 4346 2090 4415 providen-

502 4427 646 4481 tiam.
693 4421 928 4488 Utraque
980 4417 1137 4471 lectio
1170 4418 1328 4472 bona.
1381 4416 1544 4473 Nobis
1589 4415 1795 4471 firmior
1822 4427 1877 4471 et
1903 4417 2084 4473 verior

501 4497 617 4552 visa
646 4501 730 4548 est
760 4491 906 4558 prior
936 4489 1221 4556 scriptura.

579 4565 647 4620 Ut
675 4561 789 4617 illa.
815 4560 913 4614 Ms.
941 4562 1094 4624 Bov.,
1119 4568 1172 4612 ut
1197 4575 1277 4612 ea.

516 4652 522 4658 '
578 4637 628 4691 Η
637 4639 678 4690 is
691 4631 989 4700 assumptis,
1003 4631 1124 4699 quid
1143 4630 1422 4700 necessario
1439 4639 1747 4697 sequeretur.
1770 4630 1984 4686 Scilicet
1997 4632 2086 4686 illa

573 4699 876 4764 evidentia.
900 4701 1025 4756 ihec
1052 4709 1134 4754 est
1160 4701 1320 4755 lectio
1347 4699 1382 4762 2
1405 4701 1725 4771 Bononiam,
1749 4701 1784 4754 2
1824 4703 1893 4756 al.
1931 4705 2085 4771 lteg.,

573 4726 863 4764 ovmenuu.
900 4726 1025 4756 [ιιι-υ
1052 4726 1134 4754 cat
1160 4726 1320 4755 tccuu
1349 4726 1382 4762 ἦ
1407 4726 1725 4766 υυιιυιιιυιι.,
1752 4726 1784 4754 z
1824 4726 1893 4756 al.
1931 4726 2085 4771 ιῑεξζη

503 4726 666 4844 Em,
693 4777 728 4830 2
754 4774 931 4837 Colb.,
951 4772 1175 4844 Baluz.;_
1192 4772 1375 4844 in_tus.
1396 4770 1743 4844 Regio-PuL,
1770 4773 1975 4844 quidem
2000 4789 2090 4828 ne-

505 4839 723 4906 cessario
740 4854 1059 4916 sequeretur,
1076 4839 1432 4916 male_._Nullus
1455 4841 1598 4916 enim
1623 4852 1749 4916 tunc
1772 4839 1979 4916 phrasis
2005 4845 2088 4899 itt-

503 4932 671 4993 tegrae
714 4910 901 4993 uerius.
955 4913 1008 4967 ιιι
1037 4915 1071 4968 4
1098 4913 1168 4966 al.
1199 4910 1367 4993 Reg.
1394 4911 1428 4966 4
1456 4911 1634 4993 Col_b.,
1661 4910 1811 4993 limi,
1834 4915 2083 4984 Cantaln,

506 4983 768 5050 Cf'aroni.,
789 4988 953 5040 Brun.
979 4993 1032 5039 et
1053 4983 1262 5054 cunctis
1289 4985 1456 5054 ferme
1477 4986 1702 5054 vulgatis
1730 4996 1832 5051 est,
1861 5003 1973 5053 qua:
1994 4983 2085 5041 ne-L

506 5063 726 5119 cessario
753 5067 1096 5128 sequerentur.
1122 5055 1176 5108 Ιιι
1201 5053 1359 5109 editis
1385 5054 1507 5110 Ald.
1525 5053 1583 5110 et
1601 5054 1770 5111 Paris.
1798 5057 1954 5122 1525,
1974 5075 2087 5129 qua:

505 5133 794 5192 necessario
825 5137 1112 5197 sequentur.

583 5208 646 5261 Si
667 5195 898 5258 morbum
939 5215 1040 5251 non
1068 5198 1332 5266 reciperet,
1357 5213 1513 5265 neque
1537 5198 1749 5253 vestibus
1771 5195 2084 5263 indigeret...

508 5288 598 5331 aut
630 5276 823 5345 frigora
845 5277 1101 5345 metueret.
1240 5268 1614 5345 castigavimus
1641 5287 1703 5325 ex
1728 5286 1863 5345 inss.
1891 5272 2086 5342 Regio-

505 5339 750 5404 Putéatio
777 5339 1406 5412 tribusqucraliisch”
1441 5344 1473 5394 4
1504 5341 1682 5407 Culb.,
1716 5341 1904 5409 Goth.,
1938 5339 2082 5412 Lips.

506 5435 572 5476 ac
603 5413 978 5473 vetustioribus
1002 5411 1181 5466 editis.
1227 5411 1354 5465 Haec
1391 5413 1532 5466 enim
1565 5413 1874 5468 referuntur
1894 5415 1959 5468 ad
1993 5411 2087 5467 lio-

508 5491 712 5544 minem
742 5488 808 5539 de
832 5500 940 5553 quo
964 5497 1143 5550 supra,
1181 5492 1233 5534 ut
1256 5482 1319 5536 sit
1345 5482 1397 5534 in
1420 5484 1638 5553 qualibet
1666 5494 1813 5539 tetate
1833 5485 2085 5550 mortalis,

508 5571 563 5616 et
592 5574 716 5613 mox
738 5555 872 5609 infra
899 5555 1090 5624 accepit
1111 5555 1483 5622 sapientiam...
1509 5556 1703 5608 muniat
1728 5571 1742 5617 ;
1775 5558 1972 5609 morbos
2003 5571 2091 5608 ca-

510 5632 619 5702 pit,
651 5628 803 5702 etiam
842 5635 1053 5702 mortem
1083 5640 1281 5702 semper
1323 5625 1560 5702 accipiat.
1602 5625 1656 5677 ln
1700 5628 2088 5702 recentioribus

509 5693 692 5758 inss.‘2
709 5697 866 5767 Reg.,
884 5695 919 5748 ‘2
939 5693 1120 5761 Colb.,
1144 5693 1406 5767 Claram,
1428 5696 1604 5748 Baluz.
1630 5705 1682 5749 et
1702 5697 1832 5749 edit.
1858 5698 1890 5750 4
1913 5697 2091 5764 plura-

503 5772 622 5830 tivo
643 5766 869 5825 numero
891 5769 1189 5838 reciperent,
1216 5766 1519 5838 indigerent,
1539 5774 1849 5831 metuerent;
1875 5767 2085 5821 vitiose.

580 5842 834 5914 Sequatur
851 5836 1048 5896 necesse
1064 5847 1154 5893 est.
1177 5837 1396 5893 Phrasis
1409 5836 1775 5893 Lactantiana.
1793 5837 1883 5894 Sic
1898 5852 2084 5895 emen-

2192 4409 2324 4450 mss.
2358 4395 2559 4453 multis.
2591 4395 2802 4462 rejectis
2827 4393 2936 4460 'iis,
2987 4409 3106 4464 quae
3133 4394 3185 4448 in
3215 4393 3608 4449 recentioribus
3633 4399 3788 4463 quin-

2111 4496 2165 4554 D
2189 4481 2295 4554 que
2316 4476 2382 4554 et.
2403 4466 2454 4520 in
2480 4466 2709 4554 vulgatis
2731 4465 3366 4554 novemAinterserun't‘ur,
3410 4481 3525 4534 qua!
3551 4479 3784 4554 reveren-

2191 4537 2264 4589 tia
2308 4537 2440 4590 inter
2463 4536 2556 4588 se?
2582 4537 2694 4605 quis
2725 4537 2896 4590 ordo?
2924 4541 2992 4590 At
3019 4537 3071 4591 in
3095 4551 3197 4590 ms.
3244 4537 3403 4602 Bov.,
3430 4551 3546 4605 quce
3581 4537 3796 4591 societas

2191 4617 2316 4661 esset
2344 4621 2458 4678 qua:
2482 4609 2778 4673 reverentia,
2807 4623 2979 4678 quteve
3006 4608 3160 4673 ratio,
3192 4617 3301 4662 etc.

2263 4677 2403 4744 Quid
2422 4689 2550 4732 esset
2577 4678 2753 4733 tetrius
2781 4677 3006 4733 nomine.
3042 4678 3130 4734 Sic
3155 4679 3228 4733 25
3249 4693 3380 4734 mss.
3412 4687 3466 4731 et
3488 4677 3521 4731 6
3539 4677 3668 4731 editi
3689 4695 3702 4743 ;
3737 4685 3790 4730 et

2192 4750 2330 4818 apud
2357 4750 2691 4815 Ciceronem,
2713 4750 2804 4805 lib.
2833 4767 2870 4806 ιι
2887 4750 3200 4805 Officior.n.
3221 4751 3312 4816 77,
3336 4760 3384 4802 et
3406 4749 3497 4802 lib.
3519 4764 3594 4805 ιιι.
3621 4765 3672 4802 ιι.
3704 4749 3790 4805 36.

2191 4820 2246 4874 In
2272 4823 2480 4876 cmteris
2505 4820 2730 4890 vulgatis
2750 4833 2802 4875 et
2823 4833 3028 4891 septem
3053 4835 3182 4875 mss.
3213 4835 3325 4874 rec.
3347 4820 3542 4889 legitur
3568 4820 3790 4874 deterius

2190 4892 2413 5016 thomine.
2439 4893 2529 4949 Sic
2556 4892 2691 4947 infra
2735 4893 2789 4947 in
2812 4891 2918 4948 fine
2943 4893 3137 4964 capitis
3174 4892 3208 4947 5
3233 4910 3247 4947 :
3279 4891 3522 4946 horribile
3548 4901 3700 4962 atque
3725 4901 3796 4945 te-

2210 4979 2342 5016 rum.

2210 4979 2342 5018 rum.

2261 5056 2390 5129 Sine
2419 5058 2639 5110 nomine.
2664 5056 2886 5129 Supple,
2921 5058 3084 5129 altero
3113 5056 3306 5127 aliqua.
3341 5056 3632 5129 FBANCIUS.

2262 5127 2567 5197 Loquimnr.
2597 5127 3009 5196 quod'videmus.
3036 5127 3110 5182 Ita
3140 5128 3350 5182 reStitui
3381 5143 3452 5182 ex
3481 5127 3794 5182 vetustiori-

2191 5201 2415 5254 bustum
2438 5199 2613 5263 editis,
2638 5211 2747 5252 tum
2769 5214 2899 5254 mss.
2923 5201 2956 5252 4
2974 5199 3126 5268 Reg.,
3148 5198 3183 5251 2
3204 5198 3436 5265 Bonon.,
3453 5198 3612 5262 Tam.
3638 5199 3792 5262 Peu.,

2189 5269 2376 5330 Caue...
2399 5270 2587 5328 Goth..
2611 5269 2645 5322 4
2663 5269 2844 5334 Colb.,
2863 5270 3072 5336 Baluz.,
3097 5269 3238 5333 Em.,
3256 5268 3440 5337 Cant.,
3467 5270 3629 5324 Brutt.
3654 5273 3721 5324 At
3741 5269 3790 5322 itt

2192 5358 2301 5396 rec.
2320 5341 2356 5394 2
2374 5343 2529 5410 Reg,
2551 5343 2592 5402 2
2607 5342 2875 5406 Colhert.,
2899 5338 3132 5393 Clarum.
3153 5349 3206 5394 et
3233 5355 3341 5394 rec.
3363 5340 3580 5394 excusis
3597 5351 3701 5403 est,
3721 5339 3797 5393 lo-

2189 5424 2433 5482 quantur.
2468 5411 2824 5482 Tltomasiana
2846 5410 3011 5482 editio
3039 5411 3328 5479 loquamur.
3354 5439 3427 5452 -—
3451 5411 3605 5464 Nunc
3633 5413 3796 5481 loqui-

2191 5477 2325 5535 inur.
2358 5481 2682 5553 Rectior,qni
2732 5479 2912 5553 fallor,
2955 5477 3208 5553 respectu
3259 5477 3797 5553 prtecedentium'est

2193 5553 2460 5607 indicandi
2489 5551 2709 5616 modus;
2766 5551 3088 5607 determinat
3148 5551 3290 5608 enim
3344 5565 3398 5607 et
3437 5553 3672 5622 explicat
3713 5553 3796 5607 his

2193 5624 2371 5678 verbis
2399 5623 2701 5677 distinctius
2723 5623 3146 5692 propositionem
3179 5626 3292 5679 sive
3317 5625 3495 5679 thema
3529 5624 3651 5678 libri
3695 5624 3790 5677 hu—

2188 5696 2297 5765 jus,
2321 5695 2558 5766 etipsam
2577 5693 2794 5766 demum
2820 5696 3194 5752 tractationem
3216 5697 3285 5751 de
3314 5710 3545 5766 corpore
3565 5694 3794 5751 hominis

2191 5765 2413 5835 suscipit
2440 5779 2558 5832 cap.
2587 5765 2640 5819 8.
2670 5765 2802 5821 BUN.

2265 5836 2611 5894 Produccrent
2641 5838 2854 5894 animal.
2904 5837 2991 5895 Sic
3037 5837 3253 5916 reposui
3302 5854 3368 5907 ex
3409 5836 3791 5905 vetustioribus
