4034 6354
249 339 331 413 25
1223 348 1372 404 car.
1417 346 1482 405 γ.
1526 344 1613 401 ne
1656 343 1787 403 rm.
1827 348 1864 403 Α

1977 336 2103 401 ML.
2145 346 2237 403 ΕΤ
2272 342 2607 407 MEMBRIS.‘
2860 380 2871 387 -
3486 344 3562 404 26

252 466 368 519 tam
396 460 624 517 vasculo
642 459 890 532 corporis
909 469 1135 531 quatuor
1162 458 1567 514 fccitextaulia:
1599 458 1720 515 bina
1738 473 1862 528 pos-
1886 461 1935 520 Α
1967 458 2188 515 nimium
2216 459 2472 515 brevibus
2490 502 2503 524 ,
2548 468 2769 532 propter
2797 459 3106 516 ﬁrmitatem
3128 499 3144 525 ,
3177 457 3270 516 sed
3298 466 3354 516 et
3378 460 3565 531 paucis

254 554 453 619 terius,
482 567 607 625 quae
638 562 767 609 sunt
795 554 848 608 in
895 553 1141 607 omnibus
1167 551 1364 621 pedes;
1395 553 1520 605 item
1552 550 1675 606 bina
1701 551 1863 621 capiti

256 655 319 704 et
343 645 492 702 collo
520 646 797 716 proxima,
828 660 949 716 quae
978 645 1156 699 varius
1181 642 1545 701 animantibus
1577 657 1708 698 usus
1730 658 1863 712 pne-

259 737 415 795 bent.
452 737 511 793 In
544 737 848 808 pecudibus
876 737 1021 792 enim
1047 751 1109 791 ac
1138 734 1269 792 feris
1306 745 1433 792 sunt
1475 736 1864 806 posterioribus

258 829 429 902 pedes
443 829 678 895 similes,
706 830 760 884 in
785 828 1003 884 homine
1019 838 1197 883 autem
1226 843 1416 883 manus
1433 844 1446 892 ;
1465 843 1587 898 qua:
1611 842 1721 883 non
1741 836 1868 883 sunt

260 922 333 979 ad
355 922 766 989 ambulandum,
790 920 890 977 sed
919 921 986 975 ad
1014 919 1316 976 iaciendum
1349 919 1868 991 temperandumque

263 1024 574 1071 suntnataz.
605 1015 702 1071 Est
728 1023 784 1070 et
831 1013 1047 1070 tertium
1092 1028 1284 1085 genus,
1332 1014 1385 1068 in
1412 1028 1519 1084 quo
1547 1013 1727 1084 priora
1754 1013 1865 1082 illa,

264 1122 442 1179 neque
471 1107 660 1178 pedes,
693 1122 869 1178 neque
898 1121 1090 1164 manus
1105 1115 1255 1173 sunt,
1280 1107 1375 1163 sed
1424 1106 1546 1173 alae,
1577 1107 1630 1163 in
1672 1106 1869 1177 quibus

265 1215 458 1274 penna:
486 1217 580 1272 per
608 1200 854 1257 ordinem
884 1200 1005 1256 fixae
1032 1199 1247 1256 volandi
1277 1199 1539 1255 exhibent
1583 1216 1761 1255 usum.
1789 1199 1865 1255 lta

264 1309 371 1351 una
401 1294 549 1350 fictio
575 1294 821 1351 diversas
849 1294 1062 1365 Species
1089 1304 1142 1348 et
1172 1309 1303 1349 usus
1357 1294 1541 1351 habet.
1579 1294 1756 1365 Atque
1810 1302 1868 1352 ut

268 1386 446 1458 ipsam
473 1387 718 1458 corporis
744 1385 1158 1443 crassitudinem
1191 1385 1416 1441 firmiter
1443 1385 1870 1458 comprehende-

267 1488 374 1548 ret,
406 1478 702 1550 majoribus
726 1488 782 1535 et
805 1479 1060 1535 brevibus
1080 1478 1294 1534 ossibus
1325 1478 1551 1535 invicem
1577 1479 1866 1550 colligatis,

270 1570 427 1644 quasi
451 1570 694 1627 carinam
717 1571 1007 1642 compegit,
1037 1586 1195 1640 quam
1220 1586 1321 1626 nos
1363 1571 1573 1642 spinam
1615 1570 1864 1635 dicimus,

267 1678 500 1736 eamque
526 1664 698 1720 noluit
724 1680 789 1720 ex
819 1680 928 1720 uno
954 1674 1320 1734 perpetuoque
1355 1680 1479 1721 osse
1502 1666 1760 1731 formare,
1799 1681 1869 1723 nc

269 1757 556 1831 gradiendi
581 1758 931 1829 ﬂectendique
948 1772 1008 1814 se
1037 1756 1345 1813 facultatem
1361 1757 1558 1813 animal
1581 1773 1686 1813 non
1704 1757 1870 1813 habe-

1965 559 2020 605 et
2068 551 2275 622 magnis
2306 551 2520 607 ossibus
2558 548 2808 607 constare
2846 553 3033 609 voluit.
3084 551 3191 608 Aut
3241 552 3382 607 enim
3433 552 3559 609 bina

1965 652 2091 701 sunt
2109 654 2167 700 ut
2196 646 2247 700 in
2270 644 2523 711 homine;
2547 656 2640 701 aut
2663 655 2943 716 quaterna,
2975 654 3032 701 ut
3078 646 3130 701 in
3177 644 3560 717 quadrupede:

1965 753 2086 808 qua:
2129 746 2308 793 tamen
2331 754 2439 807 non
2477 737 2604 793 fecit
2630 738 2824 803 solida,
2848 755 2917 795 ue
2944 739 2995 794 in
3021 738 3321 809 gradiendo
3349 739 3563 811 pigritia

1966 838 2020 883 et
2045 828 2279 899 gravitas
2312 829 2636 897 retardaret,
2662 829 2756 884 sed
2777 840 2965 885 cavata
2995 839 3048 885 et
3074 830 3142 884 ad
3170 830 3408 901 vigorem
3438 844 3563 885 cor-

1966 921 2113 990 poris
2128 921 2559 977 conservandum
2579 919 3166 977 medullisintrinseeus
3185 922 3338 992 plena
3357 938 3372 988 ;
3392 936 3564 1004 eaque

1966 1025 2153 1067 rursus
2178 1025 2285 1067 non
2328 1011 2608 1084 aequaliter
2649 1021 2894 1079 porrecta
2945 1012 3150 1068 finivit:
3180 1012 3277 1069 sed
3326 1027 3565 1070 summas

1967 1119 2151 1161 eorum
2201 1114 2381 1176 partes
2408 1106 2764 1162 crassioribus
2807 1107 2966 1163 nodis
3012 1107 3372 1178 conglobavit,
3425 1116 3480 1162 ut
3510 1115 3568 1163 et

1967 1194 2257 1269 substringi
2286 1202 2467 1253 nervis
2488 1196 2723 1265 facilius,
2740 1208 2797 1254 et
2813 1198 2951 1254 verti
2971 1198 3135 1254 tutius
3158 1208 3397 1269 possent,
3420 1198 3565 1254 unde

1969 1299 2095 1346 sunt
2125 1290 2389 1347 vertihula
2417 1291 2709 1346 nominata.
2735 1291 2844 1348 Eos
2868 1292 3041 1347 nodos
3064 1291 3291 1348 ﬁrmiter
3303 1290 3569 1347 solidatas

1970 1383 2078 1440 leni
2103 1385 2334 1455 quodam
2377 1387 2634 1456 operculo
2662 1386 2817 1455 texit,
2873 1386 3019 1458 quod
3047 1386 3244 1442 dicitur
3279 1384 3563 1455 cartilago;

1968 1480 2195 1546 scilicet,
2227 1488 2286 1535 ut
2310 1480 2429 1536 sine
2452 1481 2637 1536 attritu
2687 1488 2742 1536 et
2772 1481 2890 1535 sine
2930 1495 3092 1536 sensu
3129 1480 3338 1535 doloris
3380 1478 3565 1549 aliquo

1971 1570 2333 1630 ﬂecterentur.
2365 1573 2596 1629 Easdem
2624 1582 2804 1630 tamen
2827 1573 3008 1629 nonin
3036 1588 3202 1628 unum
3233 1570 3451 1627 modum
3480 1571 3565 1626 in.

1972 1666 2259 1722 formavit:
2286 1666 2425 1722 alios
2453 1667 2597 1722 enim
2630 1665 2757 1723 fecit
2781 1667 3083 1737 simplices,
3116 1674 3171 1721 et
3191 1666 3245 1720 in
3265 1664 3452 1720 orbem
3474 1678 3567 1719 ro-

1972 1760 2191 1826 tundus,
2224 1759 2280 1815 in
2307 1760 2373 1815 iis
2403 1759 2682 1815 dumtaxat
2737 1759 2998 1825 articulis,
3040 1758 3095 1813 in
3125 1757 3321 1829 quibus
3362 1755 3566 1812 moveri

271 1858 378 1906 ret.
401 1849 478 1905 Ex
501 1850 619 1920 ejus
633 1858 784 1920 parte
804 1850 950 1921 quasi
972 1850 1147 1905 media
1175 1849 1445 1915 costas,id
1464 1860 1868 1909 esttransversa
1895 1846 1945 1907 B
1972 1853 2211 1910 membra
2244 1852 2298 1907 in
2331 1866 2522 1908 omnes
2549 1862 2734 1923 partes
2777 1851 3081 1923 oportebat,
3109 1860 3169 1906 ut
3219 1850 3271 1904 in
3301 1848 3566 1919 scapulis;

273 1949 329 1998 et
348 1940 505 2010 plana
537 1956 658 1998 ossa
684 1942 919 2012 porrexit
940 1942 991 1998 in
1019 1942 1312 2009 diversum,
1345 1945 1539 2016 quibus
1577 1945 1872 2002 clementer

266 2032 529 2099 curvatis,
559 2043 614 2089 et
642 2035 692 2089 in
723 2049 783 2090 se
817 2035 967 2091 velut
998 2035 1052 2091 in
1090 2035 1353 2092 circulum
1403 2050 1540 2107 pene
1564 2035 1866 2107 conductis,

264 2123 476 2181 interna
504 2126 717 2183 viscera
761 2138 1136 2199 contegantur,
1190 2135 1250 2184 ut
1274 2143 1360 2193 ea,
1418 2143 1539 2199 quae
1583 2128 1766 2185 mollia
1812 2137 1870 2185 et

264 2216 447 2272 minus
473 2218 647 2274 valida
689 2219 805 2275 ﬁeri
831 2234 967 2291 Opus
995 2231 1133 2287 erat,
1165 2220 1307 2275 illius
1331 2220 1517 2275 solida:
1542 2222 1709 2287 cratis
1752 2235 1869 2277 am-

270 2311 434 2382 plexu
455 2322 673 2381 possent
699 2328 821 2370 esse
857 2315 1083 2370 munita.
1106 2314 1162 2370 In
1190 2329 1405 2372 summa
1435 2329 1564 2369 vero
1584 2324 1868 2371 construe-

267 2401 426 2458 tiouis
444 2403 584 2474 ejus,
599 2420 759 2475 quam
785 2406 1021 2461 similem
1044 2408 1194 2462 navis
1212 2407 1413 2462 carina
1428 2405 1686 2472 diximus,
1704 2415 1868 2478 caput

264 2493 568 2569 collocavit,
599 2497 653 2551 in
682 2512 788 2567 quo
811 2509 957 2555 esset
982 2498 1221 2570 regimen
1244 2500 1406 2554 totius
1425 2499 1736 2565 animantis;
1769 2499 1866 2555 da-

265 2589 585 2658 tumqueilli
617 2589 722 2645 hoc
740 2606 937 2647 nomen
956 2601 1033 2648 cst
1046 2634 1061 2659 ,
1082 2592 1364 2662 utquidem
1386 2592 1549 2649 Varro
1561 2592 1628 2648 ad
1641 2591 1864 2649 Cicero-

262 2693 387 2747 ucm
403 2680 613 2745 scribit,
630 2682 772 2751 quod
796 2683 921 2739 hinc
935 2686 1146 2755 capiant
1166 2684 1377 2741 initium
1392 2699 1583 2742 sensus
1606 2700 1671 2741 ac
1689 2686 1865 2742 nervi.

284 2820 291 2825 .
332 2772 409 2828 Ea
435 2788 588 2840 vero,
611 2790 733 2846 qua:
758 2776 998 2832 diximus
1016 2777 1083 2833 de
1110 2792 1364 2847 corpore,
1392 2778 1480 2834 vel
1531 2778 1861 2845 ambulandi,

260 2862 348 2920 vel
377 2862 626 2928 faciendi,
650 2866 735 2922 vel
764 2867 979 2924 volandi
1017 2883 1179 2926 causa
1208 2884 1331 2927 esse
1373 2870 1656 2940 producta,
1685 2886 1865 2943 neque

1970 1945 2228 2016 quoniam
2257 1956 2450 2001 manus
2487 1945 2747 2001 utrolibet
2786 1944 2975 2016 agitari
3012 1952 3067 1999 et
3095 1942 3439 2013 contorqueri
3466 1956 3570 1997 ne-

1970 2038 2263 2094 cessarium
2284 2046 2401 2093 est:
2425 2036 2565 2092 alios
2593 2046 2774 2093 autem
2803 2037 2961 2102 latus,
3002 2046 3058 2091 et
3099 2035 3359 2106 aequales,
3408 2042 3464 2090 et
3512 2032 3571 2089 in

1970 2145 2133 2187 unam
2160 2139 2368 2203 partem
2411 2131 2695 2198 rotundos,
2744 2138 2801 2185 et
2845 2130 2899 2184 in
2928 2129 3014 2184 his
3038 2129 3223 2199 utique
3276 2126 3431 2192 locis,
3476 2125 3570 2181 ubi

1970 2221 2339 2279 tantummodo
2352 2222 2561 2278 curvari
2585 2222 2824 2276 membra
2847 2220 3150 2291 oportebat,
3183 2218 3315 2273 utin
3340 2216 3572 2288 genibus

1967 2317 2093 2372 etin
2116 2316 2331 2379 cubitis,
2348 2326 2404 2371 et
2428 2315 2482 2370 in
2511 2316 2759 2372 manibus
2783 2315 2934 2384 ipsis.
2965 2312 3099 2369 Nam
3129 2314 3269 2369 sicut
3296 2324 3489 2367 manus
3502 2325 3575 2367 ex

1965 2424 2034 2465 eo
2061 2407 2203 2478 loco,
2226 2408 2371 2464 unde
2416 2409 2683 2488 oriuntur,
2723 2408 2927 2477 ubique
2956 2388 3147 2461 versus
3183 2404 3415 2467 moveri,
3446 2418 3572 2473 spe-

1968 2502 2175 2557 ciosum
2199 2502 2364 2558 simul
2390 2511 2444 2557 et
2471 2502 2604 2557 utile
2628 2502 2728 2556 fuit
2758 2519 2771 2556 :
2800 2501 2878 2555 sic
2909 2499 3151 2569 profecto
3172 2539 3187 2564 ,
3216 2497 3262 2554 si
3295 2496 3398 2552 hoc
3426 2495 3571 2551 idem

1968 2598 2131 2654 etiam
2161 2596 2360 2654 cubitis
2387 2596 2698 2663 accideret,
2748 2604 2804 2651 et
2839 2606 3209 2665 supervacuus
3256 2598 3403 2647 esset
3453 2590 3574 2662 ejus

1967 2691 2115 2747 modi
2145 2701 2344 2758 motus,
2367 2699 2423 2745 et
2448 2690 2637 2760 turpis.

2035 2782 2153 2840 iam
2180 2783 2327 2839 enim
2354 2796 2544 2839 manus
2583 2781 2778 2836 amissa
2801 2778 3062 2849 dignitate
3083 2818 3098 2842 .
3128 2790 3289 2847 quam
3313 2789 3455 2831 nunc
3477 2773 3577 2830 ha-

1964 2874 2080 2942 bet,
2123 2874 2425 2933 mobilitate
2470 2874 2634 2929 nimia
2684 2870 2992 2943 proboscidi
3041 2867 3235 2924 similis
3276 2866 3572 2933 videretur,

264 2955 491 3014 nimium
528 2958 726 3031 longis,
760 2970 978 3033 propter
995 2963 1229 3021 celerem
1259 2964 1636 3032 mobilitatem,
1681 2982 1858 3038 neque
1881 2957 1928 3022 C
1960 2976 2211 3041 essetque
2232 2967 2395 3025 homo
2412 2967 2573 3040 plane
2596 2965 2998 3038 anguimanus:
3027 2958 3170 3033 quod
3209 2973 3380 3032 genus
3399 2958 3454 3015 in
3483 2957 3573 3015 illa

1582 3096 1950 3159 VARIORUM
1985 3100 2217 3161 NOTAE.

262 3209 423 3286 editis
450 3212 777 3286 et_omnibus
804 3229 935 3269 mss.
964 3209 1262 3281 codicibus,
1288 3231 1396 3272 uno
1424 3214 1646 3286 dempto
1670 3232 1861 3273 recen-

261 3282 471 3358 tissime
498 3282 836 3358 Colbertino,
863 3285 936 3358 _in
966 3302 1098 3357 quo,
1133 3288 1273 3342 sicut
1305 3296 1361 3341 et
1401 3288 1452 3343 in
1502 3282 1748 3358 vulgatis,
1778 3297 1863 3347 est

262 3352 594 3428 perducerent
616 3372 635 3410 :
664 3356 807 3427 quod
827 3356 966 3411 idem
985 3352 1099 3413 'est.
1117 3357 1320 3413 Eodem
1349 3372 1513 3413 sensu
1554 3352 1856 3428 producere,

259 3439 361 3495 pro
385 3426 695 3498 perducere,
710 3427 852 3498 apud
883 3428 1220 3484 Terentium.
1242 3429 1350 3484 Nec
1370 3426 1563 3485 dubito
1584 3431 1714 3498 quin
1740 3432 1862 3487 hare

263 3497 603 3570 genuinasit
629 3497 889 3570 Lactantii
919 3498 1095 3554 lectio.
1126 3499 1331 3554 Eodem
1362 3514 1528 3555 sensu
1557 3497 1861 3570 producere,

260 3567 402 3635 apud
434 3568 807 3642 Columellam.
834 3568 966 3638 Quis
986 3570 1128 3625 enim
1157 3571 1405 3626 librarius
1427 3573 1479 3626 in
1502 3567 1860 3642 producerent,

260 3647 652 3696 commutasset
673 3639 1028 3706 perducerent,
1052 3657 1242 3697 vocem
1264 3643 1518 3698 omnibus
1540 3644 1755 3699 notam?

331 3709 491 3765 Enim
517 3727 579 3767 ac
608 3713 750 3784 feris.
782 3710 1117 3769 Desunthaac
1143 3714 1193 3768 in
1226 3730 1327 3770 ms.
1363 3714 1495 3771 Bov.

335 3802 445 3859 Sed
471 3801 540 3856 ad
577 3803 869 3874 faciendum
895 3805 1399 3874 temperantiamque.
1435 3804 1593 3872 Vera,
1629 3816 1685 3860 nt
1735 3821 1858 3862 eum

261 3873 500 3947 Cellario
525 3873 1027 3947 opinor,‘Lactautji
1059 3875 1238 3939 lectio,
1265 3886 1497 3946 quae-est
1521 3880 1860 3947 manuscrip—

262 3944 495 4016 torumgl
522 3944 676 4015 Reg.,
733 3944 935 4011 Cauc.,.
964 3944 1151 4010 Goth.,
1190 3949 1225 4003 3
1251 3944 1428 4012 Colb.,
1486 3948 1644 4012 Nam,
1697 3944 1855 4016 Vict},

266 4016 398 4084 Ult.,
426 4015 577 4085 Lips.
611 4032 629 4071 ι
675 4016 840 4070 Brun.
870 4032 933 4071 ac
953 4017 1077 4072 edd.
1104 4018 1260 4073 Rom.
1288 4020 1450 4082 H70,
1480 4018 1645 4085 1474,
1674 4028 1727 4073 et
1756 4015 1857 4075 Be-

263 4089 359 4143 tul.
388 4101 516 4160 cum
543 4101 678 4143 mss.
702 4088 732 4160 i_
763 4087 914 4143 Colh.
940 4097 995 4143 et
1019 4089 1231 4151 Marm.,
1256 4090 1309 4142 in
1338 4092 1532 4160 quibus
1561 4101 1644 4145 est
1671 4100 1862 4155 tempe-

261 4158 607 4228 randumque,
629 4158 845 4213 omissis
870 4161 961 4214 sed
985 4161 1053 4213 ad
1077 4158 1393 4228 faciendum.
1416 4161 1516 4217 Ed.
1537 4161 1693 4215 Rom.
1722 4161 1861 4218 1468

262 4228 424 4303 liabet
442 4229 904 4303 "parandumque,
931 4245 1028 4303 pro
1046 4232 1530 4303 temperantiamque
1547 4250 1566 4297 ;
1586 4233 1726 4301 quod
1741 4249 1863 4288 vcr-

261 4300 387 4355 bum
417 4316 523 4356 non
548 4300 912 4371 intelligentes
934 4302 1114 4371 plures
1137 4303 1361 4367 librarii,
1384 4300 1863 4359 ei'substituerunt

263 4371 655 4440 fouendumque,
677 4370 798 4443 ut72
822 4370 981 4438 Bon},
1006 4372 1219 4440 2Reg.,
1239 4373 1275 4426 2
1300 4373 1477 4439 Colb.,
1501 4374 1659 4439 Tam,
1684 4374 1859 4443 Bold.,

260 4458 280 4498 l
309 4443 495 4508 Sorb.,
525 4442 696 4508 Clar.,
745 4442 952 4511 Baluz.,
997 4445 1019 4497 1
1056 4444 1221 4498 Brun.
1246 4444 1389 4513 quod
1430 4445 1570 4498 idem
1618 4455 1720 4499 est.
1756 4446 1861 4500 Sed

261 4515 386 4585 quid
409 4513 513 4586 sibi
536 4513 724 4586 volunt
748 4517 927 4568 cancri
953 4514 1081 4569 editi
1109 4511 1439 4582 complures,
1461 4517 1511 4571 in
1540 4517 1738 4586 quibus
1756 4526 1859 4580 est,
1889 4511 1944 4572 D

261 4586 443 4658 sedari
468 4585 765 4651 faciendum
802 4586 1260 4658 operandttmque?
1304 4588 1455 4658 quasi
1503 4585 1705 4653 facere,
1758 4604 1867 4644 non

261 4654 403 4711 idem
424 4658 497 4710 sit
521 4670 585 4711 ac
604 4657 835 4726 operari.

340 4727 634 4800 Majon'bus
657 4739 702 4800 et
744 4728 976 4800 brevibus
1003 4729 1223 4784 ossibus.
1255 4728 1383 4784 Mss.
1418 4731 1585 4786 Brun.
1626 4741 1682 4787 et
1732 4730 1865 4786 edit.

261 4796 441 4868 Belull
468 4798 752 4868 majoribus
774 4809 819 4852 et
844 4799 1156 4855 breuioribus
1175 4801 1404 4856 ossibus.
1748 4820 1757 4825 ’

332 4867 695 4941 NoliiaJiss.
724 4871 749 4924 1
787 4870 1020 4934 Bonon.,
1049 4872 1084 4925 2
1116 4871 1277 4941 Reg,
1305 4875 1341 4925 οὶ
1387 4871 1651 4934 Colbert.,
1682 4873 1867 4929 Baluz.

261 4940 525 5067 ﬁnitioni.
554 4940 746 4997 (interi
767 4956 890 4997 cum
914 4943 1165 4999 omnibus
1190 4940 1371 5011 editis,
1395 4953 1457 4998 ut
1480 4944 1534 4999 in
1569 4954 1717 5000 textu
1745 4960 1871 5000 nos-

314 5026 365 5067 o.

314 5026 365 5067 0.

314 5083 539 5141 .Solida:
558 5085 734 5138 cratis.
763 5083 979 5155 Virgil.,
1010 5100 1085 5140 xu
1113 5084 1242 5141 (Eu.
1274 5101 1327 5139 v.
1358 5086 1495 5143 508:

509 5176 825 5240 'l‘ransadigit
846 5188 1008 5229 costas
1031 5186 1086 5229 et
1117 5184 1286 5229 crates
1304 5179 1522 5242 pectoris
1546 5191 1740 5232 ensem.

334 5258 492 5316 Ovid.
523 5258 619 5314 lib.
645 5276 740 5316 vui
762 5260 975 5315 Metam.
1011 5276 1155 5315 vers.
1181 5261 1321 5318 806:

514 5352 699 5404 Pectus
722 5361 776 5404 et
796 5368 825 5426 a
848 5356 1001 5418 spina
1025 5355 1355 5407 tantummodo
1379 5362 1515 5408 crate
1541 5360 1726 5410 teneri.

265 5457 383 5517 Lib.
407 5474 483 5516 xtl
506 5458 724 5514 Metam.
753 5474 894 5514 vers.
913 5461 1053 5518 570:

514 5550 637 5610 Quat-
662 5548 842 5612 (hasta)
864 5549 1079 5600 laterum
1102 5556 1287 5603 cratem
1305 5557 1550 5619 perrupit.
1645 5554 1771 5607 Bon.

344 5631 441 5689 Vel
460 5632 710 5702 faciendi.
743 5630 999 5687 Additum
1028 5649 1097 5688 ex
1114 5637 1322 5691 cunctis
1339 5654 1469 5693 mss.
1502 5650 1557 5696 ct
1584 5640 1652 5697 M
1673 5640 1863 5697 editis:

263 5702 416 5779 dee_st
442 5703 853 5779 vero‘itiA'l‘hys.
880 5714 933 5758 et
960 5704 1098 5779 Gall.
1209 5764 1227 5779 ε

335 5775 402 5830 Et
433 5774 634 5842 paucis.
658 5772 917 5830 Similiter
932 5777 1171 5830 additum
1198 5772 1262 5832 ex
1284 5778 1349 5832 14
1374 5780 1586 5836 excusis
1608 5789 1662 5836 et
1686 5780 1866 5836 omni-

264 5844 360 5903 bus
388 5861 524 5907 mss.
555 5846 775 5921 dempto
805 5862 912 5905 uno
941 5845 1275 5914 Colbertiuo,
1324 5852 1408 5906 cui
1439 5860 1519 5907 est
1574 5865 1619 5909 et
1663 5852 1861 5920 parvis.

1965 3220 2317 3276 Desideratur
2344 3220 2397 3275 in
2419 3218 2544 3275 edd.
2575 3217 2741 3291 Thys.
2776 3225 2832 3273 et
2858 3216 3000 3273 Gali.

2037 3310 2252 3367 Fim‘vit.
2282 3311 2340 3366 ln
2372 3326 2474 3366 ms.
2505 3311 2636 3366 Buv.
2660 3311 2889 3378 ﬁnirent.

2034 3405 2366 3473 Informavit.
2397 3404 2624 3460 Restituti
2650 3418 2717 3458 ex
2749 3399 3129 3458 vetustioribus
3149 3397 3309 3453 editis
3331 3398 3574 3454 cunctis-

1965 3494 2071 3549 que
2095 3493 2254 3542 mss.,
2277 3477 2512 3551 demptis
2529 3478 2567 3530 2
2586 3475 2739 3530 Colb.
2766 3488 2879 3551 ree.
2914 3474 2965 3527 in
2991 3473 3188 3551 quibus
3209 3478 3293 3551 est
3318 3473 3569 3551 reforma-

1965 3542 2056 3613 v'it,
2086 3558 2142 3606 et
2169 3565 2276 3604 uno
2306 3542 2440 3620 Reg.
2471 3548 2597 3603 item
2625 3561 2740 3620 rec.
2766 3546 2818 3599 in
2844 3559 2972 3615 quo,
2990 3544 3144 3620 sicut
3172 3542 3316 3620 et‘in
3340 3542 3574 3620 vulgatis

1973 3609 2087 3677 rec.
2119 3630 2201 3676 est
2238 3609 2495 3691 Ῑοι-ηιιῖυἰι,
2525 3617 2667 3689 quod
2692 3617 2832 3671 idem
2863 3609 2965 3670 est.
2986 3612 3314 3691 S_:cpeenitn
3338 3609 3568 3691 Lactan-

1866 3744 1871 3747 _
1974 3693 2079 3747 tius
2108 3682 2272 3747 verba
2297 3682 2595 3761 composita
2620 3696 2845 3757 usurpat
2872 3701 2968 3757 pro
2983 3682 3339 3761 simplicibus,
3359 3692 3415 3737 et
3439 3682 3571 3761 sim-

1976 3763 2129 3837 plicia
2164 3779 2261 3834 pro
2305 3753 2621 3837 compositis
2660 3779 2673 3815 :
2723 3753 2844 3830 quae
2874 3753 3228 3837 recentiores
3268 3753 3571 3837 emendare

1975 3825 2217 3891 volentes
2245 3825 2527 3905 perperam
2572 3825 2939 3905 immutarunt.
2960 3859 3028 3870 ——
3050 3826 3379 3905 Informatgil.
3396 3825 3568 3905 £30m-

1973 3908 2204 3975 positum
2226 3894 2360 3961 δἐἰιὲ
2388 3921 2484 3976 pro
2528 3904 2767 3976 sitnplici
2789 3902 2985 3976 posuit,
3029 3909 3087 3976 ut
3132 3913 3251 3966 cap.
3282 3898 3346 3951 8:
3383 3894 3572 3976 Noluit

1977 3966 2112 4034 bene
2142 3976 2351 4048 (aures)
2389 3966 2649 4032 'motlibus'
2689 3966 3282 4048 pelliculisinformare;
3310 3982 3430 4048 cap.
3464 3966 3569 4021 ηε

1975 4039 2202 4121 Utraque
2229 4039 2500 4120 coagulatg
2526 4039 2828 4118 informari;
2858 4060 2909 4101 c.
2940 4039 3029 4111 l9,
3057 4042 3291 4112 corporis
3319 4039 3574 4110 informa-

1966 4121 2056 4175 tio.
2100 4121 2232 4175 Bon.

2038 4211 2251 4268 Curuari
2276 4214 2499 4268 membra
2533 4213 2812 4282 Oportebat.
2863 4209 2995 4265 Ven.
3032 4207 3194 4282 M72,
3220 4216 3445 4277 utraque
3479 4205 3567 4272 78,

1966 4284 2055 4348 95,
2072 4284 2161 4349 97,
2181 4286 2346 4348 Pier..
2361 4280 2576 4347 Parrh.,
2592 4285 2765 4338 Paris.
2777 4324 2790 4346 ,
2805 4283 2944 4337 Iunt.
2960 4281 3100 4335 male
3115 4280 3433 4333 iutcrserunt
3452 4294 3573 4349 cur-

1966 4356 2076 4410 vari
2104 4348 2329 4409 membra
2374 4357 2424 4409 in
2468 4370 2656 4410 ontues
2687 4364 2866 4424 partes
2909 4350 3195 4419 oportebat,
3230 4348 3575 4424 incommode

1967 4442 2037 4482 ex
2062 4427 2330 4498 prioribus
2358 4427 2588 4496 repetita
2606 4467 2621 4495 ,
2651 4420 2847 4498 quibus
2892 4433 3156 4494 repugnat
3200 4420 3570 4546 taulultgnmodo.

3377 4508 3463 4546 ωε.

3377 4508 3463 4548 UN.

2048 4591 2132 4648 Ex
2152 4610 2209 4667 eo
2238 4594 2348 4667 loco
2373 4593 2511 4667 unde
2533 4592 2766 4647 oriuntur
2794 4590 2997 4667 ubique,
3018 4598 3123 4643 etc.
3151 4585 3477 4667 Sicxreposui
3509 4599 3574 4667 es

1973 4664 2353 4724 vetustioribus
2372 4664 2532 4721 editis
2551 4674 2606 4718 et
2623 4656 3029 4734 quamplurimis
3057 4673 3186 4734 mss.
3218 4658 3464 4734 Quinque
3484 4656 3573 4710 alii

1971 4746 2031 4790 et
2054 4736 2253 4806 vulgati
2286 4752 2394 4792 rec.
2422 4753 2481 4789 eo
2509 4728 2862 4803 omittunt,’et
2890 4742 3010 4804 post
3034 4733 3269 4786 oriuntur
3293 4728 3514 4794 addunt,
3542 4742 3576 4782 ιι

1972 4823 2186 4871 corpore
2213 4824 2233 4862 :
2255 4808 2398 4879 quod
2426 4808 2789 4878 superﬂuum.

2044 4900 2345 4957 Proborcidi
2393 4903 2577 4957 similis
2620 4902 2893 4956 videretur.
2941 4896 3230 4954 Proboscis
3268 4909 3459 4951 manus
3489 4905 3574 4950 est

1972 4973 2292 5042 elephantis,
2319 4989 2424 5044 qua
2449 4975 2603 5029 obvia
2631 4987 2856 5044 qumque
2886 4971 2985 5025 sibi
3014 4970 3221 5044 objecta
3254 4967 3574 5044 submovere

1973 5037 2195 5099 dicitur:
2212 5037 2476 5113 quae-cum
2515 5037 2782 5115 serpentis
2796 5116 2799 5117 ν
2813 5044 3001 5117 instar
3048 5039 3252 5117 flexilis
3263 5037 3444 5117 sit,_ab
3458 5038 3576 5117 hac

1972 5107 2327 5191 elephantum
2336 5107 2724 5191 anguimanum
2775 5114 2907 5191 digit
2935 5112 3173 5191 Lucret,
3205 5107 3373 5191 .libai
3409 5116 3471 5191 _c_t
3518 5122 3573 5160 v.

1976 5178 2258 5242 De'eadetn
2289 5178 2500 5254 Cicero,
2526 5204 2561 5242 ιι
2588 5187 2655 5241 de
2681 5190 2801 5241 Nat.
2829 5187 3012 5249 Dcor.,
3046 5180 3374 5254 et_Aristot.,
3409 5178 3503 5233 lib.
3531 5193 3574 5254 tt

1974 5257 2041 5330 de
2068 5258 2269 5313 Partib.
2315 5248 2503 5325 anim,
2537 5273 2654 5327 cap.
2686 5257 2772 5321 l6,
2822 5257 3057 5330 Isidorus
3109 5252 3200 5307 lib.
3235 5266 3349 5330 xn_,_
3374 5248 3573 5330 cap._2.

1977 5329 2227 5383 Rostruut
2257 5320 2528 5400 elephanti
2573 5320 2871 5400 promuscis
2900 5328 3113 5400 dicitur,
3126 5336 3247 5400 _quo
3297 5320 3385 5373 ille
3416 5321 3575 5385 pabu-

1973 5400 2082 5455 lum
2107 5401 2186 5455 ori
2207 5393 2478 5467 admovet,
2503 5408 2558 5456 et
2574 5393 2657 5453 est
2686 5398 2841 5470 angui
2880 5397 3092 5470 similis_.
3126 5393 3570 5470 Itt'r'reasuusws.

1970 5501 2044 5515 -—-
2064 5471 2190 5527 Mss.
2222 5482 2426 5542 septem
2464 5463 2671 5526 habent
2698 5463 3013 5542 probosci‘dis
3040 5463 3256 5527 similis;
3283 5471 3406 5542 octo
3445 5477 3572 5518 cum

1972 5544 2059 5600 ed.
2092 5531 2452 5615 Rom.n'l470,
2502 5531 2872 5615 promuscidis;
2915 5538 2953 5593 2
2978 5537 3111 5604 Reg.
3141 5546 3250 5589 rec.
3272 5541 3326 5588 et
3354 5531 3572 5602 Marm.,

1972 5613 2327 5685 promoscidis.

2043 5706 2417 5775 Anguimamts.
2449 5702 2610 5759 Notat
2626 5701 2955 5775 Lucretium,
2986 5694 3077 5767 qui
3103 5692 3446 5775 elephantum
3470 5710 3573 5749 an-

1968 5763 2266 5850 ριιὶηιᾶηωη
2307 5776 2669 5850 cognominat,
2697 5772 2787 5826 lib.
2817 5785 2875 5830 ιι.
2896 5763 2963 5850 eo
2984 5763 3131 5850 quod
3153 5763 3450 5850 proboscis,
3474 5780 3573 5829 an,

1968 5833 2152 5920 guiutu
2178 5833 2447 5915 iustarfin
2476 5833 2666 5903 omnes
2692 5851 2868 5910 partes
2894 5833 3353 5906 circumflectitur,
