4034 6354
456 362 521 429 3i
1459 367 1647 426 FIBM.
1687 361 2054 424 LACTANTII
2096 362 2222 418 LIB.
2255 314 2351 420 DE.
2382 363 2671 424 OPIFICIO
2708 366 2847 424 DEI.

457 496 556 559 per
583 499 783 558 corpus
832 498 995 542 omne
1050 484 1285 546 divisos,
1312 496 1409 553 per
1446 497 1584 552 quas
1625 480 1935 536 discurrens
1964 477 2058 532 hu-
2084 487 2137 546 Α
2163 478 2453 534 virentium
2486 481 2860 546 multitudine,
2908 480 3325 554 unumquodque
3355 481 3552 539 animal
3595 484 3646 539 in
3679 485 3767 541 sui

462 592 606 643 mor,
636 587 692 634 et
716 577 965 650 sanguis,
997 576 1244 631 universa
1301 575 1540 630 membra
1584 574 1759 629 succis
1805 571 2052 627 vitalibus

460 669 741 741 irrigarct;
774 678 826 725 et
851 683 915 724 ea
946 668 1183 732 viscera,
1228 667 1453 721 formata
1511 666 1563 720 in
1617 680 1740 720 eum
1793 663 2009 718 modum
2038 704 2053 729 ,

462 754 559 830 qui
583 760 867 831 unicuique
892 760 1076 831 generi
1123 774 1188 814 ac
1225 758 1344 814 loco
1373 768 1530 828 aptus
1579 758 1711 822 luit,
1750 756 2057 826 superiecta

457 854 600 926 pelle
626 855 894 920 contexit,
925 869 1087 925 quam
1129 854 1215 909 vel
1244 853 1361 909 sola
1393 852 1794 925 pulchritudine
1820 851 2051 907 decora.

363 1024 375 1034 κ
456 949 564 1025 vit,
599 948 681 1004 vel
724 947 853 1003 setis
876 946 1163 1018 adaperuit
1186 988 1202 1013 ,
1234 946 1320 1001 vel
1376 945 1616 1016 squamis
1672 944 1939 1011 munivit,
1968 943 2056 998 vel

456 1040 652 1112 plumis
679 1040 982 1109 insignibus
1029 1038 1329 1094 adornavit.
1355 1038 1492 1094 Illud
1530 1052 1661 1094 vero
1685 1045 2052 1093 commentum

458 1131 551 1187 Dei
576 1130 824 1186 mirabile
844 1172 862 1198 ,
885 1130 1027 1202 quod
1059 1144 1161 1185 una
1192 1129 1507 1199 dispositio,
1540 1137 1597 1184 et
1634 1143 1773 1184 unus
1800 1127 2015 1184 habitus
2035 1170 2052 1193 ,

453 1223 875 1282 innumerabiles
904 1224 1154 1296 imaginis
1201 1222 1453 1294 prmferat
1490 1222 1798 1279 varietates.
1827 1221 1963 1278 Nam
1998 1222 2053 1277 in

455 1317 711 1374 omnibus
764 1316 1057 1389 fere,qua:
1107 1315 1565 1388 spirant,'eadem
1594 1316 1764 1372 series
1810 1324 1869 1372 et
1919 1314 2055 1372 ordo

459 1409 833 1477 membrorum
883 1418 985 1466 est.
1027 1409 1264 1467 Primum
1297 1410 1439 1465 enim
1485 1417 1680 1479 caput,
1710 1418 1766 1464 et
1794 1408 1920 1465 huic
1959 1424 2056 1463 an-

457 1516 597 1558 nexa
623 1501 825 1560 cervix.
852 1501 985 1560 Item
1015 1502 1157 1559 collo
1204 1510 1391 1573 pectus
1415 1501 1727 1570 adiunctum
1749 1540 1765 1568 ,
1793 1510 1849 1555 et
1887 1516 1955 1556 ex
1990 1514 2058 1555 eo

457 1592 827 1663 prominentes
878 1593 1051 1660 armi,
1101 1591 1388 1650 adhaerens
1438 1593 1640 1662 pectori
1680 1601 1889 1648 venter.
1924 1592 2056 1647 Item

2159 584 2361 638 genere
2382 579 2438 625 et
2455 571 2635 640 specie
2655 572 3075 641 pulcherrimum
3109 572 3216 628 est?
3244 574 3357 628 utsi
3375 573 3501 644 quid
3525 574 3764 631 vicissim

2159 662 2228 719 de
2258 664 2430 719 altero
2457 664 2509 719 in
2530 664 2760 746 alterum
2788 664 3166 730 transferatur,
3202 666 3334 720 nihil
3363 665 3671 736 intpeditius
3690 665 3765 721 ad

2160 750 2471 823 utilitatem,
2500 755 2633 811 nihil
2657 755 2954 813 deformius
2968 756 3031 812 ad
3045 766 3323 827 aspectum
3346 758 3516 813 videri
3535 772 3764 815 necesse

2156 848 2228 903 sit
2262 863 2276 901 :
2308 855 2369 902 ut
2396 850 2443 904 si
2470 848 2759 918 elephanto
2784 848 3048 904 cervicem
3103 848 3363 919 prolixam
3391 849 3618 915 tribuas,
3663 856 3764 904 aut

2156 941 2365 997 camelo
2394 941 2647 1010 brevem;
2676 942 2763 998 vel
2807 943 2851 998 si
2879 943 3222 1012 serpentibus
3264 942 3453 1015 pedes,
3482 953 3575 999 aut
3619 945 3763 1015 pilos

2157 1033 2346 1101 addas,
2370 1034 2424 1089 in
2455 1035 2649 1105 quibus
2678 1036 2915 1105 porrecti
2944 1037 3225 1105 aequaliter
3252 1036 3496 1106 corporis
3517 1036 3762 1106 longitu-

2155 1124 2229 1181 do
2252 1124 2383 1180 nihil
2415 1125 2559 1181 aliud
2573 1125 2844 1195 exhibeat,
2869 1127 2970 1182 nisi
2999 1136 3056 1181 ut
3072 1126 3297 1183 maculis
3320 1136 3468 1198 terga
3484 1127 3750 1192 distincti,

2152 1227 2205 1274 et
2233 1233 2634 1289 squammarum
2666 1219 2897 1275 laevitate
2923 1219 3126 1275 suﬂ‘ulti
3150 1260 3165 1287 ,
3194 1220 3250 1275 in
3275 1219 3512 1275 lubricos
3536 1228 3743 1277 tractus

2155 1310 2393 1366 sinuosis
2412 1311 2643 1368 ﬂexibus
2670 1311 3074 1368 laberentur.lu
3090 1311 3528 1383 quadrupedibus
3547 1320 3754 1379 autem,

2158 1401 2300 1458 idem
2322 1401 2502 1473 opifex
2522 1412 2835 1460 contextum
2856 1404 3027 1472 spinae
3047 1418 3079 1457 a
3108 1417 3323 1458 summo
3345 1403 3522 1474 capite
3547 1401 3761 1460 deduc-

2161 1502 2271 1549 tum
2304 1494 2512 1566 longius
2552 1503 2706 1551 extra
2730 1510 2928 1567 corpus
2971 1496 3196 1564 eduxit,
3247 1505 3302 1552 et
3344 1496 3670 1552 acuminavit
3700 1498 3759 1552 in

2160 1587 2408 1653 caudam,
2431 1587 2775 1644 utobscoanaa
2802 1589 3047 1659 corporis
3073 1596 3272 1658 partes,
3298 1588 3381 1643 vel
3413 1597 3635 1660 propter
3654 1588 3761 1645 foe-

460 1684 637 1740 ventri
667 1684 911 1742 subnexa
933 1685 1209 1759 genitalia.
1260 1683 1460 1743 Ultimo
1487 1683 1606 1740 loco
1634 1682 1833 1740 femina
1865 1682 2061 1755 pedes-

463 1791 590 1850 que.

2160 1678 2382 1735 ditatem
2412 1686 2745 1749 tegerentur,
2767 1680 2853 1735 vel
2892 1689 3113 1751 propter
3138 1680 3554 1737 teneritudinem
3580 1682 3764 1737 muni-

2160 1781 2369 1841 rentur,
2401 1781 2462 1829 ut
2487 1773 2737 1829 animalia
2759 1773 3005 1845 quaedam
3035 1774 3241 1829 minuta
3266 1783 3322 1829 et
3352 1774 3603 1830 nocentia
3635 1790 3763 1831 rno-

530 1870 641 1927 Nec
666 1869 839 1925 solum
859 1871 1096 1928 membra
1118 1886 1272 1927 suum
1297 1880 1537 1935 tenorem
1573 1888 1636 1929 ac
1661 1873 1823 1929 situm
1849 1873 1906 1929 in
1936 1888 2055 1929 om-
2086 1877 2135 1937 B
2160 1874 2216 1921 tu
2244 1866 2361 1936 eius
2389 1867 2708 1921 eicerentur
2733 1880 2763 1920 a
2791 1879 3019 1936 corpore
3046 1882 3062 1919 :
3094 1865 3237 1937 quod
3266 1866 3566 1921 membrum
3594 1866 3637 1921 si
3664 1866 3763 1922 de-

466 1962 626 2019 nibus
652 1970 887 2029 servant,
911 1962 1006 2020 sed
1031 1964 1190 2021 etiam
1220 1972 1398 2035 partes
1424 1966 1810 2022 membrorum.
1843 1966 1975 2022 Nam
2002 1966 2059 2023 in

2181 1958 2365 2026 .rahas,
2397 1957 2769 2029 imperfectum
2799 1959 2858 2015 fit
2881 1958 3098 2027 animal,
3125 1973 3188 2014 ac
3218 1958 3420 2016 debile.
3453 1958 3555 2016 Ubi
3581 1967 3765 2014 autem

462 2069 572 2110 uno
596 2055 769 2125 capite
811 2056 929 2125 ipso
954 2066 1157 2111 certam
1183 2056 1368 2113 sedem
1400 2058 1681 2129 possident
1727 2073 1909 2122 aures,
1942 2074 2061 2114 cer-
2165 2052 2335 2119 ratiO,
2385 2059 2441 2107 et
2488 2066 2678 2107 manus
2721 2060 2837 2118 est,
2870 2061 2979 2106 tam
3018 2067 3126 2107 non
3152 2060 3237 2108 est
3279 2051 3332 2106 id
3359 2052 3765 2120 necessarium,

463 2154 573 2201 tatu
605 2146 771 2212 oculi,
802 2162 958 2203 nares
982 2148 1130 2211 item,
1157 2162 1219 2204 os
1243 2163 1476 2217 quoque,
1507 2158 1561 2204 et
1588 2151 1641 2205 in
1676 2165 1745 2205 eo
1772 2150 1984 2213 dentes,
2006 2157 2063 2205 et
2164 2159 2324 2215 quam
2350 2143 2722 2200 indumentum
2748 2143 2977 2213 pilorum
3010 2160 3024 2197 :
3052 2144 3190 2200 adeo
3216 2144 3271 2199 in
3290 2158 3391 2200 suo
3414 2159 3645 2216 quaeque
3668 2160 3769 2216 ge-

466 2237 667 2308 lingua.
698 2239 828 2306 Qua:
862 2240 1041 2293 omnia
1068 2254 1191 2294 cum
1234 2240 1342 2295 sint
1368 2243 1554 2295 eadem
1584 2241 1637 2296 in
1673 2241 1923 2297 omnibus
1949 2242 2065 2296 ani-
2166 2252 2296 2292 nere
2315 2236 2594 2308 aptissime
2609 2244 2936 2306 congruunt,
2962 2244 3213 2306 utneque
3230 2236 3376 2292 nudo
3394 2235 3769 2308 quadrupede,

467 2332 759 2401 mantibus,
793 2341 968 2388 tamen
998 2334 1283 2397 infinita.et
1312 2335 1589 2405 multiplex
1618 2335 1903 2390 diversitas
1926 2335 2063 2405 ligu-
2172 2344 2347 2398 neque
2402 2330 2624 2385 homine
2664 2338 2810 2385 tecto
2864 2328 3157 2400 excogitari
3209 2328 3500 2400 quidquam
3553 2329 3771 2401 turpius

469 2431 708 2478 ratorum
739 2433 853 2490 est;
885 2424 1027 2495 quod
1056 2440 1118 2480 ea
1142 2440 1263 2494 quae
1293 2425 1425 2489 dixi,
1455 2437 1548 2481 aut
1579 2426 1943 2495 productiora,
1973 2432 2068 2481 aut
2172 2424 2366 2493 possit.

470 2517 828 2572 contractiora
857 2516 1196 2573 lineamentis
1224 2518 1373 2574 varie
1406 2518 1776 2575 diiferentibus
1815 2533 2062 2589 compre—
2212 2511 2347 2568 'Sed
2378 2522 2556 2567 tamen
2581 2512 2839 2584 eumipsa
2869 2512 3082 2568 nudilas
3112 2510 3346 2569 hominis
3370 2511 3507 2570 mire
3542 2512 3611 2570 ad
3643 2514 3768 2586 pul-

470 2606 638 2665 ltensa
664 2617 812 2667 sunt.
825 2608 985 2679 Quid,
1008 2609 1140 2667 illud
1164 2625 1345 2668 nonne
1371 2610 1633 2680 divinum,
1661 2611 1803 2684 quod
1832 2612 1884 2667 in
1915 2621 2061 2666 tanta
2166 2605 2524 2664 chritndinem
2554 2606 2750 2675 valeat,
2774 2621 2884 2664 non
2909 2615 3090 2663 tamen
3110 2605 3278 2663 etiam
3306 2606 3474 2679 capiti
3497 2622 3773 2680 congrue.

1814 2725 2179 2784 VARIORUM
2217 2722 2450 2782 NOTAE.

546 2867 649 2923 Per
675 2883 819 2938 quas.
851 2866 941 2924 Sic
978 2866 1196 2936 reposui
1250 2881 1317 2921 ex
1363 2880 1495 2922 mss.
1521 2866 1558 2920 2
1589 2867 1748 2934 Bon.,
1769 2867 1807 2921 2
1828 2866 1983 2938 Beg.,
2018 2868 2055 2921 2

470 2934 735 3005 ColbertI,
764 2938 924 3000 Tax.,
955 2934 1168 3006 Baluz.,
1196 2938 1411 3005 Μαρια,
1452 2938 1689 2995 Clarom.
1741 2953 1772 2992 a
1816 2934 2055 2994 secunda
2158 2934 2275 2990 Hoc
2324 2936 2504 3006 libro,
2541 2947 2662 3004 cap.
2697 2934 2732 2990 8
2764 2952 2779 2989 :
2811 2934 2893 3006 Ad
2914 2934 3142 3006 speciem
3171 2934 3358 3006 nullus
3384 2943 3465 3006 est
3495 2936 3776 3006 perfectior

472 3026 636 3068 manu
655 3052 670 3076 ,
702 3018 758 3067 et
785 3010 944 3066 editis
968 3010 1226 3080 quinque.
1256 3010 1425 3065 Recte
1463 3018 1519 3064 ut
1571 3019 1700 3079 puto
1718 3051 1735 3077 ,
1765 3007 2056 3066 referendo
2101 3077 2129 3080 _
2163 3022 2427 3080 numerus.
2456 3005 2592 3060 ibid.
2617 3021 2630 3057 :
2657 3021 2765 3080 quo
2786 3005 2921 3080 nihil
2949 3005 3020 3058 ad
3040 3005 3259 3080 speciem
3287 3005 3495 3076 fmdius,
3522 3005 3599 3060 ad
3619 3022 3791 3080 usum

476 3082 542 3138 ad
570 3098 757 3147 uenas;
784 3097 884 3138 nec
931 3076 1225 3153 male,'per
1265 3097 1388 3151 quos
1418 3081 1471 3136 in
1501 3076 1687 3153 decem
1727 3082 1956 3152 vulgatis
1975 3123 1990 3148 ,
2014 3082 2058 3137 si
2086 3077 2132 3141 C
2164 3078 2398 3153 inutilius
2412 3094 2442 3153 _;_
2482 3091 2611 3153 cap._
2646 3076 2754 3131 10:
2786 3076 2887 3153 ΛαΔ
2923 3092 3071 3153 usum
3098 3077 3397 3153 digitorum
3429 3077 3769 3153 tractabilis;

474 3153 681 3210 referas
699 3154 766 3209 ad
785 3155 938 3209 rivos.
974 3147 1103 3210 Mss.
1126 3147 1313 3209 decem
1334 3168 1456 3207 cum
1481 3151 1609 3208 edit.
1638 3154 1796 3208 Rom.
1820 3147 1911 3223 per
1925 3147 2057 3221 quia.
2168 3148 2299 3223 ibid.
2330 3167 2350 3223 Ξ
2372 3147 2611 3223 Ιίιιιιιᾳᾴ
2640 3163 2788 3202 usum
2818 3147 2962 3202 miris
2988 3147 3155 3223 modis
3181 3147 3386 3223 haltile;
3411 3148 3479 3223 de
3510 3147 3613 3223 Ira,
3645 3163 3768 3219 cap.

553 3225 687 3282 Setis
728 3226 1016 3297 adaperuit.
1059 3225 1313 3297 Reitmn.
1334 3238 1543 3297 prave,
1595 3228 1721 3279 satis
1774 3218 2058 3297 adoptavit.
2168 3219 2239 3275 10
2268 3238 2280 3273 :
2312 3218 2428 3297 Quo
2455 3219 2586 3297 nihil
2611 3226 2772 3297 potest
2802 3234 2909 3273 esse
2935 3234 3026 3272 nec
3072 3218 3473 3297 dispositias‘ad
3493 3218 3728 3297 ordinem
3751 3259 3771 3287 ,

476 3296 653 3353 Betul.
683 3288 902 3364 operuit.
927 3296 1042 3352 Lib.
1078 3311 1147 3351 vti
1174 3338 1190 3362 ,
1217 3311 1266 3351 c.
1291 3288 1363 3349 27
1385 3311 1400 3349 :
1427 3288 1695 3367 adoperta.
1877 3288 1889 3297 ’
2168 3308 2261 3347 nec
2280 3292 2452 3367 aptius
2464 3289 2838 3367 “utilitatem:
2862 3305 2954 3343 nec
2974 3290 3206 3345 ornatius
3219 3290 3286 3343 ad
3309 3288 3766 3360 pulchritudinem,

549 3367 868 3439 Insignibus.
887 3368 1051 3439 Deest
1075 3367 1128 3421 in
1160 3383 1264 3422 ms.
1284 3367 1416 3439 Bov.

2194 2873 2376 2918 sctum.
2406 2861 2717 2917 Laclantius
2739 2875 2885 2931 saepe
2903 2860 3169 2930 ejusmodi
3191 2859 3458 2929 adjective
3489 2862 3562 2917 ita
3584 2864 3759 2934 ponit.

552 3438 827 3511 littaginis.
854 3438 981 3493 Mss.
1011 3439 1044 3493 7
1083 3453 1205 3493 cunt
1259 3438 1392 3511 edit.
1443 3438 1520 3511 Is:
1574 3439 1776 3495 habent
1802 3440 2062 3509 imaginis.

483 3513 511 3567 1
535 3509 803 3573 Colbert.,
832 3510 1078 3581 imagines
1100 3551 1140 3581 ,ί
1162 3509 1442 3565 mendose.
1481 3509 1678 3565 Crateri
1719 3526 1849 3564 mss.
1883 3520 1939 3565 et
1966 3526 2067 3565 ex-

481 3584 596 3639 cusi
620 3625 634 3649 ,
659 3580 1021 3637 animantium.
1046 3580 1183 3647 Quid
1223 3581 1267 3635 si
1300 3581 1446 3647 legas
1468 3621 1483 3645 ,
1514 3581 1907 3635 innumerabiles
1936 3581 2070 3634 ima-

482 3651 928 3726 ginumrpraaferat
956 3653 1244 3726 varietates.
1260 3650 1318 3726 In
1342 3653 1613 3726 plerisque
1628 3653 1774 3726 enim
1795 3651 2071 3726 codicibus

483 3721 570 3781 est
591 3721 961 3790 animantium,
992 3721 1131 3779 forte
1161 3738 1257 3791 pro
1286 3723 1599 3794 imaginum;
1617 3733 1672 3788 et
1700 3722 2067 3794 legituriufra,

370 3842 379 3851 .
483 3796 755 3865 multiplex
783 3795 1047 3849 diversitas
1079 3794 1412 3864 ﬁguratorum
1439 3803 1531 3848 est.

508 3927 512 3936 ε
559 3863 834 3937 Praeferat.
864 3865 942 3919 lta
970 3863 1178 3920 restitui
1206 3881 1273 3919 ex
1303 3865 1510 3920 7editis
1529 3863 2069 3937 omnibusquemss.,

486 3936 708 4009 dempto
739 3952 845 3993 uno
872 3937 1076 4009 Regio:
1108 3938 1159 4009 in
1187 3951 1328 4005 quo,
1360 3938 1501 3991 sicut
1527 3937 1580 3991 in
1597 3936 1791 3991 decem
1819 3936 2070 4007 vulgatis,

487 4020 574 4068 est
598 4005 856 4079 perferat;
881 4008 934 4063 in
961 4005 989 4063 1
1021 4005 1262 4064 Colbert.
1298 4011 1547 4079 proferat.
1692 4030 1695 4063 :

562 4076 759 4138 Eadem
785 4081 941 4136 series
984 4089 1030 4134 et
1059 4079 1185 4133 ordo
1226 4076 1566 4133 membrorum
1603 4086 1696 4133 est.
1743 4076 1962 4133 Phrasis
1992 4087 2076 4134 est

489 4151 859 4219 Lactantiana,
887 4166 1011 4222 quae
1038 4150 1199 4205 simili
1226 4149 1447 4222 gaudet.
1474 4149 1613 4205 Infra
1639 4162 1760 4222 cap.
1793 4148 1862 4204 ιθ
1884 4168 1897 4204 :
1923 4153 2075 4220 pedes

490 4225 592 4280 duo
618 4235 666 4280 et
695 4225 816 4279 item
842 4239 1044 4278 manus.
1075 4221 1227 4276 Alius
1253 4221 1513 4292 dixisset,
1535 4231 1582 4277 et
1605 4221 1741 4277 idem
1766 4222 1893 4277 ordo
1919 4237 2078 4276 mem-

490 4297 764 4352 brorum...
797 4303 844 4348 et
874 4293 991 4348 duae
1011 4295 1131 4347 item
1157 4310 1361 4347 manus.

565 4366 830 4422 Subnexa.
862 4364 992 4419 Mss.
1022 4364 1059 4419 2
1089 4365 1222 4420 Bon.
1247 4365 1485 4420 subnixa.

565 4436 805 4493 Femina.
828 4434 1020 4491 Nullus
1044 4435 1250 4504 dubito,
1273 4437 1401 4508 quin
1429 4438 1509 4491 sic
1534 4437 1815 4505 scripserit
1842 4437 2075 4493 Lactan-

494 4509 649 4566 tius:
679 4508 800 4578 quis
851 4509 997 4563 enim
1041 4510 1276 4576 femora,
1326 4523 1514 4578 vocem
1560 4510 1689 4564 nulli
1742 4524 1847 4564 non
1895 4520 2076 4564 notam

496 4580 517 4652 (
547 4595 668 4651 qure
697 4576 894 4652 novem
912 4592 1024 4632 rec.
1052 4592 1184 4652 mss.
1202 4588 1266 4631 et
1295 4576 1560 4652 editorum
1593 4589 1677 4635 est
1695 4579 2000 4652 )_mutasset
2023 4580 2080 4634 in

496 4647 726 4723 femina,
756 4649 899 4723 quod
948 4656 1045 4723 est
1080 4648 1115 4703 5
1142 4647 1386 4723 Beg.,_‘2
1440 4647 1893 4723 Bonon.,'Cauc.,
1922 4650 2082 4723 Τως..

500 4717 528 4778 1
558 4717 741 4786 Colb.,
770 4720 982 4779 Balnz.,
1010 4717 1176 4772 Brun.
1204 4717 1258 4773 ln
1299 4719 1489 4774 Marm.
1531 4732 1585 4774 et
1624 4722 1863 4775 Clarom.
1896 4728 1980 4774 est
2008 4721 2085 4789 fe-

498 4793 717 4849 moralia
739 4833 760 4864 ,_
782 4789 1227 4864 corrupte._Vide
1271 4806 1491 4864 quoque
1538 4793 1878 4864 feminum...
1920 4791 2087 4863 longi-

501 4865 647 4930 tudo,
681 4862 842 4922 infra.
875 4876 996 4931 cap.
1033 4861 1100 4915 15
1123 4901 1138 4925 ,
1163 4861 1321 4930 paulo
1351 4872 1469 4932 post
1493 4861 1721 4918 initium.

570 4934 780 4991 Solum.
808 4936 877 4989 At
907 4932 960 4987 in
982 4947 1086 4988 ms.
1111 4931 1242 5005 Bov.
1268 4931 1400 4998 sola,
1432 4933 1591 5003 idque
1618 4935 1748 4990 satis
1773 4942 1915 5005 apte.

573 5007 641 5062 In
668 5024 750 5062 eo.
779 5003 1312 5076 Seitequamplurimi
1335 5019 1463 5059 mss.
1488 5003 1913 5076 vetustioresque
1935 5006 2087 5060 editi.

500 5079 559 5135 In
588 5078 620 5133 5
653 5093 781 5132 mss.
813 5090 922 5148 rec.
947 5084 1002 5130 et
1030 5074 1187 5128 editis
1212 5076 1285 5148 710
1305 5076 1358 5129 in
1380 5092 1486 5139 ore,
1512 5077 1718 5148 ingrata
1744 5074 2087 5147 repetitione,

501 5149 765 5221 siquidem
788 5146 950 5203 modo
974 5147 1265 5221 p_r:ecessit,
1295 5164 1351 5202 os
1373 5146 1588 5221 quoque.

574 5217 963 5291 Figuratorum:
997 5217 1070 5271 ita
1101 5233 1172 5291 ett
1183 5233 1335 5291 mss.
1382 5217 1417 5274 4
1453 5219 1625 5291 Reg”,
1663 5219 1697 5274 6
1738 5218 2090 5291 Colbert.,‘4

503 5286 706 5358 Oxon'.,
729 5290 912 5349 Coth..
932 5289 1107 5357 Lips.,
1134 5286 1394 5355 Clarom.,
1429 5286 1574 5355 Ειιιῖ,
1597 5290 1846 5356 Cantab.,
1876 5290 2089 5356 Marum,

504 5365 693 5431 Brun.,
728 5361 1217 5428 vetustioribusth
1245 5360 1403 5416 editis
1428 5363 1640 5428 reposui
1666 5378 1680 5425 ;
1728 5362 1783 5415 in
1809 5363 1844 5415 2
1874 5361 2003 5432 Reg.
2036 5370 2093 5416 et

503 5435 689 5491 Baluz.
720 5434 1008 5500 multisque
1029 5432 1259 5501 vulgatis
1286 5440 1369 5486 est
1390 5432 1693 5499 ﬁgurarum.

579 5505 645 5560 In
669 5506 749 5559 sui
773 5521 955 5577 genere
998 5512 1045 5559 et
1074 5504 1258 5577 specie
1292 5502 1646 5577 Restituituns
1671 5503 1780 5577 sui,
1812 5517 1880 5558 ex
1908 5509 2098 5577 vetns-

505 5576 731 5633 tioribus
747 5573 903 5632 editis
928 5585 983 5631 et
1004 5589 1136 5630 mss.
1160 5574 1691 5645 6Reg.,5Colbert.,
1720 5573 1910 5638 Cauc.,
1936 5573 2092 5641 Pen.,

506 5647 646 5729 pur.
676 5655 731 5702 et
760 5648 785 5701 1
817 5646 953 5729 lion.
981 5647 1147 5729 antiq.
1181 5646 1234 5729 i‘u
1262 5662 1369 5717 quo
1399 5655 1482 5729 est
1506 5646 1663 5729 iit-sui
1694 5646 1889 5729 generis
1909 5645 2091 5716 specie.

506 5718 564 5774 lu
585 5719 621 5775 5
640 5733 758 5773 .rec.
790 5726 844 5772 et
875 5719 926 5771 in
956 5717 1165 5773 cunctis
1195 5717 1360 5773 ferme
1388 5719 1645 5788 vulgatis.
1692 5717 1745 5771 in
1785 5732 1878 5771 suo
1919 5732 2099 5788 genere

508 5799 556 5844 et
574 5789 760 5855 specie.
795 5789 951 5843 Deest
977 5789 1166 5855 copula
1199 5791 1248 5843 itt
1278 5792 1314 5843 5
1341 5804 1470 5845 mss.
1496 5797 1549 5843 ct
1570 5790 1607 5845 ‘2
1628 5789 1805 5842 editis.

585 5861 734 5916 Nihil
760 5861 824 5915 im
833 5861 1047 5930 pcdillus
1070 5864 1136 5914 ml
1158 5862 1444 5929 utilitatem,
1467 5862 1595 5918 nihil
1626 5861 1902 5932 deformius
1927 5861 1992 5915 ad
2014 5878 2100 5915 as-

2168 3378 2262 3417 nec
2284 3363 2453 3431 majus
2482 3362 2551 3414 ad
2572 3361 2773 3415 molem.
2800 3361 2935 3415 Bon.

2241 3433 2518 3488 Exhibeat.
2556 3431 2775 3502 Legitur
2803 3431 2945 3500 apud
2976 3432 3271 3487 Buneman.
3299 3430 3570 3502 exigebat;
3598 3439 3655 3486 et
3681 3431 3774 3487 ille

2172 3505 2253 3560 sic
2274 3507 2538 3559 rationem
2570 3500 2748 3559 reddit
2778 3504 2940 3568 hujus
2966 3505 3241 3557 variantis.
3272 3530 3345 3543 -ο
3373 3500 3646 3572 Exigebat.
3677 3502 3772 3557 Sic

2173 3575 2275 3631 edo
2306 3592 2372 3631 ex
2404 3576 2562 3641 Bon.,
2597 3574 2757 3637 Tax.,
2790 3574 2954 3638 isseo,
2998 3575 3143 3646 quod
3172 3572 3365 3646 Spark.
3402 3581 3457 3628 et
3498 3572 3768 3646 Heuman.

2174 3648 2546 3713 comprobant.
2573 3646 2810 3702 Reimm.
2840 3655 2895 3701 et
2920 3643 3137 3715 reliqui,
3160 3643 3420 3715 exhibeat,
3453 3645 3598 3715 quod
3625 3645 3772 3700 vale-

2174 3730 2259 3776 ret
2287 3718 2426 3789 idem
2450 3719 2592 3788 quod
2625 3733 2812 3783 supra,
2846 3720 3110 3789 prwferat.
3146 3716 3281 3771 Bun.

2252 3785 2485 3844 Maculis'
2518 3800 2657 3859 terga
2688 3785 2932 3843 distincti.
2958 3785 3311 3844 "Graecismus
3358 3792 3444 3842 est
3471 3827 3489 3854 ,
3539 3785 3771 3841 distincti

2176 3861 2353 3932 quoad
2380 3870 2523 3932 terga
2548 3864 2761 3915 attinet.
2954 3929 2981 3932 μ
3025 3929 3033 3932 _
3066 3930 3071 3932 Α
3144 3928 3170 3932 _

2249 3927 2596 4003 Squamnrum
2622 3932 2841 3986 levitate
2871 3929 3092 3997 suffulti.
3128 3928 3397 4003 Cellarius
3437 3927 3650 4003 dubitat
3703 3943 3770 3984 an

2178 4000 2409 4059 sincere.
2443 4003 2536 4059 Sic
2556 4019 2683 4058 vero
2711 4017 2921 4066 omnes,
2951 4004 3003 4056 in
3028 4002 3224 4070 quibus
3248 4000 3458 4055 meliori
3484 4001 3769 4071 orthogra-

2179 4075 2304 4145 phia
2330 4076 2544 4141 Parrh.,
2568 4074 2742 4130 Betul.
2766 4085 2823 4129 et
2841 4074 3006 4129 Toru.
3030 4072 3171 4128 1587
3185 4087 3514 4145 squamarum
3530 4072 3767 4145 (raritate,

2180 4143 2277 4216 per
2314 4162 2380 4201 te.
2414 4147 2506 4202 Sic
2529 4148 2597 4202 de
2623 4146 2728 4210 Ira,
2758 4160 2878 4212 cap.
2911 4147 3001 4210 l0,
3030 4144 3292 4210 lwvitudo,
3320 4153 3379 4198 ut
3405 4143 3511 4209 hic,
3539 4144 3773 4216 l_:evitate

2180 4214 2235 4273 in
2267 4218 2501 4273 lubricos
2531 4228 2754 4272 tractus.
2781 4216 2871 4271 Sic
2901 4216 3105 4270 Plinius
3125 4256 3139 4276 ,
3171 4216 3263 4270 lib.
3294 4231 3353 4278 tt,
3384 4229 3503 4283 cap.
3536 4214 3593 4282 5,
3625 4215 3775 4268 ιωυιο

2181 4298 2281 4343 tate
2318 4288 2570 4343 lubricum
2593 4304 2776 4358 corpus
2806 4286 3163 4358 serpentibus
3190 4285 3530 4358 tribttit._Nec
3569 4283 3770 4358 suffulti

2179 4360 2341 4418 debet
2359 4376 2483 4418 esse
2503 4355 2834 4431 suspectum.
2856 4355 3051 4414 Nestor
3074 4371 3199 4427 cap.
3216 4357 3273 4426 2,
3302 4355 3517 4425 stt/fulta
3537 4357 3767 4483 uagus.

3612 4443 3697 4484 DN.

2101 4470 2156 4533 Β
2253 4502 2594 4557 Acanu‘navit.
2626 4500 2704 4557 De
2722 4503 2820 4556 hac
2872 4516 3003 4557 voce
3032 4499 3254 4556 consule
3280 4498 3609 4556 Savaronem
3631 4470 3770 4568 ..ιιιιὶ

2184 4575 2338 4644 plura
2360 4574 2607 4640 exempla
2622 4573 2917 4643 collegitad
2937 4572 3123 4628 Sidon.
3149 4571 3356 4644 lib._vn,
3381 4578 3435 4625 et
3449 4570 3515 4625 ad
3544 4570 3636 4644 lib.
3655 4585 3767 4644 vni.

2258 4644 2320 4699 Si
2347 4644 2602 4698 detrahas.
2630 4644 2720 4700 Sic
2748 4640 2961 4712 reposui
2992 4659 3061 4699 ex
3097 4642 3347 4699 omnibus
3367 4656 3496 4698 mss.
3520 4651 3575 4698 et
3597 4641 3634 4697 ὅ
3660 4640 3775 4697 edi-

2187 4715 2276 4772 tis.
2307 4715 2359 4771 ln
2393 4715 2640 4769 undecim
2665 4715 2891 4785 vulgatis
2915 4726 3020 4781 est,
3050 4714 3094 4767 si
3117 4712 3372 4785 detrahes.

2264 4785 2325 4841 In
2350 4803 2443 4842 suo
2468 4802 2680 4857 qttazque
2708 4783 2905 4857 genere.
2934 4785 3008 4840 Ita
3037 4784 3420 4857 emettdaviAex
3447 4797 3595 4857 mssL
3608 4783 3768 4857 Bon.,

2094 4922 2097 4927 ι
2187 4859 2222 4913 4
2253 4858 2452 4928 llegiis,
2482 4853 2638 4924 'Eml,
2669 4853 2835 4912 Brun.
2864 4858 3062 4913 etedit.
3094 4856 3278 4928 liena,
3308 4853 3538 4928 Graph.,
3568 4854 3770 4928 Betul.,

2189 4923 2441 4993 Ternas,
2468 4923 2762 4992 Soubron.,
2782 4929 2819 4981 2
2836 4929 3033 4993 Paris”,
3052 4928 3148 4990 ls.,
3171 4923 3392 4990 Cellar.,
3417 4923 3656 4987 Walch..
3675 4939 3773 4993 ap-

2187 5003 2540 5073 probantibus
2580 5000 2825 5057 Betnleio
2867 5010 2922 5057 et
2951 4998 3200 5056 Francia.
3232 4997 3293 5056 lu
3329 4997 3543 5052 caeteris
3585 4996 3772 5068 legitur

2225 5090 2403 5137 noque.
2556 5116 2565 5120 -

2188 5090 2456 5199 quamn.
2502 5116 2724 5201 correxi
2754 5157 2820 5199 ex
2851 5159 2981 5198 mss.
3007 5152 3065 5197 et
3086 5140 3337 5198 omnibus
3356 5138 3471 5195 fere
3505 5137 3686 5194 editis.
3716 5136 3772 5192 lu

2191 5217 2226 5273 5
2249 5216 2476 5284 vulgatis
2496 5230 2606 5271 rec.
2631 5216 2856 5270 habetur
2878 5224 3062 5284 posset.

2268 5276 2374 5341 Sed
2408 5299 2575 5341 tamen
2605 5303 2739 5341 cum.
2761 5276 3022 5341 Additum
3056 5284 3193 5352 Sed,
3240 5299 3307 5339 ex
3336 5296 3470 5339 mss.
3497 5280 3533 5335 2
3559 5276 3774 5352 Reg"?

2193 5359 2431 5425 Bonon.,
2462 5358 2619 5423 'I‘ax.,
2646 5358 2683 5411 2
2709 5358 2972 5420 Colbert.,
2994 5349 3202 5422 Belum,
3221 5354 3458 5425 Clarum.
3489 5368 3521 5425 a_
3541 5349 3772 5407 secunda

2197 5444 2380 5494 manu,
2409 5423 2640 5484 eteditis
2668 5429 2926 5498 quinque.
2955 5425 3178 5482 (laeteris
3206 5425 3377 5498 deest.
3413 5423 3519 5480 Sed
3548 5438 3668 5498 eum
3692 5428 3771 5474 ta-

2197 5516 2311 5553 men
2335 5500 2449 5568 ipsa
2473 5500 2677 5554 auditas
2690 5495 2940 5564 hominis,
2959 5508 3064 5553 etc.
3091 5497 3226 5553 Hinc
3242 5496 3396 5561 forte,
3420 5495 3562 5566 quod
3584 5503 3773 5568 stature

2198 5563 2587 5627 nudat'Graecis
2618 5563 2936 5639 placuerint,
2965 5569 3088 5639 quia
3121 5570 3196 5623 illi
3233 5568 3364 5624 nihil
3390 5563 3589 5622 velant.
3636 5563 3773 5620 Plin.

2198 5656 2381 5704 χχχιιι,
2412 5644 2444 5695 5
2476 5659 2491 5696 :
2528 5641 2794 5704 Placttere,
2827 5641 3018 5711 inquit,
3048 5650 3094 5695 et
3119 5640 3291 5705 nudae,
3325 5648 3557 5711 tenentes
3580 5639 3774 5711 hastam

2198 5718 2261 5767 ab
2288 5712 2594 5786 epheborum
2613 5727 2643 5766 e
2663 5706 2938 5783 gymnasiis
2963 5711 3356 5786 exemplaribus.
3374 5726 3502 5780 quas
3524 5706 3776 5786 Achilleas

2200 5776 2397 5838 uocant.
2447 5782 2625 5838 (ἔνατα
2663 5776 2746 5838 iis
2771 5795 2842 5837 est
2870 5786 2997 5839 nihil
3027 5776 3213 5856 velare.
3248 5776 3567 5856 Romanam:
3595 5776 3779 5856 milites

2200 5858 2272 5911 ris
2302 5856 2536 5911 thoracas
2559 5856 2764 5913 addere.
2799 5856 2863 5913 Et
2902 5858 3038 5912 hunc
3059 5853 3352 5911 nuditatem
3378 5854 3432 5909 itt
3461 5852 3615 5924 signo
3639 5852 3783 5905 senis
