4034 6354
249 272 316 330 35
1113 267 1260 323 CAP.
1294 265 1427 321 VIII.
1462 265 1548 320 DE
1589 266 1751 320 “OM.
1793 263 2148 332 PARTIBUS,
2188 265 2448 332 OCULIS,
2492 264 2804 326 AURIBUS.
3494 272 3563 334 35

253 393 388 458 bat;
420 404 630 464 quanta
679 389 820 446 cnim
853 390 904 445 in
936 405 1000 446 eo
1028 389 1202 444 futura
1228 385 1543 440 deformitas
1582 393 1762 451 esset,
1792 401 1860 440 ex
1885 390 1937 448 Α
1965 398 2192 452 rumque
2244 385 2629 448 membrorum,
2675 401 2794 455 qtae
2846 386 2896 439 in
2941 401 3166 457 corpore
3197 399 3379 459 aperta
3406 435 3419 457 ,
3473 403 3567 449 ant

256 485 476 541 calvitio
503 493 757 554 apparet.
775 482 933 537 Texit
959 494 1084 551 ergo
1109 477 1237 532 illud
1256 477 1385 546 pilo;
1410 485 1464 531 ct
1483 475 1608 546 quia
1638 476 1690 529 in
1714 491 1862 530 sum-

257 592 349 633 mo
372 576 617 632 futurum
647 585 795 643 erat;
827 575 977 646 quasi
1007 585 1273 628 summum
1295 569 1506 625 aedilicii
1535 568 1747 624 culmen
1774 583 1864 623 or-

255 669 409 724 navit
438 687 453 723 :
488 669 582 740 qui
611 677 835 724 ornatus
861 683 964 724 non
991 675 1072 722 est
1097 666 1150 720 in
1171 663 1358 720 orbem
1387 671 1607 720 coactus
1628 703 1644 728 ,
1675 670 1769 718 aut
1807 662 1862 716 in

256 763 491 834 ﬁguram
516 763 644 834 pilei
675 772 816 818 teres
843 760 1036 826 factus,
1056 774 1123 815 ne
1150 757 1468 830 quibusdam
1494 757 1732 827 partibus
1761 771 1862 810 nu-

256 856 347 913 dis
374 866 524 914 esset
554 857 824 923 informis,
857 856 950 911 sed
973 855 1164 911 alicubi
1187 853 1407 919 eﬂ'usus,
1434 853 1629 908 alicubi
1658 863 1862 907 retrac-

257 959 348 1006 tus
377 965 476 1022 pro
519 949 808 1020 cujuslibet
842 949 943 1005 loci
986 947 1253 1004 decentia.
1288 945 1462 1001 Frons
1500 960 1629 1015 ergo
1671 944 1859 999 vallata

260 1056 359 1113 per
386 1041 690 1109 circuitum,
727 1048 783 1096 et
811 1055 841 1094 a
867 1041 1200 1110 temporibus
1230 1036 1385 1092 ell'usi
1435 1046 1560 1092 ante
1585 1051 1744 1091 aures
1772 1050 1861 1091 ca-

262 1136 415 1207 pilli,
454 1143 510 1191 et
548 1150 734 1191 earnm
767 1149 994 1189 summa:
1042 1143 1222 1205 partes
1273 1131 1327 1186 iii
1377 1146 1592 1187 coronte
1641 1130 1859 1186 modum

259 1230 476 1295 cinctte,
499 1237 558 1285 et
584 1227 891 1298 occipitium
921 1243 1082 1282 omne
1109 1235 1414 1282 contectum
1434 1267 1448 1292 ,
1477 1226 1712 1295 speciem
1737 1224 1859 1280 miri

259 1323 477 1379 decoris
521 1331 813 1378 ostentant.
861 1320 979 1376 Jam
1032 1321 1215 1376 barbas
1254 1320 1390 1374 ratio
1434 1319 1753 1376 incredibile
1777 1329 1862 1376 est

261 1424 520 1486 quantum
547 1414 821 1480 conterat,
852 1413 946 1469 'vel
994 1414 1061 1468 ad
1107 1412 1529 1484 dignoscendam
1572 1428 1861 1484 corporum

263 1507 650 1571 maturitatem,
681 1505 765 1561 vel
785 1505 853 1560 ad
880 1505 1451 1574 dill‘erentiam'sexus,
1483 1506 1570 1562 vel
1596 1506 1663 1562 ad
1696 1507 1861 1564 deco-

266 1615 385 1656 rem
426 1598 693 1655 virilitatis
733 1613 797 1654 ac
826 1598 1069 1663 roboris;
1103 1607 1161 1652 ut
1198 1598 1443 1654 videatur
1483 1600 1706 1654 omnino
1755 1615 1861 1656 non

268 1697 580 1745 constatura
628 1690 789 1746 fuisse
833 1688 998 1745 totius
1040 1688 1223 1758 operis
1269 1690 1443 1757 ratio,
1493 1689 1538 1745 si
1571 1689 1860 1761 quidquam

274 1781 432 1837 aliter
459 1789 606 1839 esset
629 1780 896 1838 etfectum.

869 1895 1110 1953 CAPUT
1136 1895 1269 1952 VIII.
1601 1928 1632 1958 .

500 2007 582 2065 De
609 2009 824 2064 hominis
850 2010 1105 2081 partibus,
1139 2010 1303 2064 oculis
1329 2019 1376 2064 et
1407 2011 1634 2067 auribus.

252 2143 255 2145 “
339 2142 492 2202 Nunc
519 2145 782 2202 rationem
818 2142 976 2202 totius
1008 2142 1242 2202 hominis
1272 2144 1551 2201 ostendam
1572 2188 1586 2213 ,
1621 2147 1860 2218 singulo-

1965 485 2152 544 operta
2179 483 2321 539 sunt,
2353 477 2606 531 utilitates
2637 487 2688 532 et
2719 477 2935 534 liabitus
2964 481 3263 548 esplicabo.
3296 480 3429 535 Cum
3457 483 3561 553 igi-

1966 577 2056 623 tur
2084 569 2357 624 statuisset
2381 571 2520 626 Deus
2538 587 2604 626 ex
2633 573 2884 628 omnibus
2911 574 3232 632 animalibus
3255 577 3426 632 solum
3459 579 3562 632 lio-

1964 661 2165 717 minem
2212 663 2390 718 facere
2422 664 2730 731 ctelestem,
2782 675 2976 723 caetera
3009 668 3258 724 universa
3307 678 3560 737 terrena,

1966 753 2112 809 liunc
2138 753 2203 809 ad
2233 755 2356 811 cteli
2383 757 2895 826 contemplationem
2923 760 3155 830 rigidum
3186 762 3379 829 erexit,
3411 762 3564 834 bipe-

1965 845 2200 918 demqtte
2225 851 2521 916 constituit,
2550 852 2756 906 scilicet
2789 862 2844 906 ut
2880 854 3069 908 eodem
3101 857 3388 926 spectaret,
3418 856 3564 912 unde

1962 939 2042 997 illi
2072 942 2226 1013 origo
2254 953 2356 1010 est;
2394 945 2481 999 illa
2527 960 2656 1000 vero
2681 945 2946 1016 depressit
2973 947 3040 1002 ad
3075 956 3308 1017 terram,
3339 957 3398 1004 ut
3429 952 3554 1020 quia

1963 1035 2107 1089 nulla
2139 1035 2222 1090 his
2250 1036 2669 1093 immortalitatis
2695 1039 2998 1110 expectatio
3029 1049 3148 1106 est,
3183 1050 3295 1097 toto
3332 1057 3564 1112 corpore

1964 1127 2018 1183 in
2051 1129 2272 1184 humum
2309 1133 2545 1201 proiecta
2578 1133 2750 1187 ventri
2795 1132 3098 1203 pabuloque
3123 1133 3408 1190 servirent.
3454 1135 3562 1190 Ho-

1964 1223 2125 1279 minis
2154 1225 2332 1295 itaque
2358 1226 2524 1280 solius
2560 1236 2707 1281 recta
2737 1226 2895 1292 ratio,
2930 1235 2984 1280 et
3009 1225 3259 1282 sublimis
3283 1236 3474 1293 status,
3507 1238 3562 1283 et

1967 1317 2150 1371 vultus
2197 1317 2307 1372 Deo
2349 1319 2483 1388 patri
2531 1319 2833 1374 communis
2863 1332 2926 1373 ac
2953 1319 3264 1387 proximus,
3299 1320 3560 1392 originem

1966 1424 2140 1478 suam,
2173 1411 2519 1482 lictoremque
2550 1422 2793 1468 testatur.
2828 1413 2959 1484 Ejus
2989 1430 3156 1486 prope
3176 1413 3355 1469 divina
3386 1429 3560 1480 mens,

1964 1504 2088 1574 quia
2117 1519 2224 1559 non
2245 1513 2447 1560 tantum
2477 1506 2850 1573 animantium,
2880 1524 2998 1576 qua:
3021 1518 3146 1564 sunt
3187 1509 3240 1564 in
3278 1517 3439 1576 terra,
3468 1507 3564 1564 sed

1964 1599 2127 1654 etiam
2150 1592 2233 1655 sui
2264 1600 2507 1670 corporis
2537 1610 2620 1656 est
2647 1601 2833 1657 sortita
2866 1602 3226 1671 dominatum,
3261 1602 3314 1657 in
3349 1615 3564 1656 summo

1966 1694 2148 1762 capite
2175 1692 2454 1759 collocata,
2480 1701 2732 1763 tanquam
2764 1695 2814 1748 in
2839 1710 2962 1750 arce
2983 1695 3231 1750 sublimis
3253 1694 3567 1765 speculatur

1894 1802 1944 1863 B
1969 1784 2171 1851 omnia,
2203 1795 2256 1841 et
2279 1796 2581 1840 contuetur.
2601 1786 2751 1842 Hanc
2775 1787 2892 1856 eius
2913 1788 3108 1855 aulam,
3139 1803 3248 1846 non
3279 1787 3567 1844 obductam

1975 1884 2384 1946 porrectamque
2426 1877 2695 1939 formavit,
2727 1888 2784 1932 ut
2824 1879 2876 1932 in
2909 1880 3069 1933 niutis
3096 1878 3436 1943 animalibus,
3469 1877 3568 1934 sed

1971 1968 2086 2024 orbi
2118 1979 2174 2025 et
2193 1969 2352 2041 globo
2383 1969 2637 2037 similem;
2667 1972 2808 2042 quod
2830 1973 3006 2026 omnis
3035 1973 3336 2028 rotunditas
3361 1971 3569 2042 perlec-

1971 2071 2038 2116 tte
2060 2063 2283 2118 rationis
2309 2071 2411 2130 est,
2443 2078 2506 2118 ac
2533 2066 2737 2136 ligurre.
2759 2065 2838 2120 Eo
2866 2065 3025 2137 igitur
3050 2083 3201 2122 mens
3227 2077 3282 2124 et
3313 2067 3452 2138 ignis
3477 2065 3569 2123 ille

1968 2153 2182 2210 divinus
2227 2163 2482 2228 tanquam
2518 2159 2655 2214 caelo
2694 2159 2932 2230 tegitur:
2961 2159 3114 2231 cujus
3141 2175 3261 2216 cum
3297 2174 3569 2217 summum
3636 2223 3647 2233 ,

1623 2281 1983 2344 γΑιιιοιιυΜ
2019 2287 2247 2346 NOTAE.

273 2433 413 2476 aereo
431 2431 462 2472 a
480 2431 605 2473 sese
629 2424 830 2487 empto,
850 2414 992 2471 Plin.
1022 2414 1221 2488 Nepos,
1250 2391 1343 2471 liii.
1368 2431 1447 2482 ιιι,
1475 2416 1632 2488 epist.
1664 2416 1718 2482 6,
1748 2434 1857 2474 non

269 2498 490 2548 excusat
535 2489 747 2556 solum,
793 2489 886 2544 sed
935 2497 989 2543 et
1019 2487 1365 2558 deprzedicat,
1401 2487 1690 2543 lioc’inodo
1719 2507 1731 2543 :
1765 2489 1862 2545 Est

267 2563 402 2618 enim
425 2560 648 2626 nudum,
683 2576 769 2614 nec
796 2570 884 2613 aut
913 2560 1053 2624 vitia,
1082 2561 1124 2613 si
1153 2575 1251 2626 qua
1279 2569 1416 2622 sunt,
1449 2559 1598 2626 celat,
1640 2573 1726 2614 aut
1750 2562 1864 2616 lau-

267 2635 359 2688 des
379 2649 564 2704 parum
585 2641 820 2686 ostentat.
854 2631 1094 2685 Enuoan.
1130 2629 1472 2684 FIGBELLIUS.

342 2725 550 2792 Quanta
571 2725 702 2778 enim
727 2724 776 2778 in
799 2740 856 2778 eo
884 2728 1055 2795 futura
1083 2723 1378 2795 deformitas
1399 2731 1548 2789 esset,
1577 2741 1639 2779 ea:
1659 2726 1862 2781 calvitio

265 2807 503 2866 apparet.
540 2795 668 2850 lbec
696 2794 890 2850 absunt
929 2810 958 2848 a
1001 2810 1129 2849 mss.
1183 2794 1369 2858 60th.,
1405 2799 1438 2849 5
1473 2795 1652 2862 Colb.,
1689 2797 1860 2866 Lips.,

265 2870 535 2933 Clarom.,
559 2867 750 2927 Brun..
784 2867 915 2920 Bov.
946 2874 1000 2919 et
1026 2868 1156 2921 edit.
1193 2868 1372 2932 linum,
1407 2875 1461 2920 et
1485 2876 1714 2937 quatuor
1743 2871 1863 2924 aliis

269 2939 690 3016 antiquioribus.
723 2937 939 3016 Confer.
961 2937 1492 3016 T_li_eodor_et_._Serin.
1520 2940 1556 3016 β
1585 2942 1705 3016 περὶ
1733 2962 1864 3016 προ-

269 3007 429 3076 νοίας,
455 3020 509 3063 et
543 3009 830 3064 Historiam
858 3009 920 3076 51
946 3050 961 3073 ,
991 3010 1081 3072 55,
1108 3009 1178 3063 ab
1206 3007 1410 3063 Isidoro
1443 3007 1714 3065 Peltisiu'ta
1740 3007 1863 3065 n'ar-

2038 2423 2316 2503 Coelestein.
2347 2425 2536 2503 Delioc
2552 2427 2671 2503 vide
2695 2427 3020 2503 Institution.
3047 2431 3221 2487 Divin.
3246 2431 3342 2488 lib.
3362 2447 3418 2498 tt,
3446 2443 3566 2503 cap.

1965 2492 2020 2558 9,
2049 2498 2137 2549 tibi
2168 2497 2327 2571 docet
2353 2499 2460 2552 duo
2493 2499 2656 2554 luisse
2697 2502 2962 2557 elementa
2983 2545 2998 2569 ,
3036 2504 3265 2558 alterum
3293 2492 3533 2558 divinum
3554 2547 3569 2571 ,

1967 2581 2032 2619 ex
2064 2582 2170 2644 quo
2204 2567 2457 2644 licttts_sit
2482 2572 2694 2625 animus
2717 2567 2991 2638 hominis,
3011 2577 3236 2630 alterum
3269 2567 3570 2644 terrenum,

1974 2639 2116 2708 unde
2140 2654 2338 2708 corpus
2368 2642 2659 2696 litimattuin
2691 2643 2973 2698 loriiiatum
3000 2655 3102 2702 est.

2046 2707 2113 2762 Ut
2156 2707 2337 2788 eodem
2367 2723 2636 2788 spectaret.
2680 2714 2805 2770 Haec
2839 2718 2997 2788 lectio
3027 2718 3508 2788 Inamtscriptorltm
3537 2718 3575 2773 2

1968 2779 2128 2850 Reg.,
2157 2780 2193 2834 ‘2
2221 2780 2463 2836 Colbert.
2501 2783 2655 2839 bona:
2686 2797 2824 2840 notae
2853 2798 2906 2842 et
2952 2787 3130 2841 Baltiz.
3178 2779 3371 2844 melior
3413 2790 3571 2845 nobis

1970 2851 2082 2930 visa
2099 2860 2200 2917 est,
2225 2870 2390 2930 quam
2422 2865 2474 2908 ut
2501 2856 2681 2930 eadem
2703 2867 2972 2928 spectaret,
3004 2860 3056 2913 in
3081 2859 3117 2913 4
3140 2859 3298 2928 Βορμη
3333 2863 3366 2916 4
3387 2863 3570 2930 Colb.,

1968 2920 2480 3001 blnrm.,___C|arom.,
2514 2920 2764 3001 Brome}
2811 2931 2861 2983 in
2914 2931 3160 3001 vulgatis.
3213 2920 3347 2988 Vide
3394 2920 3568 2988 Divin:

1969 2991 2145 3070 lllS'l‘Il.
2176 2994 2271 3051 lib.
2297 3012 2334 3070 i,
2367 2991 2490 3070 cap.
2517 2997 2551 3051 5
2578 3011 2628 3054 et
2664 2999 2753 3054 lib.
2790 3015 2861 3066 iv,
2894 2991 3031 3070 cap:
3054 3003 3138 3057 l7.

484 3055 979 3147 Puicizosn—Qu'oil
1006 3055 1182 3134 tamen
1204 3080 1436 3150 bominis
1455 3085 1728 3150 propritim
1759 3092 1862 3146 est,

1984 3064 2272 3150 mCorpore
2313 3055 2366 3120 in
2391 3055 2606 3150 {samum
2643 3055 2891 3140 projecta.
2917 3055 3035 3126 Lib.
3065 3055 3404 3138 vilnstituL,
3447 3087 3571 3144 cap.

269 3154 378 3208 iiisi
410 3153 649 3208 innatum
668 3153 754 3204 sit.
789 3151 924 3204 Plin.
949 3152 1020 3206 De
1049 3149 1640 3221 calvitieidel'ormitate
1672 3155 1866 3221 passim

270 3222 418 3291 apud
445 3234 714 3278 auctores.
735 3222 870 3277 Hinc
886 3222 1081 3278 calvitii
1106 3222 1242 3285 laus,
1269 3220 1442 3287 ἄδοξον
1469 3220 1862 3293 argumentum.

269 3293 546 3348 Caeterum
575 3293 848 3364 degcoma:
879 3294 1076 3347 decoro
1103 3294 1218 3364 lege
1245 3308 1364 3362 cap.
1405 3309 1438 3346 ll
1471 3294 1643 3361 Epist.
1677 3296 1872 3362 prioris

271 3365 344 3419 ad
376 3365 618 3420 Corintb.
651 3363 924 3418 Summam
959 3365 1039 3418 vel
1087 3365 1137 3417 iii
1170 3363 1310 3432 pilis
1356 3365 1743 3432 providentiam
1781 3367 1870 3420 Dei

271 3451 560 3505 apparere,
588 3449 688 3489 vox
715 3434 882 3506 ipsius
907 3433 1107 3488 Cliristi
1142 3443 1386 3506 testatur,
1434 3449 1554 3488 cum
1581 3438 1675 3497 ait,
1701 3453 1768 3490 ne
1792 3437 1872 3503 pi-

271 3507 392 3563 lum
423 3506 639 3576 quidem
661 3505 850 3572 capitis
881 3508 998 3561 sine
1028 3507 1304 3560 voluntate
1331 3505 1504 3559 Patris
1527 3506 1741 3561 cadere.
1774 3507 1872 3563 Vi-

272 3575 496 3633 dendus
521 3577 919 3642 Theodoretus,
944 3591 1168 3645 magnus
1196 3575 1288 3630 ille
1314 3576 1672 3632 Providentiae
1703 3578 1876 3631 admi-

274 3659 452 3712 rator,
482 3662 732 3704 sermone
756 3647 826 3703 de
859 3647 1202 3702 Providentia
1245 3649 1339 3702 Dei
1373 3649 1422 3711 ι,
1455 3648 1682 3717 pilorum
1710 3649 1875 3703 ratio-

274 3736 406 3776 nem
432 3720 804 3789 considerans.
833 3719 1024 3774 Postea
1068 3719 1306 3788 loquitur
1339 3718 1410 3774 de
1430 3721 1746 3789 capillorum
1777 3736 1876 3775 usu

275 3802 336 3848 et
363 3801 578 3846 ornatu.
617 3788 816 3843 Deinde
841 3790 1070 3855 multum
1097 3791 1207 3858 agit
1231 3789 1300 3846 de
1325 3788 1562 3846 calvitiei
1585 3792 1872 3847 dedecore.

357 3862 631 3918 Summum
658 3860 866 3929 tediﬁcii
895 3862 1115 3933 culmen.
1140 3859 1214 3915 Ita
1242 3876 1363 3930 cap.
1390 3863 1458 3917 10
1483 3880 1495 3916 :
1525 3862 1693 3933 Caput
1723 3863 1879 3919 totius

279 3934 444 3989 diuini
476 3934 643 4003 operis
670 3934 817 4000 quasi
844 3932 1043 3986 culmen
1074 3942 1166 3985 est.
1197 3933 1288 3988 Sic
1315 3948 1432 4002 cap.
1461 3935 1517 3999 8,
1546 3932 1706 4002 caput
1724 3945 1880 3989 vocat

280 4021 542 4061 summum
567 4003 862 4074 fastigium;
881 4017 930 4058 et
957 4005 1184 4058 libenter
1207 4014 1390 4059 noster
1414 4015 1469 4060 et
1489 4006 1577 4058 alii
1601 4005 1880 4061 vocabulis

281 4076 510 4138 culmen,
535 4076 815 4145 fastigium,
844 4075 1045 4130 addunt
1072 4090 1342 4128 summum.
1375 4075 1449 4130 Ita
1480 4075 1686 4136 Livius,
1721 4078 1812 4131 lib.
1839 4093 1877 4144 t,

281 4163 406 4216 cap.
442 4146 511 4202 54
537 4187 553 4213 ,
599 4155 753 4201 vocat
799 4159 957 4215 caput
987 4162 1240 4201 summum
1287 4150 1487 4200 culmen
1534 4147 1786 4213 hominis;
1826 4159 1882 4204 et

283 4219 598 4275 Lactantius
627 4216 718 4271 lib.
751 4232 824 4278 γι,
852 4232 970 4286 cap.
1009 4219 1075 4272 15
1097 4236 1109 4271 :
1134 4217 1202 4270 ad
1237 4233 1490 4271 summum
1516 4221 1754 4284 culmen;
1783 4220 1877 4275 lib.

282 4306 361 4357 Vt,
386 4304 508 4359 cap.
531 4288 600 4343 2i
631 4304 644 4342 :
679 4288 949 4342 Summum
973 4288 1255 4357 fastigium.
1290 4288 1420 4343 BUN.

361 4383 460 4436 Aut
491 4381 543 4434 in
574 4381 794 4452 ligurum
818 4380 964 4452 pilei.
991 4380 1082 4434 Sic
1109 4380 1324 4452 reposui
1349 4395 1414 4432 ex
1439 4393 1567 4432 mss.
1602 4379 1636 4432 4
1663 4379 1823 4450 Reg..
1849 4383 1883 4436 4

285 4450 554 4517 Colbert.,
577 4448 849 4516 ἱΟιιυιιέ,
878 4449 1090 4513 Marm.,
1118 4449 1282 4503 Brun.
1310 4452 1598 4519 multisque
1627 4448 1808 4516 editis;
1833 4452 1882 4506 in
1913 4448 1966 4508 D
1992 4481 2004 4519 ί

287 4525 580 4586 ΞΒοιιυιι..
612 4524 647 4576 2
694 4523 850 4591 Reg.,
893 4520 1050 4586 Tax.,
1088 4521 1319 4585 Erasm.,
1363 4520 1622 4590 Clurom.,
1671 4523 1879 4591 Baluz.,

290 4598 431 4666 pitre,
460 4595 553 4666 sed
580 4595 790 4666 vitiose.
813 4593 869 4647 Iit
895 4594 928 4648 3
959 4594 1186 4666 ed._rec.
1221 4594 1332 4659 pili.

365 4665 567 4718 Alicubi
608 4664 797 4731 effusus
816 4705 831 4727 ,
874 4663 1064 4717 alicubi
1108 4672 1369 4718 retractus.
1397 4663 1486 4719 Sic
1515 4665 1723 4720 restitui
1753 4681 1819 4720 ex
1848 4666 1884 4721 2

291 4737 597 4791 veterrimis
623 4751 779 4801 mss.,
811 4737 835 4789 l
860 4735 1295 4807 Bonon.,Cauc.,
1326 4735 1454 4807 edit.
1488 4736 1553 4790 Is.
1583 4745 1638 4790 et
1664 4739 1884 4807 quibus-

293 4807 419 4862 dam
451 4807 568 4861 aliis
595 4807 888 4874 impressis.
924 4805 979 4859 lit
1008 4809 1218 4860 caeteris
1248 4806 1326 4860 bis
1348 4805 1493 4870 alibi;
1525 4808 1576 4860 iii
1607 4805 1884 4862 nonnullis

294 4877 518 4947 infusus.
550 4878 894 4931 Ileumaunus
927 4888 1104 4930 tamen
1134 4886 1282 4944 putat
1303 4891 1424 4930 esse
1451 4878 1732 4946 legendum
1759 4880 1887 4934 alibi

297 4950 511 5018 effusus,
535 4949 656 5002 alibi
686 4957 932 5001 retractus
963 4964 1056 5018 pro
1078 4948 1368 5018 cujuslibet,
1395 4956 1498 5002 etc.

370 5017 670 5090 Cujuslibet.
700 5019 759 5090 In
789 5033 886 5073 ius.
924 5020 950 5075 1
986 5019 1190 5072 Bonon.
1224 5021 1418 5088 autiq.,
1443 5021 1701 5090 cuiusque.

383 5089 606 5145 vallata.
635 5089 776 5144 Editi
807 5105 1028 5162 omnes,
1059 5090 1361 5162 vallata,iut
1389 5105 1506 5162 cap.
1541 5089 1607 5146 10
1641 5111 1652 5145 :
1693 5091 1888 5162 Palpe-

298 5163 468 5218 brte...
505 5163 622 5231 pilis
647 5162 700 5214 in
729 5161 907 5214 ordine
933 5161 1181 5214 stantibus
1213 5161 1433 5214 vallatis.
1466 5161 1600 5216 Botv.

371 5233 696 5320 Incredibile,
717 5241 970 5320 quantum
1008 5236 1261 5320 ftonfei‘at:
1294 5233 1437 5301 Lips.
1478 5234 1531 5295 ‘2,
1581 5233 1736 5320 male,
1768 5252 1888 5320 con-

301 5305 417 5375 fert.
447 5303 600 5371 Addo
625 5318 690 5358 ex
715 5302 826 5357 Cic.
853 5319 888 5357 ιι
913 5302 980 5357 de
1007 5303 1199 5357 Natura
1227 5304 1474 5368 deorum,
1506 5319 1622 5374 cap.
1649 5306 1716 5359 59
1741 5324 1753 5358 :
1789 5306 1885 5361 In-

300 5376 538 5430 credibile
557 5385 698 5428 est...
729 5385 920 5444 quanta
943 5390 1096 5444 opera
1119 5375 1406 5427 machinata
1436 5385 1618 5428 natura
1639 5377 1722 5429 sit.
1753 5377 1884 5433 BUN.

375 5445 549 5500 Totius
572 5445 742 5512 operis
771 5448 918 5498 ratio.
949 5445 1190 5498 Geuuina
1223 5446 1385 5499 lectio
1415 5449 1574 5512 petita
1606 5463 1671 5500 ex
1703 5463 1833 5501 mss.
1854 5451 1889 5504 ‘2

299 5516 533 5583 Bouon.,
562 5517 598 5570 2
628 5517 783 5585 [{eg.,
813 5518 845 5569 4
884 5515 1061 5578 Colb.,
1093 5515 1250 5577 Tax.,
1287 5514 1444 5579 Ultr.,
1479 5517 1687 5581 Baluz.,
1724 5519 1886 5574 Brun.

300 5587 356 5642 In
384 5593 410 5642 ’ἱ
438 5604 546 5643 rec.
577 5597 632 5642 et
657 5589 816 5642 editis
837 5596 939 5653 est,
970 5587 1219 5656 corporis.
1249 5585 1442 5640 Verum
1477 5597 1701 5656 utraque
1732 5589 1891 5644 lectio

299 5671 443 5713 recta
469 5660 704 5714 videtur.

295 5749 608 5887 wllabitus.
639 5749 696 5808 1d
743 5758 850 5824 est,
879 5749 1264 5819 Conditionem,
1295 5730 1561 5808 ration'em
1580 5789 1596 5821 ,
1635 5748 1886 5814 formam.

367 5836 610 5882 ALCBIUS.

367 5836 610 5882 Αιοιιιυε.

1976 3135 2041 3216 ιε)
2065 3177 2078 3202 ,
2109 3137 2185 3190 sic
2211 3139 2441 3216 emendo
2467 3158 2479 3193 :
2517 3139 2582 3192 In
2613 3135 2799 3216 terrain
2833 3155 2934 3197 toto
2962 3155 3006 3216 et
3035 3160 3248 3216 corpore
3269 3155 3316 3199 et
3338 3135 3427 3200 ore
3454 3135 3576 3215 prc-

1964 3207 2160 3278 jectum
2181 3248 2195 3271 ,
2228 3211 2458 3262 ventri...
2489 3222 2534 3264 ct
2564 3213 2752 3278 pabulo
2778 3217 2948 3267 seruit.
2974 3215 3104 3269 BUN.

2061 3275 2232 3352 Pentri
2252 3319 2265 3341 ,
2299 3275 2720 3352 elc.7Siallustitis
2744 3287 2913 3352 princ.
2951 3286 3071 3340 Cat.

2051 3347 2204 3401 [lectu
2233 3352 2386 3404 ratio.
2420 3351 2518 3408 Ms.
2552 3353 2574 3404 l
2613 3347 2816 3408 ltiiiion.
2851 3358 3000 3411 solus
3024 3367 3078 3411 et
3103 3357 3190 3413 ed.
3218 3373 3329 3414 rec.
3365 3358 3574 3416 addunt

1976 3426 2080 3480 est,
2118 3421 2257 3494 quod
2288 3423 2646 3494 ettputtxintus
2667 3465 2680 3488 ,
2715 3434 2898 3494 utpote
2930 3429 3217 3484 inutile.—
3240 3429 3570 3487 Hominis....

1973 3499 2113 3568 recta
2152 3492 2303 3568 ratio.
2337 3492 2389 3568 ld
2413 3503 2495 3547 est
2513 3535 2542 3568 ,_
2559 3504 2736 3568 erecta
2765 3492 3033 3565 conditio,
3065 3511 3245 3556 rectus
3268 3510 3439 3556 status
3461 3518 3581 3556 cor-

1977 3561 2124 3644 poris
2167 3561 2401 3644 littniaiii.
2431 3593 2501 3603 —
2525 3564 2650 3644 Lib:
2677 3583 2746 3644 it,
2771 3583 2889 3638 cap.
2924 3571 2947 3623 ιι
2983 3561 3140 3625 :ciim
3174 3573 3307 3627 ratio
3345 3574 3577 3644 corporis

1978 3640 2117 3684 recta
2139 3631 2403 3713 lsit._‘Vide
2441 3647 2553 3690 not.
2584 3637 2651 3692 ad
2685 3641 2777 3693 lib.
2825 3631 2891 3704 ii,
2921 3656 3041 3712 cap.
3073 3647 3095 3697 1
3125 3686 3138 3709 ,
3165 3653 3222 3699 et
3245 3645 3311 3698 ad
3337 3631 3535 3700 lib.'vii
3557 3687 3573 3713 ,

1980 3716 2104 3770 cap.
2137 3707 2189 3756 υ.
2221 3704 2352 3759 Bon.

2052 3771 2369 3852 genimuiiis.
2398 3774 2657 3834 Francius
2689 3781 2816 3851 legit
2843 3783 3106 3852 conﬁnis.‘

2066 3843 2248 3923 Vultus
2280 3847 2390 3902 Deo
2435 3852 2570 3928 patri
2597 3843 2881 3928 communis
2903 3897 2917 3919 ,
2944 3843 3013 3908 'ac
3042 3856 3325 3926 proximus.
3357 3856 3577 3928 Legitur

1980 3914 2217 3998 vultus...
2271 3914 2554 3974 communis
2575 3934 2673 3998 aut
2703 3914 2966 3998 proximus
2993 3914 3132 3997 apud
3163 3914 3462 3984 Buneman‘.’
3485 3929 3576 3998 qtti

1982 3995 2163 4040 notam
2196 4000 2504 4058 sequentem
2537 3995 2753 4050 exhibet
2781 4014 2870 4050 :—
2901 3995 3155 4054 Vultus...
3187 4000 3469 4053 communis
3485 3995 3577 4053 aut

1983 4059 2268 4138 praesimus.
2305 4062 2561 4138 lleimm.,
2605 4063 2851 4121 Vultus...
2891 4072 3174 4124 communis
3203 4087 3264 4123 ac
3291 4073 3573 4138 proximus.

1985 4127 2173 4213 9min.
2207 4135 2485 4213 communis
2515 4139 2862 4213 acproprius.
2896 4139 3014 4195 Lib.
3046 4157 3118 4195 vn
3166 4127 3422 4206 InstitnL,
3451 4158 3574 4213 cap.

1983 4199 2019 4255 5
2049 4200 2360 4280 illorum...
2392 4204 2555 4280 solus‘
2579 4199 2648 4260 ita
2693 4199 2943 4279 formatus
2979 4223 3082 4275 est,
3109 4222 3163 4266 ut
3182 4213 3323 4267 oculi
3350 4199 3464 4280 eius
3507 4199 3578 4268 ad

1987 4273 2167 4353 ctelum
2189 4314 2203 4334 ,
2237 4273 2952 4353 facies_tid_Deitnt'_spectuns
2972 4323 2986 4347 ,
3029 4273 3198 4338 vultus
3221 4300 3335 4336 cum
3360 4273 3452 4338 suo
3484 4301 3578 4353 pa-

1993 4352 2134 4425 rente
2155 4347 2546 4425 cominunisst't.
2579 4346 2880 4406 Conﬂ'not.
2913 4346 3141 4425 adlipit.
3173 4369 3293 4425 cap.
3326 4356 3414 4410 70.
3439 4346 3574 4410 Bon.

2067 4411 2195 4488 Ejus
2224 4431 2383 4488 prope
2425 4416 2597 4472 divina
2627 4436 2782 4474 mens.
2814 4427 2926 4488 Qua
2958 4424 3025 4478 de
3048 4411 3123 4480 're
3151 4411 3272 4482 vide
3302 4427 3577 4483 Platonem

1992 4481 2044 4567 in
2074 4481 2373 4551 Pltmdoiie,
2405 4503 2563 4567 quem
2594 4492 2782 4567 Qicero
2809 4481 2928 4567 iiou
2956 4499 3124 4550 semel
3149 4538 3163 4558 ,
3205 4499 3300 4551 sed
3346 4481 3575 4567 iterum,

1991 4562 2294 4638 iterumque
2324 4562 2590 4638 expressit
2618 4563 2852 4638 inlibris
2883 4566 3286 4638 pliilosoplticis.

2065 4623 2329 4708 Tanquam
2374 4623 2426 4682 in
2455 4633 2728 4708 ar;ce.__Sic
2753 4623 2972 4704 capilli
3005 4655 3016 4690 :
3066 4623 3325 4708 Tanquam
3372 4643 3426 4695 in
3463 4659 3580 4699 arce

1987 4699 2241 4783 corporis.
2269 4699 2543 4782 Expressit
2568 4699 2880 4760 Ciceronem
2902 4709 2997 4783 lib.
3032 4699 3310 4778 t'l‘uscttl.,
3332 4726 3452 4783 cap.
3476 4715 3574 4770 10:

1987 4765 2261 4852 Rationem
2291 4765 2577 4852 iii'capite_,
2607 4786 2845 4852 tanquam
2893 4780 2947 4832 in
2988 4797 3105 4852 arce
3125 4822 3140 4845 ,
3171 4765 3341 4852 posuit
3370 4765 3576 4840 natura;

1986 4837 2144 4922 :Ln
2186 4857 2302 4922 arce
2345 4837 2571 4922 sublimi.
2618 4837 2718 4901 Sic.
2751 4848 2854 4902 edo
2900 4867 2973 4922 ex
3022 4837 3252 4907 Ιίρίίιιἰιι.
3307 4837 3360 4909 et
3405 4837 3574 4912 Paris;

1990 4908 2373 4992 15.1.53“an
2405 4914 2749 4992 lieuinannus
2788 4921 3037 4989 cunjecit.
3087 4923 3264 4991 Editi,
3311 4908 3578 4992 sublimis,

1964 4981 2398 5066 scilicetineus,
2437 4987 2575 5066 Puto
2606 4987 2838 5044 litteram
2871 4981 3175 5050 sibilantem
3229 4981 3294 5050 ex
3327 5000 3498 5066 prima
3527 4981 3580 5054 in

1987 5052 2280 5120 speculatur
2307 5052 2501 5110 ortam.
2537 5058 2669 5113 Bon.

1969 5182 1972 5186 λ
1999 5193 2014 5204 _
2038 5122 2196 5204 _Eji_ts
2223 5127 2576 5204 aulam._b_lss.
2610 5146 2721 5204 rec.
2761 5132 2797 5186 2
2837 5134 2997 5204 Reg.,
3039 5135 3074 5188 9
3098 5136 3275 5203 Colb.,
3308 5137 3488 5192 Baluz.
3525 5149 3581 5196 et

1991 5193 2216 5275 Ilnedtl.
2243 5212 2356 5275 rec.
2386 5198 2755 5275 addutitDeus
2783 5220 2802 5258 :
2829 5193 2949 5275 qua":
2980 5193 3082 5260 vox
3113 5225 3140 5261 a
3170 5193 3382 5262 cat-ieris
3404 5193 3576 5267 abest;

1989 5262 2190 5390 Tagi
2216 5279 2262 5321 et
2303 5269 2453 5339 globo
2480 5273 2716 5327 similem.
2766 5262 2861 5331 De.
2891 5277 2994 5334 hoc
3041 5277 3160 5333 vide
3207 5262 3580 5339 Platonem—iii

2039 5354 2051 5389 l
2162 5354 2213 5390 0.

2039 5354 2213 5392 Imm".

2065 5406 2589 5487 Otiiiiis_rotiiinlitas.
2622 5415 2711 5471 Sic
2739 5417 2916 5487 legere
2945 5417 3082 5472 malo
3125 5434 3195 5472 ex
3237 5435 3368 5475 mss.
3399 5423 3435 5476 2
3479 5424 3583 5478 Βο-

1992 5481 2215 5562 ιιιηιηὲ
2244 5481 2402 5562 ἷξες..
2431 5486 2586 5551 Tax.,
2611 5487 2642 5539 ‘2
2664 5481 2931 5562 Collfet't.,
2961 5489 3167 5562 Bitluz_.,
3200 5490 3579 5562 Sangermati.,

1991 5549 2225 5672 (illalrom.
2279 5549 2347 5605 ιη’
2375 5549 2582 5625 marg,
2609 5573 2766 5626 quam
2795 5559 2960 5623 orbis,
2993 5573 3058 5612 ex
3087 5549 3205 5613 aliis
3249 5549 3338 5616 ιῖ
3366 5580 3495 5619 mss.
3530 5549 3584 5622 el

1992 5635 2022 5673 e
2066 5641 2114 5674 ι.

2065 5689 2144 5773 lio
2169 5691 2330 5773 igitur
2356 5707 2567 5773 menset
2593 5697 2725 5773 ignis
2752 5701 2839 5753 ille
2865 5699 3068 5773 diuinus
3089 5740 3106 5765 ,
3149 5711 3253 5757 etc.
3304 5707 3413 5773 Eo,
3456 5707 3582 5762 sub-

1993 5761 2115 5836 audi
2197 5764 2391 5836 capite.
2452 5761 2726 5836 Nonnulli
2803 5761 3112 5826 credidere.
3163 5761 3412 5832 animam.
3465 5793 3587 5836 esse

1993 5833 2227 5908 igneam.
2259 5832 2484 5895 Tertull.
2517 5836 2585 5914 de
2606 5837 2801 5896 Anima
2831 5853 2951 5912 cap.
2983 5843 3017 5900 ὃ
3045 5863 3058 5901 :
3083 5846 3324 5905 Animam
3349 5832 3587 5921 imagini
