  <div class='ocr_page' id='page_1' title='image "/cluster/home/n/w/nwhite01/storage/ocr_20150623/7/hvd.32044015471246/024.png"; bbox 0 0 4034 6354; ppageno 0'>
   <div class='ocr_carea' id='block_1_1' title="bbox 192 337 261 393">
    <p class='ocr_par' dir='ltr' id='par_1_1' title="bbox 192 337 261 393">
     <span class='ocr_line' id='line_1_1' title="bbox 192 337 261 393; baseline 0 0"><span class='ocrx_word' id='word_1_1' title='bbox 192 337 261 393; x_wconf 78' lang='lat'><strong>57</strong></span> 
     </span>
    </p>
   </div>
   <div class='ocr_carea' id='block_1_2' title="bbox 1022 296 2771 427">
    <p class='ocr_par' dir='ltr' id='par_1_2' title="bbox 1022 296 2771 427">
     <span class='ocr_line' id='line_1_2' title="bbox 1022 296 2771 427; baseline -0.002 -35"><span class='ocrx_word' id='word_1_2' title='bbox 1022 335 1176 392; x_wconf 77' lang='lat' dir='ltr'><strong>CAP.</strong></span> <span class='ocrx_word' id='word_1_3' title='bbox 1226 331 1364 387; x_wconf 78' lang='lat' dir='ltr'><strong>Vill.</strong></span> <span class='ocrx_word' id='word_1_4' title='bbox 1409 328 1498 386; x_wconf 77' lang='lat' dir='ltr'><strong>ne</strong></span> <span class='ocrx_word' id='word_1_5' title='bbox 1537 327 1704 385; x_wconf 75' lang='lat' dir='ltr'><strong>non.</strong></span> <span class='ocrx_word' id='word_1_6' title='bbox 1747 296 2107 394; x_wconf 62' lang='lat' dir='ltr'><strong>murreus,</strong></span> <span class='ocrx_word' id='word_1_7' title='bbox 2137 327 2404 400; x_wconf 77' lang='lat' dir='ltr'><strong>ocnus,</strong></span> <span class='ocrx_word' id='word_1_8' title='bbox 2446 329 2771 427; x_wconf 65' lang='lat' dir='ltr'><strong>auersus.</strong></span> 
     </span>
    </p>
   </div>
   <div class='ocr_carea' id='block_1_3' title="bbox 3431 335 3507 392">
    <p class='ocr_par' dir='ltr' id='par_1_3' title="bbox 3431 335 3507 392">
     <span class='ocr_line' id='line_1_3' title="bbox 3431 335 3507 392; baseline 0 0"><span class='ocrx_word' id='word_1_9' title='bbox 3431 335 3507 392; x_wconf 75' lang='lat'><strong>38</strong></span> 
     </span>
    </p>
   </div>
   <div class='ocr_carea' id='block_1_4' title="bbox 193 444 3506 520">
    <p class='ocr_par' dir='ltr' id='par_1_4' title="bbox 193 444 3506 520">
     <span class='ocr_line' id='line_1_4' title="bbox 193 444 3506 520; baseline 0 -12"><span class='ocrx_word' id='word_1_10' title='bbox 193 450 333 504; x_wconf 81' lang='lat' dir='ltr'><strong>cium</strong></span> <span class='ocrx_word' id='word_1_11' title='bbox 380 450 742 507; x_wconf 76' lang='lat' dir='ltr'><strong>constitutum</strong></span> <span class='ocrx_word' id='word_1_12' title='bbox 789 460 904 519; x_wconf 91' lang='lat' dir='ltr'><strong>est,</strong></span> <span class='ocrx_word' id='word_1_13' title='bbox 934 452 1075 508; x_wconf 90' lang='lat' dir='ltr'><strong>sicut</strong></span> <span class='ocrx_word' id='word_1_14' title='bbox 1103 451 1152 503; x_wconf 91' lang='lat' dir='ltr'><strong>in</strong></span> <span class='ocrx_word' id='word_1_15' title='bbox 1186 448 1358 503; x_wconf 85' lang='lat' dir='ltr'><strong>oculis</strong></span> <span class='ocrx_word' id='word_1_16' title='bbox 1380 444 1629 510; x_wconf 81' lang='lat' dir='ltr'><strong>videndi;</strong></span> <span class='ocrx_word' id='word_1_17' title='bbox 1660 456 1798 514; x_wconf 88' lang='lat' dir='ltr'><strong>quo-</strong></span> <span class='ocrx_word' id='word_1_18' title='bbox 1825 447 1874 503; x_wconf 77' lang='grc' dir='ltr'><strong>Α</strong></span> <span class='ocrx_word' id='word_1_19' title='bbox 1905 444 2239 500; x_wconf 74' lang='lat' dir='ltr'><strong>manifestius</strong></span> <span class='ocrx_word' id='word_1_20' title='bbox 2270 454 2354 500; x_wconf 87' lang='lat' dir='ltr'><strong>est</strong></span> <span class='ocrx_word' id='word_1_21' title='bbox 2381 454 2619 504; x_wconf 91' lang='lat' dir='ltr'><strong>mentem</strong></span> <span class='ocrx_word' id='word_1_22' title='bbox 2646 461 2789 514; x_wconf 88' lang='lat' dir='ltr'><strong>esse,</strong></span> <span class='ocrx_word' id='word_1_23' title='bbox 2812 460 2932 518; x_wconf 80' lang='lat' dir='ltr'><strong>quae</strong></span> <span class='ocrx_word' id='word_1_24' title='bbox 2959 460 3056 518; x_wconf 88' lang='lat' dir='ltr'><strong>per</strong></span> <span class='ocrx_word' id='word_1_25' title='bbox 3081 446 3269 505; x_wconf 89' lang='lat' dir='ltr'><strong>oculos</strong></span> <span class='ocrx_word' id='word_1_26' title='bbox 3291 461 3355 506; x_wconf 84' lang='lat' dir='ltr'><strong>ea</strong></span> <span class='ocrx_word' id='word_1_27' title='bbox 3381 463 3506 520; x_wconf 66' lang='lat' dir='ltr'><strong>quas</strong></span> 
     </span>
    </p>
   </div>
   <div class='ocr_carea' id='block_1_5' title="bbox 191 534 1796 616">
    <p class='ocr_par' dir='ltr' id='par_1_5' title="bbox 191 534 1796 616">
     <span class='ocr_line' id='line_1_5' title="bbox 191 534 1796 616; baseline -0.006 -17"><span class='ocrx_word' id='word_1_28' title='bbox 191 558 310 599; x_wconf 87' lang='lat' dir='ltr'><strong>rum</strong></span> <span class='ocrx_word' id='word_1_29' title='bbox 345 547 628 616; x_wconf 74' lang='lat' dir='ltr'><strong>praecipue</strong></span> <span class='ocrx_word' id='word_1_30' title='bbox 668 544 1060 616; x_wconf 81' lang='lat' dir='ltr'><strong>inexplicabilis</strong></span> <span class='ocrx_word' id='word_1_31' title='bbox 1098 551 1180 596; x_wconf 91' lang='lat' dir='ltr'><strong>est</strong></span> <span class='ocrx_word' id='word_1_32' title='bbox 1220 555 1283 594; x_wconf 91' lang='lat' dir='ltr'><strong>ac</strong></span> <span class='ocrx_word' id='word_1_33' title='bbox 1321 540 1456 592; x_wconf 91' lang='lat' dir='ltr'><strong>mira</strong></span> <span class='ocrx_word' id='word_1_34' title='bbox 1487 534 1755 591; x_wconf 90' lang='lat' dir='ltr'><strong>subtilitas</strong></span> <span class='ocrx_word' id='word_1_35' title='bbox 1778 575 1796 602; x_wconf 93' lang='lat'><strong>,</strong></span> 
     </span>
    </p>
   </div>
   <div class='ocr_carea' id='block_1_6' title="bbox 194 625 1796 708">
    <p class='ocr_par' dir='ltr' id='par_1_6' title="bbox 194 625 1796 708">
     <span class='ocr_line' id='line_1_6' title="bbox 194 625 1796 708; baseline -0.008 -14"><span class='ocrx_word' id='word_1_36' title='bbox 194 642 317 708; x_wconf 88' lang='lat' dir='ltr'><strong>quia</strong></span> <span class='ocrx_word' id='word_1_37' title='bbox 348 653 547 693; x_wconf 87' lang='lat' dir='ltr'><strong>eorum</strong></span> <span class='ocrx_word' id='word_1_38' title='bbox 600 639 764 694; x_wconf 83' lang='lat' dir='ltr'><strong>orbes</strong></span> <span class='ocrx_word' id='word_1_39' title='bbox 803 649 1135 708; x_wconf 83' lang='lat' dir='ltr'><strong>gemmarum</strong></span> <span class='ocrx_word' id='word_1_40' title='bbox 1168 628 1572 700; x_wconf 71' lang='lat' dir='ltr'><strong>similitudinem</strong></span> <span class='ocrx_word' id='word_1_41' title='bbox 1601 625 1796 697; x_wconf 56' lang='lat' dir='ltr'><strong>praefe-</strong></span> 
     </span>
    </p>
   </div>
   <div class='ocr_carea' id='block_1_7' title="bbox 194 716 1800 805">
    <p class='ocr_par' dir='ltr' id='par_1_7' title="bbox 194 716 1800 805">
     <span class='ocr_line' id='line_1_7' title="bbox 194 716 1800 805; baseline -0.009 -21"><span class='ocrx_word' id='word_1_42' title='bbox 194 740 417 793; x_wconf 83' lang='lat' dir='ltr'><strong>rentes,</strong></span> <span class='ocrx_word' id='word_1_43' title='bbox 447 729 518 785; x_wconf 90' lang='lat' dir='ltr'><strong>ab</strong></span> <span class='ocrx_word' id='word_1_44' title='bbox 548 743 612 786; x_wconf 84' lang='lat' dir='ltr'><strong>ea</strong></span> <span class='ocrx_word' id='word_1_45' title='bbox 643 738 797 805; x_wconf 89' lang='lat' dir='ltr'><strong>parte</strong></span> <span class='ocrx_word' id='word_1_46' title='bbox 827 743 929 799; x_wconf 90' lang='lat' dir='ltr'><strong>qua</strong></span> <span class='ocrx_word' id='word_1_47' title='bbox 960 723 1247 781; x_wconf 87' lang='lat' dir='ltr'><strong>videndum</strong></span> <span class='ocrx_word' id='word_1_48' title='bbox 1296 722 1427 787; x_wconf 87' lang='lat' dir='ltr'><strong>fuit,</strong></span> <span class='ocrx_word' id='word_1_49' title='bbox 1473 716 1800 776; x_wconf 81' lang='lat' dir='ltr'><strong>membranis</strong></span> 
     </span>
    </p>
   </div>
   <div class='ocr_carea' id='block_1_8' title="bbox 194 812 1801 893">
    <p class='ocr_par' dir='ltr' id='par_1_8' title="bbox 194 812 1801 893">
     <span class='ocr_line' id='line_1_8' title="bbox 194 812 1801 893; baseline -0.007 -16"><span class='ocrx_word' id='word_1_50' title='bbox 194 822 611 892; x_wconf 81' lang='lat' dir='ltr'><strong>perlucentibus</strong></span> <span class='ocrx_word' id='word_1_51' title='bbox 637 822 803 889; x_wconf 81' lang='lat' dir='ltr'><strong>texit,</strong></span> <span class='ocrx_word' id='word_1_52' title='bbox 843 832 899 876; x_wconf 91' lang='lat' dir='ltr'><strong>ut</strong></span> <span class='ocrx_word' id='word_1_53' title='bbox 944 820 1207 893; x_wconf 77' lang='lat' dir='ltr'><strong>imagines</strong></span> <span class='ocrx_word' id='word_1_54' title='bbox 1235 832 1415 873; x_wconf 87' lang='lat' dir='ltr'><strong>rerum</strong></span> <span class='ocrx_word' id='word_1_55' title='bbox 1441 825 1628 872; x_wconf 87' lang='lat' dir='ltr'><strong>contra</strong></span> <span class='ocrx_word' id='word_1_56' title='bbox 1656 812 1801 884; x_wconf 88' lang='lat' dir='ltr'><strong>posi—</strong></span> 
     </span>
    </p>
   </div>
   <div class='ocr_carea' id='block_1_9' title="bbox 197 909 1801 988">
    <p class='ocr_par' dir='ltr' id='par_1_9' title="bbox 197 909 1801 988">
     <span class='ocr_line' id='line_1_9' title="bbox 197 909 1801 988; baseline -0.006 -17"><span class='ocrx_word' id='word_1_57' title='bbox 197 925 373 971; x_wconf 90' lang='lat' dir='ltr'><strong>tarum</strong></span> <span class='ocrx_word' id='word_1_58' title='bbox 402 925 660 988; x_wconf 77' lang='lat' dir='ltr'><strong>tanquam</strong></span> <span class='ocrx_word' id='word_1_59' title='bbox 691 916 745 971; x_wconf 91' lang='lat' dir='ltr'><strong>in</strong></span> <span class='ocrx_word' id='word_1_60' title='bbox 786 914 1009 985; x_wconf 86' lang='lat' dir='ltr'><strong>speculo</strong></span> <span class='ocrx_word' id='word_1_61' title='bbox 1054 912 1416 981; x_wconf 79' lang='lat' dir='ltr'><strong>refulgentes,</strong></span> <span class='ocrx_word' id='word_1_62' title='bbox 1463 909 1529 964; x_wconf 90' lang='lat' dir='ltr'><strong>ad</strong></span> <span class='ocrx_word' id='word_1_63' title='bbox 1578 920 1801 963; x_wconf 87' lang='lat' dir='ltr'><strong>sensum</strong></span> 
     </span>
    </p>
   </div>
   <div class='ocr_carea' id='block_1_10' title="bbox 200 1003 1804 1079">
    <p class='ocr_par' dir='ltr' id='par_1_10' title="bbox 200 1003 1804 1079">
     <span class='ocr_line' id='line_1_10' title="bbox 200 1003 1804 1079; baseline -0.006 -16"><span class='ocrx_word' id='word_1_64' title='bbox 200 1008 450 1063; x_wconf 90' lang='lat' dir='ltr'><strong>intimum</strong></span> <span class='ocrx_word' id='word_1_65' title='bbox 482 1016 854 1079; x_wconf 81' lang='lat' dir='ltr'><strong>penetrarent.</strong></span> <span class='ocrx_word' id='word_1_66' title='bbox 886 1007 989 1062; x_wconf 88' lang='lat' dir='ltr'><strong>Per</strong></span> <span class='ocrx_word' id='word_1_67' title='bbox 1013 1020 1106 1060; x_wconf 91' lang='lat' dir='ltr'><strong>eas</strong></span> <span class='ocrx_word' id='word_1_68' title='bbox 1131 1006 1292 1077; x_wconf 77' lang='lat' dir='ltr'><strong>igitur</strong></span> <span class='ocrx_word' id='word_1_69' title='bbox 1318 1003 1657 1059; x_wconf 86' lang='lat' dir='ltr'><strong>membranas</strong></span> <span class='ocrx_word' id='word_1_70' title='bbox 1680 1015 1804 1056; x_wconf 90' lang='lat' dir='ltr'><strong>sen-</strong></span> 
     </span>
    </p>
   </div>
   <div class='ocr_carea' id='block_1_11' title="bbox 203 1092 1802 1170">
    <p class='ocr_par' dir='ltr' id='par_1_11' title="bbox 203 1092 1802 1170">
     <span class='ocr_line' id='line_1_11' title="bbox 203 1092 1802 1170; baseline -0.005 -15"><span class='ocrx_word' id='word_1_71' title='bbox 203 1112 296 1155; x_wconf 78' lang='lat' dir='ltr'><strong>sus</strong></span> <span class='ocrx_word' id='word_1_72' title='bbox 320 1100 413 1155; x_wconf 89' lang='lat' dir='ltr'><strong>ille</strong></span> <span class='ocrx_word' id='word_1_73' title='bbox 434 1143 448 1166; x_wconf 94' lang='lat'><strong>,</strong></span> <span class='ocrx_word' id='word_1_74' title='bbox 479 1099 572 1170; x_wconf 84' lang='lat' dir='ltr'><strong>qui</strong></span> <span class='ocrx_word' id='word_1_75' title='bbox 602 1098 803 1153; x_wconf 90' lang='lat' dir='ltr'><strong>dicitur</strong></span> <span class='ocrx_word' id='word_1_76' title='bbox 830 1112 1017 1163; x_wconf 91' lang='lat' dir='ltr'><strong>mens,</strong></span> <span class='ocrx_word' id='word_1_77' title='bbox 1061 1112 1123 1151; x_wconf 84' lang='lat' dir='ltr'><strong>ea</strong></span> <span class='ocrx_word' id='word_1_78' title='bbox 1154 1110 1274 1167; x_wconf 70' lang='lat' dir='ltr'><strong>qua}</strong></span> <span class='ocrx_word' id='word_1_79' title='bbox 1306 1104 1430 1150; x_wconf 90' lang='lat' dir='ltr'><strong>sunt</strong></span> <span class='ocrx_word' id='word_1_80' title='bbox 1461 1092 1592 1148; x_wconf 85' lang='lat' dir='ltr'><strong>foris</strong></span> <span class='ocrx_word' id='word_1_81' title='bbox 1619 1101 1802 1147; x_wconf 87' lang='lat' dir='ltr'><strong>trans-</strong></span> 
     </span>
    </p>
   </div>
   <div class='ocr_carea' id='block_1_12' title="bbox 203 1187 1805 1265">
    <p class='ocr_par' dir='ltr' id='par_1_12' title="bbox 203 1187 1805 1265">
     <span class='ocr_line' id='line_1_12' title="bbox 203 1187 1805 1265; baseline -0.004 -18"><span class='ocrx_word' id='word_1_82' title='bbox 203 1194 349 1265; x_wconf 88' lang='lat' dir='ltr'><strong>picit.</strong></span> <span class='ocrx_word' id='word_1_83' title='bbox 382 1193 460 1249; x_wconf 82' lang='lat' dir='ltr'><strong>Ne</strong></span> <span class='ocrx_word' id='word_1_84' title='bbox 493 1193 635 1249; x_wconf 86' lang='lat' dir='ltr'><strong>forte</strong></span> <span class='ocrx_word' id='word_1_85' title='bbox 661 1192 977 1256; x_wconf 82' lang='lat' dir='ltr'><strong>existimes,</strong></span> <span class='ocrx_word' id='word_1_86' title='bbox 1023 1201 1113 1244; x_wconf 90' lang='lat' dir='ltr'><strong>aut</strong></span> <span class='ocrx_word' id='word_1_87' title='bbox 1160 1190 1453 1260; x_wconf 81' lang='lat' dir='ltr'><strong>imaginum</strong></span> <span class='ocrx_word' id='word_1_88' title='bbox 1496 1187 1805 1242; x_wconf 89' lang='lat' dir='ltr'><strong>incursione</strong></span> 
     </span>
    </p>
   </div>
   <div class='ocr_carea' id='block_1_13' title="bbox 204 1279 1803 1360">
    <p class='ocr_par' dir='ltr' id='par_1_13' title="bbox 204 1279 1803 1360">
     <span class='ocr_line' id='line_1_13' title="bbox 204 1279 1803 1360; baseline -0.006 -15"><span class='ocrx_word' id='word_1_89' title='bbox 204 1305 304 1345; x_wconf 89' lang='lat' dir='ltr'><strong>nos</strong></span> <span class='ocrx_word' id='word_1_90' title='bbox 331 1303 557 1344; x_wconf 68' lang='lat' dir='ltr'><strong>cernere</strong></span> <span class='ocrx_word' id='word_1_91' title='bbox 572 1288 657 1360; x_wconf 81' lang='lat' dir='ltr'><strong>(ut</strong></span> <span class='ocrx_word' id='word_1_92' title='bbox 681 1285 992 1359; x_wconf 63' lang='lat' dir='ltr'><strong>philosolihi</strong></span> <span class='ocrx_word' id='word_1_93' title='bbox 1019 1284 1289 1355; x_wconf 82' lang='lat' dir='ltr'><strong>dixerunt)</strong></span> <span class='ocrx_word' id='word_1_94' title='bbox 1313 1282 1564 1354; x_wconf 88' lang='lat' dir='ltr'><strong>quoniam</strong></span> <span class='ocrx_word' id='word_1_95' title='bbox 1586 1279 1803 1336; x_wconf 83' lang='lat' dir='ltr'><strong>videndi</strong></span> 
     </span>
    </p>
   </div>
   <div class='ocr_carea' id='block_1_14' title="bbox 205 1370 1804 1447">
    <p class='ocr_par' dir='ltr' id='par_1_14' title="bbox 205 1370 1804 1447">
     <span class='ocr_line' id='line_1_14' title="bbox 205 1370 1804 1447; baseline -0.006 -12"><span class='ocrx_word' id='word_1_96' title='bbox 205 1379 521 1435; x_wconf 84' lang='lat' dir='ltr'><strong>ollicium&#39;iu</strong></span> <span class='ocrx_word' id='word_1_97' title='bbox 552 1394 619 1435; x_wconf 89' lang='lat' dir='ltr'><strong>eo</strong></span> <span class='ocrx_word' id='word_1_98' title='bbox 647 1379 809 1434; x_wconf 84' lang='lat' dir='ltr'><strong>debet</strong></span> <span class='ocrx_word' id='word_1_99' title='bbox 838 1391 960 1433; x_wconf 89' lang='lat' dir='ltr'><strong>esse</strong></span> <span class='ocrx_word' id='word_1_100' title='bbox 986 1374 1127 1447; x_wconf 86' lang='lat' dir='ltr'><strong>quod</strong></span> <span class='ocrx_word' id='word_1_101' title='bbox 1160 1375 1329 1443; x_wconf 88' lang='lat' dir='ltr'><strong>videt,</strong></span> <span class='ocrx_word' id='word_1_102' title='bbox 1363 1388 1468 1427; x_wconf 91' lang='lat' dir='ltr'><strong>non</strong></span> <span class='ocrx_word' id='word_1_103' title='bbox 1496 1374 1548 1427; x_wconf 87' lang='lat' dir='ltr'><strong>in</strong></span> <span class='ocrx_word' id='word_1_104' title='bbox 1573 1387 1639 1427; x_wconf 92' lang='lat' dir='ltr'><strong>eo</strong></span> <span class='ocrx_word' id='word_1_105' title='bbox 1660 1370 1804 1443; x_wconf 88' lang='lat' dir='ltr'><strong>quod</strong></span> 
     </span>
    </p>
   </div>
   <div class='ocr_carea' id='block_1_15' title="bbox 205 1462 1807 1530">
    <p class='ocr_par' dir='ltr' id='par_1_15' title="bbox 205 1462 1807 1530">
     <span class='ocr_line' id='line_1_15' title="bbox 205 1462 1807 1530; baseline -0.004 -3"><span class='ocrx_word' id='word_1_106' title='bbox 205 1474 417 1529; x_wconf 89' lang='lat' dir='ltr'><strong>videtur</strong></span> <span class='ocrx_word' id='word_1_107' title='bbox 455 1491 467 1527; x_wconf 90' lang='lat'><strong>:</strong></span> <span class='ocrx_word' id='word_1_108' title='bbox 513 1483 605 1527; x_wconf 87' lang='lat' dir='ltr'><strong>aut</strong></span> <span class='ocrx_word' id='word_1_109' title='bbox 652 1471 952 1527; x_wconf 83' lang='lat' dir='ltr'><strong>intentione</strong></span> <span class='ocrx_word' id='word_1_110' title='bbox 1000 1468 1178 1530; x_wconf 83' lang='lat' dir='ltr'><strong>acris.</strong></span> <span class='ocrx_word' id='word_1_111' title='bbox 1209 1482 1332 1523; x_wconf 89' lang='lat' dir='ltr'><strong>cum</strong></span> <span class='ocrx_word' id='word_1_112' title='bbox 1381 1468 1497 1523; x_wconf 87' lang='lat' dir='ltr'><strong>acie</strong></span> <span class='ocrx_word' id='word_1_113' title='bbox 1535 1476 1629 1521; x_wconf 89' lang='lat' dir='ltr'><strong>aut</strong></span> <span class='ocrx_word' id='word_1_114' title='bbox 1673 1462 1807 1521; x_wconf 84' lang='lat' dir='ltr'><strong>effu-</strong></span> 
     </span>
    </p>
   </div>
   <div class='ocr_carea' id='block_1_16' title="bbox 209 1561 1804 1639">
    <p class='ocr_par' dir='ltr' id='par_1_16' title="bbox 209 1561 1804 1639">
     <span class='ocr_line' id='line_1_16' title="bbox 209 1561 1804 1639; baseline -0.003 -18"><span class='ocrx_word' id='word_1_115' title='bbox 209 1569 363 1624; x_wconf 89' lang='lat' dir='ltr'><strong>sione</strong></span> <span class='ocrx_word' id='word_1_116' title='bbox 393 1568 696 1633; x_wconf 87' lang='lat' dir='ltr'><strong>radiorum,</strong></span> <span class='ocrx_word' id='word_1_117' title='bbox 726 1567 977 1639; x_wconf 91' lang='lat' dir='ltr'><strong>quoniam</strong></span> <span class='ocrx_word' id='word_1_118' title='bbox 996 1605 1012 1633; x_wconf 90' lang='lat'><strong>,</strong></span> <span class='ocrx_word' id='word_1_119' title='bbox 1036 1565 1080 1618; x_wconf 90' lang='lat' dir='ltr'><strong>si</strong></span> <span class='ocrx_word' id='word_1_120' title='bbox 1107 1564 1178 1618; x_wconf 90' lang='lat' dir='ltr'><strong>ita</strong></span> <span class='ocrx_word' id='word_1_121' title='bbox 1209 1570 1385 1631; x_wconf 80' lang='lat' dir='ltr'><strong>esset,</strong></span> <span class='ocrx_word' id='word_1_122' title='bbox 1414 1561 1621 1618; x_wconf 88' lang='lat' dir='ltr'><strong>radium</strong></span> <span class='ocrx_word' id='word_1_123' title='bbox 1643 1576 1804 1634; x_wconf 88' lang='lat' dir='ltr'><strong>quem</strong></span> 
     </span>
    </p>
   </div>
   <div class='ocr_carea' id='block_1_17' title="bbox 211 1655 1808 1726">
    <p class='ocr_par' dir='ltr' id='par_1_17' title="bbox 211 1655 1808 1726">
     <span class='ocr_line' id='line_1_17' title="bbox 211 1655 1808 1726; baseline -0.004 -11"><span class='ocrx_word' id='word_1_124' title='bbox 211 1661 384 1715; x_wconf 89' lang='lat' dir='ltr'><strong>oculis</strong></span> <span class='ocrx_word' id='word_1_125' title='bbox 416 1659 773 1726; x_wconf 87' lang='lat' dir='ltr'><strong>advertimus,</strong></span> <span class='ocrx_word' id='word_1_126' title='bbox 820 1657 1161 1721; x_wconf 87' lang='lat' dir='ltr'><strong>videremus,</strong></span> <span class='ocrx_word' id='word_1_127' title='bbox 1207 1655 1379 1711; x_wconf 90' lang='lat' dir='ltr'><strong>donec</strong></span> <span class='ocrx_word' id='word_1_128' title='bbox 1428 1655 1667 1709; x_wconf 85' lang='lat' dir='ltr'><strong>intentus</strong></span> <span class='ocrx_word' id='word_1_129' title='bbox 1713 1669 1808 1710; x_wconf 87' lang='lat' dir='ltr'><strong>aer</strong></span> 
     </span>
    </p>
   </div>
   <div class='ocr_carea' id='block_1_18' title="bbox 1899 538 3507 612">
    <p class='ocr_par' dir='ltr' id='par_1_18' title="bbox 1899 538 3507 612">
     <span class='ocr_line' id='line_1_18' title="bbox 1899 538 3507 612; baseline 0.004 -21"><span class='ocrx_word' id='word_1_130' title='bbox 1899 545 2027 591; x_wconf 89' lang='lat' dir='ltr'><strong>sunt</strong></span> <span class='ocrx_word' id='word_1_131' title='bbox 2054 538 2335 607; x_wconf 89' lang='lat' dir='ltr'><strong>opposita,</strong></span> <span class='ocrx_word' id='word_1_132' title='bbox 2381 541 2735 610; x_wconf 87' lang='lat' dir='ltr'><strong>transpiciat,</strong></span> <span class='ocrx_word' id='word_1_133' title='bbox 2768 541 2920 611; x_wconf 88' lang='lat' dir='ltr'><strong>quasi</strong></span> <span class='ocrx_word' id='word_1_134' title='bbox 2970 556 3067 612; x_wconf 90' lang='lat' dir='ltr'><strong>per</strong></span> <span class='ocrx_word' id='word_1_135' title='bbox 3110 542 3377 599; x_wconf 85' lang='lat' dir='ltr'><strong>fenestras</strong></span> <span class='ocrx_word' id='word_1_136' title='bbox 3418 540 3507 597; x_wconf 87' lang='lat' dir='ltr'><strong>lu—</strong></span> 
     </span>
    </p>
   </div>
   <div class='ocr_carea' id='block_1_19' title="bbox 1900 632 3508 704">
    <p class='ocr_par' dir='ltr' id='par_1_19' title="bbox 1900 632 3508 704">
     <span class='ocr_line' id='line_1_19' title="bbox 1900 632 3508 704; baseline 0.003 -19"><span class='ocrx_word' id='word_1_137' title='bbox 1900 640 2056 687; x_wconf 80' lang='lat' dir='ltr'><strong>cente</strong></span> <span class='ocrx_word' id='word_1_138' title='bbox 2095 632 2258 698; x_wconf 91' lang='lat' dir='ltr'><strong>vitro,</strong></span> <span class='ocrx_word' id='word_1_139' title='bbox 2305 642 2399 686; x_wconf 90' lang='lat' dir='ltr'><strong>aut</strong></span> <span class='ocrx_word' id='word_1_140' title='bbox 2447 634 2717 702; x_wconf 88' lang='lat' dir='ltr'><strong>speculari</strong></span> <span class='ocrx_word' id='word_1_141' title='bbox 2766 634 2943 704; x_wconf 88' lang='lat' dir='ltr'><strong>lapide</strong></span> <span class='ocrx_word' id='word_1_142' title='bbox 2972 634 3254 693; x_wconf 88' lang='lat' dir='ltr'><strong>obductas.</strong></span> <span class='ocrx_word' id='word_1_143' title='bbox 3304 635 3374 690; x_wconf 86' lang='lat' dir='ltr'><strong>Et</strong></span> <span class='ocrx_word' id='word_1_144' title='bbox 3418 634 3508 690; x_wconf 86' lang='lat' dir='ltr'><strong>id-</strong></span> 
     </span>
    </p>
   </div>
   <div class='ocr_carea' id='block_1_20' title="bbox 1900 724 3504 799">
    <p class='ocr_par' dir='ltr' id='par_1_20' title="bbox 1900 724 3504 799">
     <span class='ocr_line' id='line_1_20' title="bbox 1900 724 3504 799; baseline 0.003 -20"><span class='ocrx_word' id='word_1_145' title='bbox 1900 724 2047 780; x_wconf 91' lang='lat' dir='ltr'><strong>circo</strong></span> <span class='ocrx_word' id='word_1_146' title='bbox 2073 740 2248 791; x_wconf 88' lang='lat' dir='ltr'><strong>meus,</strong></span> <span class='ocrx_word' id='word_1_147' title='bbox 2285 734 2340 780; x_wconf 91' lang='lat' dir='ltr'><strong>ct</strong></span> <span class='ocrx_word' id='word_1_148' title='bbox 2365 726 2614 781; x_wconf 85' lang='lat' dir='ltr'><strong>voluntas</strong></span> <span class='ocrx_word' id='word_1_149' title='bbox 2658 742 2725 783; x_wconf 78' lang='lat' dir='ltr'><strong>ex</strong></span> <span class='ocrx_word' id='word_1_150' title='bbox 2765 728 2937 784; x_wconf 89' lang='lat' dir='ltr'><strong>oculis</strong></span> <span class='ocrx_word' id='word_1_151' title='bbox 2966 744 3113 799; x_wconf 65' lang='lat' dir='ltr'><strong>srepc</strong></span> <span class='ocrx_word' id='word_1_152' title='bbox 3143 728 3504 799; x_wconf 87' lang='lat' dir='ltr'><strong>dignoscitur.</strong></span> 
     </span>
    </p>
   </div>
   <div class='ocr_carea' id='block_1_21' title="bbox 1903 817 3509 892">
    <p class='ocr_par' dir='ltr' id='par_1_21' title="bbox 1903 817 3509 892">
     <span class='ocr_line' id='line_1_21' title="bbox 1903 817 3509 892; baseline 0.002 -19"><span class='ocrx_word' id='word_1_153' title='bbox 1903 817 2060 888; x_wconf 86' lang='lat' dir='ltr'><strong>Quod</strong></span> <span class='ocrx_word' id='word_1_154' title='bbox 2082 819 2298 889; x_wconf 86' lang='lat' dir='ltr'><strong>quidem</strong></span> <span class='ocrx_word' id='word_1_155' title='bbox 2322 831 2378 875; x_wconf 92' lang='lat' dir='ltr'><strong>ut</strong></span> <span class='ocrx_word' id='word_1_156' title='bbox 2398 818 2672 877; x_wconf 85' lang='lat' dir='ltr'><strong>refelleret</strong></span> <span class='ocrx_word' id='word_1_157' title='bbox 2693 820 2994 886; x_wconf 85' lang='lat' dir='ltr'><strong>Lucretius,</strong></span> <span class='ocrx_word' id='word_1_158' title='bbox 3023 822 3358 892; x_wconf 90' lang='lat' dir='ltr'><strong>ineptissimo</strong></span> <span class='ocrx_word' id='word_1_159' title='bbox 3379 834 3509 877; x_wconf 87' lang='lat' dir='ltr'><strong>usus</strong></span> 
     </span>
    </p>
   </div>
   <div class='ocr_carea' id='block_1_22' title="bbox 1902 910 3504 985">
    <p class='ocr_par' dir='ltr' id='par_1_22' title="bbox 1902 910 3504 985">
     <span class='ocr_line' id='line_1_22' title="bbox 1902 910 3504 985; baseline 0.002 -20"><span class='ocrx_word' id='word_1_160' title='bbox 1902 919 1984 965; x_wconf 88' lang='lat' dir='ltr'><strong>est</strong></span> <span class='ocrx_word' id='word_1_161' title='bbox 2012 920 2345 979; x_wconf 87' lang='lat' dir='ltr'><strong>argumento.</strong></span> <span class='ocrx_word' id='word_1_162' title='bbox 2389 910 2445 966; x_wconf 92' lang='lat' dir='ltr'><strong>Si</strong></span> <span class='ocrx_word' id='word_1_163' title='bbox 2473 915 2619 966; x_wconf 88' lang='lat' dir='ltr'><strong>enim</strong></span> <span class='ocrx_word' id='word_1_164' title='bbox 2648 927 2803 967; x_wconf 91' lang='lat' dir='ltr'><strong>mens</strong></span> <span class='ocrx_word' id='word_1_165' title='bbox 2835 911 3049 985; x_wconf 90' lang='lat' dir='ltr'><strong>(inquit)</strong></span> <span class='ocrx_word' id='word_1_166' title='bbox 3083 928 3177 983; x_wconf 89' lang='lat' dir='ltr'><strong>per</strong></span> <span class='ocrx_word' id='word_1_167' title='bbox 3201 913 3387 969; x_wconf 91' lang='lat' dir='ltr'><strong>oculos</strong></span> <span class='ocrx_word' id='word_1_168' title='bbox 3417 914 3504 969; x_wconf 88' lang='lat' dir='ltr'><strong>vl-</strong></span> 
     </span>
    </p>
   </div>
   <div class='ocr_carea' id='block_1_23' title="bbox 1902 1001 3506 1080">
    <p class='ocr_par' dir='ltr' id='par_1_23' title="bbox 1902 1001 3506 1080">
     <span class='ocr_line' id='line_1_23' title="bbox 1902 1001 3506 1080; baseline 0.004 -21"><span class='ocrx_word' id='word_1_169' title='bbox 1902 1001 2016 1069; x_wconf 88' lang='lat' dir='ltr'><strong>det,</strong></span> <span class='ocrx_word' id='word_1_170' title='bbox 2047 1004 2213 1058; x_wconf 90' lang='lat' dir='ltr'><strong>erutis</strong></span> <span class='ocrx_word' id='word_1_171' title='bbox 2241 1014 2296 1059; x_wconf 91' lang='lat' dir='ltr'><strong>et</strong></span> <span class='ocrx_word' id='word_1_172' title='bbox 2320 1002 2532 1059; x_wconf 78' lang='lat' dir='ltr'><strong>effossis</strong></span> <span class='ocrx_word' id='word_1_173' title='bbox 2563 1006 2733 1061; x_wconf 91' lang='lat' dir='ltr'><strong>oculis</strong></span> <span class='ocrx_word' id='word_1_174' title='bbox 2765 1007 2936 1075; x_wconf 82' lang='lat' dir='ltr'><strong>magis</strong></span> <span class='ocrx_word' id='word_1_175' title='bbox 2975 1005 3219 1071; x_wconf 84' lang='lat' dir='ltr'><strong>videret;</strong></span> <span class='ocrx_word' id='word_1_176' title='bbox 3248 1006 3506 1080; x_wconf 88' lang='lat' dir='ltr'><strong>quoniam</strong></span> 
     </span>
    </p>
   </div>
   <div class='ocr_carea' id='block_1_24' title="bbox 1905 1096 3509 1171">
    <p class='ocr_par' dir='ltr' id='par_1_24' title="bbox 1905 1096 3509 1171">
     <span class='ocr_line' id='line_1_24' title="bbox 1905 1096 3509 1171; baseline 0.004 -20"><span class='ocrx_word' id='word_1_177' title='bbox 1905 1096 2107 1151; x_wconf 76' lang='lat' dir='ltr'><strong>evulsas</strong></span> <span class='ocrx_word' id='word_1_178' title='bbox 2154 1104 2276 1151; x_wconf 78' lang='lat' dir='ltr'><strong>Cum</strong></span> <span class='ocrx_word' id='word_1_179' title='bbox 2321 1098 2565 1168; x_wconf 86' lang='lat' dir='ltr'><strong>postibus</strong></span> <span class='ocrx_word' id='word_1_180' title='bbox 2615 1097 2759 1155; x_wconf 89' lang='lat' dir='ltr'><strong>fores</strong></span> <span class='ocrx_word' id='word_1_181' title='bbox 2808 1099 2929 1170; x_wconf 82' lang='lat' dir='ltr'><strong>plus</strong></span> <span class='ocrx_word' id='word_1_182' title='bbox 2976 1097 3211 1156; x_wconf 89' lang='lat' dir='ltr'><strong>inferunt</strong></span> <span class='ocrx_word' id='word_1_183' title='bbox 3254 1100 3509 1171; x_wconf 89' lang='lat' dir='ltr'><strong>luminis,</strong></span> 
     </span>
    </p>
   </div>
   <div class='ocr_carea' id='block_1_25' title="bbox 1904 1193 3512 1270">
    <p class='ocr_par' dir='ltr' id='par_1_25' title="bbox 1904 1193 3512 1270">
     <span class='ocr_line' id='line_1_25' title="bbox 1904 1193 3512 1270; baseline 0.007 -25"><span class='ocrx_word' id='word_1_184' title='bbox 1904 1194 2152 1265; x_wconf 65' lang='lat' dir='ltr'><strong>quam‘si</strong></span> <span class='ocrx_word' id='word_1_185' title='bbox 2194 1193 2390 1248; x_wconf 90' lang='lat' dir='ltr'><strong>fuerint</strong></span> <span class='ocrx_word' id='word_1_186' title='bbox 2435 1194 2704 1253; x_wconf 65' lang='lat' dir='ltr'><strong>obductae.</strong></span> <span class='ocrx_word' id='word_1_187' title='bbox 2738 1194 2998 1253; x_wconf 84' lang='lat' dir='ltr'><strong>Nimirum</strong></span> <span class='ocrx_word' id='word_1_188' title='bbox 3039 1198 3178 1268; x_wconf 88' lang='lat' dir='ltr'><strong>ipsi,</strong></span> <span class='ocrx_word' id='word_1_189' title='bbox 3220 1199 3305 1254; x_wconf 91' lang='lat' dir='ltr'><strong>vel</strong></span> <span class='ocrx_word' id='word_1_190' title='bbox 3334 1199 3512 1270; x_wconf 86' lang='lat' dir='ltr'><strong>potius</strong></span> 
     </span>
    </p>
   </div>
   <div class='ocr_carea' id='block_1_26' title="bbox 1908 1283 3514 1361">
    <p class='ocr_par' dir='ltr' id='par_1_26' title="bbox 1908 1283 3514 1361">
     <span class='ocr_line' id='line_1_26' title="bbox 1908 1283 3514 1361; baseline 0.004 -21"><span class='ocrx_word' id='word_1_191' title='bbox 1908 1283 2166 1361; x_wconf 78' lang='lat' dir='ltr'><strong>Epicuro,</strong></span> <span class='ocrx_word' id='word_1_192' title='bbox 2194 1289 2283 1359; x_wconf 90' lang='lat' dir='ltr'><strong>qui</strong></span> <span class='ocrx_word' id='word_1_193' title='bbox 2316 1303 2438 1344; x_wconf 91' lang='lat' dir='ltr'><strong>eum</strong></span> <span class='ocrx_word' id='word_1_194' title='bbox 2471 1288 2687 1358; x_wconf 89' lang='lat' dir='ltr'><strong>docuit,</strong></span> <span class='ocrx_word' id='word_1_195' title='bbox 2719 1288 2904 1345; x_wconf 75' lang='lat' dir='ltr'><strong>eﬂ&#39;ossi</strong></span> <span class='ocrx_word' id='word_1_196' title='bbox 2935 1290 3076 1345; x_wconf 91' lang='lat' dir='ltr'><strong>oculi</strong></span> <span class='ocrx_word' id='word_1_197' title='bbox 3114 1300 3302 1358; x_wconf 86' lang='lat' dir='ltr'><strong>erant,</strong></span> <span class='ocrx_word' id='word_1_198' title='bbox 3338 1306 3409 1347; x_wconf 90' lang='lat' dir='ltr'><strong>ne</strong></span> <span class='ocrx_word' id='word_1_199' title='bbox 3432 1291 3514 1347; x_wconf 89' lang='lat' dir='ltr'><strong>vi-</strong></span> 
     </span>
    </p>
   </div>
   <div class='ocr_carea' id='block_1_27' title="bbox 1907 1378 3514 1452">
    <p class='ocr_par' dir='ltr' id='par_1_27' title="bbox 1907 1378 3514 1452">
     <span class='ocr_line' id='line_1_27' title="bbox 1907 1378 3514 1452; baseline 0.003 -17"><span class='ocrx_word' id='word_1_200' title='bbox 1907 1378 2121 1447; x_wconf 89' lang='lat' dir='ltr'><strong>derent,</strong></span> <span class='ocrx_word' id='word_1_201' title='bbox 2145 1378 2371 1435; x_wconf 81' lang='lat' dir='ltr'><strong>effossos</strong></span> <span class='ocrx_word' id='word_1_202' title='bbox 2398 1380 2579 1445; x_wconf 83' lang='lat' dir='ltr'><strong>orbes,</strong></span> <span class='ocrx_word' id='word_1_203' title='bbox 2611 1391 2666 1437; x_wconf 90' lang='lat' dir='ltr'><strong>et</strong></span> <span class='ocrx_word' id='word_1_204' title='bbox 2694 1390 2881 1452; x_wconf 89' lang='lat' dir='ltr'><strong>ruptas</strong></span> <span class='ocrx_word' id='word_1_205' title='bbox 2921 1382 3203 1438; x_wconf 87' lang='lat' dir='ltr'><strong>oculorum</strong></span> <span class='ocrx_word' id='word_1_206' title='bbox 3235 1382 3420 1451; x_wconf 83' lang='lat' dir='ltr'><strong>fibras,</strong></span> <span class='ocrx_word' id='word_1_207' title='bbox 3455 1392 3514 1440; x_wconf 88' lang='lat' dir='ltr'><strong>et</strong></span> 
     </span>
    </p>
   </div>
   <div class='ocr_carea' id='block_1_28' title="bbox 1908 1470 3516 1547">
    <p class='ocr_par' dir='ltr' id='par_1_28' title="bbox 1908 1470 3516 1547">
     <span class='ocr_line' id='line_1_28' title="bbox 1908 1470 3516 1547; baseline 0.002 -20"><span class='ocrx_word' id='word_1_208' title='bbox 1908 1470 2166 1528; x_wconf 84' lang='lat' dir='ltr'><strong>ﬂuentem</strong></span> <span class='ocrx_word' id='word_1_209' title='bbox 2194 1486 2291 1547; x_wconf 90' lang='lat' dir='ltr'><strong>per</strong></span> <span class='ocrx_word' id='word_1_210' title='bbox 2323 1486 2487 1528; x_wconf 89' lang='lat' dir='ltr'><strong>venas</strong></span> <span class='ocrx_word' id='word_1_211' title='bbox 2515 1474 2855 1544; x_wconf 88' lang='lat' dir='ltr'><strong>sanguinem,</strong></span> <span class='ocrx_word' id='word_1_212' title='bbox 2885 1483 2938 1530; x_wconf 90' lang='lat' dir='ltr'><strong>et</strong></span> <span class='ocrx_word' id='word_1_213' title='bbox 2965 1484 3273 1535; x_wconf 85' lang='lat' dir='ltr'><strong>crescentes</strong></span> <span class='ocrx_word' id='word_1_214' title='bbox 3300 1490 3367 1535; x_wconf 77' lang='lat' dir='ltr'><strong>ex</strong></span> <span class='ocrx_word' id='word_1_215' title='bbox 3396 1475 3516 1532; x_wconf 84' lang='lat' dir='ltr'><strong>vul-</strong></span> 
     </span>
    </p>
   </div>
   <div class='ocr_carea' id='block_1_29' title="bbox 1910 1565 3518 1631">
    <p class='ocr_par' dir='ltr' id='par_1_29' title="bbox 1910 1565 3518 1631">
     <span class='ocr_line' id='line_1_29' title="bbox 1910 1565 3518 1631; baseline 0.006 -12"><span class='ocrx_word' id='word_1_216' title='bbox 1910 1565 2132 1621; x_wconf 89' lang='lat' dir='ltr'><strong>neribus</strong></span> <span class='ocrx_word' id='word_1_217' title='bbox 2162 1579 2377 1631; x_wconf 84' lang='lat' dir='ltr'><strong>carnes,</strong></span> <span class='ocrx_word' id='word_1_218' title='bbox 2427 1573 2482 1620; x_wconf 91' lang='lat' dir='ltr'><strong>et</strong></span> <span class='ocrx_word' id='word_1_219' title='bbox 2527 1565 2789 1622; x_wconf 86' lang='lat' dir='ltr'><strong>obductas</strong></span> <span class='ocrx_word' id='word_1_220' title='bbox 2832 1566 2899 1621; x_wconf 88' lang='lat' dir='ltr'><strong>ad</strong></span> <span class='ocrx_word' id='word_1_221' title='bbox 2947 1567 3194 1625; x_wconf 88' lang='lat' dir='ltr'><strong>ultimum</strong></span> <span class='ocrx_word' id='word_1_222' title='bbox 3239 1569 3518 1629; x_wconf 77' lang='lat' dir='ltr'><strong>cicatrices</strong></span> 
     </span>
    </p>
   </div>
   <div class='ocr_carea' id='block_1_30' title="bbox 1910 1654 3520 1724">
    <p class='ocr_par' dir='ltr' id='par_1_30' title="bbox 1910 1654 3520 1724">
     <span class='ocr_line' id='line_1_30' title="bbox 1910 1654 3520 1724; baseline 0.004 -15"><span class='ocrx_word' id='word_1_223' title='bbox 1910 1654 2045 1710; x_wconf 88' lang='lat' dir='ltr'><strong>nihil</strong></span> <span class='ocrx_word' id='word_1_224' title='bbox 2073 1669 2230 1724; x_wconf 91' lang='lat' dir='ltr'><strong>posse</strong></span> <span class='ocrx_word' id='word_1_225' title='bbox 2266 1655 2402 1709; x_wconf 91' lang='lat' dir='ltr'><strong>lucis</strong></span> <span class='ocrx_word' id='word_1_226' title='bbox 2431 1654 2740 1723; x_wconf 88' lang='lat' dir='ltr'><strong>admittere,</strong></span> <span class='ocrx_word' id='word_1_227' title='bbox 2768 1657 2868 1711; x_wconf 91' lang='lat' dir='ltr'><strong>nisi</strong></span> <span class='ocrx_word' id='word_1_228' title='bbox 2894 1656 3034 1714; x_wconf 87' lang='lat' dir='ltr'><strong>forte</strong></span> <span class='ocrx_word' id='word_1_229' title='bbox 3081 1658 3303 1715; x_wconf 86' lang='lat' dir='ltr'><strong>auribus</strong></span> <span class='ocrx_word' id='word_1_230' title='bbox 3330 1660 3520 1717; x_wconf 79' lang='lat' dir='ltr'><strong>oculos</strong></span> 
     </span>
    </p>
   </div>
   <div class='ocr_carea' id='block_1_31' title="bbox 216 1745 3521 1821">
    <p class='ocr_par' dir='ltr' id='par_1_31' title="bbox 216 1745 3521 1821">
     <span class='ocr_line' id='line_1_31' title="bbox 216 1745 3521 1821; baseline 0 -15"><span class='ocrx_word' id='word_1_231' title='bbox 216 1766 338 1806; x_wconf 92' lang='lat' dir='ltr'><strong>cum</strong></span> <span class='ocrx_word' id='word_1_232' title='bbox 368 1752 513 1818; x_wconf 89' lang='lat' dir='ltr'><strong>acie,</strong></span> <span class='ocrx_word' id='word_1_233' title='bbox 541 1760 632 1806; x_wconf 91' lang='lat' dir='ltr'><strong>aut</strong></span> <span class='ocrx_word' id='word_1_234' title='bbox 657 1750 808 1807; x_wconf 77' lang='lat' dir='ltr'><strong>eli’nsi</strong></span> <span class='ocrx_word' id='word_1_235' title='bbox 832 1747 970 1804; x_wconf 85' lang='lat' dir='ltr'><strong>radii</strong></span> <span class='ocrx_word' id='word_1_236' title='bbox 996 1749 1064 1804; x_wconf 87' lang='lat' dir='ltr'><strong>ad</strong></span> <span class='ocrx_word' id='word_1_237' title='bbox 1088 1747 1143 1805; x_wconf 88' lang='lat' dir='ltr'><strong>id</strong></span> <span class='ocrx_word' id='word_1_238' title='bbox 1170 1746 1315 1818; x_wconf 90' lang='lat' dir='ltr'><strong>quod</strong></span> <span class='ocrx_word' id='word_1_239' title='bbox 1343 1745 1632 1802; x_wconf 90' lang='lat' dir='ltr'><strong>videndum</strong></span> <span class='ocrx_word' id='word_1_240' title='bbox 1657 1752 1804 1802; x_wconf 87' lang='lat' dir='ltr'><strong>esset</strong></span> <span class='ocrx_word' id='word_1_241' title='bbox 1910 1745 2113 1802; x_wconf 84' lang='lat' dir='ltr'><strong>similes</strong></span> <span class='ocrx_word' id='word_1_242' title='bbox 2141 1748 2286 1802; x_wconf 90' lang='lat' dir='ltr'><strong>nasci</strong></span> <span class='ocrx_word' id='word_1_243' title='bbox 2313 1746 2560 1813; x_wconf 83' lang='lat' dir='ltr'><strong>volebat;</strong></span> <span class='ocrx_word' id='word_1_244' title='bbox 2611 1757 2669 1803; x_wconf 91' lang='lat' dir='ltr'><strong>ut</strong></span> <span class='ocrx_word' id='word_1_245' title='bbox 2705 1763 2813 1803; x_wconf 89' lang='lat' dir='ltr'><strong>non</strong></span> <span class='ocrx_word' id='word_1_246' title='bbox 2854 1757 2962 1804; x_wconf 91' lang='lat' dir='ltr'><strong>tam</strong></span> <span class='ocrx_word' id='word_1_247' title='bbox 3007 1749 3200 1816; x_wconf 90' lang='lat' dir='ltr'><strong>oculis,</strong></span> <span class='ocrx_word' id='word_1_248' title='bbox 3230 1765 3390 1821; x_wconf 87' lang='lat' dir='ltr'><strong>quam</strong></span> <span class='ocrx_word' id='word_1_249' title='bbox 3437 1750 3521 1806; x_wconf 89' lang='lat' dir='ltr'><strong>fo-</strong></span> 
     </span>
    </p>
   </div>
   <div class='ocr_carea' id='block_1_32' title="bbox 260 1844 588 1899">
    <p class='ocr_par' dir='ltr' id='par_1_32' title="bbox 260 1844 588 1899">
     <span class='ocr_line' id='line_1_32' title="bbox 260 1844 588 1899; baseline 0 -2"><span class='ocrx_word' id='word_1_250' title='bbox 260 1844 588 1899; x_wconf 72' lang='lat' dir='ltr'><strong>cx-venirent.</strong></span> 
     </span>
    </p>
   </div>
   <div class='ocr_carea' id='block_1_33' title="bbox 218 1857 1803 2001">
    <p class='ocr_par' dir='ltr' id='par_1_33' title="bbox 218 1857 1803 2001">
     <span class='ocr_line' id='line_1_33' title="bbox 218 1857 588 1913; baseline 0 -16"><span class='ocrx_word' id='word_1_251' title='bbox 218 1857 588 1913; x_wconf 72' lang='lat' dir='ltr'><strong>per-venirent.</strong></span> 
     </span>
     <span class='ocr_line' id='line_1_34' title="bbox 292 1928 1803 2001; baseline -0.003 -11"><span class='ocrx_word' id='word_1_252' title='bbox 292 1935 428 1990; x_wconf 89' lang='lat' dir='ltr'><strong>Cum</strong></span> <span class='ocrx_word' id='word_1_253' title='bbox 453 1946 629 1990; x_wconf 81' lang='lat' dir='ltr'><strong>autem</strong></span> <span class='ocrx_word' id='word_1_254' title='bbox 655 1932 927 1989; x_wconf 87' lang='lat' dir='ltr'><strong>videamus</strong></span> <span class='ocrx_word' id='word_1_255' title='bbox 970 1932 1163 1989; x_wconf 84' lang='lat' dir='ltr'><strong>eodem</strong></span> <span class='ocrx_word' id='word_1_256' title='bbox 1208 1936 1487 1987; x_wconf 90' lang='lat' dir='ltr'><strong>momento</strong></span> <span class='ocrx_word' id='word_1_257' title='bbox 1525 1928 1803 2001; x_wconf 87' lang='lat' dir='ltr'><strong>temporis,</strong></span> 
     </span>
    </p>
   </div>
   <div class='ocr_carea' id='block_1_34' title="bbox 208 2023 1811 2099">
    <p class='ocr_par' dir='ltr' id='par_1_34' title="bbox 208 2023 1811 2099">
     <span class='ocr_line' id='line_1_35' title="bbox 208 2023 1811 2099; baseline -0.002 -18"><span class='ocrx_word' id='word_1_258' title='bbox 208 2027 536 2099; x_wconf 82' lang='lat' dir='ltr'><strong>plerumque</strong></span> <span class='ocrx_word' id='word_1_259' title='bbox 586 2041 715 2082; x_wconf 87' lang='lat' dir='ltr'><strong>vero</strong></span> <span class='ocrx_word' id='word_1_260' title='bbox 753 2025 895 2082; x_wconf 87' lang='lat' dir='ltr'><strong>aliud</strong></span> <span class='ocrx_word' id='word_1_261' title='bbox 942 2034 1202 2097; x_wconf 75' lang='lat' dir='ltr'><strong>agentes,</strong></span> <span class='ocrx_word' id='word_1_262' title='bbox 1235 2023 1591 2079; x_wconf 81' lang='lat' dir='ltr'><strong>nihilominus</strong></span> <span class='ocrx_word' id='word_1_263' title='bbox 1631 2032 1811 2078; x_wconf 90' lang='lat' dir='ltr'><strong>tamen</strong></span> 
     </span>
    </p>
   </div>
   <div class='ocr_carea' id='block_1_35' title="bbox 212 2116 1815 2191">
    <p class='ocr_par' dir='ltr' id='par_1_35' title="bbox 212 2116 1815 2191">
     <span class='ocr_line' id='line_1_36' title="bbox 212 2116 1815 2191; baseline -0.003 -16"><span class='ocrx_word' id='word_1_264' title='bbox 212 2122 465 2176; x_wconf 85' lang='lat' dir='ltr'><strong>universa</strong></span> <span class='ocrx_word' id='word_1_265' title='bbox 495 2134 615 2191; x_wconf 73' lang='lat' dir='ltr'><strong>quae</strong></span> <span class='ocrx_word' id='word_1_266' title='bbox 642 2126 832 2174; x_wconf 85' lang='lat' dir='ltr'><strong>contra</strong></span> <span class='ocrx_word' id='word_1_267' title='bbox 859 2127 986 2174; x_wconf 87' lang='lat' dir='ltr'><strong>sunt</strong></span> <span class='ocrx_word' id='word_1_268' title='bbox 1013 2118 1185 2189; x_wconf 91' lang='lat' dir='ltr'><strong>posita</strong></span> <span class='ocrx_word' id='word_1_269' title='bbox 1208 2117 1529 2184; x_wconf 88' lang='lat' dir='ltr'><strong>intueamur,</strong></span> <span class='ocrx_word' id='word_1_270' title='bbox 1552 2116 1735 2170; x_wconf 89' lang='lat' dir='ltr'><strong>verius</strong></span> <span class='ocrx_word' id='word_1_271' title='bbox 1760 2123 1815 2170; x_wconf 90' lang='lat' dir='ltr'><strong>et</strong></span> 
     </span>
    </p>
   </div>
   <div class='ocr_carea' id='block_1_36' title="bbox 1836 1826 3519 1914">
    <p class='ocr_par' dir='ltr' id='par_1_36' title="bbox 1836 1826 3519 1914">
     <span class='ocr_line' id='line_1_37' title="bbox 1836 1826 3519 1914; baseline 0.006 -24"><span class='ocrx_word' id='word_1_272' title='bbox 1836 1826 1887 1890; x_wconf 85' lang='lat' dir='ltr'><strong>B</strong></span> <span class='ocrx_word' id='word_1_273' title='bbox 1914 1838 2210 1895; x_wconf 89' lang='lat' dir='ltr'><strong>raminibus</strong></span> <span class='ocrx_word' id='word_1_274' title='bbox 2235 1854 2579 1896; x_wconf 91' lang='lat' dir='ltr'><strong>cerneremus</strong></span> <span class='ocrx_word' id='word_1_275' title='bbox 2600 1858 2613 1894; x_wconf 89' lang='lat'><strong>:</strong></span> <span class='ocrx_word' id='word_1_276' title='bbox 2637 1857 2745 1912; x_wconf 91' lang='lat' dir='ltr'><strong>quo</strong></span> <span class='ocrx_word' id='word_1_277' title='bbox 2771 1841 2904 1897; x_wconf 85' lang='lat' dir='ltr'><strong>nihil</strong></span> <span class='ocrx_word' id='word_1_278' title='bbox 2932 1842 2999 1898; x_wconf 90' lang='lat' dir='ltr'><strong>ad</strong></span> <span class='ocrx_word' id='word_1_279' title='bbox 3027 1842 3267 1914; x_wconf 89' lang='lat' dir='ltr'><strong>speciem</strong></span> <span class='ocrx_word' id='word_1_280' title='bbox 3298 1843 3519 1914; x_wconf 68' lang='lat' dir='ltr'><strong>foedius,</strong></span> 
     </span>
    </p>
   </div>
   <div class='ocr_carea' id='block_1_37' title="bbox 1910 1930 3517 2002">
    <p class='ocr_par' dir='ltr' id='par_1_37' title="bbox 1910 1930 3517 2002">
     <span class='ocr_line' id='line_1_38' title="bbox 1910 1930 3517 2002; baseline 0.004 -16"><span class='ocrx_word' id='word_1_281' title='bbox 1910 1930 1978 1986; x_wconf 87' lang='lat' dir='ltr'><strong>ad</strong></span> <span class='ocrx_word' id='word_1_282' title='bbox 2008 1946 2167 1986; x_wconf 89' lang='lat' dir='ltr'><strong>usum</strong></span> <span class='ocrx_word' id='word_1_283' title='bbox 2205 1931 2447 1987; x_wconf 88' lang='lat' dir='ltr'><strong>inutilius</strong></span> <span class='ocrx_word' id='word_1_284' title='bbox 2489 1930 2607 1987; x_wconf 81' lang='lat' dir='ltr'><strong>fieri</strong></span> <span class='ocrx_word' id='word_1_285' title='bbox 2641 1942 2837 2002; x_wconf 87' lang='lat' dir='ltr'><strong>potest.</strong></span> <span class='ocrx_word' id='word_1_286' title='bbox 2883 1933 3214 2002; x_wconf 86' lang='lat' dir='ltr'><strong>Quantulum</strong></span> <span class='ocrx_word' id='word_1_287' title='bbox 3257 1935 3403 1991; x_wconf 90' lang='lat' dir='ltr'><strong>enim</strong></span> <span class='ocrx_word' id='word_1_288' title='bbox 3432 1936 3517 1992; x_wconf 91' lang='lat' dir='ltr'><strong>vi-</strong></span> 
     </span>
    </p>
   </div>
   <div class='ocr_carea' id='block_1_38' title="bbox 1914 2022 3520 2096">
    <p class='ocr_par' dir='ltr' id='par_1_38' title="bbox 1914 2022 3520 2096">
     <span class='ocr_line' id='line_1_39' title="bbox 1914 2022 3520 2096; baseline 0.003 -18"><span class='ocrx_word' id='word_1_289' title='bbox 1914 2022 2045 2079; x_wconf 89' lang='lat' dir='ltr'><strong>dere</strong></span> <span class='ocrx_word' id='word_1_290' title='bbox 2073 2036 2376 2093; x_wconf 88' lang='lat' dir='ltr'><strong>possemus,</strong></span> <span class='ocrx_word' id='word_1_291' title='bbox 2405 2022 2447 2078; x_wconf 93' lang='lat' dir='ltr'><strong>si</strong></span> <span class='ocrx_word' id='word_1_292' title='bbox 2478 2038 2634 2079; x_wconf 92' lang='lat' dir='ltr'><strong>mens</strong></span> <span class='ocrx_word' id='word_1_293' title='bbox 2678 2023 2747 2079; x_wconf 94' lang='lat' dir='ltr'><strong>ab</strong></span> <span class='ocrx_word' id='word_1_294' title='bbox 2791 2023 2997 2079; x_wconf 88' lang='lat' dir='ltr'><strong>intimis</strong></span> <span class='ocrx_word' id='word_1_295' title='bbox 3030 2026 3395 2096; x_wconf 86' lang='lat' dir='ltr'><strong>penetralibus</strong></span> <span class='ocrx_word' id='word_1_296' title='bbox 3423 2041 3520 2083; x_wconf 88' lang='lat' dir='ltr'><strong>ca-</strong></span> 
     </span>
    </p>
   </div>
   <div class='ocr_carea' id='block_1_39' title="bbox 1919 2115 3524 2189">
    <p class='ocr_par' dir='ltr' id='par_1_39' title="bbox 1919 2115 3524 2189">
     <span class='ocr_line' id='line_1_40' title="bbox 1919 2115 3524 2189; baseline 0.003 -17"><span class='ocrx_word' id='word_1_297' title='bbox 1919 2116 2044 2188; x_wconf 89' lang='lat' dir='ltr'><strong>pitis</strong></span> <span class='ocrx_word' id='word_1_298' title='bbox 2070 2131 2166 2188; x_wconf 90' lang='lat' dir='ltr'><strong>per</strong></span> <span class='ocrx_word' id='word_1_299' title='bbox 2206 2115 2425 2187; x_wconf 84' lang='lat' dir='ltr'><strong>exiguas</strong></span> <span class='ocrx_word' id='word_1_300' title='bbox 2455 2130 2810 2172; x_wconf 88' lang='lat' dir='ltr'><strong>cavernarum</strong></span> <span class='ocrx_word' id='word_1_301' title='bbox 2845 2117 3067 2174; x_wconf 89' lang='lat' dir='ltr'><strong>rimulas</strong></span> <span class='ocrx_word' id='word_1_302' title='bbox 3094 2118 3427 2189; x_wconf 85' lang='lat' dir='ltr'><strong>attenderet;</strong></span> <span class='ocrx_word' id='word_1_303' title='bbox 3462 2126 3524 2177; x_wconf 88' lang='lat' dir='ltr'><strong>ut</strong></span> 
     </span>
    </p>
   </div>
   <div class='ocr_carea' id='block_1_40' title="bbox 1538 2253 2160 2314">
    <p class='ocr_par' dir='ltr' id='par_1_40' title="bbox 1538 2253 2160 2314">
     <span class='ocr_line' id='line_1_41' title="bbox 1538 2253 2160 2314; baseline 0.006 -7"><span class='ocrx_word' id='word_1_304' title='bbox 1538 2254 1895 2314; x_wconf 77' lang='lat' dir='ltr'><strong>VARIORUM</strong></span> <span class='ocrx_word' id='word_1_305' title='bbox 1928 2253 2160 2314; x_wconf 65' lang='lat' dir='ltr'><strong>NOTAE.</strong></span> 
     </span>
    </p>
   </div>
   <div class='ocr_carea' id='block_1_41' title="bbox 221 2398 1808 2474">
    <p class='ocr_par' dir='ltr' id='par_1_41' title="bbox 221 2398 1808 2474">
     <span class='ocr_line' id='line_1_42' title="bbox 221 2398 1808 2474; baseline -0.003 -15"><span class='ocrx_word' id='word_1_306' title='bbox 221 2403 288 2459; x_wconf 89' lang='lat' dir='ltr'><strong>de</strong></span> <span class='ocrx_word' id='word_1_307' title='bbox 316 2403 515 2468; x_wconf 86' lang='lat' dir='ltr'><strong>Divin.,</strong></span> <span class='ocrx_word' id='word_1_308' title='bbox 556 2403 628 2462; x_wconf 79' lang='lat'><strong>52</strong></span> <span class='ocrx_word' id='word_1_309' title='bbox 653 2420 667 2459; x_wconf 88' lang='lat'><strong>:</strong></span> <span class='ocrx_word' id='word_1_310' title='bbox 698 2405 761 2461; x_wconf 88' lang='lat' dir='ltr'><strong>Si</strong></span> <span class='ocrx_word' id='word_1_311' title='bbox 790 2405 899 2462; x_wconf 82' lang='lat' dir='ltr'><strong>sine</strong></span> <span class='ocrx_word' id='word_1_312' title='bbox 937 2403 1100 2461; x_wconf 79' lang='lat' dir='ltr'><strong>oculis</strong></span> <span class='ocrx_word' id='word_1_313' title='bbox 1122 2419 1227 2459; x_wconf 86' lang='lat' dir='ltr'><strong>non</strong></span> <span class='ocrx_word' id='word_1_314' title='bbox 1256 2410 1424 2474; x_wconf 82' lang='lat' dir='ltr'><strong>potest</strong></span> <span class='ocrx_word' id='word_1_315' title='bbox 1466 2409 1670 2456; x_wconf 76' lang='lat' dir='ltr'><strong>exstare</strong></span> <span class='ocrx_word' id='word_1_316' title='bbox 1699 2398 1808 2474; x_wconf 70' lang='lat' dir='ltr'><strong>oni-</strong></span> 
     </span>
    </p>
   </div>
   <div class='ocr_carea' id='block_1_42' title="bbox 222 2471 1814 2542">
    <p class='ocr_par' dir='ltr' id='par_1_42' title="bbox 222 2471 1814 2542">
     <span class='ocr_line' id='line_1_43' title="bbox 222 2471 1814 2542; baseline -0.003 -15"><span class='ocrx_word' id='word_1_317' title='bbox 222 2476 354 2528; x_wconf 81' lang='lat' dir='ltr'><strong>cium</strong></span> <span class='ocrx_word' id='word_1_318' title='bbox 400 2485 444 2529; x_wconf 89' lang='lat' dir='ltr'><strong>et</strong></span> <span class='ocrx_word' id='word_1_319' title='bbox 488 2492 678 2531; x_wconf 86' lang='lat' dir='ltr'><strong>munus</strong></span> <span class='ocrx_word' id='word_1_320' title='bbox 733 2477 1019 2531; x_wconf 83' lang='lat' dir='ltr'><strong>oculorum.</strong></span> <span class='ocrx_word' id='word_1_321' title='bbox 1056 2471 1266 2530; x_wconf 49' lang='lat' dir='ltr'><strong>Bait—4</strong></span> <span class='ocrx_word' id='word_1_322' title='bbox 1283 2475 1512 2542; x_wconf 80' lang='lat' dir='ltr'><strong>Quorum</strong></span> <span class='ocrx_word' id='word_1_323' title='bbox 1556 2471 1814 2542; x_wconf 70' lang='lat' dir='ltr'><strong>pra’cipue</strong></span> 
     </span>
    </p>
   </div>
   <div class='ocr_carea' id='block_1_43' title="bbox 216 2540 1808 2613">
    <p class='ocr_par' dir='ltr' id='par_1_43' title="bbox 216 2540 1808 2613">
     <span class='ocr_line' id='line_1_44' title="bbox 216 2540 1808 2613; baseline -0.004 -12"><span class='ocrx_word' id='word_1_324' title='bbox 216 2546 589 2613; x_wconf 72' lang='lat' dir='ltr'><strong>irtexplicabilis</strong></span> <span class='ocrx_word' id='word_1_325' title='bbox 606 2556 683 2603; x_wconf 82' lang='lat' dir='ltr'><strong>est</strong></span> <span class='ocrx_word' id='word_1_326' title='bbox 710 2563 771 2601; x_wconf 81' lang='lat' dir='ltr'><strong>ac</strong></span> <span class='ocrx_word' id='word_1_327' title='bbox 795 2548 928 2603; x_wconf 79' lang='lat' dir='ltr'><strong>mira</strong></span> <span class='ocrx_word' id='word_1_328' title='bbox 953 2546 1209 2601; x_wconf 82' lang='lat' dir='ltr'><strong>subtilitas</strong></span> <span class='ocrx_word' id='word_1_329' title='bbox 1231 2587 1246 2613; x_wconf 95' lang='lat'><strong>,</strong></span> <span class='ocrx_word' id='word_1_330' title='bbox 1294 2540 1399 2601; x_wconf 78' lang='lat' dir='ltr'><strong>etc.</strong></span> <span class='ocrx_word' id='word_1_331' title='bbox 1434 2540 1607 2611; x_wconf 83' lang='lat' dir='ltr'><strong>Quam</strong></span> <span class='ocrx_word' id='word_1_332' title='bbox 1635 2540 1808 2595; x_wconf 85' lang='lat' dir='ltr'><strong>subti-</strong></span> 
     </span>
    </p>
   </div>
   <div class='ocr_carea' id='block_1_44' title="bbox 216 2613 1813 2684">
    <p class='ocr_par' dir='ltr' id='par_1_44' title="bbox 216 2613 1813 2684">
     <span class='ocr_line' id='line_1_45' title="bbox 216 2613 1813 2684; baseline -0.003 -14"><span class='ocrx_word' id='word_1_333' title='bbox 216 2617 419 2670; x_wconf 85' lang='lat' dir='ltr'><strong>litatem</strong></span> <span class='ocrx_word' id='word_1_334' title='bbox 449 2617 695 2684; x_wconf 86' lang='lat' dir='ltr'><strong>miratur,</strong></span> <span class='ocrx_word' id='word_1_335' title='bbox 738 2629 792 2673; x_wconf 92' lang='lat' dir='ltr'><strong>et</strong></span> <span class='ocrx_word' id='word_1_336' title='bbox 820 2618 1033 2673; x_wconf 70' lang='lat' dir='ltr'><strong>caeteris</strong></span> <span class='ocrx_word' id='word_1_337' title='bbox 1064 2619 1220 2684; x_wconf 89' lang='lat' dir='ltr'><strong>longa</strong></span> <span class='ocrx_word' id='word_1_338' title='bbox 1251 2631 1314 2671; x_wconf 86' lang='lat' dir='ltr'><strong>ac</strong></span> <span class='ocrx_word' id='word_1_339' title='bbox 1345 2616 1601 2684; x_wconf 84' lang='lat' dir='ltr'><strong>praeclara</strong></span> <span class='ocrx_word' id='word_1_340' title='bbox 1626 2613 1813 2684; x_wconf 89' lang='lat' dir='ltr'><strong>dispu-</strong></span> 
     </span>
    </p>
   </div>
   <div class='ocr_carea' id='block_1_45' title="bbox 216 2684 1817 2759">
    <p class='ocr_par' dir='ltr' id='par_1_45' title="bbox 216 2684 1817 2759">
     <span class='ocr_line' id='line_1_46' title="bbox 216 2684 1817 2759; baseline -0.004 -16"><span class='ocrx_word' id='word_1_341' title='bbox 216 2689 420 2743; x_wconf 78' lang='lat' dir='ltr'><strong>tatione</strong></span> <span class='ocrx_word' id='word_1_342' title='bbox 444 2688 814 2744; x_wconf 82' lang='lat' dir='ltr'><strong>admirandam</strong></span> <span class='ocrx_word' id='word_1_343' title='bbox 842 2690 1048 2759; x_wconf 68' lang='lat' dir='ltr'><strong>praebet</strong></span> <span class='ocrx_word' id='word_1_344' title='bbox 1072 2684 1267 2746; x_wconf 82' lang='lat' dir='ltr'><strong>Galen.</strong></span> <span class='ocrx_word' id='word_1_345' title='bbox 1301 2686 1397 2741; x_wconf 86' lang='lat' dir='ltr'><strong>lib.</strong></span> <span class='ocrx_word' id='word_1_346' title='bbox 1430 2701 1487 2752; x_wconf 77' lang='grc' dir='ltr'>ι,</span> <span class='ocrx_word' id='word_1_347' title='bbox 1519 2699 1571 2740; x_wconf 91' lang='lat' dir='ltr'><strong>c.</strong></span> <span class='ocrx_word' id='word_1_348' title='bbox 1611 2684 1685 2749; x_wconf 88' lang='lat'><strong>6;</strong></span> <span class='ocrx_word' id='word_1_349' title='bbox 1718 2684 1817 2737; x_wconf 85' lang='lat' dir='ltr'><strong>Ba-</strong></span> 
     </span>
    </p>
   </div>
   <div class='ocr_carea' id='block_1_46' title="bbox 216 2759 891 2830">
    <p class='ocr_par' dir='ltr' id='par_1_46' title="bbox 216 2759 891 2830">
     <span class='ocr_line' id='line_1_47' title="bbox 216 2759 891 2830; baseline -0.001 -15"><span class='ocrx_word' id='word_1_350' title='bbox 216 2759 335 2826; x_wconf 88' lang='lat' dir='ltr'><strong>sil.,</strong></span> <span class='ocrx_word' id='word_1_351' title='bbox 366 2759 457 2815; x_wconf 89' lang='lat' dir='ltr'><strong>ubi</strong></span> <span class='ocrx_word' id='word_1_352' title='bbox 488 2760 891 2830; x_wconf 37' lang='lat' dir='ltr'><strong>supraalsieus.</strong></span> 
     </span>
    </p>
   </div>
   <div class='ocr_carea' id='block_1_47' title="bbox 291 2846 1819 2921">
    <p class='ocr_par' dir='ltr' id='par_1_47' title="bbox 291 2846 1819 2921">
     <span class='ocr_line' id='line_1_48' title="bbox 291 2846 1819 2921; baseline -0.003 -15"><span class='ocrx_word' id='word_1_353' title='bbox 291 2850 607 2909; x_wconf 73' lang='lat' dir='ltr'><strong>Membranis</strong></span> <span class='ocrx_word' id='word_1_354' title='bbox 653 2850 1029 2921; x_wconf 76' lang='lat' dir='ltr'><strong>perlucentibus</strong></span> <span class='ocrx_word' id='word_1_355' title='bbox 1072 2851 1215 2908; x_wconf 68' lang='lat' dir='ltr'><strong>texit.</strong></span> <span class='ocrx_word' id='word_1_356' title='bbox 1262 2848 1378 2908; x_wconf 90' lang='lat' dir='ltr'><strong>Cic.</strong></span> <span class='ocrx_word' id='word_1_357' title='bbox 1425 2864 1464 2909; x_wconf 84' lang='grc' dir='ltr'><strong>ιι</strong></span> <span class='ocrx_word' id='word_1_358' title='bbox 1504 2846 1574 2907; x_wconf 89' lang='lat' dir='ltr'><strong>de</strong></span> <span class='ocrx_word' id='word_1_359' title='bbox 1614 2846 1819 2905; x_wconf 82' lang='lat' dir='ltr'><strong>Natura</strong></span> 
     </span>
    </p>
   </div>
   <div class='ocr_carea' id='block_1_48' title="bbox 218 2922 689 2989">
    <p class='ocr_par' dir='ltr' id='par_1_48' title="bbox 218 2922 689 2989">
     <span class='ocr_line' id='line_1_49' title="bbox 218 2922 689 2989; baseline -0.006 -9"><span class='ocrx_word' id='word_1_360' title='bbox 218 2922 466 2989; x_wconf 82' lang='lat' dir='ltr'><strong>deorum.</strong></span> <span class='ocrx_word' id='word_1_361' title='bbox 498 2923 689 2979; x_wconf 57' lang='lat' dir='ltr'><strong>lseus.</strong></span> 
     </span>
    </p>
   </div>
   <div class='ocr_carea' id='block_1_49' title="bbox 296 2989 1817 3064">
    <p class='ocr_par' dir='ltr' id='par_1_49' title="bbox 296 2989 1817 3064">
     <span class='ocr_line' id='line_1_50' title="bbox 296 2989 1817 3064; baseline -0.003 -15"><span class='ocrx_word' id='word_1_362' title='bbox 296 2993 362 3049; x_wconf 87' lang='lat' dir='ltr'><strong>Ut</strong></span> <span class='ocrx_word' id='word_1_363' title='bbox 408 2996 661 3063; x_wconf 85' lang='lat' dir='ltr'><strong>imagines</strong></span> <span class='ocrx_word' id='word_1_364' title='bbox 704 3010 876 3049; x_wconf 80' lang='lat' dir='ltr'><strong>rerum</strong></span> <span class='ocrx_word' id='word_1_365' title='bbox 921 3003 1097 3048; x_wconf 89' lang='lat' dir='ltr'><strong>contra</strong></span> <span class='ocrx_word' id='word_1_366' title='bbox 1142 2993 1422 3064; x_wconf 85' lang='lat' dir='ltr'><strong>positarum</strong></span> <span class='ocrx_word' id='word_1_367' title='bbox 1476 3001 1717 3061; x_wconf 85' lang='lat' dir='ltr'><strong>tanquam</strong></span> <span class='ocrx_word' id='word_1_368' title='bbox 1763 2989 1817 3045; x_wconf 84' lang='lat' dir='ltr'><strong>in</strong></span> 
     </span>
    </p>
   </div>
   <div class='ocr_carea' id='block_1_50' title="bbox 223 3065 1813 3135">
    <p class='ocr_par' dir='ltr' id='par_1_50' title="bbox 223 3065 1813 3135">
     <span class='ocr_line' id='line_1_51' title="bbox 223 3065 1813 3135; baseline -0.003 -15"><span class='ocrx_word' id='word_1_369' title='bbox 223 3065 424 3135; x_wconf 80' lang='lat' dir='ltr'><strong>speculo</strong></span> <span class='ocrx_word' id='word_1_370' title='bbox 468 3065 782 3135; x_wconf 75' lang='lat' dir='ltr'><strong>refulgentes</strong></span> <span class='ocrx_word' id='word_1_371' title='bbox 801 3107 815 3131; x_wconf 88' lang='lat'><strong>,</strong></span> <span class='ocrx_word' id='word_1_372' title='bbox 848 3065 917 3119; x_wconf 86' lang='lat' dir='ltr'><strong>ad</strong></span> <span class='ocrx_word' id='word_1_373' title='bbox 943 3082 1146 3120; x_wconf 83' lang='lat' dir='ltr'><strong>sensum</strong></span> <span class='ocrx_word' id='word_1_374' title='bbox 1173 3066 1409 3118; x_wconf 83' lang='lat' dir='ltr'><strong>intimum</strong></span> <span class='ocrx_word' id='word_1_375' title='bbox 1455 3071 1813 3135; x_wconf 71' lang='lat' dir='ltr'><strong>penetrarent,</strong></span> 
     </span>
    </p>
   </div>
   <div class='ocr_carea' id='block_1_51' title="bbox 220 3133 1817 3205">
    <p class='ocr_par' dir='ltr' id='par_1_51' title="bbox 220 3133 1817 3205">
     <span class='ocr_line' id='line_1_52' title="bbox 220 3133 1817 3205; baseline -0.001 -16"><span class='ocrx_word' id='word_1_376' title='bbox 220 3133 324 3190; x_wconf 70' lang='lat' dir='ltr'><strong>etc.</strong></span> <span class='ocrx_word' id='word_1_377' title='bbox 360 3133 619 3191; x_wconf 75' lang='lat' dir='ltr'><strong>Nobilem</strong></span> <span class='ocrx_word' id='word_1_378' title='bbox 639 3137 782 3190; x_wconf 83' lang='lat' dir='ltr'><strong>illam</strong></span> <span class='ocrx_word' id='word_1_379' title='bbox 812 3146 970 3205; x_wconf 91' lang='lat' dir='ltr'><strong>atque</strong></span> <span class='ocrx_word' id='word_1_380' title='bbox 1000 3136 1222 3191; x_wconf 88' lang='lat' dir='ltr'><strong>arduam</strong></span> <span class='ocrx_word' id='word_1_381' title='bbox 1249 3135 1599 3205; x_wconf 64' lang='lat' dir='ltr'><strong>quaastionem</strong></span> <span class='ocrx_word' id='word_1_382' title='bbox 1650 3133 1817 3203; x_wconf 82' lang='lat' dir='ltr'><strong>tangit</strong></span> 
     </span>
    </p>
   </div>
   <div class='ocr_carea' id='block_1_52' title="bbox 220 3206 1815 3276">
    <p class='ocr_par' dir='ltr' id='par_1_52' title="bbox 220 3206 1815 3276">
     <span class='ocr_line' id='line_1_53' title="bbox 220 3206 1815 3276; baseline -0.004 -14"><span class='ocrx_word' id='word_1_383' title='bbox 220 3208 287 3262; x_wconf 85' lang='lat' dir='ltr'><strong>de</strong></span> <span class='ocrx_word' id='word_1_384' title='bbox 315 3208 478 3262; x_wconf 88' lang='lat' dir='ltr'><strong>modo</strong></span> <span class='ocrx_word' id='word_1_385' title='bbox 503 3222 570 3262; x_wconf 86' lang='lat' dir='ltr'><strong>ac</strong></span> <span class='ocrx_word' id='word_1_386' title='bbox 595 3207 804 3262; x_wconf 83' lang='lat' dir='ltr'><strong>ratione</strong></span> <span class='ocrx_word' id='word_1_387' title='bbox 829 3207 1081 3272; x_wconf 87' lang='lat' dir='ltr'><strong>videndi,</strong></span> <span class='ocrx_word' id='word_1_388' title='bbox 1111 3208 1161 3261; x_wconf 88' lang='lat' dir='ltr'><strong>in</strong></span> <span class='ocrx_word' id='word_1_389' title='bbox 1202 3221 1307 3276; x_wconf 86' lang='lat' dir='ltr'><strong>qua</strong></span> <span class='ocrx_word' id='word_1_390' title='bbox 1337 3206 1606 3261; x_wconf 86' lang='lat' dir='ltr'><strong>variarum</strong></span> <span class='ocrx_word' id='word_1_391' title='bbox 1637 3215 1815 3276; x_wconf 81' lang='lat' dir='ltr'><strong>secta-</strong></span> 
     </span>
    </p>
   </div>
   <div class='ocr_carea' id='block_1_53' title="bbox 219 3273 1818 3348">
    <p class='ocr_par' dir='ltr' id='par_1_53' title="bbox 219 3273 1818 3348">
     <span class='ocr_line' id='line_1_54' title="bbox 219 3273 1818 3348; baseline -0.004 -14"><span class='ocrx_word' id='word_1_392' title='bbox 219 3295 335 3334; x_wconf 88' lang='lat' dir='ltr'><strong>rum</strong></span> <span class='ocrx_word' id='word_1_393' title='bbox 365 3278 647 3348; x_wconf 84' lang='lat' dir='ltr'><strong>principes</strong></span> <span class='ocrx_word' id='word_1_394' title='bbox 694 3278 995 3348; x_wconf 83' lang='lat' dir='ltr'><strong>philosophi</strong></span> <span class='ocrx_word' id='word_1_395' title='bbox 1028 3273 1397 3341; x_wconf 73' lang='lat' dir='ltr'><strong>desudarunt,</strong></span> <span class='ocrx_word' id='word_1_396' title='bbox 1445 3276 1571 3348; x_wconf 76' lang='lat' dir='ltr'><strong>aliis</strong></span> <span class='ocrx_word' id='word_1_397' title='bbox 1613 3289 1709 3348; x_wconf 79' lang='lat' dir='ltr'><strong>per</strong></span> <span class='ocrx_word' id='word_1_398' title='bbox 1737 3273 1818 3328; x_wconf 89' lang='lat' dir='ltr'><strong>in-</strong></span> 
     </span>
    </p>
   </div>
   <div class='ocr_carea' id='block_1_54' title="bbox 220 3345 1821 3418">
    <p class='ocr_par' dir='ltr' id='par_1_54' title="bbox 220 3345 1821 3418">
     <span class='ocr_line' id='line_1_55' title="bbox 220 3345 1821 3418; baseline -0.002 -14"><span class='ocrx_word' id='word_1_399' title='bbox 220 3363 307 3405; x_wconf 79' lang='lat' dir='ltr'><strong>tus</strong></span> <span class='ocrx_word' id='word_1_400' title='bbox 330 3345 761 3418; x_wconf 68' lang='lat' dir='ltr'><strong>susceptionem,</strong></span> <span class='ocrx_word' id='word_1_401' title='bbox 790 3345 1087 3417; x_wconf 77' lang='lat' dir='ltr'><strong>rursusque</strong></span> <span class='ocrx_word' id='word_1_402' title='bbox 1110 3349 1235 3401; x_wconf 77' lang='lat' dir='ltr'><strong>aliis</strong></span> <span class='ocrx_word' id='word_1_403' title='bbox 1258 3361 1358 3418; x_wconf 83' lang='lat' dir='ltr'><strong>per</strong></span> <span class='ocrx_word' id='word_1_404' title='bbox 1386 3345 1741 3418; x_wconf 74' lang='lat' dir='ltr'><strong>mater-ianum</strong></span> <span class='ocrx_word' id='word_1_405' title='bbox 1764 3354 1821 3400; x_wconf 89' lang='lat' dir='ltr'><strong>et</strong></span> 
     </span>
    </p>
   </div>
   <div class='ocr_carea' id='block_1_55' title="bbox 220 3416 1818 3493">
    <p class='ocr_par' dir='ltr' id='par_1_55' title="bbox 220 3416 1818 3493">
     <span class='ocr_line' id='line_1_56' title="bbox 220 3416 1818 3493; baseline -0.004 -16"><span class='ocrx_word' id='word_1_406' title='bbox 220 3416 633 3493; x_wconf 76' lang='lat' dir='ltr'><strong>corporearunt,</strong></span> <span class='ocrx_word' id='word_1_407' title='bbox 673 3421 796 3474; x_wconf 87' lang='lat' dir='ltr'><strong>aliis</strong></span> <span class='ocrx_word' id='word_1_408' title='bbox 823 3434 923 3493; x_wconf 91' lang='lat' dir='ltr'><strong>per</strong></span> <span class='ocrx_word' id='word_1_409' title='bbox 949 3416 1280 3493; x_wconf 55' lang='lat' dir='ltr'><strong>spiritalium</strong></span> <span class='ocrx_word' id='word_1_410' title='bbox 1297 3427 1354 3493; x_wconf 79' lang='lat' dir='ltr'><strong>et</strong></span> <span class='ocrx_word' id='word_1_411' title='bbox 1382 3416 1818 3493; x_wconf 66' lang='lat' dir='ltr'><strong>immaterialium</strong></span> 
     </span>
    </p>
   </div>
   <div class='ocr_carea' id='block_1_56' title="bbox 218 3488 1816 3555">
    <p class='ocr_par' dir='ltr' id='par_1_56' title="bbox 218 3488 1816 3555">
     <span class='ocr_line' id='line_1_57' title="bbox 218 3488 1816 3555; baseline -0.005 -6"><span class='ocrx_word' id='word_1_412' title='bbox 218 3488 405 3549; x_wconf 77' lang='lat' dir='ltr'><strong>rerum</strong></span> <span class='ocrx_word' id='word_1_413' title='bbox 456 3490 759 3555; x_wconf 72' lang='lat' dir='ltr'><strong>inﬂuxum,</strong></span> <span class='ocrx_word' id='word_1_414' title='bbox 788 3488 881 3544; x_wconf 75' lang='lat' dir='ltr'><strong>aut</strong></span> <span class='ocrx_word' id='word_1_415' title='bbox 908 3489 1165 3544; x_wconf 76' lang='lat' dir='ltr'><strong>elilusum</strong></span> <span class='ocrx_word' id='word_1_416' title='bbox 1186 3528 1202 3554; x_wconf 94' lang='lat'><strong>,</strong></span> <span class='ocrx_word' id='word_1_417' title='bbox 1233 3488 1495 3544; x_wconf 89' lang='lat' dir='ltr'><strong>visionem</strong></span> <span class='ocrx_word' id='word_1_418' title='bbox 1522 3488 1639 3542; x_wconf 79' lang='lat' dir='ltr'><strong>fieri</strong></span> <span class='ocrx_word' id='word_1_419' title='bbox 1667 3500 1816 3542; x_wconf 79' lang='lat' dir='ltr'><strong>asse-</strong></span> 
     </span>
    </p>
   </div>
   <div class='ocr_carea' id='block_1_57' title="bbox 218 3556 1821 3631">
    <p class='ocr_par' dir='ltr' id='par_1_57' title="bbox 218 3556 1821 3631">
     <span class='ocr_line' id='line_1_58' title="bbox 218 3556 1821 3631; baseline -0.004 -11"><span class='ocrx_word' id='word_1_420' title='bbox 218 3564 491 3620; x_wconf 86' lang='lat' dir='ltr'><strong>rcntibus.</strong></span> <span class='ocrx_word' id='word_1_421' title='bbox 522 3562 636 3631; x_wconf 79' lang='lat' dir='ltr'><strong>Qua</strong></span> <span class='ocrx_word' id='word_1_422' title='bbox 660 3563 730 3617; x_wconf 87' lang='lat' dir='ltr'><strong>de</strong></span> <span class='ocrx_word' id='word_1_423' title='bbox 775 3579 837 3618; x_wconf 90' lang='lat' dir='ltr'><strong>re</strong></span> <span class='ocrx_word' id='word_1_424' title='bbox 874 3560 1026 3615; x_wconf 85' lang='lat' dir='ltr'><strong>Plato</strong></span> <span class='ocrx_word' id='word_1_425' title='bbox 1052 3559 1310 3615; x_wconf 88' lang='lat' dir='ltr'><strong>videndus</strong></span> <span class='ocrx_word' id='word_1_426' title='bbox 1351 3560 1403 3631; x_wconf 86' lang='lat' dir='ltr'><strong>in</strong></span> <span class='ocrx_word' id='word_1_427' title='bbox 1445 3558 1684 3625; x_wconf 65' lang='lat' dir='ltr'><strong>Timieo,</strong></span> <span class='ocrx_word' id='word_1_428' title='bbox 1731 3556 1821 3613; x_wconf 90' lang='lat' dir='ltr'><strong>ubi</strong></span> 
     </span>
    </p>
   </div>
   <div class='ocr_carea' id='block_1_58' title="bbox 219 3630 1824 3700">
    <p class='ocr_par' dir='ltr' id='par_1_58' title="bbox 219 3630 1824 3700">
     <span class='ocr_line' id='line_1_59' title="bbox 219 3630 1824 3700; baseline -0.004 -9"><span class='ocrx_word' id='word_1_429' title='bbox 219 3636 289 3691; x_wconf 87' lang='lat' dir='ltr'><strong>de</strong></span> <span class='ocrx_word' id='word_1_430' title='bbox 318 3636 529 3700; x_wconf 86' lang='lat' dir='ltr'><strong>oculis,</strong></span> <span class='ocrx_word' id='word_1_431' title='bbox 554 3630 727 3689; x_wconf 66' lang='lat' dir='ltr'><strong>Arist.</strong></span> <span class='ocrx_word' id='word_1_432' title='bbox 762 3650 834 3700; x_wconf 88' lang='grc' dir='ltr'>ιι,</span> <span class='ocrx_word' id='word_1_433' title='bbox 885 3633 954 3687; x_wconf 90' lang='lat' dir='ltr'><strong>de</strong></span> <span class='ocrx_word' id='word_1_434' title='bbox 981 3631 1160 3686; x_wconf 81' lang='lat' dir='ltr'><strong>Anim.</strong></span> <span class='ocrx_word' id='word_1_435' title='bbox 1194 3641 1305 3685; x_wconf 79' lang='lat' dir='ltr'><strong>tes.</strong></span> <span class='ocrx_word' id='word_1_436' title='bbox 1350 3630 1421 3686; x_wconf 82' lang='lat'><strong>66</strong></span> <span class='ocrx_word' id='word_1_437' title='bbox 1465 3640 1520 3687; x_wconf 89' lang='lat' dir='ltr'><strong>et</strong></span> <span class='ocrx_word' id='word_1_438' title='bbox 1565 3638 1824 3700; x_wconf 83' lang='lat' dir='ltr'><strong>seqq.,et</strong></span> 
     </span>
    </p>
   </div>
   <div class='ocr_carea' id='block_1_59' title="bbox 218 3699 1819 3770">
    <p class='ocr_par' dir='ltr' id='par_1_59' title="bbox 218 3699 1819 3770">
     <span class='ocr_line' id='line_1_60' title="bbox 218 3699 1819 3770; baseline -0.006 -7"><span class='ocrx_word' id='word_1_439' title='bbox 218 3708 318 3763; x_wconf 89' lang='lat' dir='ltr'><strong>lib.</strong></span> <span class='ocrx_word' id='word_1_440' title='bbox 346 3707 416 3762; x_wconf 85' lang='lat' dir='ltr'><strong>de</strong></span> <span class='ocrx_word' id='word_1_441' title='bbox 443 3706 606 3761; x_wconf 72' lang='lat' dir='ltr'><strong>Sans.</strong></span> <span class='ocrx_word' id='word_1_442' title='bbox 638 3715 690 3760; x_wconf 87' lang='lat' dir='ltr'><strong>et</strong></span> <span class='ocrx_word' id='word_1_443' title='bbox 715 3704 914 3760; x_wconf 81' lang='lat' dir='ltr'><strong>Seusil.</strong></span> <span class='ocrx_word' id='word_1_444' title='bbox 957 3718 1077 3770; x_wconf 85' lang='lat' dir='ltr'><strong>cap.</strong></span> <span class='ocrx_word' id='word_1_445' title='bbox 1104 3703 1167 3759; x_wconf 86' lang='lat'><strong>2:</strong></span> <span class='ocrx_word' id='word_1_446' title='bbox 1199 3702 1360 3758; x_wconf 82' lang='lat' dir='ltr'><strong>Lucr.</strong></span> <span class='ocrx_word' id='word_1_447' title='bbox 1408 3717 1496 3768; x_wconf 85' lang='lat' dir='ltr'><strong>tv;</strong></span> <span class='ocrx_word' id='word_1_448' title='bbox 1542 3699 1819 3756; x_wconf 82' lang='lat' dir='ltr'><strong>Plutarch.</strong></span> 
     </span>
    </p>
   </div>
   <div class='ocr_carea' id='block_1_60' title="bbox 216 3770 1865 3844">
    <p class='ocr_par' dir='ltr' id='par_1_60' title="bbox 216 3770 1865 3844">
     <span class='ocr_line' id='line_1_61' title="bbox 216 3770 1865 3844; baseline -0.001 -13"><span class='ocrx_word' id='word_1_449' title='bbox 216 3778 513 3835; x_wconf 71' lang='lat' dir='ltr'><strong>del’laeit.</strong></span> <span class='ocrx_word' id='word_1_450' title='bbox 542 3775 639 3835; x_wconf 87' lang='lat' dir='ltr'><strong>lib.</strong></span> <span class='ocrx_word' id='word_1_451' title='bbox 688 3792 774 3841; x_wconf 86' lang='lat' dir='ltr'><strong>tv,</strong></span> <span class='ocrx_word' id='word_1_452' title='bbox 816 3790 940 3844; x_wconf 86' lang='lat' dir='ltr'><strong>cap.</strong></span> <span class='ocrx_word' id='word_1_453' title='bbox 994 3774 1097 3840; x_wconf 73' lang='lat' dir='ltr'><strong>l5;</strong></span> <span class='ocrx_word' id='word_1_454' title='bbox 1142 3773 1283 3830; x_wconf 86' lang='lat' dir='ltr'><strong>Gell.</strong></span> <span class='ocrx_word' id='word_1_455' title='bbox 1332 3772 1424 3829; x_wconf 85' lang='lat' dir='ltr'><strong>lib.</strong></span> <span class='ocrx_word' id='word_1_456' title='bbox 1475 3789 1538 3838; x_wconf 90' lang='lat' dir='ltr'><strong>v,</strong></span> <span class='ocrx_word' id='word_1_457' title='bbox 1568 3770 1821 3844; x_wconf 63' lang='lat' dir='ltr'><strong>«p.16;</strong></span> <span class='ocrx_word' id='word_1_458' title='bbox 1862 3789 1865 3792; x_wconf 73' lang='lat'><strong><em>&#39;</em></strong></span> 
     </span>
    </p>
   </div>
   <div class='ocr_carea' id='block_1_61' title="bbox 226 3842 1826 3916">
    <p class='ocr_par' dir='ltr' id='par_1_61' title="bbox 226 3842 1826 3916">
     <span class='ocr_line' id='line_1_62' title="bbox 226 3842 1826 3916; baseline -0.005 -12"><span class='ocrx_word' id='word_1_459' title='bbox 226 3848 466 3904; x_wconf 79' lang='lat' dir='ltr'><strong>Macrob.</strong></span> <span class='ocrx_word' id='word_1_460' title='bbox 505 3862 565 3903; x_wconf 91' lang='grc' dir='ltr'><strong>ιιι</strong></span> <span class='ocrx_word' id='word_1_461' title='bbox 605 3846 822 3902; x_wconf 89' lang='lat' dir='ltr'><strong>Saturn.</strong></span> <span class='ocrx_word' id='word_1_462' title='bbox 848 3842 967 3916; x_wconf 84' lang='lat' dir='ltr'><strong>cap.</strong></span> <span class='ocrx_word' id='word_1_463' title='bbox 999 3846 1094 3911; x_wconf 71' lang='lat'><strong>14;</strong></span> <span class='ocrx_word' id='word_1_464' title='bbox 1140 3845 1328 3901; x_wconf 85' lang='lat' dir='ltr'><strong>Galen.</strong></span> <span class='ocrx_word' id='word_1_465' title='bbox 1376 3844 1470 3900; x_wconf 87' lang='lat' dir='ltr'><strong>lib.</strong></span> <span class='ocrx_word' id='word_1_466' title='bbox 1491 3860 1572 3907; x_wconf 71' lang='grc' dir='ltr'>ι,</span> <span class='ocrx_word' id='word_1_467' title='bbox 1598 3857 1723 3912; x_wconf 84' lang='lat' dir='ltr'><strong>cap.</strong></span> <span class='ocrx_word' id='word_1_468' title='bbox 1756 3842 1826 3897; x_wconf 79' lang='lat' dir='ltr'><strong>t2</strong></span> 
     </span>
    </p>
   </div>
   <div class='ocr_carea' id='block_1_62' title="bbox 228 3916 1826 3986">
    <p class='ocr_par' dir='ltr' id='par_1_62' title="bbox 228 3916 1826 3986">
     <span class='ocr_line' id='line_1_63' title="bbox 228 3916 1826 3986; baseline -0.003 -12"><span class='ocrx_word' id='word_1_469' title='bbox 228 3930 285 3975; x_wconf 86' lang='lat' dir='ltr'><strong>et</strong></span> <span class='ocrx_word' id='word_1_470' title='bbox 310 3921 380 3974; x_wconf 81' lang='lat' dir='ltr'><strong>de</strong></span> <span class='ocrx_word' id='word_1_471' title='bbox 410 3919 642 3984; x_wconf 79' lang='lat' dir='ltr'><strong>Placit.;</strong></span> <span class='ocrx_word' id='word_1_472' title='bbox 676 3918 900 3986; x_wconf 80' lang='lat' dir='ltr'><strong>Hippoc.</strong></span> <span class='ocrx_word' id='word_1_473' title='bbox 940 3926 997 3971; x_wconf 91' lang='lat' dir='ltr'><strong>et</strong></span> <span class='ocrx_word' id='word_1_474' title='bbox 1025 3918 1232 3971; x_wconf 82' lang='lat' dir='ltr'><strong>Platon.</strong></span> <span class='ocrx_word' id='word_1_475' title='bbox 1266 3917 1356 3972; x_wconf 92' lang='lat' dir='ltr'><strong>lib.</strong></span> <span class='ocrx_word' id='word_1_476' title='bbox 1387 3933 1494 3979; x_wconf 81' lang='lat' dir='ltr'><strong>vn,</strong></span> <span class='ocrx_word' id='word_1_477' title='bbox 1524 3929 1661 3986; x_wconf 63' lang='lat' dir='ltr'><strong>cap.</strong></span> <span class='ocrx_word' id='word_1_478' title='bbox 1694 3916 1727 3986; x_wconf 64' lang='grc' dir='ltr'><strong>β</strong></span> <span class='ocrx_word' id='word_1_479' title='bbox 1771 3924 1826 3970; x_wconf 90' lang='lat' dir='ltr'><strong>et</strong></span> 
     </span>
    </p>
   </div>
   <div class='ocr_carea' id='block_1_63' title="bbox 228 3984 1826 4059">
    <p class='ocr_par' dir='ltr' id='par_1_63' title="bbox 228 3984 1826 4059">
     <span class='ocr_line' id='line_1_64' title="bbox 228 3984 1826 4059; baseline -0.003 -15"><span class='ocrx_word' id='word_1_480' title='bbox 228 4006 412 4059; x_wconf 82' lang='lat' dir='ltr'><strong>scqq.;</strong></span> <span class='ocrx_word' id='word_1_481' title='bbox 450 3984 984 4058; x_wconf 26' lang='lat' dir='ltr'><strong>Areis-Bois‘Cullig.</strong></span> <span class='ocrx_word' id='word_1_482' title='bbox 1016 3989 1107 4043; x_wconf 89' lang='lat' dir='ltr'><strong>lib.</strong></span> <span class='ocrx_word' id='word_1_483' title='bbox 1136 4004 1229 4053; x_wconf 67' lang='grc' dir='ltr'><strong>ιη,</strong></span> <span class='ocrx_word' id='word_1_484' title='bbox 1257 4003 1377 4057; x_wconf 85' lang='lat' dir='ltr'><strong>cap.</strong></span> <span class='ocrx_word' id='word_1_485' title='bbox 1408 3988 1496 4043; x_wconf 75' lang='lat'><strong>38.</strong></span> <span class='ocrx_word' id='word_1_486' title='bbox 1527 3985 1667 4054; x_wconf 83' lang='lat' dir='ltr'><strong>Quid</strong></span> <span class='ocrx_word' id='word_1_487' title='bbox 1692 3984 1826 4059; x_wconf 82' lang='lat' dir='ltr'><strong>Lac-</strong></span> 
     </span>
    </p>
   </div>
   <div class='ocr_carea' id='block_1_64' title="bbox 226 4056 1822 4128">
    <p class='ocr_par' dir='ltr' id='par_1_64' title="bbox 226 4056 1822 4128">
     <span class='ocr_line' id='line_1_65' title="bbox 226 4056 1822 4128; baseline -0.005 -11"><span class='ocrx_word' id='word_1_488' title='bbox 226 4056 432 4117; x_wconf 79' lang='lat' dir='ltr'><strong>tantius</strong></span> <span class='ocrx_word' id='word_1_489' title='bbox 454 4061 692 4121; x_wconf 79' lang='lat' dir='ltr'><strong>sentiat,</strong></span> <span class='ocrx_word' id='word_1_490' title='bbox 724 4059 864 4115; x_wconf 83' lang='lat' dir='ltr'><strong>haud</strong></span> <span class='ocrx_word' id='word_1_491' title='bbox 892 4056 1022 4119; x_wconf 75' lang='lat' dir='ltr'><strong>satis</strong></span> <span class='ocrx_word' id='word_1_492' title='bbox 1046 4056 1412 4128; x_wconf 79' lang='lat' dir='ltr'><strong>perspicuum.</strong></span> <span class='ocrx_word' id='word_1_493' title='bbox 1458 4060 1631 4127; x_wconf 83' lang='lat' dir='ltr'><strong>Supra</strong></span> <span class='ocrx_word' id='word_1_494' title='bbox 1672 4056 1822 4125; x_wconf 83' lang='lat' dir='ltr'><strong>posi-</strong></span> 
     </span>
    </p>
   </div>
   <div class='ocr_carea' id='block_1_65' title="bbox 222 4128 1825 4201">
    <p class='ocr_par' dir='ltr' id='par_1_65' title="bbox 222 4128 1825 4201">
     <span class='ocr_line' id='line_1_66' title="bbox 222 4128 1825 4201; baseline -0.005 -10"><span class='ocrx_word' id='word_1_495' title='bbox 323 4132 546 4201; x_wconf 78' lang='lat' dir='ltr'><strong>quidcm</strong></span> <span class='ocrx_word' id='word_1_496' title='bbox 576 4130 755 4187; x_wconf 79' lang='lat' dir='ltr'><strong>verbis</strong></span> <span class='ocrx_word' id='word_1_497' title='bbox 796 4131 1004 4186; x_wconf 86' lang='lat' dir='ltr'><strong>videtur</strong></span> <span class='ocrx_word' id='word_1_498' title='bbox 1032 4146 1310 4195; x_wconf 77' lang='lat' dir='ltr'><strong>asserere,</strong></span> <span class='ocrx_word' id='word_1_499' title='bbox 1352 4128 1617 4200; x_wconf 74' lang='lat' dir='ltr'><strong>imagines</strong></span> <span class='ocrx_word' id='word_1_500' title='bbox 1637 4141 1825 4201; x_wconf 81' lang='lat' dir='ltr'><strong>rerum</strong></span> 
     </span>
    </p>
   </div>
   <div class='ocr_carea' id='block_1_66' title="bbox 226 4199 1831 4274">
    <p class='ocr_par' dir='ltr' id='par_1_66' title="bbox 226 4199 1831 4274">
     <span class='ocr_line' id='line_1_67' title="bbox 226 4199 1831 4274; baseline -0.002 -17"><span class='ocrx_word' id='word_1_501' title='bbox 226 4199 521 4274; x_wconf 82' lang='lat' dir='ltr'><strong>penetrare</strong></span> <span class='ocrx_word' id='word_1_502' title='bbox 549 4201 633 4274; x_wconf 76' lang='lat' dir='ltr'><strong>ad</strong></span> <span class='ocrx_word' id='word_1_503' title='bbox 672 4216 892 4274; x_wconf 72' lang='lat' dir='ltr'><strong>sensum</strong></span> <span class='ocrx_word' id='word_1_504' title='bbox 924 4201 1204 4274; x_wconf 78' lang='lat' dir='ltr'><strong>intimum,</strong></span> <span class='ocrx_word' id='word_1_505' title='bbox 1254 4201 1305 4257; x_wconf 81' lang='lat' dir='ltr'><strong>id</strong></span> <span class='ocrx_word' id='word_1_506' title='bbox 1334 4199 1648 4274; x_wconf 27' lang='lat' dir='ltr'><strong>est,_’recipi</strong></span> <span class='ocrx_word' id='word_1_507' title='bbox 1691 4199 1831 4259; x_wconf 81' lang='lat' dir='ltr'><strong>inte-</strong></span> 
     </span>
    </p>
   </div>
   <div class='ocr_carea' id='block_1_67' title="bbox 227 4271 1827 4341">
    <p class='ocr_par' dir='ltr' id='par_1_67' title="bbox 227 4271 1827 4341">
     <span class='ocr_line' id='line_1_68' title="bbox 227 4271 1827 4341; baseline -0.003 -12"><span class='ocrx_word' id='word_1_508' title='bbox 227 4271 379 4341; x_wconf 76' lang='lat' dir='ltr'><strong>rius,</strong></span> <span class='ocrx_word' id='word_1_509' title='bbox 413 4272 560 4340; x_wconf 85' lang='lat' dir='ltr'><strong>quod</strong></span> <span class='ocrx_word' id='word_1_510' title='bbox 595 4288 699 4327; x_wconf 90' lang='lat' dir='ltr'><strong>non</strong></span> <span class='ocrx_word' id='word_1_511' title='bbox 740 4272 1082 4328; x_wconf 82' lang='lat' dir='ltr'><strong>Aristotelem</strong></span> <span class='ocrx_word' id='word_1_512' title='bbox 1112 4273 1284 4327; x_wconf 80' lang='lat' dir='ltr'><strong>solum</strong></span> <span class='ocrx_word' id='word_1_513' title='bbox 1321 4271 1608 4336; x_wconf 84' lang='lat' dir='ltr'><strong>docuisse,</strong></span> <span class='ocrx_word' id='word_1_514' title='bbox 1633 4285 1827 4341; x_wconf 66' lang='lat' dir='ltr'><strong>verum</strong></span> 
     </span>
    </p>
   </div>
   <div class='ocr_carea' id='block_1_68' title="bbox 228 4339 1824 4411">
    <p class='ocr_par' dir='ltr' id='par_1_68' title="bbox 228 4339 1824 4411">
     <span class='ocr_line' id='line_1_69' title="bbox 228 4339 1824 4411; baseline -0.003 -12"><span class='ocrx_word' id='word_1_515' title='bbox 228 4339 393 4401; x_wconf 73' lang='lat' dir='ltr'><strong>ctbin)</strong></span> <span class='ocrx_word' id='word_1_516' title='bbox 438 4339 722 4401; x_wconf 82' lang='lat' dir='ltr'><strong>Platonem</strong></span> <span class='ocrx_word' id='word_1_517' title='bbox 749 4342 1046 4411; x_wconf 75' lang='lat' dir='ltr'><strong>gravissimi</strong></span> <span class='ocrx_word' id='word_1_518' title='bbox 1075 4344 1171 4397; x_wconf 90' lang='lat' dir='ltr'><strong>viri</strong></span> <span class='ocrx_word' id='word_1_519' title='bbox 1205 4346 1595 4411; x_wconf 84' lang='lat' dir='ltr'><strong>probaverunt,</strong></span> <span class='ocrx_word' id='word_1_520' title='bbox 1624 4339 1824 4397; x_wconf 86' lang='lat' dir='ltr'><strong>Leoni-</strong></span> 
     </span>
    </p>
   </div>
   <div class='ocr_carea' id='block_1_69' title="bbox 228 4413 1829 4486">
    <p class='ocr_par' dir='ltr' id='par_1_69' title="bbox 228 4413 1829 4486">
     <span class='ocr_line' id='line_1_70' title="bbox 228 4413 1829 4486; baseline -0.004 -13"><span class='ocrx_word' id='word_1_521' title='bbox 228 4432 325 4475; x_wconf 84' lang='lat' dir='ltr'><strong>cus</strong></span> <span class='ocrx_word' id='word_1_522' title='bbox 354 4417 409 4470; x_wconf 88' lang='lat' dir='ltr'><strong>iu</strong></span> <span class='ocrx_word' id='word_1_523' title='bbox 443 4416 1061 4486; x_wconf 74' lang='lat' dir='ltr'><strong>proloquiiscomment.</strong></span> <span class='ocrx_word' id='word_1_524' title='bbox 1094 4413 1161 4468; x_wconf 88' lang='lat' dir='ltr'><strong>ad</strong></span> <span class='ocrx_word' id='word_1_525' title='bbox 1204 4413 1296 4486; x_wconf 86' lang='lat' dir='ltr'><strong>lib.</strong></span> <span class='ocrx_word' id='word_1_526' title='bbox 1318 4414 1393 4486; x_wconf 71' lang='lat' dir='ltr'><strong>de</strong></span> <span class='ocrx_word' id='word_1_527' title='bbox 1610 4423 1670 4486; x_wconf 76' lang='lat' dir='ltr'><strong>et</strong></span> <span class='ocrx_word' id='word_1_528' title='bbox 1690 4413 1829 4486; x_wconf 67' lang='lat' dir='ltr'><strong>Seu-</strong></span> 
     </span>
    </p>
   </div>
   <div class='ocr_carea' id='block_1_70' title="bbox 1913 2397 3522 2485">
    <p class='ocr_par' dir='ltr' id='par_1_70' title="bbox 1913 2397 3522 2485">
     <span class='ocr_line' id='line_1_71' title="bbox 1913 2397 3522 2485; baseline 0.004 -31"><span class='ocrx_word' id='word_1_529' title='bbox 1913 2397 1969 2454; x_wconf 91' lang='lat' dir='ltr'><strong>in</strong></span> <span class='ocrx_word' id='word_1_530' title='bbox 1994 2412 2082 2454; x_wconf 88' lang='lat' dir='ltr'><strong>res</strong></span> <span class='ocrx_word' id='word_1_531' title='bbox 2108 2398 2249 2485; x_wconf 51' lang='lat' dir='ltr'><strong>visa!</strong></span> <span class='ocrx_word' id='word_1_532' title='bbox 2270 2399 2512 2485; x_wconf 68' lang='lat' dir='ltr'><strong>impingi,</strong></span> <span class='ocrx_word' id='word_1_533' title='bbox 2534 2409 2697 2485; x_wconf 73' lang='lat' dir='ltr'><strong>atque</strong></span> <span class='ocrx_word' id='word_1_534' title='bbox 2722 2399 2795 2457; x_wconf 83' lang='lat' dir='ltr'><strong>ita</strong></span> <span class='ocrx_word' id='word_1_535' title='bbox 2821 2399 2991 2485; x_wconf 82' lang='lat' dir='ltr'><strong>ipsius</strong></span> <span class='ocrx_word' id='word_1_536' title='bbox 3011 2400 3158 2485; x_wconf 59' lang='lat' dir='ltr'><strong>seris</strong></span> <span class='ocrx_word' id='word_1_537' title='bbox 3174 2400 3522 2485; x_wconf 39' lang='lat' dir='ltr'><strong>adiit-mento,</strong></span> 
     </span>
    </p>
   </div>
   <div class='ocr_carea' id='block_1_71' title="bbox 1914 2470 3524 2627">
    <p class='ocr_par' dir='ltr' id='par_1_71' title="bbox 1914 2470 3524 2627">
     <span class='ocr_line' id='line_1_72' title="bbox 1914 2470 3520 2546; baseline 0.002 -20"><span class='ocrx_word' id='word_1_538' title='bbox 1914 2485 1979 2526; x_wconf 84' lang='lat' dir='ltr'><strong>ac</strong></span> <span class='ocrx_word' id='word_1_539' title='bbox 2028 2471 2183 2541; x_wconf 81' lang='lat' dir='ltr'><strong>quasi</strong></span> <span class='ocrx_word' id='word_1_540' title='bbox 2214 2470 2418 2529; x_wconf 84' lang='lat' dir='ltr'><strong>fultura</strong></span> <span class='ocrx_word' id='word_1_541' title='bbox 2448 2470 2857 2546; x_wconf 55' lang='lat' dir='ltr'><strong>&#39;veetioneque;</strong></span> <span class='ocrx_word' id='word_1_542' title='bbox 2880 2482 3028 2543; x_wconf 83' lang='lat' dir='ltr'><strong>putat</strong></span> <span class='ocrx_word' id='word_1_543' title='bbox 3072 2472 3186 2531; x_wconf 71' lang='lat' dir='ltr'><strong>fieri</strong></span> <span class='ocrx_word' id='word_1_544' title='bbox 3217 2470 3520 2539; x_wconf 82' lang='lat' dir='ltr'><strong>visionem;</strong></span> 
     </span>
     <span class='ocr_line' id='line_1_73' title="bbox 1918 2541 3524 2627; baseline 0.003 -33"><span class='ocrx_word' id='word_1_545' title='bbox 1918 2541 2492 2627; x_wconf 53' lang='lat' dir='ltr'><strong>verberatumﬂuippe</strong></span> <span class='ocrx_word' id='word_1_546' title='bbox 2517 2559 2712 2627; x_wconf 56' lang='lat' dir='ltr'><strong>aerem</strong></span> <span class='ocrx_word' id='word_1_547' title='bbox 2755 2544 2928 2627; x_wconf 76' lang='lat' dir='ltr'><strong>illum,</strong></span> <span class='ocrx_word' id='word_1_548' title='bbox 2960 2544 3049 2627; x_wconf 64' lang='lat' dir='ltr'><strong>qui</strong></span> <span class='ocrx_word' id='word_1_549' title='bbox 3082 2544 3356 2627; x_wconf 73' lang='lat' dir='ltr'><strong>pupillam</strong></span> <span class='ocrx_word' id='word_1_550' title='bbox 3386 2559 3524 2627; x_wconf 79' lang='lat' dir='ltr'><strong>con-</strong></span> 
     </span>
    </p>
   </div>
   <div class='ocr_carea' id='block_1_72' title="bbox 1921 2612 3523 2740">
    <p class='ocr_par' dir='ltr' id='par_1_72' title="bbox 1921 2612 3523 2740">
     <span class='ocr_line' id='line_1_74' title="bbox 1921 2612 3523 2740; baseline 0.004 -74"><span class='ocrx_word' id='word_1_551' title='bbox 1921 2612 2098 2682; x_wconf 84' lang='lat' dir='ltr'><strong>tingit,</strong></span> <span class='ocrx_word' id='word_1_552' title='bbox 2128 2612 2319 2682; x_wconf 79' lang='lat' dir='ltr'><strong>aSpelli</strong></span> <span class='ocrx_word' id='word_1_553' title='bbox 2348 2612 2736 2686; x_wconf 39' lang='lat' dir='ltr'><strong>a&#39;d&#39;objectum,</strong></span> <span class='ocrx_word' id='word_1_554' title='bbox 2765 2615 2816 2669; x_wconf 93' lang='lat' dir='ltr'><strong>in</strong></span> <span class='ocrx_word' id='word_1_555' title='bbox 2851 2631 2959 2740; x_wconf 66' lang='lat' dir='ltr'><strong>quo</strong></span> <span class='ocrx_word' id='word_1_556' title='bbox 2982 2612 3114 2670; x_wconf 30' lang='lat' dir='ltr'><strong>‘ﬁat&#39;</strong></span> <span class='ocrx_word' id='word_1_557' title='bbox 3137 2612 3282 2671; x_wconf 79' lang='lat' dir='ltr'><strong>basis</strong></span> <span class='ocrx_word' id='word_1_558' title='bbox 3326 2624 3523 2683; x_wconf 69' lang='lat' dir='ltr'><strong>metae,</strong></span> 
     </span>
     <span class='ocr_line' id='line_1_75' title="bbox 1921 2682 3523 2740; baseline 0.001 -1"><span class='ocrx_word' id='word_1_559' title='bbox 1921 2682 2073 2740; x_wconf 83' lang='lat' dir='ltr'><strong>cuius</strong></span> <span class='ocrx_word' id='word_1_560' title='bbox 2099 2683 2367 2740; x_wconf 79' lang='lat' dir='ltr'><strong>fastiaium</strong></span> <span class='ocrx_word' id='word_1_561' title='bbox 2392 2688 2466 2740; x_wconf 83' lang='lat' dir='ltr'><strong>sit</strong></span> <span class='ocrx_word' id='word_1_562' title='bbox 2492 2690 2544 2740; x_wconf 88' lang='lat' dir='ltr'><strong>in</strong></span> <span class='ocrx_word' id='word_1_563' title='bbox 2576 2687 2688 2740; x_wconf 87' lang='lat' dir='ltr'><strong>iosa</strong></span> <span class='ocrx_word' id='word_1_564' title='bbox 2713 2686 2857 2740; x_wconf 85' lang='lat' dir='ltr'><strong>nuoil</strong></span> <span class='ocrx_word' id='word_1_565' title='bbox 2885 2702 2913 2740; x_wconf 88' lang='lat' dir='ltr'><strong>a</strong></span> <span class='ocrx_word' id='word_1_566' title='bbox 2941 2685 3115 2740; x_wconf 87' lang='lat' dir='ltr'><strong>:auod</strong></span> <span class='ocrx_word' id='word_1_567' title='bbox 3146 2694 3523 2740; x_wconf 66' lang='lat' dir='ltr'><strong>continentem</strong></span> 
     </span>
    </p>
   </div>
   <div class='ocr_carea' id='block_1_73' title="bbox 1919 2683 3524 2759">
    <p class='ocr_par' dir='ltr' id='par_1_73' title="bbox 1919 2683 3524 2759">
     <span class='ocr_line' id='line_1_76' title="bbox 1919 2683 3524 2759; baseline 0.002 -20"><span class='ocrx_word' id='word_1_568' title='bbox 1919 2683 2073 2753; x_wconf 82' lang='lat' dir='ltr'><strong>cuius</strong></span> <span class='ocrx_word' id='word_1_569' title='bbox 2099 2683 2367 2759; x_wconf 77' lang='lat' dir='ltr'><strong>fastigium</strong></span> <span class='ocrx_word' id='word_1_570' title='bbox 2392 2688 2466 2742; x_wconf 84' lang='lat' dir='ltr'><strong>sit</strong></span> <span class='ocrx_word' id='word_1_571' title='bbox 2492 2683 2544 2742; x_wconf 80' lang='lat' dir='ltr'><strong>in</strong></span> <span class='ocrx_word' id='word_1_572' title='bbox 2576 2687 2688 2759; x_wconf 83' lang='lat' dir='ltr'><strong>ipsa</strong></span> <span class='ocrx_word' id='word_1_573' title='bbox 2713 2683 2913 2759; x_wconf 80' lang='lat' dir='ltr'><strong>pupilla</strong></span> <span class='ocrx_word' id='word_1_574' title='bbox 2941 2685 3115 2759; x_wconf 88' lang='lat' dir='ltr'><strong>:quod</strong></span> <span class='ocrx_word' id='word_1_575' title='bbox 3146 2694 3524 2759; x_wconf 60' lang='lat' dir='ltr'><strong>(tomentum</strong></span> 
     </span>
    </p>
   </div>
   <div class='ocr_carea' id='block_1_74' title="bbox 1925 2754 3523 2828">
    <p class='ocr_par' dir='ltr' id='par_1_74' title="bbox 1925 2754 3523 2828">
     <span class='ocr_line' id='line_1_77' title="bbox 1925 2754 3523 2828; baseline 0.006 -18"><span class='ocrx_word' id='word_1_576' title='bbox 1925 2769 2031 2828; x_wconf 89' lang='lat' dir='ltr'><strong>non</strong></span> <span class='ocrx_word' id='word_1_577' title='bbox 2062 2754 2222 2828; x_wconf 81' lang='lat' dir='ltr'><strong>modo</strong></span> <span class='ocrx_word' id='word_1_578' title='bbox 2238 2754 2407 2817; x_wconf 82' lang='lat' dir='ltr'><strong>inane</strong></span> <span class='ocrx_word' id='word_1_579' title='bbox 2451 2754 2687 2815; x_wconf 83' lang='lat' dir='ltr'><strong>ostendit</strong></span> <span class='ocrx_word' id='word_1_580' title='bbox 2711 2754 3173 2826; x_wconf 73' lang='lat' dir='ltr'><strong>Lactantii&#39;ratio,</strong></span> <span class='ocrx_word' id='word_1_581' title='bbox 3202 2757 3301 2817; x_wconf 77' lang='lat' dir='ltr'><strong>sed</strong></span> <span class='ocrx_word' id='word_1_582' title='bbox 3328 2758 3523 2828; x_wconf 81' lang='lat' dir='ltr'><strong>etiam.</strong></span> 
     </span>
    </p>
   </div>
   <div class='ocr_carea' id='block_1_75' title="bbox 1927 2826 3529 2900">
    <p class='ocr_par' dir='ltr' id='par_1_75' title="bbox 1927 2826 3529 2900">
     <span class='ocr_line' id='line_1_78' title="bbox 1927 2826 3529 2900; baseline 0.002 -17"><span class='ocrx_word' id='word_1_583' title='bbox 1927 2827 2053 2897; x_wconf 91' lang='lat' dir='ltr'><strong>quia</strong></span> <span class='ocrx_word' id='word_1_584' title='bbox 2102 2826 2272 2900; x_wconf 81' lang='lat' dir='ltr'><strong>nihilo</strong></span> <span class='ocrx_word' id='word_1_585' title='bbox 2300 2828 2455 2900; x_wconf 88' lang='lat' dir='ltr'><strong>pejus</strong></span> <span class='ocrx_word' id='word_1_586' title='bbox 2503 2829 2769 2898; x_wconf 86' lang='lat' dir='ltr'><strong>videmus,</strong></span> <span class='ocrx_word' id='word_1_587' title='bbox 2802 2844 2923 2886; x_wconf 92' lang='lat' dir='ltr'><strong>cum</strong></span> <span class='ocrx_word' id='word_1_588' title='bbox 2964 2838 3111 2886; x_wconf 87' lang='lat' dir='ltr'><strong>retro</strong></span> <span class='ocrx_word' id='word_1_589' title='bbox 3156 2830 3421 2900; x_wconf 80' lang='lat' dir='ltr'><strong>cedimus,</strong></span> <span class='ocrx_word' id='word_1_590' title='bbox 3469 2826 3529 2886; x_wconf 84' lang='lat' dir='ltr'><strong>at</strong></span> 
     </span>
    </p>
   </div>
   <div class='ocr_carea' id='block_1_76' title="bbox 1926 2898 3527 2971">
    <p class='ocr_par' dir='ltr' id='par_1_76' title="bbox 1926 2898 3527 2971">
     <span class='ocr_line' id='line_1_79' title="bbox 1926 2898 3527 2971; baseline 0.003 -19"><span class='ocrx_word' id='word_1_591' title='bbox 1926 2898 2282 2971; x_wconf 78' lang='lat' dir='ltr'><strong>regrediendo</strong></span> <span class='ocrx_word' id='word_1_592' title='bbox 2300 2898 2565 2971; x_wconf 81' lang='lat' dir='ltr'><strong>impulsio</strong></span> <span class='ocrx_word' id='word_1_593' title='bbox 2595 2900 2682 2956; x_wconf 90' lang='lat' dir='ltr'><strong>illa</strong></span> <span class='ocrx_word' id='word_1_594' title='bbox 2708 2900 2825 2957; x_wconf 82' lang='lat' dir='ltr'><strong>fieri</strong></span> <span class='ocrx_word' id='word_1_595' title='bbox 2855 2916 2963 2956; x_wconf 87' lang='lat' dir='ltr'><strong>non</strong></span> <span class='ocrx_word' id='word_1_596' title='bbox 3017 2910 3213 2971; x_wconf 87' lang='lat' dir='ltr'><strong>potest,</strong></span> <span class='ocrx_word' id='word_1_597' title='bbox 3242 2900 3337 2956; x_wconf 90' lang='lat' dir='ltr'><strong>sed</strong></span> <span class='ocrx_word' id='word_1_598' title='bbox 3387 2898 3527 2957; x_wconf 88' lang='lat' dir='ltr'><strong>dun-</strong></span> 
     </span>
    </p>
   </div>
   <div class='ocr_carea' id='block_1_77' title="bbox 1924 2969 3527 3042">
    <p class='ocr_par' dir='ltr' id='par_1_77' title="bbox 1924 2969 3527 3042">
     <span class='ocr_line' id='line_1_80' title="bbox 1924 2969 3527 3042; baseline 0.004 -20"><span class='ocrx_word' id='word_1_599' title='bbox 1924 2976 2082 3025; x_wconf 79' lang='lat' dir='ltr'><strong>taxat</strong></span> <span class='ocrx_word' id='word_1_600' title='bbox 2129 2969 2356 3034; x_wconf 87' lang='lat' dir='ltr'><strong>stando,</strong></span> <span class='ocrx_word' id='word_1_601' title='bbox 2392 2969 2502 3026; x_wconf 23' lang='lat' dir='ltr'><strong>Vaut</strong></span> <span class='ocrx_word' id='word_1_602' title='bbox 2550 2971 2920 3042; x_wconf 82' lang='lat' dir='ltr'><strong>procedendo.</strong></span> <span class='ocrx_word' id='word_1_603' title='bbox 2972 2969 3080 3027; x_wconf 75' lang='lat' dir='ltr'><strong>Aer</strong></span> <span class='ocrx_word' id='word_1_604' title='bbox 3124 2981 3384 3041; x_wconf 64' lang='lat' dir='ltr'><strong>prater-ea</strong></span> <span class='ocrx_word' id='word_1_605' title='bbox 3424 2972 3527 3029; x_wconf 84' lang='lat' dir='ltr'><strong>sub</strong></span> 
     </span>
    </p>
   </div>
   <div class='ocr_carea' id='block_1_78' title="bbox 1921 3042 3523 3167">
    <p class='ocr_par' dir='ltr' id='par_1_78' title="bbox 1921 3042 3523 3167">
     <span class='ocr_line' id='line_1_81' title="bbox 1921 3042 3523 3115; baseline 0 -16"><span class='ocrx_word' id='word_1_606' title='bbox 1921 3054 2088 3113; x_wconf 72' lang='lat' dir='ltr'><strong>aquas</strong></span> <span class='ocrx_word' id='word_1_607' title='bbox 2114 3055 2218 3097; x_wconf 88' lang='lat' dir='ltr'><strong>non</strong></span> <span class='ocrx_word' id='word_1_608' title='bbox 2253 3042 2575 3111; x_wconf 87' lang='lat' dir='ltr'><strong>penetrabit,</strong></span> <span class='ocrx_word' id='word_1_609' title='bbox 2622 3060 2846 3115; x_wconf 87' lang='lat' dir='ltr'><strong>quarum</strong></span> <span class='ocrx_word' id='word_1_610' title='bbox 2894 3044 2945 3099; x_wconf 90' lang='lat' dir='ltr'><strong>in</strong></span> <span class='ocrx_word' id='word_1_611' title='bbox 2990 3042 3156 3098; x_wconf 82' lang='lat' dir='ltr'><strong>fundo</strong></span> <span class='ocrx_word' id='word_1_612' title='bbox 3197 3058 3287 3099; x_wconf 89' lang='lat' dir='ltr'><strong>res</strong></span> <span class='ocrx_word' id='word_1_613' title='bbox 3328 3044 3523 3113; x_wconf 75' lang='lat' dir='ltr'><strong>positae</strong></span> 
     </span>
     <span class='ocr_line' id='line_1_82' title="bbox 1923 3109 2401 3167; baseline 0.006 -3"><span class='ocrx_word' id='word_1_614' title='bbox 1923 3109 2190 3167; x_wconf 89' lang='lat' dir='ltr'><strong>videntur.</strong></span> <span class='ocrx_word' id='word_1_615' title='bbox 2215 3112 2401 3167; x_wconf 66' lang='lat' dir='ltr'><strong>lsesus.</strong></span> 
     </span>
    </p>
   </div>
   <div class='ocr_carea' id='block_1_79' title="bbox 1958 3129 2401 3167">
    <p class='ocr_par' dir='ltr' id='par_1_79' title="bbox 1958 3129 2401 3167">
     <span class='ocr_line' id='line_1_83' title="bbox 1958 3129 2401 3167; baseline 0.005 -2"><span class='ocrx_word' id='word_1_616' title='bbox 1958 3129 2190 3167; x_wconf 70' lang='grc' dir='ltr'>ιαεηιιιτ.</span> <span class='ocrx_word' id='word_1_617' title='bbox 2216 3129 2401 3167; x_wconf 69' lang='lat' dir='ltr'><strong>ISA&#39;IUS.</strong></span> 
     </span>
    </p>
   </div>
   <div class='ocr_carea' id='block_1_80' title="bbox 1993 3128 3517 3267">
    <p class='ocr_par' dir='ltr' id='par_1_80' title="bbox 1993 3128 3517 3267">
     <span class='ocr_line' id='line_1_84' title="bbox 1993 3128 2401 3167; baseline 0.005 -2"><span class='ocrx_word' id='word_1_618' title='bbox 1993 3128 2009 3165; x_wconf 90' lang='grc'><strong>1</strong></span> <span class='ocrx_word' id='word_1_619' title='bbox 2048 3128 2190 3166; x_wconf 86' lang='lat' dir='ltr'><strong>ntur.</strong></span> <span class='ocrx_word' id='word_1_620' title='bbox 2299 3130 2313 3155; x_wconf 59' lang='grc' dir='ltr'>τ</span> <span class='ocrx_word' id='word_1_621' title='bbox 2388 3154 2401 3167; x_wconf 94' lang='grc'><strong><em>.</em></strong></span> 
     </span>
     <span class='ocr_line' id='line_1_85' title="bbox 1993 3128 3517 3267; baseline 0.001 -28"><span class='ocrx_word' id='word_1_622' title='bbox 1993 3129 2096 3239; x_wconf 50' lang='grc' dir='ltr'><strong>ἔνι</strong></span> <span class='ocrx_word' id='word_1_623' title='bbox 2116 3128 2379 3267; x_wconf 25' lang='lat' dir='ltr'><strong>alumna?</strong></span> <span class='ocrx_word' id='word_1_624' title='bbox 2390 3185 2673 3267; x_wconf 62' lang='lat' dir='ltr'><strong>redierunt.</strong></span> <span class='ocrx_word' id='word_1_625' title='bbox 2697 3182 2863 3267; x_wconf 74' lang='lat' dir='ltr'><strong>Cutius</strong></span> <span class='ocrx_word' id='word_1_626' title='bbox 2884 3183 3157 3254; x_wconf 90' lang='lat' dir='ltr'><strong>opinionis</strong></span> <span class='ocrx_word' id='word_1_627' title='bbox 3182 3183 3338 3267; x_wconf 71' lang='lat' dir='ltr'><strong>fuere</strong></span> <span class='ocrx_word' id='word_1_628' title='bbox 3350 3184 3517 3267; x_wconf 76' lang='lat' dir='ltr'><strong>optici</strong></span> 
     </span>
    </p>
   </div>
   <div class='ocr_carea' id='block_1_81' title="bbox 1921 3256 3524 3327">
    <p class='ocr_par' dir='ltr' id='par_1_81' title="bbox 1921 3256 3524 3327">
     <span class='ocr_line' id='line_1_86' title="bbox 1921 3256 3524 3327; baseline 0.002 -18"><span class='ocrx_word' id='word_1_629' title='bbox 1921 3268 2134 3327; x_wconf 77' lang='lat' dir='ltr'><strong>omnes,</strong></span> <span class='ocrx_word' id='word_1_630' title='bbox 2172 3266 2228 3313; x_wconf 89' lang='lat' dir='ltr'><strong>et</strong></span> <span class='ocrx_word' id='word_1_631' title='bbox 2268 3256 2513 3325; x_wconf 74' lang='lat' dir='ltr'><strong>plerique</strong></span> <span class='ocrx_word' id='word_1_632' title='bbox 2542 3258 2987 3327; x_wconf 82' lang='lat' dir='ltr'><strong>philosophorum</strong></span> <span class='ocrx_word' id='word_1_633' title='bbox 3018 3270 3187 3327; x_wconf 87' lang='lat' dir='ltr'><strong>usque</strong></span> <span class='ocrx_word' id='word_1_634' title='bbox 3213 3256 3279 3311; x_wconf 83' lang='lat' dir='ltr'><strong>ad</strong></span> <span class='ocrx_word' id='word_1_635' title='bbox 3311 3256 3524 3313; x_wconf 82' lang='lat' dir='ltr'><strong>Aristo-</strong></span> 
     </span>
    </p>
   </div>
   <div class='ocr_carea' id='block_1_82' title="bbox 1923 3325 3528 3398">
    <p class='ocr_par' dir='ltr' id='par_1_82' title="bbox 1923 3325 3528 3398">
     <span class='ocr_line' id='line_1_87' title="bbox 1923 3325 3528 3398; baseline 0.005 -19"><span class='ocrx_word' id='word_1_636' title='bbox 1923 3325 2105 3398; x_wconf 72' lang='lat' dir='ltr'><strong>telem,</strong></span> <span class='ocrx_word' id='word_1_637' title='bbox 2130 3341 2266 3396; x_wconf 90' lang='lat' dir='ltr'><strong>quos</strong></span> <span class='ocrx_word' id='word_1_638' title='bbox 2286 3328 2482 3383; x_wconf 90' lang='lat' dir='ltr'><strong>deinde</strong></span> <span class='ocrx_word' id='word_1_639' title='bbox 2508 3325 3041 3387; x_wconf 47' lang='lat' dir='ltr'><strong>secutum&#39;GaleuIm</strong></span> <span class='ocrx_word' id='word_1_640' title='bbox 3072 3325 3304 3398; x_wconf 79' lang='lat' dir='ltr'><strong>castigat</strong></span> <span class='ocrx_word' id='word_1_641' title='bbox 3341 3330 3528 3387; x_wconf 81' lang='lat' dir='ltr'><strong>Aven-</strong></span> 
     </span>
    </p>
   </div>
   <div class='ocr_carea' id='block_1_83' title="bbox 1920 3395 3529 3472">
    <p class='ocr_par' dir='ltr' id='par_1_83' title="bbox 1920 3395 3529 3472">
     <span class='ocr_line' id='line_1_88' title="bbox 1920 3395 3529 3472; baseline 0.001 -19"><span class='ocrx_word' id='word_1_642' title='bbox 1920 3395 2074 3472; x_wconf 60' lang='grc' dir='ltr'><strong>Βοὴ,</strong></span> <span class='ocrx_word' id='word_1_643' title='bbox 2118 3395 2174 3472; x_wconf 78' lang='lat' dir='ltr'><strong>et</strong></span> <span class='ocrx_word' id='word_1_644' title='bbox 2212 3414 2335 3472; x_wconf 86' lang='lat' dir='ltr'><strong>cum</strong></span> <span class='ocrx_word' id='word_1_645' title='bbox 2369 3409 2629 3472; x_wconf 71' lang='lat' dir='ltr'><strong>veterum</strong></span> <span class='ocrx_word' id='word_1_646' title='bbox 2667 3400 2912 3472; x_wconf 82' lang='lat' dir='ltr'><strong>quolibet</strong></span> <span class='ocrx_word' id='word_1_647' title='bbox 2945 3395 3311 3472; x_wconf 71' lang='lat' dir='ltr'><strong>conferendas</strong></span> <span class='ocrx_word' id='word_1_648' title='bbox 3336 3398 3529 3472; x_wconf 83' lang='lat' dir='ltr'><strong>_Julius</strong></span> 
     </span>
    </p>
   </div>
   <div class='ocr_carea' id='block_1_84' title="bbox 1922 3469 3526 3541">
    <p class='ocr_par' dir='ltr' id='par_1_84' title="bbox 1922 3469 3526 3541">
     <span class='ocr_line' id='line_1_89' title="bbox 1922 3469 3526 3541; baseline 0.001 -16"><span class='ocrx_word' id='word_1_649' title='bbox 1922 3470 2105 3541; x_wconf 70' lang='lat' dir='ltr'><strong>Caesar</strong></span> <span class='ocrx_word' id='word_1_650' title='bbox 2127 3470 2325 3541; x_wconf 75' lang='lat' dir='ltr'><strong>Scalig.</strong></span> <span class='ocrx_word' id='word_1_651' title='bbox 2348 3470 2419 3529; x_wconf 85' lang='lat' dir='ltr'><strong>de</strong></span> <span class='ocrx_word' id='word_1_652' title='bbox 2438 3469 2942 3527; x_wconf 61' lang='lat' dir='ltr'><strong>Subtilit.&#39;Exercit.</strong></span> <span class='ocrx_word' id='word_1_653' title='bbox 2971 3471 3101 3535; x_wconf 82' lang='lat'><strong>298,</strong></span> <span class='ocrx_word' id='word_1_654' title='bbox 3131 3485 3183 3526; x_wconf 92' lang='lat' dir='ltr'><strong>c.</strong></span> <span class='ocrx_word' id='word_1_655' title='bbox 3217 3470 3306 3528; x_wconf 80' lang='grc'><strong>16.</strong></span> <span class='ocrx_word' id='word_1_656' title='bbox 3334 3469 3526 3529; x_wconf 72' lang='lat' dir='ltr'><strong>luas.</strong></span> 
     </span>
    </p>
   </div>
   <div class='ocr_carea' id='block_1_85' title="bbox 1997 3539 3527 3610">
    <p class='ocr_par' dir='ltr' id='par_1_85' title="bbox 1997 3539 3527 3610">
     <span class='ocr_line' id='line_1_90' title="bbox 1997 3539 3527 3610; baseline 0 -13"><span class='ocrx_word' id='word_1_657' title='bbox 1997 3539 2225 3597; x_wconf 77' lang='lat' dir='ltr'><strong>Rodium</strong></span> <span class='ocrx_word' id='word_1_658' title='bbox 2271 3539 2420 3610; x_wconf 67' lang='lat' dir='ltr'><strong>quem</strong></span> <span class='ocrx_word' id='word_1_659' title='bbox 2447 3544 2612 3598; x_wconf 65' lang='lat' dir='ltr'><strong>acidis</strong></span> <span class='ocrx_word' id='word_1_660' title='bbox 2658 3542 2994 3609; x_wconf 76' lang='lat' dir='ltr'><strong>advertimus,</strong></span> <span class='ocrx_word' id='word_1_661' title='bbox 3042 3541 3347 3601; x_wconf 70' lang='lat' dir='ltr'><strong>rideremus.</strong></span> <span class='ocrx_word' id='word_1_662' title='bbox 3384 3541 3457 3597; x_wconf 86' lang='lat' dir='ltr'><strong>Ita</strong></span> <span class='ocrx_word' id='word_1_663' title='bbox 3486 3542 3527 3598; x_wconf 74' lang='grc'><strong><em>3</em></strong></span> 
     </span>
    </p>
   </div>
   <div class='ocr_carea' id='block_1_86' title="bbox 1925 3610 3529 3682">
    <p class='ocr_par' dir='ltr' id='par_1_86' title="bbox 1925 3610 3529 3682">
     <span class='ocr_line' id='line_1_91' title="bbox 1925 3610 3529 3682; baseline 0.001 -16"><span class='ocrx_word' id='word_1_664' title='bbox 1925 3610 2083 3682; x_wconf 59' lang='lat' dir='ltr'><strong>Reg,</strong></span> <span class='ocrx_word' id='word_1_665' title='bbox 2125 3613 2160 3668; x_wconf 84' lang='lat'><strong>2</strong></span> <span class='ocrx_word' id='word_1_666' title='bbox 2194 3613 2436 3670; x_wconf 82' lang='lat' dir='ltr'><strong>Colbert.</strong></span> <span class='ocrx_word' id='word_1_667' title='bbox 2478 3625 2586 3669; x_wconf 83' lang='lat' dir='ltr'><strong>vet.</strong></span> <span class='ocrx_word' id='word_1_668' title='bbox 2634 3613 2761 3671; x_wconf 81' lang='lat' dir='ltr'><strong>edd.</strong></span> <span class='ocrx_word' id='word_1_669' title='bbox 2806 3613 2965 3670; x_wconf 81' lang='lat' dir='ltr'><strong>Rom.</strong></span> <span class='ocrx_word' id='word_1_670' title='bbox 3021 3614 3229 3669; x_wconf 84' lang='lat' dir='ltr'><strong>Tridin.</strong></span> <span class='ocrx_word' id='word_1_671' title='bbox 3281 3613 3529 3675; x_wconf 83' lang='lat' dir='ltr'><strong>Floreat.</strong></span> 
     </span>
    </p>
   </div>
   <div class='ocr_carea' id='block_1_87' title="bbox 1925 3682 3524 3766">
    <p class='ocr_par' dir='ltr' id='par_1_87' title="bbox 1925 3682 3524 3766">
     <span class='ocr_line' id='line_1_92' title="bbox 1925 3682 3524 3766; baseline 0.003 -30"><span class='ocrx_word' id='word_1_672' title='bbox 1925 3682 2120 3766; x_wconf 63' lang='grc' dir='ltr'><strong>ϐαςωή</strong></span> <span class='ocrx_word' id='word_1_673' title='bbox 2151 3684 2291 3766; x_wconf 72' lang='lat' dir='ltr'><strong>typis</strong></span> <span class='ocrx_word' id='word_1_674' title='bbox 2316 3685 2500 3766; x_wconf 75' lang='lat' dir='ltr'><strong>excusi</strong></span> <span class='ocrx_word' id='word_1_675' title='bbox 2537 3694 2593 3766; x_wconf 88' lang='lat' dir='ltr'><strong>et</strong></span> <span class='ocrx_word' id='word_1_676' title='bbox 2623 3684 3006 3766; x_wconf 73' lang='lat' dir='ltr'><strong>mss.__(pr-.uter</strong></span> <span class='ocrx_word' id='word_1_677' title='bbox 3037 3685 3061 3743; x_wconf 85' lang='lat' dir='ltr'><strong>l</strong></span> <span class='ocrx_word' id='word_1_678' title='bbox 3099 3684 3309 3766; x_wconf 72' lang='lat' dir='ltr'><strong>Bonan.</strong></span> <span class='ocrx_word' id='word_1_679' title='bbox 3350 3683 3524 3766; x_wconf 75' lang='lat' dir='ltr'><strong>autiq.</strong></span> 
     </span>
    </p>
   </div>
   <div class='ocr_carea' id='block_1_88' title="bbox 1924 3755 3532 3830">
    <p class='ocr_par' dir='ltr' id='par_1_88' title="bbox 1924 3755 3532 3830">
     <span class='ocr_line' id='line_1_93' title="bbox 1924 3755 3532 3830; baseline -0.002 -17"><span class='ocrx_word' id='word_1_680' title='bbox 1924 3755 2011 3813; x_wconf 81' lang='lat' dir='ltr'><strong>cui</strong></span> <span class='ocrx_word' id='word_1_681' title='bbox 2039 3765 2122 3830; x_wconf 79' lang='lat' dir='ltr'><strong>est</strong></span> <span class='ocrx_word' id='word_1_682' title='bbox 2144 3755 2346 3830; x_wconf 66' lang='lat' dir='ltr'><strong>acula)</strong></span> <span class='ocrx_word' id='word_1_683' title='bbox 2391 3755 2611 3830; x_wconf 75' lang='lat' dir='ltr'><strong>habent,</strong></span> <span class='ocrx_word' id='word_1_684' title='bbox 2656 3758 2856 3813; x_wconf 80' lang='lat' dir='ltr'><strong>tardius</strong></span> <span class='ocrx_word' id='word_1_685' title='bbox 2882 3773 3039 3826; x_wconf 75' lang='lat' dir='ltr'><strong>quam</strong></span> <span class='ocrx_word' id='word_1_686' title='bbox 3089 3756 3255 3830; x_wconf 68' lang='lat' dir='ltr'><strong>oculis</strong></span> <span class='ocrx_word' id='word_1_687' title='bbox 3303 3755 3532 3830; x_wconf 69' lang='lat' dir='ltr'><strong>aduerti-</strong></span> 
     </span>
    </p>
   </div>
   <div class='ocr_carea' id='block_1_89' title="bbox 1925 3827 3534 3953">
    <p class='ocr_par' dir='ltr' id='par_1_89' title="bbox 1925 3827 3534 3953">
     <span class='ocr_line' id='line_1_94' title="bbox 1925 3827 3534 3953; baseline 0.004 -74"><span class='ocrx_word' id='word_1_688' title='bbox 1925 3827 2368 3953; x_wconf 52' lang='grc' dir='ltr'><strong>ηὲιιῒῖξόενῖιηιω.</strong></span> <span class='ocrx_word' id='word_1_689' title='bbox 2395 3830 2467 3886; x_wconf 83' lang='grc' dir='ltr'>Δι</span> <span class='ocrx_word' id='word_1_690' title='bbox 2492 3827 2651 3887; x_wconf 89' lang='lat' dir='ltr'><strong>lectio</strong></span> <span class='ocrx_word' id='word_1_691' title='bbox 2676 3839 2863 3887; x_wconf 78' lang='lat' dir='ltr'><strong>nostra</strong></span> <span class='ocrx_word' id='word_1_692' title='bbox 2890 3843 3111 3887; x_wconf 69' lang='lat' dir='ltr'><strong>sensum</strong></span> <span class='ocrx_word' id='word_1_693' title='bbox 3140 3827 3312 3889; x_wconf 75' lang='lat' dir='ltr'><strong>multo</strong></span> <span class='ocrx_word' id='word_1_694' title='bbox 3331 3827 3534 3886; x_wconf 83' lang='lat' dir='ltr'><strong>clario-</strong></span> 
     </span>
     <span class='ocr_line' id='line_1_95' title="bbox 1928 3913 2256 3953; baseline 0.003 -1"><span class='ocrx_word' id='word_1_695' title='bbox 1928 3913 1953 3952; x_wconf 89' lang='lat' dir='ltr'><strong>l&#39;</strong></span> <span class='ocrx_word' id='word_1_696' title='bbox 2112 3913 2138 3952; x_wconf 89' lang='lat' dir='ltr'><strong>a</strong></span> <span class='ocrx_word' id='word_1_697' title='bbox 2181 3914 2211 3953; x_wconf 75' lang='grc' dir='ltr'>ε</span> <span class='ocrx_word' id='word_1_698' title='bbox 2242 3938 2256 3953; x_wconf 88' lang='grc'><strong>.</strong></span> 
     </span>
    </p>
   </div>
   <div class='ocr_carea' id='block_1_90' title="bbox 2181 3914 2256 3954">
    <p class='ocr_par' dir='ltr' id='par_1_90' title="bbox 2181 3914 2256 3954">
     <span class='ocr_line' id='line_1_96' title="bbox 2181 3914 2256 3954; baseline 0 0"><span class='ocrx_word' id='word_1_699' title='bbox 2181 3914 2256 3954; x_wconf 74' lang='grc' dir='ltr'><strong>ει.</strong></span> 
     </span>
    </p>
   </div>
   <div class='ocr_carea' id='block_1_91' title="bbox 2004 3987 3533 4061">
    <p class='ocr_par' dir='ltr' id='par_1_91' title="bbox 2004 3987 3533 4061">
     <span class='ocr_line' id='line_1_97' title="bbox 2004 3987 3533 4061; baseline 0.004 -19"><span class='ocrx_word' id='word_1_700' title='bbox 2004 3987 2228 4045; x_wconf 76' lang='lat' dir='ltr'><strong>Mentem</strong></span> <span class='ocrx_word' id='word_1_701' title='bbox 2264 4006 2401 4057; x_wconf 80' lang='lat' dir='ltr'><strong>esse,</strong></span> <span class='ocrx_word' id='word_1_702' title='bbox 2439 4006 2559 4061; x_wconf 68' lang='lat' dir='ltr'><strong>qua</strong></span> <span class='ocrx_word' id='word_1_703' title='bbox 2593 4007 2691 4061; x_wconf 76' lang='lat' dir='ltr'><strong>per</strong></span> <span class='ocrx_word' id='word_1_704' title='bbox 2716 3991 2893 4048; x_wconf 75' lang='lat' dir='ltr'><strong>oculos</strong></span> <span class='ocrx_word' id='word_1_705' title='bbox 2925 4006 3017 4061; x_wconf 75' lang='lat' dir='ltr'><strong>ea,</strong></span> <span class='ocrx_word' id='word_1_706' title='bbox 3047 3999 3156 4050; x_wconf 77' lang='lat' dir='ltr'><strong>etc.</strong></span> <span class='ocrx_word' id='word_1_707' title='bbox 3186 3990 3432 4049; x_wconf 84' lang='lat' dir='ltr'><strong>Salvian.</strong></span> <span class='ocrx_word' id='word_1_708' title='bbox 3461 3990 3533 4048; x_wconf 89' lang='lat' dir='ltr'><strong>de</strong></span> 
     </span>
    </p>
   </div>
   <div class='ocr_carea' id='block_1_92' title="bbox 1927 4058 3532 4133">
    <p class='ocr_par' dir='ltr' id='par_1_92' title="bbox 1927 4058 3532 4133">
     <span class='ocr_line' id='line_1_98' title="bbox 1927 4058 3532 4133; baseline 0.002 -18"><span class='ocrx_word' id='word_1_709' title='bbox 1927 4058 2148 4115; x_wconf 85' lang='lat' dir='ltr'><strong>Provid.</strong></span> <span class='ocrx_word' id='word_1_710' title='bbox 2182 4061 2272 4118; x_wconf 82' lang='lat' dir='ltr'><strong>lib.</strong></span> <span class='ocrx_word' id='word_1_711' title='bbox 2301 4078 2379 4127; x_wconf 90' lang='grc' dir='ltr'>ιιι,</span> <span class='ocrx_word' id='word_1_712' title='bbox 2406 4058 2527 4133; x_wconf 77' lang='lat' dir='ltr'><strong>cap.</strong></span> <span class='ocrx_word' id='word_1_713' title='bbox 2560 4058 2629 4118; x_wconf 76' lang='grc' dir='ltr'><strong>τε</strong></span> <span class='ocrx_word' id='word_1_714' title='bbox 2656 4063 2838 4118; x_wconf 83' lang='lat' dir='ltr'><strong>Sciens</strong></span> <span class='ocrx_word' id='word_1_715' title='bbox 2877 4058 3129 4132; x_wconf 72' lang='lat' dir='ltr'><strong>fenestras</strong></span> <span class='ocrx_word' id='word_1_716' title='bbox 3150 4062 3532 4133; x_wconf 72' lang='lat' dir='ltr'><strong>quodammodo</strong></span> 
     </span>
    </p>
   </div>
   <div class='ocr_carea' id='block_1_93' title="bbox 1928 4133 3532 4193">
    <p class='ocr_par' dir='ltr' id='par_1_93' title="bbox 1928 4133 3532 4193">
     <span class='ocr_line' id='line_1_99' title="bbox 1928 4133 3532 4193; baseline 0.002 -6"><span class='ocrx_word' id='word_1_717' title='bbox 1928 4148 2037 4187; x_wconf 83' lang='lat' dir='ltr'><strong>esse</strong></span> <span class='ocrx_word' id='word_1_718' title='bbox 2064 4142 2354 4189; x_wconf 78' lang='lat' dir='ltr'><strong>nostrarum</strong></span> <span class='ocrx_word' id='word_1_719' title='bbox 2382 4136 2627 4189; x_wconf 80' lang='lat' dir='ltr'><strong>utentium</strong></span> <span class='ocrx_word' id='word_1_720' title='bbox 2665 4136 2837 4190; x_wconf 75' lang='lat' dir='ltr'><strong>tum</strong></span> <span class='ocrx_word' id='word_1_721' title='bbox 2858 4134 3153 4193; x_wconf 59' lang='lat' dir='ltr'><strong>oculorum</strong></span> <span class='ocrx_word' id='word_1_722' title='bbox 3184 4133 3295 4191; x_wconf 78' lang='lat' dir='ltr'><strong>Alii</strong></span> <span class='ocrx_word' id='word_1_723' title='bbox 3336 4134 3532 4190; x_wconf 84' lang='lat' dir='ltr'><strong>oculos</strong></span> 
     </span>
    </p>
   </div>
   <div class='ocr_carea' id='block_1_94' title="bbox 1929 4203 3534 4279">
    <p class='ocr_par' dir='ltr' id='par_1_94' title="bbox 1929 4203 3534 4279">
     <span class='ocr_line' id='line_1_100' title="bbox 1929 4203 3534 4279; baseline 0.009 -23"><span class='ocrx_word' id='word_1_724' title='bbox 1929 4203 2089 4261; x_wconf 76' lang='lat' dir='ltr'><strong>animi</strong></span> <span class='ocrx_word' id='word_1_725' title='bbox 2111 4214 2289 4279; x_wconf 73' lang='lat' dir='ltr'><strong>parata</strong></span> <span class='ocrx_word' id='word_1_726' title='bbox 2310 4206 2553 4279; x_wconf 60' lang='lat' dir='ltr'><strong>dixere;</strong></span> <span class='ocrx_word' id='word_1_727' title='bbox 2580 4206 2833 4279; x_wconf 72' lang='lat' dir='ltr'><strong>origines</strong></span> <span class='ocrx_word' id='word_1_728' title='bbox 2858 4205 3236 4279; x_wconf 67' lang='lat' dir='ltr'><strong>Adamantius.</strong></span> <span class='ocrx_word' id='word_1_729' title='bbox 3270 4203 3534 4279; x_wconf 66' lang='lat' dir='ltr'><strong>Physica-</strong></span> 
     </span>
    </p>
   </div>
   <div class='ocr_carea' id='block_1_95' title="bbox 1928 4275 3532 4348">
    <p class='ocr_par' dir='ltr' id='par_1_95' title="bbox 1928 4275 3532 4348">
     <span class='ocr_line' id='line_1_101' title="bbox 1928 4275 3532 4348; baseline 0.002 -17"><span class='ocrx_word' id='word_1_730' title='bbox 1928 4288 2079 4334; x_wconf 70' lang='lat' dir='ltr'><strong>uonu.</strong></span> <span class='ocrx_word' id='word_1_731' title='bbox 2106 4276 2203 4348; x_wconf 63' lang='grc' dir='ltr'>ιιι).</span> <span class='ocrx_word' id='word_1_732' title='bbox 2252 4291 2293 4341; x_wconf 86' lang='grc' dir='ltr'>ι.</span> <span class='ocrx_word' id='word_1_733' title='bbox 2338 4292 2460 4347; x_wconf 82' lang='lat' dir='ltr'><strong>cap.</strong></span> <span class='ocrx_word' id='word_1_734' title='bbox 2489 4277 2550 4343; x_wconf 83' lang='lat' dir='ltr'><strong>l;</strong></span> <span class='ocrx_word' id='word_1_735' title='bbox 2582 4278 2775 4335; x_wconf 83' lang='lat' dir='ltr'><strong>Cicero</strong></span> <span class='ocrx_word' id='word_1_736' title='bbox 2801 4275 2870 4333; x_wconf 83' lang='lat' dir='ltr'><strong>de</strong></span> <span class='ocrx_word' id='word_1_737' title='bbox 2912 4275 3092 4348; x_wconf 53' lang='lat' dir='ltr'><strong>Orat»,</strong></span> <span class='ocrx_word' id='word_1_738' title='bbox 3124 4277 3289 4333; x_wconf 82' lang='lat' dir='ltr'><strong>animi</strong></span> <span class='ocrx_word' id='word_1_739' title='bbox 3333 4275 3532 4335; x_wconf 69' lang='lat' dir='ltr'><strong>indices</strong></span> 
     </span>
    </p>
   </div>
   <div class='ocr_carea' id='block_1_96' title="bbox 1900 4346 2424 4402">
    <p class='ocr_par' dir='ltr' id='par_1_96' title="bbox 1900 4346 2424 4402">
     <span class='ocr_line' id='line_1_102' title="bbox 1900 4346 2424 4402; baseline 0.006 -4"><span class='ocrx_word' id='word_1_740' title='bbox 1900 4388 1903 4389; x_wconf 43' lang='grc' dir='ltr'><em>ν</em></span> <span class='ocrx_word' id='word_1_741' title='bbox 1931 4354 2107 4400; x_wconf 86' lang='lat' dir='ltr'><strong>vocat.</strong></span> <span class='ocrx_word' id='word_1_742' title='bbox 2139 4346 2424 4402; x_wconf 66' lang='lat' dir='ltr'><strong>Carmen.</strong></span> 
     </span>
    </p>
   </div>
   <div class='ocr_carea' id='block_1_97' title="bbox 2004 4416 3528 4503">
    <p class='ocr_par' dir='ltr' id='par_1_97' title="bbox 2004 4416 3528 4503">
     <span class='ocr_line' id='line_1_103' title="bbox 2004 4416 3528 4503; baseline -0.005 -22"><span class='ocrx_word' id='word_1_743' title='bbox 2004 4416 2169 4499; x_wconf 58' lang='lat' dir='ltr'><strong>Quasi</strong></span> <span class='ocrx_word' id='word_1_744' title='bbox 2207 4421 2593 4503; x_wconf 63' lang='lat' dir='ltr'><strong>perfertestras.</strong></span> <span class='ocrx_word' id='word_1_745' title='bbox 2625 4416 2871 4503; x_wconf 51' lang='lat' dir='ltr'><strong>Sicilia.</strong></span> <span class='ocrx_word' id='word_1_746' title='bbox 2892 4434 2914 4479; x_wconf 75' lang='grc' dir='ltr'><strong>ι</strong></span> <span class='ocrx_word' id='word_1_747' title='bbox 2942 4417 3297 4503; x_wconf 78' lang='lat' dir='ltr'><strong>Tusculanar.</strong></span> <span class='ocrx_word' id='word_1_748' title='bbox 3330 4418 3419 4503; x_wconf 76' lang='lat' dir='ltr'><strong>Ut</strong></span> <span class='ocrx_word' id='word_1_749' title='bbox 3443 4422 3528 4503; x_wconf 76' lang='lat' dir='ltr'><strong>fa-</strong></span> 
     </span>
    </p>
   </div>
   <div class='ocr_carea' id='block_1_98' title="bbox 230 4483 3527 4559">
    <p class='ocr_par' dir='ltr' id='par_1_98' title="bbox 230 4483 3527 4559">
     <span class='ocr_line' id='line_1_104' title="bbox 230 4483 3527 4559; baseline 0.001 -14"><span class='ocrx_word' id='word_1_750' title='bbox 230 4488 320 4545; x_wconf 87' lang='lat' dir='ltr'><strong>sil.</strong></span> <span class='ocrx_word' id='word_1_751' title='bbox 350 4483 510 4559; x_wconf 13' lang='lat' dir='ltr'><strong>etgad</strong></span> <span class='ocrx_word' id='word_1_752' title='bbox 550 4485 589 4559; x_wconf 87' lang='lat'><strong>2</strong></span> <span class='ocrx_word' id='word_1_753' title='bbox 615 4483 856 4559; x_wconf 66' lang='lat' dir='ltr'><strong>ejusdem</strong></span> <span class='ocrx_word' id='word_1_754' title='bbox 888 4483 981 4541; x_wconf 92' lang='lat' dir='ltr'><strong>lib.</strong></span> <span class='ocrx_word' id='word_1_755' title='bbox 1015 4484 1213 4559; x_wconf 79' lang='lat' dir='ltr'><strong>Scalig.</strong></span> <span class='ocrx_word' id='word_1_756' title='bbox 1241 4484 1310 4559; x_wconf 78' lang='lat' dir='ltr'><strong>de</strong></span> <span class='ocrx_word' id='word_1_757' title='bbox 1334 4483 1566 4543; x_wconf 82' lang='lat' dir='ltr'><strong>Subtilit.</strong></span> <span class='ocrx_word' id='word_1_758' title='bbox 1588 4483 1673 4537; x_wconf 74' lang='lat' dir='ltr'><strong>ad</strong></span> <span class='ocrx_word' id='word_1_759' title='bbox 1702 4483 1830 4541; x_wconf 69' lang='lat' dir='ltr'><strong>Caro</strong></span> <span class='ocrx_word' id='word_1_760' title='bbox 1853 4488 1908 4552; x_wconf 76' lang='lat'><strong>1)</strong></span> <span class='ocrx_word' id='word_1_761' title='bbox 1934 4486 2053 4553; x_wconf 83' lang='lat' dir='ltr'><strong>cile,</strong></span> <span class='ocrx_word' id='word_1_762' title='bbox 2087 4483 2279 4557; x_wconf 84' lang='lat' dir='ltr'><strong>inquit,</strong></span> <span class='ocrx_word' id='word_1_763' title='bbox 2309 4483 2530 4559; x_wconf 74' lang='lat' dir='ltr'><strong>intelligi</strong></span> <span class='ocrx_word' id='word_1_764' title='bbox 2578 4490 2739 4557; x_wconf 79' lang='lat' dir='ltr'><strong>possit</strong></span> <span class='ocrx_word' id='word_1_765' title='bbox 2781 4491 3032 4557; x_wconf 76' lang='lat' dir='ltr'><strong>auiinum,</strong></span> <span class='ocrx_word' id='word_1_766' title='bbox 3060 4501 3110 4547; x_wconf 90' lang='lat' dir='ltr'><strong>et</strong></span> <span class='ocrx_word' id='word_1_767' title='bbox 3134 4491 3333 4556; x_wconf 82' lang='lat' dir='ltr'><strong>audire,</strong></span> <span class='ocrx_word' id='word_1_768' title='bbox 3368 4500 3419 4547; x_wconf 90' lang='lat' dir='ltr'><strong>et</strong></span> <span class='ocrx_word' id='word_1_769' title='bbox 3443 4483 3527 4547; x_wconf 67' lang='lat' dir='ltr'><strong>iii-</strong></span> 
     </span>
    </p>
   </div>
   <div class='ocr_carea' id='block_1_99' title="bbox 228 4555 1424 4626">
    <p class='ocr_par' dir='ltr' id='par_1_99' title="bbox 228 4555 1424 4626">
     <span class='ocr_line' id='line_1_105' title="bbox 228 4555 1424 4626; baseline -0.005 -11"><span class='ocrx_word' id='word_1_770' title='bbox 228 4560 360 4619; x_wconf 83' lang='lat' dir='ltr'><strong>dan.</strong></span> <span class='ocrx_word' id='word_1_771' title='bbox 397 4555 693 4613; x_wconf 79' lang='lat' dir='ltr'><strong>Exercitat.</strong></span> <span class='ocrx_word' id='word_1_772' title='bbox 721 4555 848 4619; x_wconf 73' lang='lat'><strong>525.</strong></span> <span class='ocrx_word' id='word_1_773' title='bbox 876 4571 996 4626; x_wconf 85' lang='lat' dir='ltr'><strong>cap.</strong></span> <span class='ocrx_word' id='word_1_774' title='bbox 1024 4558 1078 4621; x_wconf 76' lang='grc' dir='ltr'><strong>ὃ,</strong></span> <span class='ocrx_word' id='word_1_775' title='bbox 1102 4556 1213 4611; x_wconf 86' lang='lat' dir='ltr'><strong>alii.</strong></span> <span class='ocrx_word' id='word_1_776' title='bbox 1244 4555 1424 4611; x_wconf 63' lang='lat' dir='ltr'><strong>Imus.</strong></span> 
     </span>
    </p>
   </div>
   <div class='ocr_carea' id='block_1_100' title="bbox 306 4624 1835 4696">
    <p class='ocr_par' dir='ltr' id='par_1_100' title="bbox 306 4624 1835 4696">
     <span class='ocr_line' id='line_1_106' title="bbox 306 4624 1835 4696; baseline -0.001 -13"><span class='ocrx_word' id='word_1_777' title='bbox 306 4629 512 4683; x_wconf 81' lang='lat' dir='ltr'><strong>Sensus</strong></span> <span class='ocrx_word' id='word_1_778' title='bbox 552 4626 672 4689; x_wconf 82' lang='lat' dir='ltr'><strong>ille,</strong></span> <span class='ocrx_word' id='word_1_779' title='bbox 703 4628 790 4696; x_wconf 83' lang='lat' dir='ltr'><strong>qui</strong></span> <span class='ocrx_word' id='word_1_780' title='bbox 817 4624 1008 4683; x_wconf 73' lang='lat' dir='ltr'><strong>dicitur</strong></span> <span class='ocrx_word' id='word_1_781' title='bbox 1030 4644 1202 4692; x_wconf 76' lang='lat' dir='ltr'><strong>mens,</strong></span> <span class='ocrx_word' id='word_1_782' title='bbox 1234 4637 1342 4684; x_wconf 88' lang='lat' dir='ltr'><strong>etc.</strong></span> <span class='ocrx_word' id='word_1_783' title='bbox 1374 4627 1531 4684; x_wconf 78' lang='lat' dir='ltr'><strong>Juxta</strong></span> <span class='ocrx_word' id='word_1_784' title='bbox 1564 4624 1692 4681; x_wconf 87' lang='lat' dir='ltr'><strong>illttd</strong></span> <span class='ocrx_word' id='word_1_785' title='bbox 1718 4624 1835 4682; x_wconf 81' lang='lat' dir='ltr'><strong>vul-</strong></span> 
     </span>
    </p>
   </div>
   <div class='ocr_carea' id='block_1_101' title="bbox 232 4697 1833 4772">
    <p class='ocr_par' dir='ltr' id='par_1_101' title="bbox 232 4697 1833 4772">
     <span class='ocr_line' id='line_1_107' title="bbox 232 4697 1833 4772; baseline 0 -18"><span class='ocrx_word' id='word_1_786' title='bbox 232 4710 419 4772; x_wconf 84' lang='lat' dir='ltr'><strong>gatum</strong></span> <span class='ocrx_word' id='word_1_787' title='bbox 434 4698 701 4772; x_wconf 62' lang='lat' dir='ltr'><strong>lleracliti</strong></span> <span class='ocrx_word' id='word_1_788' title='bbox 716 4740 735 4772; x_wconf 76' lang='lat'><strong>,</strong></span> <span class='ocrx_word' id='word_1_789' title='bbox 756 4699 961 4772; x_wconf 84' lang='lat' dir='ltr'><strong>de_quo</strong></span> <span class='ocrx_word' id='word_1_790' title='bbox 976 4697 1595 4772; x_wconf 66' lang='lat' dir='ltr'><strong>meminitAristotcles</strong></span> <span class='ocrx_word' id='word_1_791' title='bbox 1610 4697 1833 4754; x_wconf 84' lang='lat' dir='ltr'><strong>Proble-</strong></span> 
     </span>
    </p>
   </div>
   <div class='ocr_carea' id='block_1_102' title="bbox 234 4740 1835 4841">
    <p class='ocr_par' dir='ltr' id='par_1_102' title="bbox 234 4740 1835 4841">
     <span class='ocr_line' id='line_1_108' title="bbox 234 4740 1835 4841; baseline -0.002 -14"><span class='ocrx_word' id='word_1_792' title='bbox 234 4740 399 4827; x_wconf 63' lang='grc' dir='ltr'><strong>ἶῗῖιίῐῖὲ</strong></span> <span class='ocrx_word' id='word_1_793' title='bbox 425 4740 687 4827; x_wconf 37' lang='lat' dir='ltr'><strong>silui)?</strong></span> <span class='ocrx_word' id='word_1_794' title='bbox 705 4740 1155 4841; x_wconf 43' lang='lat' dir='ltr'><strong>restituasi}:</strong></span> <span class='ocrx_word' id='word_1_795' title='bbox 1172 4740 1324 4825; x_wconf 55' lang='lat'><strong>35‘?</strong></span> <span class='ocrx_word' id='word_1_796' title='bbox 1340 4740 1494 4824; x_wconf 63' lang='grc' dir='ltr'><strong>ιῖῶιῖ</strong></span> <span class='ocrx_word' id='word_1_797' title='bbox 1512 4740 1667 4833; x_wconf 57' lang='lat' dir='ltr'><strong>uiuet,</strong></span> <span class='ocrx_word' id='word_1_798' title='bbox 1695 4740 1835 4824; x_wconf 67' lang='grc' dir='ltr'>ιηθιῖι</span> 
     </span>
    </p>
   </div>
   <div class='ocr_carea' id='block_1_103' title="bbox 235 4840 1835 4907">
    <p class='ocr_par' dir='ltr' id='par_1_103' title="bbox 235 4840 1835 4907">
     <span class='ocr_line' id='line_1_109' title="bbox 235 4840 1835 4907; baseline -0.001 -12"><span class='ocrx_word' id='word_1_799' title='bbox 235 4844 404 4897; x_wconf 82' lang='lat' dir='ltr'><strong>audit.</strong></span> <span class='ocrx_word' id='word_1_800' title='bbox 439 4840 548 4895; x_wconf 90' lang='lat' dir='ltr'><strong>Sed</strong></span> <span class='ocrx_word' id='word_1_801' title='bbox 580 4840 781 4896; x_wconf 89' lang='lat' dir='ltr'><strong>melius</strong></span> <span class='ocrx_word' id='word_1_802' title='bbox 811 4841 1065 4907; x_wconf 82' lang='lat' dir='ltr'><strong>dixisset,</strong></span> <span class='ocrx_word' id='word_1_803' title='bbox 1104 4842 1315 4905; x_wconf 88' lang='lat' dir='ltr'><strong>anima,</strong></span> <span class='ocrx_word' id='word_1_804' title='bbox 1358 4841 1470 4897; x_wconf 83' lang='lat' dir='ltr'><strong>sive</strong></span> <span class='ocrx_word' id='word_1_805' title='bbox 1508 4841 1744 4902; x_wconf 82' lang='lat' dir='ltr'><strong>animus,</strong></span> <span class='ocrx_word' id='word_1_806' title='bbox 1774 4847 1835 4899; x_wconf 86' lang='lat' dir='ltr'><strong>ut</strong></span> 
     </span>
    </p>
   </div>
   <div class='ocr_carea' id='block_1_104' title="bbox 235 4911 1833 4981">
    <p class='ocr_par' dir='ltr' id='par_1_104' title="bbox 235 4911 1833 4981">
     <span class='ocr_line' id='line_1_110' title="bbox 235 4911 1833 4981; baseline -0.004 -13"><span class='ocrx_word' id='word_1_807' title='bbox 235 4912 354 4968; x_wconf 85' lang='lat' dir='ltr'><strong>Cic.</strong></span> <span class='ocrx_word' id='word_1_808' title='bbox 384 4929 401 4966; x_wconf 88' lang='grc' dir='ltr'><strong>ι</strong></span> <span class='ocrx_word' id='word_1_809' title='bbox 426 4912 649 4967; x_wconf 83' lang='lat' dir='ltr'><strong>Tuscul.</strong></span> <span class='ocrx_word' id='word_1_810' title='bbox 684 4928 807 4967; x_wconf 81' lang='lat' dir='ltr'><strong>nam</strong></span> <span class='ocrx_word' id='word_1_811' title='bbox 839 4911 997 4981; x_wconf 81' lang='lat' dir='ltr'><strong>longe</strong></span> <span class='ocrx_word' id='word_1_812' title='bbox 1021 4912 1179 4969; x_wconf 83' lang='lat' dir='ltr'><strong>aliter</strong></span> <span class='ocrx_word' id='word_1_813' title='bbox 1201 4912 1371 4980; x_wconf 79' lang='lat' dir='ltr'><strong>accipi</strong></span> <span class='ocrx_word' id='word_1_814' title='bbox 1398 4921 1613 4966; x_wconf 75' lang='lat' dir='ltr'><strong>utentem</strong></span> <span class='ocrx_word' id='word_1_815' title='bbox 1638 4921 1693 4967; x_wconf 88' lang='lat' dir='ltr'><strong>et</strong></span> <span class='ocrx_word' id='word_1_816' title='bbox 1715 4912 1833 4964; x_wconf 82' lang='lat' dir='ltr'><strong>ani-</strong></span> 
     </span>
    </p>
   </div>
   <div class='ocr_carea' id='block_1_105' title="bbox 238 4981 1837 5054">
    <p class='ocr_par' dir='ltr' id='par_1_105' title="bbox 238 4981 1837 5054">
     <span class='ocr_line' id='line_1_111' title="bbox 238 4981 1837 5054; baseline -0.001 -17"><span class='ocrx_word' id='word_1_817' title='bbox 238 5001 400 5050; x_wconf 84' lang='lat' dir='ltr'><strong>mam,</strong></span> <span class='ocrx_word' id='word_1_818' title='bbox 433 4998 596 5054; x_wconf 84' lang='lat' dir='ltr'><strong>quam</strong></span> <span class='ocrx_word' id='word_1_819' title='bbox 626 4994 772 5053; x_wconf 88' lang='lat' dir='ltr'><strong>putet</strong></span> <span class='ocrx_word' id='word_1_820' title='bbox 801 4981 1141 5051; x_wconf 86' lang='lat' dir='ltr'><strong>Lactantius,</strong></span> <span class='ocrx_word' id='word_1_821' title='bbox 1171 4982 1285 5039; x_wconf 78' lang='lat' dir='ltr'><strong>dixi</strong></span> <span class='ocrx_word' id='word_1_822' title='bbox 1315 4998 1495 5053; x_wconf 82' lang='lat' dir='ltr'><strong>supra,</strong></span> <span class='ocrx_word' id='word_1_823' title='bbox 1527 4982 1620 5037; x_wconf 88' lang='lat' dir='ltr'><strong>lib.</strong></span> <span class='ocrx_word' id='word_1_824' title='bbox 1652 4997 1722 5043; x_wconf 79' lang='grc' dir='ltr'><strong>νυ</strong></span> <span class='ocrx_word' id='word_1_825' title='bbox 1752 4982 1837 5036; x_wconf 90' lang='lat' dir='ltr'><strong>lu-</strong></span> 
     </span>
    </p>
   </div>
   <div class='ocr_carea' id='block_1_106' title="bbox 235 5053 917 5124">
    <p class='ocr_par' dir='ltr' id='par_1_106' title="bbox 235 5053 917 5124">
     <span class='ocr_line' id='line_1_112' title="bbox 235 5053 917 5124; baseline -0.001 -12"><span class='ocrx_word' id='word_1_826' title='bbox 235 5057 419 5113; x_wconf 89' lang='lat' dir='ltr'><strong>stitut.</strong></span> <span class='ocrx_word' id='word_1_827' title='bbox 454 5068 580 5124; x_wconf 89' lang='lat' dir='ltr'><strong>cap.</strong></span> <span class='ocrx_word' id='word_1_828' title='bbox 614 5053 701 5109; x_wconf 78' lang='lat' dir='ltr'><strong>l2.</strong></span> <span class='ocrx_word' id='word_1_829' title='bbox 734 5054 917 5111; x_wconf 60' lang='lat' dir='ltr'><strong>Imus.</strong></span> 
     </span>
    </p>
   </div>
   <div class='ocr_carea' id='block_1_107' title="bbox 317 5122 1839 5197">
    <p class='ocr_par' dir='ltr' id='par_1_107' title="bbox 317 5122 1839 5197">
     <span class='ocr_line' id='line_1_113' title="bbox 317 5122 1839 5197; baseline -0.005 -12"><span class='ocrx_word' id='word_1_830' title='bbox 317 5126 455 5197; x_wconf 66' lang='lat' dir='ltr'><strong>Qum</strong></span> <span class='ocrx_word' id='word_1_831' title='bbox 484 5122 613 5196; x_wconf 77' lang='lat' dir='ltr'><strong>foris</strong></span> <span class='ocrx_word' id='word_1_832' title='bbox 639 5135 775 5192; x_wconf 84' lang='lat' dir='ltr'><strong>sunt,</strong></span> <span class='ocrx_word' id='word_1_833' title='bbox 806 5124 1096 5197; x_wconf 81' lang='lat' dir='ltr'><strong>transpicit.</strong></span> <span class='ocrx_word' id='word_1_834' title='bbox 1151 5122 1302 5197; x_wconf 87' lang='lat' dir='ltr'><strong>Lips.</strong></span> <span class='ocrx_word' id='word_1_835' title='bbox 1344 5123 1401 5191; x_wconf 81' lang='lat'><strong>2,</strong></span> <span class='ocrx_word' id='word_1_836' title='bbox 1442 5124 1713 5197; x_wconf 71' lang='lat' dir='ltr'><strong>perspicit.</strong></span> <span class='ocrx_word' id='word_1_837' title='bbox 1732 5123 1839 5197; x_wconf 61' lang='grc' dir='ltr'><strong>Νί-</strong></span> 
     </span>
    </p>
   </div>
   <div class='ocr_carea' id='block_1_108' title="bbox 240 5195 1834 5264">
    <p class='ocr_par' dir='ltr' id='par_1_108' title="bbox 240 5195 1834 5264">
     <span class='ocr_line' id='line_1_114' title="bbox 240 5195 1834 5264; baseline -0.002 -9"><span class='ocrx_word' id='word_1_838' title='bbox 240 5195 551 5255; x_wconf 66' lang='grc' dir='ltr'><strong>Ιιῆωιιῑο.</strong></span> <span class='ocrx_word' id='word_1_839' title='bbox 594 5198 836 5253; x_wconf 83' lang='lat' dir='ltr'><strong>Imitatur</strong></span> <span class='ocrx_word' id='word_1_840' title='bbox 883 5195 1148 5264; x_wconf 68' lang='lat' dir='ltr'><strong>Locretii,</strong></span> <span class='ocrx_word' id='word_1_841' title='bbox 1194 5196 1290 5251; x_wconf 88' lang='lat' dir='ltr'><strong>lib.</strong></span> <span class='ocrx_word' id='word_1_842' title='bbox 1338 5196 1407 5261; x_wconf 69' lang='grc'><strong>4,</strong></span> <span class='ocrx_word' id='word_1_843' title='bbox 1452 5212 1503 5251; x_wconf 83' lang='lat' dir='ltr'><strong>v.</strong></span> <span class='ocrx_word' id='word_1_844' title='bbox 1552 5195 1834 5262; x_wconf 74' lang='lat'><strong>272-279;</strong></span> 
     </span>
    </p>
   </div>
   <div class='ocr_carea' id='block_1_109' title="bbox 241 5266 1190 5342">
    <p class='ocr_par' dir='ltr' id='par_1_109' title="bbox 241 5266 1190 5342">
     <span class='ocr_line' id='line_1_115' title="bbox 241 5266 1190 5342; baseline -0.004 -18"><span class='ocrx_word' id='word_1_845' title='bbox 241 5269 398 5342; x_wconf 74' lang='lat' dir='ltr'><strong>foris.</strong></span> <span class='ocrx_word' id='word_1_846' title='bbox 411 5310 423 5323; x_wconf 92' lang='lat'><strong>.</strong></span> <span class='ocrx_word' id='word_1_847' title='bbox 436 5307 477 5325; x_wconf 73' lang='grc' dir='ltr'><strong>,ρ</strong></span> <span class='ocrx_word' id='word_1_848' title='bbox 492 5270 934 5342; x_wconf 62' lang='lat' dir='ltr'><strong>transpiciuntur.</strong></span> <span class='ocrx_word' id='word_1_849' title='bbox 964 5266 1099 5325; x_wconf 73' lang='lat' dir='ltr'><strong>Bon.</strong></span> <span class='ocrx_word' id='word_1_850' title='bbox 1177 5317 1190 5332; x_wconf 74' lang='lat'><strong>,</strong></span> 
     </span>
    </p>
   </div>
   <div class='ocr_carea' id='block_1_110' title="bbox 316 5337 1837 5411">
    <p class='ocr_par' dir='ltr' id='par_1_110' title="bbox 316 5337 1837 5411">
     <span class='ocr_line' id='line_1_116' title="bbox 316 5337 1837 5411; baseline -0.003 -13"><span class='ocrx_word' id='word_1_851' title='bbox 316 5338 626 5411; x_wconf 75' lang='lat' dir='ltr'><strong>lmaginzun</strong></span> <span class='ocrx_word' id='word_1_852' title='bbox 648 5339 938 5411; x_wconf 78' lang='lat' dir='ltr'><strong>incursione</strong></span> <span class='ocrx_word' id='word_1_853' title='bbox 982 5354 1078 5393; x_wconf 87' lang='lat' dir='ltr'><strong>nos</strong></span> <span class='ocrx_word' id='word_1_854' title='bbox 1116 5353 1357 5411; x_wconf 81' lang='lat' dir='ltr'><strong>cernere.</strong></span> <span class='ocrx_word' id='word_1_855' title='bbox 1391 5338 1481 5394; x_wconf 90' lang='lat' dir='ltr'><strong>Sic</strong></span> <span class='ocrx_word' id='word_1_856' title='bbox 1524 5337 1837 5411; x_wconf 84' lang='lat' dir='ltr'><strong>legimusin</strong></span> 
     </span>
    </p>
   </div>
   <div class='ocr_carea' id='block_1_111' title="bbox 242 5409 1839 5480">
    <p class='ocr_par' dir='ltr' id='par_1_111' title="bbox 242 5409 1839 5480">
     <span class='ocr_line' id='line_1_117' title="bbox 242 5409 1839 5480; baseline -0.003 -12"><span class='ocrx_word' id='word_1_857' title='bbox 242 5409 509 5468; x_wconf 81' lang='lat' dir='ltr'><strong>omnibus</strong></span> <span class='ocrx_word' id='word_1_858' title='bbox 532 5409 687 5464; x_wconf 88' lang='lat' dir='ltr'><strong>editis</strong></span> <span class='ocrx_word' id='word_1_859' title='bbox 711 5420 764 5465; x_wconf 91' lang='lat' dir='ltr'><strong>et</strong></span> <span class='ocrx_word' id='word_1_860' title='bbox 801 5425 956 5475; x_wconf 87' lang='lat' dir='ltr'><strong>mss.,</strong></span> <span class='ocrx_word' id='word_1_861' title='bbox 984 5419 1182 5480; x_wconf 62' lang='lat' dir='ltr'><strong>prater</strong></span> <span class='ocrx_word' id='word_1_862' title='bbox 1209 5412 1236 5467; x_wconf 82' lang='grc'><strong>1</strong></span> <span class='ocrx_word' id='word_1_863' title='bbox 1268 5410 1506 5467; x_wconf 77' lang='lat' dir='ltr'><strong>Colhert.</strong></span> <span class='ocrx_word' id='word_1_864' title='bbox 1535 5410 1620 5480; x_wconf 87' lang='lat' dir='ltr'><strong>cui</strong></span> <span class='ocrx_word' id='word_1_865' title='bbox 1650 5418 1737 5465; x_wconf 88' lang='lat' dir='ltr'><strong>est</strong></span> <span class='ocrx_word' id='word_1_866' title='bbox 1755 5409 1839 5464; x_wconf 89' lang='lat' dir='ltr'><strong>in-</strong></span> 
     </span>
    </p>
   </div>
   <div class='ocr_carea' id='block_1_112' title="bbox 238 5479 1839 5551">
    <p class='ocr_par' dir='ltr' id='par_1_112' title="bbox 238 5479 1839 5551">
     <span class='ocr_line' id='line_1_118' title="bbox 238 5479 1839 5551; baseline -0.004 -10"><span class='ocrx_word' id='word_1_867' title='bbox 238 5484 557 5551; x_wconf 68' lang='lat' dir='ltr'><strong>cursiones;</strong></span> <span class='ocrx_word' id='word_1_868' title='bbox 588 5495 716 5536; x_wconf 86' lang='lat' dir='ltr'><strong>mss.</strong></span> <span class='ocrx_word' id='word_1_869' title='bbox 746 5480 783 5536; x_wconf 89' lang='lat'><strong>2</strong></span> <span class='ocrx_word' id='word_1_870' title='bbox 812 5481 1045 5546; x_wconf 68' lang='lat' dir='ltr'><strong>Bonum,</strong></span> <span class='ocrx_word' id='word_1_871' title='bbox 1089 5481 1125 5535; x_wconf 83' lang='lat'><strong>2</strong></span> <span class='ocrx_word' id='word_1_872' title='bbox 1152 5482 1309 5551; x_wconf 80' lang='lat' dir='ltr'><strong>Beg.,</strong></span> <span class='ocrx_word' id='word_1_873' title='bbox 1337 5481 1495 5549; x_wconf 82' lang='lat' dir='ltr'><strong>Tax.,</strong></span> <span class='ocrx_word' id='word_1_874' title='bbox 1516 5481 1552 5536; x_wconf 87' lang='lat'><strong>2</strong></span> <span class='ocrx_word' id='word_1_875' title='bbox 1572 5479 1839 5548; x_wconf 85' lang='lat' dir='ltr'><strong>Colbert.,</strong></span> 
     </span>
    </p>
   </div>
   <div class='ocr_carea' id='block_1_113' title="bbox 244 5550 1166 5619">
    <p class='ocr_par' dir='ltr' id='par_1_113' title="bbox 244 5550 1166 5619">
     <span class='ocr_line' id='line_1_119' title="bbox 244 5550 1166 5619; baseline -0.008 -7"><span class='ocrx_word' id='word_1_876' title='bbox 244 5554 469 5619; x_wconf 86' lang='lat' dir='ltr'><strong>Baluz.,</strong></span> <span class='ocrx_word' id='word_1_877' title='bbox 499 5550 758 5615; x_wconf 85' lang='lat' dir='ltr'><strong>Clarom.,</strong></span> <span class='ocrx_word' id='word_1_878' title='bbox 789 5552 1166 5606; x_wconf 76' lang='lat' dir='ltr'><strong>concursiones.</strong></span> 
     </span>
    </p>
   </div>
   <div class='ocr_carea' id='block_1_114' title="bbox 323 5619 1839 5693">
    <p class='ocr_par' dir='ltr' id='par_1_114' title="bbox 323 5619 1839 5693">
     <span class='ocr_line' id='line_1_120' title="bbox 323 5619 1839 5693; baseline 0 -16"><span class='ocrx_word' id='word_1_879' title='bbox 323 5626 396 5683; x_wconf 91' lang='lat' dir='ltr'><strong>Ut</strong></span> <span class='ocrx_word' id='word_1_880' title='bbox 432 5621 1016 5693; x_wconf 78' lang='lat' dir='ltr'><strong>philosophi_di:rerunt.</strong></span> <span class='ocrx_word' id='word_1_881' title='bbox 1048 5621 1175 5676; x_wconf 76' lang='lat' dir='ltr'><strong>Mss.</strong></span> <span class='ocrx_word' id='word_1_882' title='bbox 1208 5622 1244 5676; x_wconf 87' lang='lat'><strong>2</strong></span> <span class='ocrx_word' id='word_1_883' title='bbox 1282 5619 1635 5693; x_wconf 83' lang='lat' dir='ltr'><strong>Colb.,Em.,</strong></span> <span class='ocrx_word' id='word_1_884' title='bbox 1674 5622 1839 5683; x_wconf 85' lang='lat' dir='ltr'><strong>Brun.</strong></span> 
     </span>
    </p>
   </div>
   <div class='ocr_carea' id='block_1_115' title="bbox 245 5690 1834 5759">
    <p class='ocr_par' dir='ltr' id='par_1_115' title="bbox 245 5690 1834 5759">
     <span class='ocr_line' id='line_1_121' title="bbox 245 5690 1834 5759; baseline -0.001 -8"><span class='ocrx_word' id='word_1_885' title='bbox 245 5710 311 5751; x_wconf 84' lang='lat' dir='ltr'><strong>ac</strong></span> <span class='ocrx_word' id='word_1_886' title='bbox 338 5690 477 5751; x_wconf 83' lang='lat' dir='ltr'><strong>edit.</strong></span> <span class='ocrx_word' id='word_1_887' title='bbox 509 5693 705 5759; x_wconf 84' lang='lat' dir='ltr'><strong>Betul.,</strong></span> <span class='ocrx_word' id='word_1_888' title='bbox 724 5690 950 5759; x_wconf 83' lang='lat' dir='ltr'><strong>Cellar.,</strong></span> <span class='ocrx_word' id='word_1_889' title='bbox 978 5692 1252 5748; x_wconf 73' lang='lat' dir='ltr'><strong>disserunt.</strong></span> <span class='ocrx_word' id='word_1_890' title='bbox 1284 5692 1480 5747; x_wconf 66' lang='lat' dir='ltr'><strong>Caneri</strong></span> <span class='ocrx_word' id='word_1_891' title='bbox 1507 5701 1563 5746; x_wconf 92' lang='lat' dir='ltr'><strong>ut</strong></span> <span class='ocrx_word' id='word_1_892' title='bbox 1592 5695 1645 5747; x_wconf 93' lang='lat' dir='ltr'><strong>in</strong></span> <span class='ocrx_word' id='word_1_893' title='bbox 1669 5703 1834 5750; x_wconf 77' lang='lat' dir='ltr'><strong>textu.</strong></span> 
     </span>
    </p>
   </div>
   <div class='ocr_carea' id='block_1_116' title="bbox 322 5762 1842 5832">
    <p class='ocr_par' dir='ltr' id='par_1_116' title="bbox 322 5762 1842 5832">
     <span class='ocr_line' id='line_1_122' title="bbox 322 5762 1842 5832; baseline -0.001 -12"><span class='ocrx_word' id='word_1_894' title='bbox 322 5766 428 5821; x_wconf 82' lang='lat' dir='ltr'><strong>Aut</strong></span> <span class='ocrx_word' id='word_1_895' title='bbox 460 5763 742 5819; x_wconf 86' lang='lat' dir='ltr'><strong>intentione</strong></span> <span class='ocrx_word' id='word_1_896' title='bbox 764 5764 915 5830; x_wconf 87' lang='lat' dir='ltr'><strong>aeris,</strong></span> <span class='ocrx_word' id='word_1_897' title='bbox 945 5778 1061 5817; x_wconf 88' lang='lat' dir='ltr'><strong>cum</strong></span> <span class='ocrx_word' id='word_1_898' title='bbox 1080 5762 1210 5817; x_wconf 83' lang='lat' dir='ltr'><strong>acie.</strong></span> <span class='ocrx_word' id='word_1_899' title='bbox 1254 5773 1359 5819; x_wconf 90' lang='lat' dir='ltr'><strong>etc.</strong></span> <span class='ocrx_word' id='word_1_900' title='bbox 1392 5762 1515 5817; x_wconf 57' lang='lat' dir='ltr'><strong>Haec</strong></span> <span class='ocrx_word' id='word_1_901' title='bbox 1543 5765 1724 5832; x_wconf 92' lang='lat' dir='ltr'><strong>opinio</strong></span> <span class='ocrx_word' id='word_1_902' title='bbox 1753 5780 1842 5819; x_wconf 87' lang='lat' dir='ltr'><strong>ra-</strong></span> 
     </span>
    </p>
   </div>
   <div class='ocr_carea' id='block_1_117' title="bbox 1934 4561 3531 4633">
    <p class='ocr_par' dir='ltr' id='par_1_117' title="bbox 1934 4561 3531 4633">
     <span class='ocr_line' id='line_1_123' title="bbox 1934 4561 3531 4633; baseline 0.002 -18"><span class='ocrx_word' id='word_1_903' title='bbox 1934 4561 2072 4627; x_wconf 81' lang='lat' dir='ltr'><strong>dere,</strong></span> <span class='ocrx_word' id='word_1_904' title='bbox 2117 4576 2219 4615; x_wconf 86' lang='lat' dir='ltr'><strong>nou</strong></span> <span class='ocrx_word' id='word_1_905' title='bbox 2266 4576 2350 4616; x_wconf 88' lang='lat' dir='ltr'><strong>eas</strong></span> <span class='ocrx_word' id='word_1_906' title='bbox 2389 4572 2581 4632; x_wconf 72' lang='lat' dir='ltr'><strong>partes,</strong></span> <span class='ocrx_word' id='word_1_907' title='bbox 2627 4575 2741 4631; x_wconf 78' lang='lat' dir='ltr'><strong>qua</strong></span> <span class='ocrx_word' id='word_1_908' title='bbox 2783 4563 2932 4631; x_wconf 77' lang='lat' dir='ltr'><strong>quasi</strong></span> <span class='ocrx_word' id='word_1_909' title='bbox 2977 4562 3215 4633; x_wconf 67' lang='lat' dir='ltr'><strong>[caestus</strong></span> <span class='ocrx_word' id='word_1_910' title='bbox 3250 4574 3392 4628; x_wconf 79' lang='lat' dir='ltr'><strong>sunt,</strong></span> <span class='ocrx_word' id='word_1_911' title='bbox 3420 4574 3531 4619; x_wconf 89' lang='lat' dir='ltr'><strong>etc.</strong></span> 
     </span>
    </p>
   </div>
   <div class='ocr_carea' id='block_1_118' title="bbox 2006 4632 3529 4775">
    <p class='ocr_par' dir='ltr' id='par_1_118' title="bbox 2006 4632 3529 4775">
     <span class='ocr_line' id='line_1_124' title="bbox 2006 4632 3529 4775; baseline 0.001 -18"><span class='ocrx_word' id='word_1_912' title='bbox 2006 4700 2229 4760; x_wconf 73' lang='lat' dir='ltr'><strong>Lucem</strong></span> <span class='ocrx_word' id='word_1_913' title='bbox 2251 4704 2401 4763; x_wconf 75' lang='lat' dir='ltr'><strong>uitro.</strong></span> <span class='ocrx_word' id='word_1_914' title='bbox 2435 4702 2562 4763; x_wconf 72' lang='lat' dir='ltr'><strong>Mss.</strong></span> <span class='ocrx_word' id='word_1_915' title='bbox 2593 4702 2630 4759; x_wconf 89' lang='lat'><strong>2</strong></span> <span class='ocrx_word' id='word_1_916' title='bbox 2677 4702 2887 4761; x_wconf 82' lang='lat' dir='ltr'><strong>Bonan.</strong></span> <span class='ocrx_word' id='word_1_917' title='bbox 2917 4713 2974 4761; x_wconf 87' lang='lat' dir='ltr'><strong>et</strong></span> <span class='ocrx_word' id='word_1_918' title='bbox 3009 4705 3043 4761; x_wconf 74' lang='grc' dir='ltr'><strong>ι</strong></span> <span class='ocrx_word' id='word_1_919' title='bbox 3069 4632 3529 4775; x_wconf 52' lang='grc' dir='ltr'><strong>ειϋξδρεὲῗίιεεηιε.</strong></span> 
     </span>
    </p>
   </div>
   <div class='ocr_carea' id='block_1_119' title="bbox 1932 4773 3536 4844">
    <p class='ocr_par' dir='ltr' id='par_1_119' title="bbox 1932 4773 3536 4844">
     <span class='ocr_line' id='line_1_125' title="bbox 1932 4773 3536 4844; baseline 0 -13"><span class='ocrx_word' id='word_1_920' title='bbox 1932 4773 2026 4831; x_wconf 86' lang='lat' dir='ltr'><strong>Sic</strong></span> <span class='ocrx_word' id='word_1_921' title='bbox 2055 4776 2219 4833; x_wconf 76' lang='lat' dir='ltr'><strong>etiam</strong></span> <span class='ocrx_word' id='word_1_922' title='bbox 2264 4775 2620 4837; x_wconf 73' lang='lat' dir='ltr'><strong>lleumannus</strong></span> <span class='ocrx_word' id='word_1_923' title='bbox 2646 4786 2791 4835; x_wconf 78' lang='lat' dir='ltr'><strong>amat</strong></span> <span class='ocrx_word' id='word_1_924' title='bbox 2810 4775 3074 4844; x_wconf 75' lang='lat' dir='ltr'><strong>scribere,</strong></span> <span class='ocrx_word' id='word_1_925' title='bbox 3115 4773 3304 4835; x_wconf 83' lang='lat' dir='ltr'><strong>verum</strong></span> <span class='ocrx_word' id='word_1_926' title='bbox 3350 4776 3536 4834; x_wconf 63' lang='lat' dir='ltr'><strong>calori</strong></span> 
     </span>
    </p>
   </div>
   <div class='ocr_carea' id='block_1_120' title="bbox 1934 4845 2475 4907">
    <p class='ocr_par' dir='ltr' id='par_1_120' title="bbox 1934 4845 2475 4907">
     <span class='ocr_line' id='line_1_126' title="bbox 1934 4845 2475 4907; baseline -0.002 -6"><span class='ocrx_word' id='word_1_927' title='bbox 1934 4845 2134 4903; x_wconf 82' lang='lat' dir='ltr'><strong>habent</strong></span> <span class='ocrx_word' id='word_1_928' title='bbox 2158 4847 2392 4907; x_wconf 79' lang='lat' dir='ltr'><strong>lucente.</strong></span> <span class='ocrx_word' id='word_1_929' title='bbox 2459 4851 2475 4863; x_wconf 81' lang='lat'><strong>‘</strong></span> 
     </span>
    </p>
   </div>
   <div class='ocr_carea' id='block_1_121' title="bbox 2008 4916 3538 4989">
    <p class='ocr_par' dir='ltr' id='par_1_121' title="bbox 2008 4916 3538 4989">
     <span class='ocr_line' id='line_1_127' title="bbox 2008 4916 3538 4989; baseline -0.002 -14"><span class='ocrx_word' id='word_1_930' title='bbox 2008 4917 2281 4987; x_wconf 72' lang='lat' dir='ltr'><strong>saeculari</strong></span> <span class='ocrx_word' id='word_1_931' title='bbox 2325 4918 2518 4989; x_wconf 73' lang='lat' dir='ltr'><strong>lapide.</strong></span> <span class='ocrx_word' id='word_1_932' title='bbox 2544 4917 2709 4987; x_wconf 74' lang='lat' dir='ltr'><strong>Lapis</strong></span> <span class='ocrx_word' id='word_1_933' title='bbox 2744 4918 2837 4977; x_wconf 86' lang='lat' dir='ltr'><strong>hic</strong></span> <span class='ocrx_word' id='word_1_934' title='bbox 2874 4916 3177 4988; x_wconf 76' lang='lat' dir='ltr'><strong>pellucidus</strong></span> <span class='ocrx_word' id='word_1_935' title='bbox 3204 4918 3258 4977; x_wconf 88' lang='lat' dir='ltr'><strong>in</strong></span> <span class='ocrx_word' id='word_1_936' title='bbox 3290 4917 3538 4989; x_wconf 82' lang='lat' dir='ltr'><strong>tenuissi-</strong></span> 
     </span>
    </p>
   </div>
   <div class='ocr_carea' id='block_1_122' title="bbox 1937 4988 3537 5051">
    <p class='ocr_par' dir='ltr' id='par_1_122' title="bbox 1937 4988 3537 5051">
     <span class='ocr_line' id='line_1_128' title="bbox 1937 4988 3537 5051; baseline 0.001 -9"><span class='ocrx_word' id='word_1_937' title='bbox 1937 5003 2052 5043; x_wconf 87' lang='lat' dir='ltr'><strong>mas</strong></span> <span class='ocrx_word' id='word_1_938' title='bbox 2103 4990 2349 5045; x_wconf 88' lang='lat' dir='ltr'><strong>bracteas</strong></span> <span class='ocrx_word' id='word_1_939' title='bbox 2407 4991 2609 5046; x_wconf 86' lang='lat' dir='ltr'><strong>scissus</strong></span> <span class='ocrx_word' id='word_1_940' title='bbox 2645 4991 2897 5051; x_wconf 75' lang='lat' dir='ltr'><strong>fenestris</strong></span> <span class='ocrx_word' id='word_1_941' title='bbox 2949 4989 3254 5051; x_wconf 79' lang='lat' dir='ltr'><strong>indebatttr.</strong></span> <span class='ocrx_word' id='word_1_942' title='bbox 3296 4992 3380 5048; x_wconf 77' lang='lat' dir='ltr'><strong>De</strong></span> <span class='ocrx_word' id='word_1_943' title='bbox 3430 4988 3537 5045; x_wconf 85' lang='lat' dir='ltr'><strong>lsoc</strong></span> 
     </span>
    </p>
   </div>
   <div class='ocr_carea' id='block_1_123' title="bbox 1938 5057 3539 5130">
    <p class='ocr_par' dir='ltr' id='par_1_123' title="bbox 1938 5057 3539 5130">
     <span class='ocr_line' id='line_1_129' title="bbox 1938 5057 3539 5130; baseline 0.001 -15"><span class='ocrx_word' id='word_1_944' title='bbox 1938 5060 2094 5130; x_wconf 88' lang='lat' dir='ltr'><strong>plena</strong></span> <span class='ocrx_word' id='word_1_945' title='bbox 2125 5076 2285 5117; x_wconf 89' lang='lat' dir='ltr'><strong>manu</strong></span> <span class='ocrx_word' id='word_1_946' title='bbox 2317 5060 2549 5121; x_wconf 86' lang='lat' dir='ltr'><strong>Pitiscus</strong></span> <span class='ocrx_word' id='word_1_947' title='bbox 2577 5063 2631 5119; x_wconf 83' lang='lat' dir='ltr'><strong>ia</strong></span> <span class='ocrx_word' id='word_1_948' title='bbox 2660 5060 2795 5120; x_wconf 77' lang='lat' dir='ltr'><strong>Lex.</strong></span> <span class='ocrx_word' id='word_1_949' title='bbox 2827 5061 2959 5121; x_wconf 77' lang='lat' dir='ltr'><strong>Aut.</strong></span> <span class='ocrx_word' id='word_1_950' title='bbox 2987 5060 3150 5121; x_wconf 76' lang='lat' dir='ltr'><strong>Rom.</strong></span> <span class='ocrx_word' id='word_1_951' title='bbox 3175 5060 3238 5117; x_wconf 87' lang='grc' dir='ltr'><strong>Τ.</strong></span> <span class='ocrx_word' id='word_1_952' title='bbox 3265 5060 3321 5119; x_wconf 91' lang='lat'><strong>2.</strong></span> <span class='ocrx_word' id='word_1_953' title='bbox 3340 5059 3381 5116; x_wconf 87' lang='lat' dir='ltr'><strong>f.</strong></span> <span class='ocrx_word' id='word_1_954' title='bbox 3403 5057 3539 5117; x_wconf 84' lang='lat'><strong>826.</strong></span> 
     </span>
    </p>
   </div>
   <div class='ocr_carea' id='block_1_124' title="bbox 2009 5132 3294 5275">
    <p class='ocr_par' dir='ltr' id='par_1_124' title="bbox 2009 5132 3294 5275">
     <span class='ocr_line' id='line_1_130' title="bbox 2009 5132 3294 5275; baseline 0.004 -16"><span class='ocrx_word' id='word_1_955' title='bbox 2009 5200 2296 5260; x_wconf 80' lang='lat' dir='ltr'><strong>Lucretius.</strong></span> <span class='ocrx_word' id='word_1_956' title='bbox 2329 5203 2502 5275; x_wconf 83' lang='lat' dir='ltr'><strong>Hujus</strong></span> <span class='ocrx_word' id='word_1_957' title='bbox 2525 5203 2581 5261; x_wconf 89' lang='lat' dir='ltr'><strong>hi</strong></span> <span class='ocrx_word' id='word_1_958' title='bbox 2602 5212 2734 5265; x_wconf 76' lang='lat' dir='ltr'><strong>sunt</strong></span> <span class='ocrx_word' id='word_1_959' title='bbox 2758 5219 2972 5265; x_wconf 66' lang='lat' dir='ltr'><strong>versus.</strong></span> <span class='ocrx_word' id='word_1_960' title='bbox 3159 5132 3294 5190; x_wconf 35' lang='lat' dir='ltr'><strong>Bm,</strong></span> 
     </span>
    </p>
   </div>
   <div class='ocr_carea' id='block_1_125' title="bbox 2063 5318 3250 5386">
    <p class='ocr_par' dir='ltr' id='par_1_125' title="bbox 2063 5318 3250 5386">
     <span class='ocr_line' id='line_1_131' title="bbox 2063 5318 3250 5386; baseline -0.003 -15"><span class='ocrx_word' id='word_1_961' title='bbox 2063 5318 2317 5386; x_wconf 62' lang='lat' dir='ltr'><strong>Ifraterea</strong></span> <span class='ocrx_word' id='word_1_962' title='bbox 2333 5321 2375 5371; x_wconf 87' lang='lat' dir='ltr'><strong>si</strong></span> <span class='ocrx_word' id='word_1_963' title='bbox 2400 5335 2488 5386; x_wconf 83' lang='lat' dir='ltr'><strong>pro</strong></span> <span class='ocrx_word' id='word_1_964' title='bbox 2511 5321 2699 5372; x_wconf 85' lang='lat' dir='ltr'><strong>foribus</strong></span> <span class='ocrx_word' id='word_1_965' title='bbox 2721 5326 2834 5386; x_wconf 73' lang='lat' dir='ltr'><strong>sunt</strong></span> <span class='ocrx_word' id='word_1_966' title='bbox 2856 5320 3042 5386; x_wconf 79' lang='lat' dir='ltr'><strong>lumina</strong></span> <span class='ocrx_word' id='word_1_967' title='bbox 3065 5325 3250 5386; x_wconf 77' lang='lat' dir='ltr'><strong>nostra,</strong></span> 
     </span>
    </p>
   </div>
   <div class='ocr_carea' id='block_1_126' title="bbox 2064 5378 3255 5449">
    <p class='ocr_par' dir='ltr' id='par_1_126' title="bbox 2064 5378 3255 5449">
     <span class='ocr_line' id='line_1_132' title="bbox 2064 5378 3255 5449; baseline -0.003 -17"><span class='ocrx_word' id='word_1_968' title='bbox 2064 5382 2171 5449; x_wconf 82' lang='lat' dir='ltr'><strong>J_am</strong></span> <span class='ocrx_word' id='word_1_969' title='bbox 2190 5384 2345 5449; x_wconf 86' lang='lat' dir='ltr'><strong>magis</strong></span> <span class='ocrx_word' id='word_1_970' title='bbox 2369 5378 2617 5448; x_wconf 65' lang='lat' dir='ltr'><strong>eiemptis</strong></span> <span class='ocrx_word' id='word_1_971' title='bbox 2639 5378 2814 5449; x_wconf 79' lang='lat' dir='ltr'><strong>oculis,</strong></span> <span class='ocrx_word' id='word_1_972' title='bbox 2841 5383 3032 5449; x_wconf 80' lang='lat' dir='ltr'><strong>debere</strong></span> <span class='ocrx_word' id='word_1_973' title='bbox 3056 5378 3255 5449; x_wconf 75' lang='lat' dir='ltr'><strong>videtur</strong></span> 
     </span>
    </p>
   </div>
   <div class='ocr_carea' id='block_1_127' title="bbox 2065 5443 3256 5511">
    <p class='ocr_par' dir='ltr' id='par_1_127' title="bbox 2065 5443 3256 5511">
     <span class='ocr_line' id='line_1_133' title="bbox 2065 5443 3256 5511; baseline -0.003 -13"><span class='ocrx_word' id='word_1_974' title='bbox 2065 5443 2294 5498; x_wconf 73' lang='lat' dir='ltr'><strong>Cernere</strong></span> <span class='ocrx_word' id='word_1_975' title='bbox 2310 5458 2397 5496; x_wconf 88' lang='lat' dir='ltr'><strong>res</strong></span> <span class='ocrx_word' id='word_1_976' title='bbox 2418 5443 2621 5511; x_wconf 68' lang='lat' dir='ltr'><strong>auidius,</strong></span> <span class='ocrx_word' id='word_1_977' title='bbox 2641 5443 2848 5499; x_wconf 81' lang='lat' dir='ltr'><strong>sublatis</strong></span> <span class='ocrx_word' id='word_1_978' title='bbox 2871 5446 3093 5509; x_wconf 80' lang='lat' dir='ltr'><strong>postibus</strong></span> <span class='ocrx_word' id='word_1_979' title='bbox 3114 5443 3256 5505; x_wconf 80' lang='lat' dir='ltr'><strong>ipsis.</strong></span> 
     </span>
    </p>
   </div>
   <div class='ocr_carea' id='block_1_128' title="bbox 2015 5544 3536 5611">
    <p class='ocr_par' dir='ltr' id='par_1_128' title="bbox 2015 5544 3536 5611">
     <span class='ocr_line' id='line_1_134' title="bbox 2015 5544 3536 5611; baseline -0.001 -3"><span class='ocrx_word' id='word_1_980' title='bbox 2015 5552 2179 5611; x_wconf 81' lang='lat' dir='ltr'><strong>Nasci</strong></span> <span class='ocrx_word' id='word_1_981' title='bbox 2204 5551 2422 5609; x_wconf 71' lang='lat' dir='ltr'><strong>solebat.</strong></span> <span class='ocrx_word' id='word_1_982' title='bbox 2467 5552 2557 5608; x_wconf 88' lang='lat' dir='ltr'><strong>Sic</strong></span> <span class='ocrx_word' id='word_1_983' title='bbox 2581 5568 2611 5607; x_wconf 86' lang='lat' dir='ltr'><strong>a</strong></span> <span class='ocrx_word' id='word_1_984' title='bbox 2638 5568 2726 5608; x_wconf 87' lang='lat' dir='ltr'><strong>me</strong></span> <span class='ocrx_word' id='word_1_985' title='bbox 2770 5567 2840 5608; x_wconf 81' lang='lat' dir='ltr'><strong>ex</strong></span> <span class='ocrx_word' id='word_1_986' title='bbox 2883 5544 3140 5607; x_wconf 86' lang='lat' dir='ltr'><strong>omnibus</strong></span> <span class='ocrx_word' id='word_1_987' title='bbox 3169 5562 3303 5606; x_wconf 90' lang='lat' dir='ltr'><strong>mss.</strong></span> <span class='ocrx_word' id='word_1_988' title='bbox 3349 5556 3408 5607; x_wconf 87' lang='lat' dir='ltr'><strong>et</strong></span> <span class='ocrx_word' id='word_1_989' title='bbox 3446 5549 3536 5609; x_wconf 91' lang='lat' dir='ltr'><strong>ed.</strong></span> 
     </span>
    </p>
   </div>
   <div class='ocr_carea' id='block_1_129' title="bbox 1943 5618 3539 5695">
    <p class='ocr_par' dir='ltr' id='par_1_129' title="bbox 1943 5618 3539 5695">
     <span class='ocr_line' id='line_1_135' title="bbox 1943 5618 3539 5695; baseline -0.002 -14"><span class='ocrx_word' id='word_1_990' title='bbox 1943 5624 2101 5681; x_wconf 81' lang='lat' dir='ltr'><strong>Rom.</strong></span> <span class='ocrx_word' id='word_1_991' title='bbox 2130 5624 2358 5695; x_wconf 88' lang='lat' dir='ltr'><strong>aliisque</strong></span> <span class='ocrx_word' id='word_1_992' title='bbox 2388 5623 2778 5695; x_wconf 87' lang='lat' dir='ltr'><strong>antiquioribus</strong></span> <span class='ocrx_word' id='word_1_993' title='bbox 2823 5630 2908 5679; x_wconf 89' lang='lat' dir='ltr'><strong>est</strong></span> <span class='ocrx_word' id='word_1_994' title='bbox 2934 5618 3305 5677; x_wconf 86' lang='lat' dir='ltr'><strong>emendatum.</strong></span> <span class='ocrx_word' id='word_1_995' title='bbox 3357 5620 3418 5680; x_wconf 86' lang='lat' dir='ltr'><strong>In</strong></span> <span class='ocrx_word' id='word_1_996' title='bbox 3470 5622 3539 5678; x_wconf 67' lang='lat' dir='ltr'><strong>l4</strong></span> 
     </span>
    </p>
   </div>
   <div class='ocr_carea' id='block_1_130' title="bbox 1946 5693 2562 5766">
    <p class='ocr_par' dir='ltr' id='par_1_130' title="bbox 1946 5693 2562 5766">
     <span class='ocr_line' id='line_1_136' title="bbox 1946 5693 2562 5766; baseline -0.005 -16"><span class='ocrx_word' id='word_1_997' title='bbox 1946 5697 2175 5766; x_wconf 84' lang='lat' dir='ltr'><strong>vulgatis</strong></span> <span class='ocrx_word' id='word_1_998' title='bbox 2201 5693 2285 5751; x_wconf 82' lang='lat' dir='ltr'><strong>est</strong></span> <span class='ocrx_word' id='word_1_999' title='bbox 2311 5693 2562 5766; x_wconf 77' lang='lat' dir='ltr'><strong>uolebant.</strong></span> 
     </span>
    </p>
   </div>
   <div class='ocr_carea' id='block_1_131' title="bbox 2016 5757 3514 5835">
    <p class='ocr_par' dir='ltr' id='par_1_131' title="bbox 2016 5757 3514 5835">
     <span class='ocr_line' id='line_1_137' title="bbox 2016 5757 3514 5835; baseline 0.001 -15"><span class='ocrx_word' id='word_1_1000' title='bbox 2016 5757 2100 5820; x_wconf 60' lang='lat' dir='ltr'><strong>A&#39;d</strong></span> <span class='ocrx_word' id='word_1_1001' title='bbox 2122 5783 2289 5822; x_wconf 86' lang='lat' dir='ltr'><strong>usum.</strong></span> <span class='ocrx_word' id='word_1_1002' title='bbox 2321 5765 2398 5820; x_wconf 90' lang='lat' dir='ltr'><strong>Ita</strong></span> <span class='ocrx_word' id='word_1_1003' title='bbox 2431 5765 2640 5822; x_wconf 87' lang='lat' dir='ltr'><strong>restitui</strong></span> <span class='ocrx_word' id='word_1_1004' title='bbox 2684 5779 2749 5821; x_wconf 78' lang='lat' dir='ltr'><strong>ex</strong></span> <span class='ocrx_word' id='word_1_1005' title='bbox 2790 5776 2933 5835; x_wconf 47' lang='lat' dir='ltr'><strong>mss:</strong></span> <span class='ocrx_word' id='word_1_1006' title='bbox 2956 5757 2993 5813; x_wconf 83' lang='lat'><strong>2</strong></span> <span class='ocrx_word' id='word_1_1007' title='bbox 3018 5757 3256 5835; x_wconf 64' lang='grc' dir='ltr'><strong>Βοῃριι..</strong></span> <span class='ocrx_word' id='word_1_1008' title='bbox 3300 5763 3514 5835; x_wconf 19' lang='grc' dir='ltr'><strong>ΒίΒεε.</strong></span> 
     </span>
    </p>
   </div>
   <div class='ocr_carea' id='block_1_132' title="bbox 176 5817 3546 5933">
    <p class='ocr_par' dir='ltr' id='par_1_132' title="bbox 246 5817 3546 5906">
     <span class='ocr_line' id='line_1_138' title="bbox 246 5817 3546 5906; baseline -0.002 -11"><span class='ocrx_word' id='word_1_1009' title='bbox 246 5817 517 5895; x_wconf 51' lang='lat' dir='ltr'><strong>magna</strong></span> <span class='ocrx_word' id='word_1_1010' title='bbox 544 5817 928 5891; x_wconf 72' lang='lat' dir='ltr'><strong>evocatzseda</strong></span> <span class='ocrx_word' id='word_1_1011' title='bbox 956 5833 1180 5905; x_wconf 77' lang='lat' dir='ltr'><strong>pupillae</strong></span> <span class='ocrx_word' id='word_1_1012' title='bbox 1201 5817 1369 5888; x_wconf 70' lang='lat' dir='ltr'><strong>radiis</strong></span> <span class='ocrx_word' id='word_1_1013' title='bbox 1392 5817 1633 5889; x_wconf 79' lang='lat' dir='ltr'><strong>vicinuin</strong></span> <span class='ocrx_word' id='word_1_1014' title='bbox 1659 5817 1846 5891; x_wconf 76' lang='lat' dir='ltr'><strong>aerem</strong></span> <span class='ocrx_word' id='word_1_1015' title='bbox 1944 5835 1980 5892; x_wconf 89' lang='lat'><strong>6</strong></span> <span class='ocrx_word' id='word_1_1016' title='bbox 2003 5817 2753 5906; x_wconf 49' lang='lat' dir='ltr'><strong>caisi&#39;,&quot;sb;1;..:assus;</strong></span> <span class='ocrx_word' id='word_1_1017' title='bbox 2778 5817 2870 5891; x_wconf 59' lang='lat' dir='ltr'><strong>ea.</strong></span> <span class='ocrx_word' id='word_1_1018' title='bbox 2899 5831 3063 5887; x_wconf 75' lang='lat' dir='ltr'><strong>Rom.</strong></span> <span class='ocrx_word' id='word_1_1019' title='bbox 3090 5817 3546 5903; x_wconf 55' lang='lat' dir='ltr'><strong>ttto&#39;et&#39;celti&#39;rﬁ</strong></span> 
     </span>
    </p>
   </div>
  </div>
