4034 6354
551 299 623 360 39
1476 289 2056 351 FIRSI.LACTANTH
2102 290 2228 350 LIB.
2277 293 2365 351 DE
2402 290 2696 351 OPIFICIO
2743 295 2876 350 DEI.
3775 286 3852 348 40

549 415 595 472 si
624 414 744 485 quis
775 413 903 469 velit
947 411 1278 484 transpicere
1314 425 1409 483 per
1436 410 1690 476 cicutam,
1725 427 1832 466 non
1876 411 1994 481 plus
2020 425 2144 482 pro-
2172 416 2224 474 Α
2249 413 2394 466 sanis
2426 412 2641 478 accidit,
2668 412 2763 468 sed
2788 423 2844 468 et
2873 413 3040 477 sanis,
3064 426 3128 468 ac
3155 413 3368 468 sobriis.
3401 410 3535 468 Nam
3568 410 3614 466 si
3646 407 3849 479 aliquid

552 505 693 562 lecto
720 515 928 574 cernat,
955 520 1112 576 quam
1145 505 1333 560 cicutae
1377 503 1546 574 ipsius
1595 504 1864 573 capacitas
1891 517 2142 574 compre-

551 597 771 654 hendat.
808 599 989 668 Itaque
1018 598 1084 653 ad
1119 595 1407 652 videndum
1453 597 1710 652 membris
1752 595 1929 666 potius
1964 597 2016 650 in
2057 611 2144 650 or-

551 693 673 750 bem
701 691 1034 763 conglobatis
1059 705 1195 761 opus
1241 689 1364 755 fuit,
1410 699 1472 744 ut
1498 691 1644 744 visus
1690 689 1741 742 in
1787 689 1952 742 latum
1994 702 2146 756 spar-

549 798 788 858 geretur,
817 796 872 842 et
892 800 1010 856 qua:
1039 785 1091 839 in
1117 785 1336 853 primori
1356 782 1492 838 facie
1512 783 1875 848 adh-.ererent,
1900 789 1956 835 ut
1978 781 2145 837 libere

550 890 769 951 possent
795 878 975 934 omnia
1001 877 1270 932 contueri.
1299 876 1439 946 Ergo
1461 873 1744 930 ineli‘abilis
1772 873 1970 928 divina:
2013 885 2142 943 pro-

550 973 797 1030 videntia:
828 973 1000 1028 virtus
1029 972 1156 1027 fecit
1201 969 1338 1025 duos
1375 969 1676 1024 simillimos
1719 970 1897 1033 orbes,
1945 980 2146 1036 eosque

549 1067 620 1122 ita
652 1065 912 1130 devinxit,
944 1073 1004 1118 ut
1047 1079 1154 1117 non
1183 1063 1234 1116 in
1269 1071 1437 1116 totum
1482 1060 1746 1124 converti,
1791 1057 1885 1114 sed
1937 1058 2146 1113 moveri

549 1167 730 1214 tamen
756 1173 818 1212 ac
841 1155 986 1211 llecti
1015 1171 1136 1211 cum
1170 1154 1332 1209 modo
1362 1163 1601 1223 possent.
1628 1151 1800 1208 Orbes
1840 1158 2020 1205 autem
2061 1149 2143 1220 ip-

549 1265 641 1305 sos
689 1248 934 1304 humoris
963 1247 1080 1317 puri
1117 1261 1180 1301 ac
1230 1244 1416 1316 liquidi
1457 1244 1645 1315 plenos
1682 1258 1805 1299 esse
1849 1243 2047 1307 voluit,
2090 1241 2146 1295 in

550 1358 780 1413 quorum
809 1341 983 1397 media
1012 1348 1164 1410 parte
1195 1339 1446 1394 scintilla:
1474 1338 1736 1392 luminum
1767 1336 2036 1391 conclusa:
2069 1343 2147 1389 tc-

551 1444 831 1501 nerentur,
864 1449 999 1504 quas
1024 1431 1252 1502 pupillas
1278 1444 1670 1500 nuncupamus,
1699 1427 1752 1482 in
1775 1428 1971 1498 quibus
1998 1425 2147 1496 puris

551 1543 616 1584 ac
657 1527 943 1584 subtilibus
987 1523 1245 1581 cernendi
1294 1537 1484 1579 sensus
1521 1536 1588 1576 ac
1633 1521 1768 1576 ratio
1816 1518 2145 1580 continetur.

553 1621 658 1678 Per
681 1635 776 1676 eos
801 1620 964 1691 igitur
985 1618 1148 1674 orbes
1169 1618 1401 1687 seipsam
1430 1629 1585 1670 mens
1612 1613 1842 1669 intendit
1868 1621 1924 1666 ut
1946 1611 2145 1679 videat,

551 1717 794 1786 miraque
838 1713 1046 1769 ratione
1093 1713 1145 1766 in
1193 1727 1361 1766 unum
1404 1711 1662 1765 miscetur
1703 1716 1762 1764 et
1807 1706 2147 1777 coniungitur

551 1807 831 1864 amborum
873 1805 1133 1861 lutninum
1161 1803 1325 1859 visus.

1179 1962 1404 2020 CAPUT
1445 1961 1535 2018 IX.

992 2078 1072 2135 De
1097 2078 1324 2136 sensibus
1354 2092 1627 2146 eorumque
1651 2077 1718 2128 vi.

621 2219 780 2278 Libet
824 2221 931 2276 hoc
975 2219 1096 2274 loco
1135 2218 1349 2273 illorum
1396 2214 1792 2286 reprehendere
1832 2212 2146 2277 vanitatem,

551 2317 644 2389 qui
677 2316 804 2371 dum
846 2315 1033 2370 volunt
1059 2312 1345 2368 ostendere
1372 2325 1568 2389 sensus
1616 2309 1780 2362 falsos
1810 2323 1950 2373 esse,
1982 2307 2148 2361 multa

548 2387 836 2479 colligunt,
869 2407 922 2461 in
950 2406 1144 2476 quibus
1186 2404 1324 2460 oculi
1367 2387 1646 2464 fallantur;
1690 2402 1827 2455 inter
1870 2415 1989 2470 quae
2019 2396 2148 2453 illud

549 2501 743 2566 etiam,
769 2498 910 2569 quod
942 2497 1155 2552 furiosis
1178 2505 1232 2552 et
1263 2495 1430 2550 ebriis
1471 2493 1649 2549 omnia
1675 2491 1903 2562 duplicia
1933 2490 2152 2544 videan-

550 2601 643 2649 tur
670 2611 682 2647 :
707 2593 860 2662 quasi
900 2606 1030 2645 vero
1059 2590 1175 2659 ejus
1224 2587 1426 2643 erroris
1457 2587 1681 2640 obscura
1712 2585 1782 2640 sit
1807 2598 1989 2639 causa.
2029 2584 2152 2637 Ideo

547 2687 696 2744 enim
728 2685 808 2750 lit,
837 2685 960 2755 quia
986 2682 1095 2736 duo
1123 2691 1248 2736 sunt
1267 2679 1429 2734 oculi.
1468 2677 1572 2734 Sed
1626 2675 1894 2747 quomodo
1935 2676 1986 2729 id
2035 2676 2149 2741 liat,

548 2779 758 2848 accipe.
783 2777 946 2833 Visus
972 2775 1252 2832 oculorum
1281 2773 1579 2828 intentione
1599 2771 1760 2824 animi
1789 2778 2018 2824 constat.
2041 2768 2149 2823 Ita-

548 2888 659 2945 que
688 2873 939 2942 quoniam
972 2884 1126 2925 mens
1155 2868 1235 2940 (ut
1260 2883 1421 2936 supra
1452 2866 1654 2920 dictum
1699 2863 1803 2934 est)
1833 2863 2004 2918 oculis
2035 2871 2152 2916 tan-

549 2980 714 3036 quam
743 2963 998 3020 fenestris
1026 2963 1215 3029 utitur,
1247 2975 1355 3016 nou
1387 2967 1594 3014 tantum
1631 2957 1733 3012 hoc
1769 2955 1936 3012 ebriis
1956 2965 2047 3010 aut
2072 2955 2156 3010 in-

2248 507 2408 564 nimis
2450 507 2669 577 propius
2710 508 3020 572 admoveas,
3054 508 3251 578 duplex
3295 507 3598 571 videbitur;
3641 513 3849 560 certum

2246 611 2328 654 est
2357 599 2500 654 enim
2530 600 2894 666 intervallum,
2939 616 3002 655 ac
3027 601 3281 670 spatium,
3319 613 3426 671 quo
3471 599 3621 654 acies
3657 596 3849 652 oculo-

2247 709 2367 748 rum
2405 697 2533 749 coit.
2581 694 2713 749 Item
2743 696 2787 749 si
2838 703 3132 750 retrorsum
3177 709 3372 750 avoces
3401 693 3668 757 animum,
3693 688 3851 762 quasi

2246 785 2315 840 ad
2341 787 2707 856 cogitandum,
2751 797 2808 842 et
2851 787 3201 843 intentionem
3233 786 3429 843 mentis
3455 787 3702 850 relaxes,
3732 795 3848 840 tum

2246 881 2393 935 acies
2432 879 2574 936 oculi
2621 884 2894 952 utriusque
2937 882 3242 950 diducitur,
3284 892 3412 938 tunc
3437 880 3636 952 singuli
3667 878 3851 934 videre

2247 972 2507 1043 incipiunt
2536 977 2848 1044 separatim.

2320 1065 2376 1121 Si
2403 1066 2641 1122 animum
2670 1083 2856 1123 rursus
2887 1066 3205 1133 intenderis,
3237 1068 3518 1139 aciemque
3542 1065 3813 1122 direxeris
3831 1106 3846 1129 ,

2246 1161 2355 1212 coit
2382 1159 2434 1212 in
2459 1175 2622 1213 unum
2652 1159 2909 1230 quidquid
2939 1159 3138 1230 duplex
3186 1160 3489 1216 videbatur.
3534 1158 3674 1226 Quid
3716 1172 3851 1227 ergo

2248 1249 2466 1314 mirum,
2500 1251 2546 1306 si
2579 1266 2733 1306 mens
2758 1267 2996 1318 veneno,
3041 1267 3104 1307 ac
3149 1253 3384 1322 potentia
3413 1252 3523 1307 vini
3558 1250 3848 1316 dissoluta,

2247 1343 2480 1413 dirigere
2508 1359 2567 1399 se
2609 1361 2714 1399 non
2761 1354 2938 1413 potest
2963 1345 3030 1400 ad
3073 1344 3383 1409 videndum,
3414 1344 3554 1399 sicut
3580 1358 3650 1398 ne
3678 1341 3846 1412 pedes

2247 1434 2463 1503 quidem
2512 1434 2580 1490 ad
2624 1435 3036 1502 ambulandum,
3075 1436 3255 1491 nervis
3280 1433 3716 1505 stupescentibus
3741 1432 3849 1488 de-

2248 1525 2425 1582 biles?
2449 1537 2542 1582 aut
2570 1528 2617 1582 si
2644 1528 2725 1582 vis
2751 1529 2946 1583 luroris
2973 1528 3026 1582 in
3061 1527 3341 1583 cerebrum
3370 1526 3603 1583 smviens
3626 1539 3851 1580 concor.

2249 1619 2390 1674 diam
2419 1619 2676 1690 disjuugit
2711 1621 3029 1676 oculorum?
3068 1619 3221 1688 Quod
3265 1617 3402 1675 adeo
3432 1633 3622 1675 verum
3653 1625 3757 1682 est,
3792 1624 3852 1670 ut

2249 1713 2414 1769 luscis
2436 1715 2765 1784 hominibus,
2802 1715 2846 1771 si
2888 1725 2982 1771 aut
3016 1714 3211 1780 insani,
3242 1723 3334 1768 aut
3361 1711 3497 1768 ebrii
3526 1709 3676 1777 (iant,
3704 1708 3855 1764 nullo

2174 1811 2223 1872 B
2251 1808 2412 1863 modo
2461 1811 2631 1878 possit
2675 1807 2948 1875 accidere,
3000 1817 3060 1863 ut
3105 1806 3308 1877 aliquid
3359 1805 3563 1877 duplex
3607 1802 3852 1858 videant.

2254 1901 2432 1969 Quare
2448 1902 2502 1956 si
2529 1902 2666 1958 ratio
2692 1911 2936 1975 apparet,
2989 1917 3084 1957 cur
3110 1900 3254 1956 oculi
3279 1899 3555 1965 fallantur,
3589 1895 3858 1953 manifes-

2258 2005 2369 2048 tum
2395 2003 2477 2050 est
2500 2010 2604 2050 non
2632 2009 2754 2052 esse
2775 1995 2936 2051 falsos
2966 2009 3186 2061 sensus;
3209 1993 3298 2064 qui
3320 2002 3413 2048 aut
3434 2007 3541 2048 non
3565 1991 3857 2058 falluntur,

2256 2088 2301 2142 si
2330 2097 2453 2142 sunt
2483 2089 2601 2158 puri
2643 2099 2700 2144 et
2739 2089 2953 2160 integri,
2981 2098 3072 2143 aut
3097 2088 3143 2143 si
3169 2086 3448 2152 falluntur,
3489 2100 3647 2142 mens
3676 2094 3862 2140 tamen

2257 2197 2362 2236 non
2391 2182 2608 2248 fallitur,
2639 2199 2757 2253 quin
2789 2183 2998 2237 illorum
3032 2183 3182 2236 novit
3209 2193 3476 2237 errorem.

2871 2306 3098 2363 CAPUT
3138 2306 3205 2361 Χ.

2343 2420 2422 2476 De
2452 2421 2781 2477 exterioribus
2809 2421 3027 2477 hominis
3057 2420 3310 2486 membris,
3343 2436 3621 2492 eorumque
3643 2435 3757 2476 usu.

2327 2579 2430 2635 Sed
2461 2595 2558 2636 nos
2594 2579 2659 2634 ad
2688 2580 2779 2634 Dei
2821 2595 2982 2650 opera
3025 2589 3386 2636 revertamur.
3420 2577 3492 2637 Ut
3523 2581 3688 2652 igitur
3716 2579 3868 2641 oculi

2257 2673 2572 2726 munitiores
2599 2682 2779 2728 essent
2801 2673 2867 2727 ab
2889 2674 3080 2743 injuria
3100 2718 3114 2741 ,
3141 2688 3234 2730 eos
3254 2674 3502 2729 ciliorum
3533 2675 3867 2745 tegminibus

2257 2763 2522 2830 occuluit;
2557 2765 2699 2819 unde
2749 2767 2935 2820 oculos
2976 2766 3149 2821 dictos
3183 2781 3304 2821 esse
3328 2806 3342 2830 ,
3382 2765 3616 2821 Varroni
3664 2766 3867 2837 placet.

2257 2856 2388 2912 Nam
2423 2866 2476 2910 et
2507 2859 2639 2926 ipsa:
2689 2857 2960 2928 palpebra:
2985 2901 2998 2923 ,
3027 2858 3222 2929 quibus
3283 2857 3558 2913 mobilitas
3603 2859 3783 2925 inest,
3816 2867 3870 2915 et

2258 2952 2537 3023 palpitatio
2560 2953 2877 3008 vocabulum
2912 2954 3120 3020 tribuit,
3148 2954 3271 3024 pilis
3299 2952 3353 3008 in
3383 2953 3577 3010 ordine
3598 2953 3870 3010 stantibus

1883 3067 2249 3126 VARIORUM
2291 3067 2516 3123 NOTAE.

542 3203 717 3260 Recte
751 3199 898 3269 juxta
925 3195 1299 3254 'l'ltomasium.
1328 3191 1386 3269 in
1410 3191 1458 3269 Δ2
1481 3205 1594 3247 rec.
1629 3187 1918 3269 et-excusis
1953 3187 2046 3252 '55,
2075 3185 2144 3267 ad
2173 3184 2219 3248 C
2250 3182 2316 3237 ad
2329 3197 2506 3269 "quem
2542 3182 2720 3266 locum
2749 3183 3067 3269 consulatur
3083 3182 3501 3269 Taubmannus:
3527 3184 3669 3242 Bon.

546 3258 730 3330 uisum.
751 3258 1032 3340 'Sequitur,
1058 3269 1274 3338 ubique,
1309 3265 1421 3335 ﬁeri
1452 3273 1632 3335 potest.
1679 3259 1934 3316 Francius
1969 3258 2146 3328 suspi-

549 3355 703 3402 catur
730 3340 1017 3413 legeudum
1051 3341 1390 3413 ﬁngipotest.

625 3415 688 3471 Si
717 3399 830 3486 quis
855 3412 975 3467 uelit
1003 3399 1328 3486 "auspicere
1354 3423 1454 3486 per.
1475 3407 1820 3486 cicutaut...._._
1844 3411 2034 3486 cernet.
2066 3399 2148 3455 Ex

549 3475 758 3546 cunctis
790 3500 926 3554 pene
955 3497 1086 3538 mss.
1117 3475 1334 3554 reposui
1356 3475 1498 3554 uelit.
1527 3475 1666 3546 quod
1699 3475 1890 3554 melius
1911 3476 2150 3554 eolueret

550 3545 675 3617 cum
704 3545 900 3620 cernat,
927 3569 1088 3623 quium
1120 3545 1285 3616 vellet,
1328 3549 1468 3619 quod
1499 3559 1580 3602 est
1611 3549 1848 3599 omnimn
1881 3545 2148 3599 editorum

550 3651 613 3685 ac
641 3630 678 3684 2
709 3630 843 3697 Reg.
877 3635 931 3681 et
964 3625 1086 3680 Em.
1119 3624 1432 3697 inquerum
1468 3625 1740 3697 postremo
1788 3624 1872 3669 est
1902 3624 2148 3696 cerneret.

551 3701 737 3757 Cicuta
767 3686 969 3761 autem,
1001 3694 1140 3765 quod
1173 3686 1321 3762 juxta
1352 3689 1597 3765 servium
1643 3697 1727 3740 est
1776 3686 1986 3765 proprie
2025 3701 2143 3752 spa-

555 3755 682 3826 tium
730 3771 862 3824 inter
905 3755 1190 3822 cannarum
1230 3765 1332 3817 sive
1374 3763 1671 3830 ﬁstularum
1697 3755 1890 3819 nodos,
1938 3755 2035 3830 ltic‘
2056 3769 2152 3824 pro

553 3843 733 3899 ﬁstula
764 3826 1454 3912 ipsa,_aut_potius‘listulzc
1489 3829 1838 3885 foraminibus
1867 3826 2149 3896 accipitur.

554 3905 814 3985 Virgilius
843 3905 988 3966 enim
1017 3908 1214 3977 Ecloga
1236 3906 1271 3959 2
1297 3905 1514 3959 dixerat
1546 3919 1559 3954 :

706 4004 794 4118 gst
816 4003 935 4114 mihi
957 3999 1234 4062 disparibus
1256 4002 1453 4059 septem
1476 3996 1726 4055 compacta
1748 3992 1921 4041 cicutis

753 4074 846 4118 istu
866 4081 911 4116 a.

753 4081 911 4118 lSlUla.

624 4152 810 4221 Itaque
837 4150 906 4204 ad
929 4145 1204 4221 videndum
1238 4141 1479 4221 membris
1523 4118 1704 4221 potius.
1739 4137 1792 4221 iu_
1834 4137 2002 4191 orbem
2028 4152 2152 4221 eon-

553 4210 772 4295 globatis
801 4240 927 4295 opus
955 4220 1075 4291 fuit,
1123 4227 1228 4271 etc.
1260 4213 1378 4295 Non
1409 4222 1586 4294 tamen
1617 4210 1670 4263 in
1715 4210 1901 4264 orbem
1945 4210 2151 4295 perlec:

555 4280 692 4359 ium,
726 4280 847 4364 quia
883 4280 1265 4364 [lgierRIGXRCle
1294 4284 1558 4364 sphaerica
1586 4297 1692 4336 non
1721 4280 2067 4351 congruebat,
2096 4287 2155 4358 ut

555 4355 716 4421 docet
744 4355 945 4419 'Galen:
970 4362 1064 4415 lib.
1098 4377 1152 4422 χ,
1182 4374 1302 4428 cap.
1337 4356 1391 4412 6.
1416 4425 1447 4428 η
1878 4423 1898 4428 _
1954 4425 1963 4428 _
2118 4355 2119 4358 “

630 4434 698 4489 Et
726 4451 837 4501 qua:
869 4435 920 4488 iu
952 4432 1163 4502 primori
1203 4423 1333 4502 {u'cie
1357 4425 1701 4502 adhtvrereut,
1729 4432 1834 4479 elc.
1867 4423 2002 4502 Quia
2032 4437 2156 4479 cer-

557 4507 702 4562 nitur
731 4495 824 4576 per
862 4495 1148 4576 directum,
1188 4501 1355 4576 Arist.
1383 4513 1421 4551 ιι
1448 4497 1519 4576 de
1554 4495 1725 4576 P:_irt.,
1758 4512 1880 4565 cap.
1913 4497 2000 4551 lO.

633 4567 958 4632 Siniillimos.
992 4575 1060 4626 At
1086 4574 1136 4624 in
1168 4587 1267 4625 ms.
1305 4571 1436 4624 Bov.
1477 4567 1703 4620 similes.

634 4648 812 4701 Urbes.
859 4646 996 4700 llinc
1031 4641 1170 4696 oculi
1219 4643 1494 4709 eleganter
1538 4637 1637 4709 itah
1667 4645 1948 4709 vocantur.
1977 4636 2156 4709 gCin'.

558 4734 720 4789 supra
750 4726 977 4789 etmox.
1009 4712 1136 4789 Alia
1173 4705 1416 4789 esempla
1447 4705 1822 4789 dantt‘Satjar'e_
1856 4707 1921 4789 ad
1968 4707 2156 4789 Siden.

558 4776 743 4860 Apoll.
791 4787 884 4860 no.
914 4803 952 4852 ι,
985 4776 1546 4860 ep._2,_Bar_tliiusmad
1579 4776 1937 4860 Slatjiuil‘lteb.‘
1974 4795 2018 4860 ρ,
2067 4780 2157 4860 5s.

559 4847 686 4918 Pari
710 4857 869 4913 modo
895 4847 1034 4927 apud
1065 4851 1397 4927 Sophoclem
1421 4849 1560 4927 οξιι.
1594 4863 1648 4927 v_.
1685 4847 2050 4927 1294εκρκλρι
2080 4853 2162 4905 oi-

559 4938 759 4988 cuntur
787 4918 1063 4984 oculorum
1089 4918 1268 4978 orbes.
1297 4921 1436 4978 Vide
1461 4918 1753 4988 Spanhem.
1783 4921 1848 4975 ad
1896 4921 2158 4976 Callima-

561 5003 650 5059 chi
684 4999 888 5056 Pallad.
920 5015 973 5053 v.
1005 4997 1094 5052 87.
1130 4995 1261 5049 Buu.

635 5073 660 5127 Ι
672 5073 856 5127 (lorum
876 5066 1242 5141 reprehendere
1261 5059 1561 5141 vauiiatem.
1580 5062 1684 5117 Pro
1697 5063 1933 5141 illorum,
1964 5064 2016 5120 in
2042 5064 2161 5120 solo

559 5143 886 5202 Bononiensi
917 5135 1221 5208 antiquiore
1245 5137 1432 5208 codice
1463 5135 1968 5208 legitur‘Arcliesilw.

637 5215 831 5271 Sensus
847 5229 956 5268 esse
976 5205 1156 5284 falsos.
1175 5209 1324 5264 Sicut
1345 5207 1628 5284 Lucretius
1654 5205 1743 5284 lib.
1771 5224 1846 5284 I_V_.
1873 5209 2006 5284 Hinc
2028 5207 2159 5263 illud

562 5277 1223 5349 nonnullorumfsensibus
1259 5297 1361 5334 non
1405 5288 1478 5333 est
1505 5277 1736 5333 habenda
1766 5280 1918 5348 ﬁdes,
1957 5279 2024 5335 de
2051 5296 2160 5350 quo

561 5357 866 5413 Carlcsium
897 5355 1255 5409 disserentem
1283 5351 1424 5406 vide.

639 5427 788 5492 Quod
814 5427 1018 5495 furiosis
1043 5435 1090 5480 et
1109 5423 1259 5477 ebriis
1284 5423 1466 5495 omnia
1479 5420 1706 5488 duplicia
1728 5419 2013 5476 uideantur.
2044 5421 2157 5487 Qua

560 5501 633 5554 de
661 5513 719 5554 re
750 5493 970 5553 Aristot.
997 5495 1266 5553 Problem.
1297 5495 1385 5559 ll,
1424 5493 1486 5546 l7
1519 5503 1573 5546 ct
1603 5495 1688 5545 18.

637 5567 723 5623 Et.
753 5569 839 5623 Sic
869 5570 919 5623 in
952 5584 1081 5623 mss.
1119 5569 1246 5621 liov.
1278 5577 1332 5620 et
1356 5567 1642 5632 Sangerm.
1676 5565 1726 5616 in
1759 5562 1876 5617 aliis
1905 5563 2080 5617 etiam.

637 5640 840 5706 Duplex
882 5641 1151 5694 videbitur.
1205 5637 1356 5709 Apud
1386 5633 1692 5704 Virgilium,
1723 5633 1850 5688 ᾹΞιι.
1904 5649 1981 5699 IV,
2028 5634 2153 5686 470.

560 5717 788 5780 (leniens
817 5711 1086 5768 Pentheus
1115 5709 1246 5764 videt

657 5813 721 5880 Ει
743 5811 895 5874 solem
914 5818 1185 5882 geminum,
1213 5822 1266 5867 et
1285 5811 1511 5880 duplices
1531 5818 1586 5860 se
1611 5802 1878 5872 ostendere
1901 5803 2124 5876 Thebas;

2329 3252 2460 3308 Tum
2486 3255 2622 3327 acies
2647 3255 2802 3308 oculi.
2835 3255 3068 3327 Reposui
3096 3268 3202 3310 tum
3226 3271 3291 3310 ex
3322 3258 3534 3312 cunctis
3563 3273 3706 3327 pene
3736 3273 3868 3314 mss.

2254 3325 2310 3379 ln
2341 3342 2453 3379 rec.
2482 3325 2520 3378 2
2549 3325 2681 3394 Reg.
2731 3335 2785 3378 et
2816 3327 2840 3378 l
2873 3325 3024 3381 Colb.
3059 3337 3144 3382 est
3175 3344 3308 3395 cum,
3343 3330 3485 3384 sicut
3525 3325 3582 3385 et
3625 3331 3680 3385 in
3709 3332 3869 3386 editis

2256 3399 2345 3452 15.
2382 3395 2439 3450 In
2470 3396 2660 3450 Marm.
2694 3405 2882 3450 tamen.

2331 3466 2625 3539 Diducitur.
2656 3467 2784 3539 Mss.
2817 3466 2852 3520 2
2881 3466 3089 3539 Bonon.
3129 3478 3183 3523 et
3212 3467 3378 3524 Rrun.
3411 3470 3708 3539 deducitur,
3744 3489 3869 3529 cor-

2256 3549 2436 3610 rupte.
2467 3569 2537 3610 έ-
2561 3538 2848 3591 Diducitur.
2890 3538 3020 3592 Ven.
3052 3541 3221 3608 prima
3248 3557 3431 3609 prave,
3463 3538 3706 3610 ducitur;
3735 3544 3866 3599 Ven.

2258 3608 2422 3672 1495,
2452 3609 2544 3675 97,
2606 3609 2776 3679 pejus,
2812 3609 3034 3677 dicitur;
3092 3611 3143 3664 in
3189 3608 3420 3680 sparkio
3463 3608 3741 3671 omittitur
3772 3615 3871 3670 hoc

2259 3679 2482 3734 verbum
2513 3680 2725 3752 vitiose.
2756 3683 3072 3752 Atrectum,
3104 3679 3382 3736 diducitur.
3417 3683 3554 3740 Vide
3580 3697 3696 3740 not.
3729 3687 3768 3742 l.
3797 3702 3871 3752 tv,

2261 3765 2381 3832 cap.
2418 3753 2474 3813 5,
2504 3750 2698 3805 diduci.
2751 3751 3016 3808 Diducere
3045 3752 3100 3805 lt.
3134 3754 3169 3807 Ι.
3223 3753 3365 3810 idem
3397 3757 3544 3827 quod
3574 3757 3745 3826 infra,
3774 3750 3875 3812 dis?

2265 3838 2498 3876 munere.
2539 3822 2673 3876 BUN.

2253 3838 2498 3891 Jungere.
2539 3837 2673 3877 ISUN.

2335 3839 2717 3962 imagis.
2753 3891 2828 3947 lta
2862 3893 3002 3964 typis
3031 3893 3269 3948 mandati
3297 3904 3352 3949 et
3382 3897 3539 3952 multi
3579 3913 3718 3956 mss.
3754 3897 3812 3954 In
3842 3897 3875 3952 2

2262 3963 2504 4020 Colbert.
2526 3965 2778 4018 etBaluz.
2799 3963 2940 4029 tum;
2965 3965 3016 4018 in
3046 3967 3082 4017 2
3103 3965 3312 4021 Βοιιυη.
3343 3976 3398 4022 et
3419 3968 3556 4022 'l‘ax.
3582 3982 3631 4024 et
3661 3970 3872 4041 singuli.

2341 4055 2506 4111 Nullo
2535 4056 2705 4110 modo.
2734 4056 2824 4110 Sic
2853 4057 3062 4111 restitui
3097 4072 3164 4112 ex
3204 4069 3311 4113 vet.
3345 4059 3431 4114 ed.
3471 4061 3634 4120 Rom.
3666 4078 3875 4120 necnon
3907 4069 3910 4072 ί

2261 4126 2468 4207 cellar.
2489 4128 2849 4207 omnibusque
2871 4143 3026 4207 mss,
3047 4128 3266 4207 dempto
3294 4132 3319 4183 1
3354 4130 3489 4201 Reg.
3519 4150 3632 4188 rec.
3669 4136 3726 4191 itt
3749 4151 3874 4207 quo,

2264 4201 2405 4253 sicut
2435 4208 2490 4264 et
2521 4201 2572 4252 in
2605 4199 2671 4252 Η
2703 4199 2965 4268 vulgatis,
2986 4209 3069 4254 est
3093 4201 3237 4254 nullo
3270 4199 3444 4268 pacto.

2337 4269 2443 4325 Cur
2475 4270 2613 4324 oculi
2646 4269 2916 4339 falluntur.
2950 4267 3022 4322 Ita
3071 4267 3352 4324 emendavi
3383 4289 3449 4327 cx
3484 4276 3877 4333 vetustissimis

2264 4341 2587 4417 Regio-Pot.
2617 4340 2651 4392 2
2684 4341 2915 4417 Bonon.,
2946 4340 3134 4417 Cane,
3158 4340 3533 4417 Tax.,APent.,
3559 4347 3874 4417 Sangerm.,

2264 4413 2399 4492 edit.
2416 4411 2643 4492 genera,
2669 4411 2998 4492 approbante
3028 4411 3278 4492 Plancio,
3312 4413 3632 4492 faventibus
3651 4411 3874 4492 EfRegQ

2179 4502 2238 4565 Β
2268 4487 2300 4539 6
2330 4483 2512 4565 (dolo,
2549 4481 3006 4565 Ralttz.,_lilarm_.,
3033 4480 3314 4565 Claron1.,_
3338 4484 3509 4565 Rrun.
3545 4480 3879 4560 editisqué‘i

2266 4563 2377 4608 vet.
2405 4553 2561 4636 Rom:
2597 4553 2870 4636 itthuibus
2900 4555 3259 4636 estflur‘oeuli
3286 4557 3583 4626 falluntur;
3618 4562 3672 4614 in
3697 4553 3875 4636 l'Reg.

2266 4639 2382 4680 rec.
2413 4633 2467 4677 et
2497 4624 2561 4677 Μ
2590 4624 2842 4691 vulgatis,
2868 4638 2959 4674 cur
2989 4623 3066 4675 illi
3095 4623 3368 4692 falluntur.

2345 4695 2446 4760 Qui
2464 4705 2570 4747 aut.
2588 4695 2738 4764 Apud
2761 4694 3078 4758 Buneman.,
3103 4697 3220 4762 quia
3238 4707 3347 4749 aut.
3369 4696 3460 4753 Sic
3479 4701 3586 4755 edo
3608 4718 3676 4757 ex
3699 4703 3875 4759 Rcim.

2267 4768 2450 4844 et_sic
2499 4763 2812 4844 llcmhnanno
2860 4763 3052 4817 visum.
3107 4765 3286 4832 Editi,
3336 4772 3444 4838 qui.
3485 4771 3686 4829 Posset
3728 4791 3875 4844 esse,

2265 4837 2457 4909 quippe
2479 4837 2584 4909 qui.
2621 4835 2751 4889 BUN.

2343 4855 2457 4903 Hpe
2479 4855 2584 4905 qut.
2621 4855 2751 4889 DUN.

2343 4855 2500 4984 ἐφη.
2531 4907 2606 4984 ita
2638 4921 2768 4959 mss.
2801 4904 3082 4984 Sangerm.
3116 4913 3170 4959 et
3191 4905 3325 4967 Bov.
3357 4909 3449 4966 alii
3479 4911 3672 4984 legunt
3701 4918 3826 4973 sim.

2348 4977 2481 5031 Eos.
2516 4976 2684 5031 Abest
2713 4994 2740 5028 ιι
2773 4991 2875 5028 ms.
2899 4975 3111 5041 Anglic.

2346 5046 2802 5118 Occuluit.Solus
2831 5061 2931 5100 ms.
2965 5045 3122 5110 Bov.,
3153 5052 3374 5118 operuit.

2344 5117 2496 5191 Unde
2513 5117 2880 5191 oculos_dictos
2909 5132 3052 5191 esse,
3083 5117 3191 5171 etc.
3228 5121 3550 5191 Sequuntur
3572 5126 3877 5188 Varronem

2268 5189 2470 5275 reliqui
2497 5186 3353 5275 etiiam‘G‘rammatici,pugnante
3372 5196 3594 5275 interim
3626 5186 3880 5275 scriptio-

2266 5265 2354 5319 nis
2384 5257 2785 5345 et.quatttitatis
2809 5259 3036 5345 ratione.
3064 5257 3195 5345 biant
3222 5265 3400 5317 oculus
3423 5268 3660 5345 simplici
3690 5257 3880 5345 e,rpri-

2266 5318 2412 5389 mam
2449 5318 2667 5409 brevem
2701 5328 2863 5413 habet
2895 5345 2907 5379 :
2934 5330 3171 5413 occulere
3196 5348 3328 5388 vero
3354 5318 3880 5413 eahiuéiii'ééi’si'di.

2268 5415 2326 5458 to
2348 5417 2404 5455 cc
2434 5399 2704 5470 positione
2727 5397 2992 5470 producit.
3024 5398 3221 5455 8mm"

2345 5466 2653 5548 Ραῐμίεαιὶο,
2670 5479 2773 5548 etc.
2795 5466 2844 5518 Id
2866 5482 2969 5548 eSt,
2988 5474 3608 5548 tretncndoﬁnlerprete
3635 5485 3859 5542 Per-ouo

2267 5544 2358 5613 qni
2393 5527 2571 5613 league"
2605 5527 3010 5613 a-l’a'lm'idgm
3037 5552 3120 5594 (δεῖ
3153 5527 3879 5613 Pri“{<5ttlattld‘ovitbm‘exdu’:

2271 5607 2737 5693 éiILSuntattlet-n
2771 5607 3040 5693 palli‘ehne
3065 5607 3280 5693 tunicae,
3306 5634 3425 5693 qum
3455 5607 3881 5693 tegunto'eulds.

2348 5679 2412 5735 ¹¹⁸
2433 5677 2629 5730 (πάθηθ’
2654 5678 2741 5731 δῖε
2766 5693 2865 5729 "'5-
2887 5676 3189 5749 δίηιεενηιι,
3224 5685 3302 5738 sic
3320 5676 3886 5771 vii'gitii'iS'técloeH'i.

2713 5798 2829 5858 illos
2851 5801 3109 5862 referebat
3133 5806 3181 5856 in
3203 5807 3382 5862 ordine
3405 5811 3540 5883 Thyr
3551 5824 3640 5876 sis.
