4034 6354
451 359 523 415 47

524 480 642 536 Jam
674 474 904 547 pectoris
923 468 1151 527 latitudo
1171 463 1437 529 sublimis,
1476 471 1532 517 et
1569 456 1816 529 exposita
1844 452 2042 516 oculis,
2070 452 2129 513 Α

458 546 757 630 mirabilem
789 583 898 640 pra:
926 581 986 622 se
1014 565 1118 620 fert
1149 559 1363 616 habitus
1389 555 1475 612 sui
1503 554 1845 625 dignitatem.
1877 546 2049 617 Cujus

458 666 576 721 haec
600 677 761 721 causa
798 668 904 726 est,
935 655 1078 728 quod
1107 652 1319 710 videtur
1354 648 1633 705 hominem
1677 644 1857 700 solum
1905 640 2049 696 Deus
2084 672 2091 685 ι

456 759 622 815 veluti
649 756 900 828 supinum
923 752 1188 807 formasse
1209 749 1362 818 (nam
1390 743 1507 799 fere
1537 739 1742 796 nullum
1766 735 1911 792 aliud
1939 734 2057 790 ani-
2096 774 2103 779 .

462 853 569 909 mal
591 848 847 920 jacerein
868 854 1079 916 tergum
1106 839 1329 913 potest),
1354 846 1527 892 mutas
1547 841 1725 889 autem
1753 830 2057 886 animantes

459 945 616 1017 quasi
640 944 852 999 alterno
880 940 1053 995 latere
1091 937 1338 1007 iacentes
1376 930 1620 995 tinxisse,
1649 934 1810 996 atque
1848 924 1915 979 ad
1945 933 2056 979 ter-

459 1054 576 1095 ram
612 1035 1027 1107 compressisse.
1069 1028 1278 1085 Idcirco
1309 1025 1417 1082 illis
1452 1031 1736 1094 angustum
1763 1028 1970 1091 pectus,
2002 1024 2060 1073 et

463 1134 530 1188 ab
554 1139 779 1202 aspectu
802 1134 1099 1192 remotum,
1126 1129 1182 1179 et
1205 1119 1276 1176 ad
1302 1128 1505 1174 terram
1534 1128 1722 1171 versus
1744 1113 2013 1182 abjectum
2044 1128 2059 1165 :

459 1223 665 1278 homini
695 1230 879 1276 autem
907 1225 1097 1288 patens
1124 1221 1179 1269 et
1197 1219 1471 1274 erectum;
1495 1208 1618 1279 quia
1646 1205 1864 1278 plenum
1889 1202 2059 1257 ratio-

459 1320 544 1374 nis
574 1333 605 1371 a
632 1316 773 1373 cmlo
800 1313 963 1377 datae,
996 1306 1224 1373 humile,
1253 1313 1347 1360 aut
1374 1301 1632 1357 indecens
1669 1312 1792 1354 esse
1816 1310 1927 1350 non
1960 1293 2060 1349 de-

471 1410 607 1465 buit.
640 1405 863 1476 Papillae
889 1414 1107 1474 quoque
1147 1395 1341 1453 leviter
1364 1394 1685 1457 eminentes,
1723 1395 1778 1443 et
1812 1384 2060 1441 fusciori-

462 1503 564 1557 bus
601 1514 666 1555 ac
708 1498 888 1570 parvis
925 1494 1148 1551 orbibus
1187 1497 1493 1552 coronatae,
1529 1501 1634 1541 non
1676 1483 1814 1539 nihil
1855 1479 2065 1537 addunt

461 1593 781 1659 venustatis,
821 1589 1062 1647 [caminis
1088 1586 1157 1643 ad
1184 1583 1411 1640 alendos
1442 1581 1604 1637 [unus
1633 1578 1794 1643 datae,
1825 1575 2065 1631 maribus

463 1688 533 1743 ad
565 1686 741 1742 solum
766 1684 956 1749 decus,
978 1696 1049 1737 ne
1071 1678 1300 1735 informe
1324 1683 1533 1746 pectus,
1564 1680 1622 1726 et
1643 1668 1795 1741 quasi
1815 1667 2063 1723 mutilum

469 1781 761 1837 videretur.
796 1778 933 1833 Huic
958 1774 1170 1831 subdita
1211 1781 1295 1827 est
1330 1768 1582 1841 planities
1625 1763 1865 1827 ventris,
1897 1775 2063 1831 quam

1424 339 1609 397 FIRM.
1648 330 2016 394 LACTANTII
2050 328 2184 429 LIB.
2228 328 2315 386 DE
2351 324 2644 384 OPIFICIO
2673 323 2785 381 DEI

3681 318 3757 377 48

2767 438 2995 499 CAPUT
3034 438 3129 497 XI.

2396 583 2476 640 De
2494 580 2744 638 intestinis
2764 579 2820 634 in
2847 578 3072 647 homine,
3104 588 3376 647 eorumque
3400 589 3523 630 usu.

2228 727 2482 797 Sequitur
2507 722 2834 790 necessario,
2863 729 2926 777 ut
2955 718 3027 776 de
3066 718 3294 776 internis
3331 731 3549 790 quoque
3584 716 3759 774 visce-

2157 821 2306 877 ribus
2331 820 2511 876 dicere
2539 818 2830 889 incipiam:
2862 814 3058 886 quibus
3095 827 3201 868 non
3227 810 3597 884 pulchritudo,
3631 808 3758 881 quia

2158 925 2286 972 sunt
2341 911 2559 980 abdita,
2604 911 2696 967 sed
2740 907 2943 965 utilitas
2979 905 3313 964 incredibilis
3358 904 3613 961 attributa
3652 910 3758 969 est,

2160 1006 2410 1078 quoniam
2438 1019 2576 1074 opus
2602 1001 2801 1067 fuerat,
2831 1009 2895 1056 ut
2921 1009 3202 1056 terrenum
3242 997 3346 1053 hoc
3368 1012 3569 1067 corpus
3595 1009 3763 1052 succo

2160 1102 2341 1172 aliquo
2368 1099 2437 1155 de
2460 1098 2596 1155 cibis
2633 1110 2697 1152 ac
2729 1093 2945 1165 potibus
2984 1093 3243 1156 aleretur,
3272 1092 3412 1147 sicut
3456 1099 3603 1145 terra
3644 1089 3764 1161 ipsa

2164 1194 2430 1250 imbribus
2451 1207 2514 1247 ac
2535 1190 2764 1261 pruinis.
2792 1185 3306 1243 Providentissimus
3333 1182 3527 1239 artifex
3552 1183 3609 1237 in
3648 1195 3767 1237 me-

2163 1285 2253 1341 dio
2281 1285 2399 1355 ejus
2420 1280 2818 1352 receptaculum
2846 1277 2990 1334 cibis
3019 1275 3173 1344 fecit,
3195 1275 3387 1346 quibus
3411 1272 3689 1330 concoctis
3710 1278 3770 1327 et

2162 1376 2494 1449 liquefactis,
2527 1375 2723 1431 vitales
2749 1386 2943 1429 succos
2973 1370 3231 1427 membris
3270 1368 3523 1424 omnibus
3554 1367 3769 1436 disper-

2167 1472 2314 1526 tiret.
2337 1468 2444 1525 Sed
2470 1483 2591 1523 cum
2617 1466 2779 1521 homo
2800 1473 3015 1522 constet
3039 1479 3102 1518 ex
3131 1476 3358 1533 corpore
3378 1470 3541 1532 atque
3558 1460 3768 1525 anima,

2168 1565 2300 1621 illud
2356 1563 2502 1635 quod
2554 1576 2714 1632 supra
2764 1559 2876 1615 dixi
2924 1556 3362 1628 receptaculum,
3406 1554 3508 1611 soli
3551 1553 3775 1624 corpori

2166 1669 2389 1732 prastat
2411 1659 2727 1713 alimentum
2761 1672 2774 1709 :
2805 1654 3001 1710 anima:
3036 1666 3166 1707 vero
3189 1650 3349 1706 aliam
3377 1649 3562 1705 sedem
3599 1646 3772 1705 dedit.

2167 1752 2320 1808 Fecit
2357 1750 2502 1806 enim
2548 1763 2721 1819 genus
2772 1745 3040 1816 quoddam
3088 1744 3355 1798 viscerum
3403 1738 3567 1797 molle
3612 1747 3777 1810 atque

468 1836 701 1931 mediam
722 1872 836 1928 fere
859 1867 1145 1926 umbilicus
1167 1879 1277 1921 non
1306 1836 1577 1920 indecenti
1608 1866 1733 1912 nota
1764 1855 1961 1925 signat,
1994 1849 2064 1907 ad
2093 1855 2141 1917 B
2169 1863 2378 1912 rarum,
2427 1843 2571 1915 quod
2610 1844 2922 1914 pulmonem
2967 1854 3246 1906 vocamus,
3288 1839 3342 1893 in
3372 1836 3515 1909 quod
3552 1836 3779 1906 spiritus

463 1967 567 2022 hoc
596 1965 790 2030 lactus,
820 1970 881 2019 ut
913 1975 1012 2033 per
1037 1973 1164 2015 eum
1190 1956 1379 2021 ﬂetus,
1408 1951 1539 2008 dum
1567 1956 1653 2007 est
1678 1948 1733 2004 in
1759 1956 1936 2012 utero,
1966 1960 2068 2000 nu—

466 2058 678 2113 triatur.

2170 1941 2447 2010 reciproca
2470 1936 2861 1993 vicissitudine
2899 1940 3263 2001 commearet;
3300 1946 3534 2003 eumque
3568 1944 3677 1986 non
3720 1929 3783 1987 in

2175 2033 2315 2089 uteri
2357 2031 2577 2087 modum
2625 2030 2800 2098 iiuxil,
2830 2042 2899 2084 ne
2932 2025 3299 2083 eﬂ’underetur
3329 2024 3491 2080 simul
3530 2023 3779 2095 spiritus,

2183 2135 2279 2182 aut
2297 2126 2511 2182 inﬂaret
2535 2123 2717 2179 simul.
2752 2121 2985 2192 Ideoque
3010 2135 3079 2176 ne
3105 2119 3321 2190 plenum
3350 2116 3567 2188 quidem
3591 2112 3783 2170 viscus

2178 2218 2381 2285 etiecit,
2424 2216 2520 2275 sed
2547 2215 2806 2281 inllabile,
2841 2223 3004 2284 atque
3030 2211 3170 2267 aeris
3208 2225 3409 2281 capax;
3438 2218 3497 2264 ut
3524 2206 3786 2280 paulatim

1830 2354 2189 2414 VARIORUM
2229 2356 2459 2413 NOTAE.

466 2516 588 2588 dus,
617 2513 808 2569 doctor
827 2499 1540 2588 Δῐῐιρςᾌίςιιιελλιξιέιὶίςιῐιεξιξδίς,
1574 2497 1676 2565 legi
1710 2494 1891 2549 mallet
1941 2509 2066 2575 cum

464 2569 721 2645 sex'mss.
742 2592 797 2636 et
823 2581 856 2635 9
881 2580 1061 2641 editis,
1094 2574 1198 2631 Sed
1225 2590 1353 2626 unus
1375 2572 1648 2645 adiuturus
1676 2583 1879 2621 carnem
1908 2569 2069 2645 necti-

471 2636 561 2715 ;u;
582 2636 978 2727 pulchritudinis
1004 2636 1209 2719 gratia;
1233 2645 1385 2725 isque
1434 2642 1515 2727 illi"
1554 2641 1766 2721 videtur
1800 2636 2066 2727 genuinus

471 2709 724 2787 iaciens
756 2722 920 2778 nostri
947 2709 1141 2775 sensus
1167 2709 1468 2787 ,quoniam
1496 2711 1804 2787 Lactantius
1858 2710 1911 2764 in
1962 2709 2065 2787 hoc

472 2780 663 2875 Eﬁéie'
690 2795 758 2851 ad
809 2791 1129 2875 elegantiam
1170 2780 1278 2875 ac.
1315 2783 1792 2875 pulchritudinem”
1820 2780 2065 2875 corporis

471 2852 712 2930 mraxime
753 2852 998 2919 attendit.
1030 2861 1178 2915 Alias
1210 2857 1278 2911 ad
1308 2852 1858 2930 manum_conne_ctit_ur
1886 2852 2066 2923 potius

475 2925 763 2999 arrideret.
796 2934 1075 2990 Arrideret
1106 2941 1159 2984 et
1190 2927 1478 2983 Eustachio
1506 2925 1743 2999 doctori,
1786 2925 1914 2999 item
1946 2937 2064 2977 me-

478 2994 1032 3071 dicoFAureliauensi,
1066 3003 1156 3074 qui
1189 3012 1378 3074 tamen,
1410 3014 1531 3074 cum
1560 3012 1667 3074 ms.
1709 2996 1839 3051 Pen.
1887 2994 2069 3062 legere

475 3066 678 3142 mavult
700 3123 714 3146 ,
735 3079 805 3133 ad
836 3066 1047 3131 manum
1074 3066 1481 3146 carnevestitur.
1514 3068 1563 3122 Is
1602 3066 2069 3146 admopeberrare

477 3137 811 3213 Lactantium
844 3149 897 3203 in
929 3164 1015 3205 co.
1044 3144 1187 3216 quod
1226 3143 1362 3197 duos
1406 3140 1668 3216 duntaxat
1691 3137 1944 3192 articulos
1973 3150 2069 3190 ex—
2095 3150 2140 3213 ρ

478 3210 655 3284 t—antes
676 3239 796 3278 esse
824 3224 876 3275 iu
906 3210 1097 3288 pollice
1122 3215 1273 3279 dicit,
1294 3230 1415 3288 cum
1440 3222 1551 3267 tres
1585 3210 1779 3264 habeat
1798 3221 2067 3288 ,_quorum

481 3280 687 3369 primus
710 3308 872 3369 unum
909 3280 1023 3343 'non
1059 3295 1146 3369 est_
1160 3302 1226 3341 ex
1259 3285 1716 3369 οειείζηιειρῐιτιηειε2
1740 3280 1933 3351 quibus
1965 3291 2072 3332 non

483 3354 854 3426 EStsensibilis
881 3359 1241 3425 motus,dum
1292 3354 1505 3410 articuli
1560 3354 1718 3423 primi
1770 3360 1948 3426 motus
1991 3358 2075 3404 est

484 3422 975 3497 manifestissimis.
1005 3422 1188 3498 Itaque
1210 3428 1515 3482 Firmianus
1560 3422 1745 3498 noster
1762 3422 1858 3498 _(_ut
1882 3437 1949 3476 ex
1986 3435 2076 3498 ca-

488 3492 612 3583 pitis
651 3506 826 3578 quinti
845 3501 1033 3583 medio
1074 3492 1361 3583 colligitur,
1386 3495 1693 3583 Iagnovisse
1725 3492 1934 3583 videtur
1975 3492 2079 3544 du-

492 3565 646 3654 plicis
670 3565 896 3654 generis
919 3571 1176 3654 articulos
1203 3565 1273 3623 'in
1312 3565 1509 3654 pollice
1527 3609 1540 3627 .
1577 3566 1714 3619 duos
1742 3565 1949 3620 scilicet
1971 3578 2078 3654 ex:

490 3638 744 3710 trantesvet
781 3645 1054 3709 visibiles,
1101 3644 1329 3696 alterum
1375 3638 1437 3692 ad
1480 3650 1696 3710 manum
1730 3646 1953 3710 nexum
1980 3674 1993 3696 ,
2026 3641 2084 3688 et

491 3704 749 3780 musculis
773 3725 1004 3777 tectum,
1030 3704 1121 3784 qui
1152 3711 1456 3784 sititertius,
1478 3706 1624 3762 Unus
1653 3705 1856 3784 quidem
1882 3704 1951 3758 ad
1975 3719 2085 3758 ma-

493 3776 793 3851 numicarne
813 3787 1020 3841 vestitur
1044 3776 1061 3848 ξ
1082 3783 1168 3841 J0.
1204 3780 1365 3836 Cauci
1394 3822 1406 3842 ,
1440 3776 1593 3851 Carne
1627 3776 1951 3851 convenitur.

567 3843 693 3920 iam
721 3859 935 3927 pectoris
966 3843 1180 3927 latitudo
1206 3851 1459 3906 sublimis.
1488 3849 1595 3904 Aut
1615 3864 1769 3927 nunc,
1796 3848 1882 3927 vel
1899 3843 2089 3901 leviori

495 3918 792 3995 mutatione
824 3926 1277 4000 jamrlegenduni
1304 3934 1408 4000 est_,
1437 3932 1542 4000 aut
1582 3918 2003 4000 inulta‘desu-nt,
2033 3924 2092 3969 ut

499 3988 840 4064 libita-amni
868 3999 967 4052 viri
1010 3988 1204 4051 eruditi
1242 3993 1539 4056 Betuleius,
1584 3990 1865 4064 Francius,
1904 3988 2089 4050 Ismus,

503 4060 784 4150 Spirkius,
835 4067 1134 4131 Walchius,
1182 4065 1533 4149 aristoteles,
1581 4060 1987 4150 item-Galenus
2041 4066 2097 4145 et

503 4131 693 4207 ὶδὸιῐιίχ
724 4131 978 4199 manuum
1005 4138 1308 4194 tractationi
1335 4145 1522 4205 pectus
1542 4131 1940 4207 subjiciunth
1967 4136 2095 4207 στῆ-

505 4202 905 4283 ὂοξξήϐωιθηιιη
936 4227 1033 4267 cur
1063 4210 1269 4283 homini
1298 4202 1466 4283 latum
1498 4214 1686 4283 pectus
1714 4202 1973 4283 Conditor
2004 4203 2098 4255 tri-

507 4274 703 4354 buerit,
738 4284 999 4340 Lactantii
1030 4282 1270 4354 rationes
1294 4281 1452 4354 longe
1478 4292 1658 4354 quam“
1661 4274 1965 4354 Aristotelis
1990 4288 2102 4327 me-

505 4344 675 4417 liores
692 4344 838 4413 sunt.
864 4354 1001 4410 Vide
1020 4352 1366 4409 Aristotelem
1394 4344 1447 4405 iu
1470 4344 1507 4403 4
1531 4348 1597 4402 de
1624 4347 1892 4402 Partibus.
1926 4344 2102 4399 Bs'ru-

510 4446 689 4490 LEIUS.

2249 2495 2469 2566 Papillte
2505 2509 2702 2564 quoque
2748 2492 2926 2566 leviter
2952 2490 3249 2566 eminentes.
3284 2486 3411 2566 Mss.
3440 2486 3476 2566 _5
3513 2499 3629 2541 rec.
3658 2485 3784 2566 et}

2170 2567 2299 2621 edit.
2329 2557 2555 2621 habent.
2585 2557 2783 2619 leniter.
2816 2564 2884 2617 At
2910 2562 3083 2617 leviter
3107 2561 3301 2614 melior
3330 2557 3493 2614 lectio
3526 2571 3691 2627 quam
3719 2558 3792 2610 ιι.

2170 2640 2321 2693 niter.
2358 2638 2453 2692 Hic
2482 2638 2622 2692 enim
2656 2637 2832 2706 agitur
2858 2634 2926 2688 de
2951 2633 3117 2702 partis
3146 2631 3787 2706 prominentia,_nequa-

2167 2725 2330 2780 quam
2361 2709 2429 2763 de
2452 2709 2590 2780 cutis
2627 2698 2866 2780 lenitate.
2895 2698 3173 2780 llécouer,
3203 2702 3395 2780 doctor
3417 2698 3795 2780 medicusnl’a-

2168 2768 2433 2837 risiensis.
2461 2779 2759 2842 Juvenalis,
2797 2777 2911 2832 Sat.
2937 2778 2970 2831 6
2997 2768 3068 2830 de
3098 2773 3382 2829 Messalina
3409 2768 3625 2825 Claudii
3659 2769 3785 2825 Cm-

2169 2854 2308 2908 saris
2338 2852 2587 2922 conjuge.
2616 2848 2899 2915 Martialis,
2926 2848 3021 2903 lib.
3055 2861 3148 2900 vm
3167 2887 3182 2913 ,
3211 2845 3370 2914 epist.
3399 2842 3467 2897 64
3504 2861 3517 2897 :

2331 2967 2395 3019 Et
2419 2966 2535 3017 talis
2556 2974 2715 3016 tumor
2738 2964 2933 3014 excitet
2957 2960 3183 3025 papillas,

2334 3030 2518 3090 Quales
2550 3028 2702 3079 cruda
2721 3028 2826 3077 viro
2851 3025 3018 3088 puella
3040 3028 3226 3074 servat.

2253 3137 2393 3191 Huic
2439 3125 2640 3190 subdita
2685 3144 2756 3190 est
2802 3132 3041 3203 planities
3085 3130 3317 3203 ventris,
3360 3137 3466 3184 etc.
3516 3125 3800 3203 Laudatur

2174 3215 2381 3285 γᾳᾳτήρ
2423 3210 2714 3285 ἀπέριττρς,
2743 3199 2957 3285 qualem
2991 3203 3172 3285 iunior
3203 3200 3567 3285 Philostratus
3599 3199 3797 3253 tribuit

2175 3233 2381 3269 ἀστηο
2423 3233 2519 3262 απε
2558 3233 2714 3272 ιττος,
2743 3233 2957 3276 quantum
2991 3233 3163 3272 μιιιιυι
3203 3233 3567 3255 ινιιιιυθιιαιυο
3600 3233 3788 3253 ιιιυυιι

2175 3233 2463 3349 ίίθιθηίςτο.
2498 3233 2836 3346 lfrmcipuum
2876 3276 2928 3328 in
2970 3283 3157 3327 ventre
3186 3283 3269 3349 ut_
3281 3272 3350 3326 sit
3381 3274 3625 3349 planus;
3657 3287 3788 3349 pro-

2178 3341 2374 3423 fundus
2418 3341 2710 3423 umbilicus,
2761 3348 2946 3423 planus
2989 3354 3179 3423 genter.
3226 3342 3424 3413 Turpis
3468 3354 3555 3398 est
3601 3341 3789 3397 mollis

2179 3415 2387 3478 venter.
2426 3422 2612 3475 Horat.
2650 3415 2822 3489 Epeo.
2850 3418 2952 3472 0d.
2986 3418 3040 3471 8.
3072 3415 3283 3470 JUNIUS.

2258 3493 2541 3549 Umbilicus
2571 3507 2671 3545 non
2696 3482 2976 3553 indecenti,
2997 3497 3106 3541 etc.
3133 3489 3295 3541 Arist.
3329 3485 3419 3540 lib.
3447 3500 3521 3539 vn
3544 3483 3613 3539 de
3641 3482 3789 3540 Hist.

2184 3566 2420 3621 Animal.
2453 3578 2573 3633 cap.
2608 3564 2662 3626 8,
2692 3572 2745 3633 et
2772 3562 2863 3633 lib.
2899 3576 2935 3614 u
2966 3560 3032 3633 de
3062 3558 3318 3613 Generat.
3344 3556 3550 3622 Anim.,
3576 3571 3699 3625 cap.
3736 3555 3793 3623 5,

2185 3631 2543 3708 Hippocrates
2569 3633 2638 3688 de
2667 3632 2789 3688 Nat.
2819 3631 3007 3686 Pueri.

2267 3725 2680 3795 Receptaculum,
2726 3723 2824 3779 soli
2862 3722 3083 3795 corpori.
3133 3719 3265 3775 Nam
3310 3718 3526 3775 Platoni
3572 3717 3743 3773 etiam
3771 3718 3803 3778 ἦ

2191 3793 2517 3871 ὠνομασμένη
2542 3798 2690 3871 κάτω.
2716 3793 3498 3871 milia:ﬁredoxvimnominatur
3532 3806 3547 3843 :
3592 3799 3804 3871 stoma-

2191 3860 2346 3934 clnis,
2380 3860 2493 3923 sive
2517 3868 2850 3924 ventriculus
2881 3860 3108 3931 Latinis;
3134 3863 3383 3920 Ciceroni
3417 3862 3595 3917 alvus.
3626 3860 3806 3932 Hujus

2195 3940 2431 3997 oiticium
2460 3950 2573 4006 est,
2606 3938 2711 3993 cibi
2731 3939 3031 4005 concoctio.
3062 3937 3385 3991 BETULEIUS.

2270 4012 2467 4065 Anima:
2486 4026 2620 4065 vero.
2648 4010 2706 4064 Id
2732 4020 2834 4077 est,
2858 4008 3069 4079 spiritui
3098 4008 3267 4062 vitali.
3290 4006 3581 4063 Functus.

2272 4082 2454 4137 Molle.
2480 4083 2724 4141 Μαλακὴν.
2753 4082 2926 4147 Plato,
2950 4080 3107 4136 Ovid.

2356 4200 2528 4251 Cernis
2549 4202 2607 4248 ut
2627 4211 2659 4248 e
2682 4196 2816 4248 molli
2838 4198 3038 4260 sanguis
3058 4196 3288 4259 pulmone
3311 4197 3569 4244 remissus.

2205 4304 2287 4361 Ex
2309 4304 2516 4359 levibus
2542 4304 2685 4358 enim
2713 4312 2769 4358 et
2787 4301 2996 4370 aSperis
3021 4300 3237 4355 arteriis
3261 4281 3511 4365 constat;
3534 4306 3591 4353 et
3611 4305 3670 4352 ut
3698 4296 3810 4353 Pli-

2206 4379 2328 4432 nius
2356 4386 2409 4430 et
2435 4376 2625 4430 Celsus
2650 4376 2916 4443 inquiunt,
2946 4373 3271 4442 spongiosus
3298 4382 3399 4443 est.

2281 4446 2348 4500 In
2376 4447 2511 4517 quod
2539 4442 2749 4515 spiritus
2783 4446 3049 4517 reciproca
3067 4442 3436 4517 yicissitudine
3474 4447 3805 4517 commeant.

584 4520 955 4610 Alipdr.l)_eest
982 4518 1037 4571 in
1066 4530 1170 4570 ms.
1204 4514 1362 4580 Bon.,
1399 4513 1531 4568 Bov.
1558 4512 1611 4567 in
1640 4510 1964 4582 quibusdam
1991 4509 2107 4566 edi-
2132 4549 2187 4610 Ι)
2370 4509 2724 4600 ιῇρυρηίηιεε,
2753 4509 2974 4610 2‘33.“
3001 4516 3037 4610 ἓ
3067 4514 3227 4610 “pg?
3264 4512 3511 4610 2901b}:
3543 4511 3804 4610 δοιοί)ωέὶῖ

511 4598 602 4663 tis,
633 4594 791 4663 idque
813 4598 979 4663 recte.

591 4652 872 4737 'Abje'ctum.
906 4658 999 4737 §ic
1034 4655 1242 4737 restitui
1281 4670 1347 4737 ex
1373 4668 1521 4737 inss.
1632 4653 1864 4737 Bongq,
1906 4652 2105 4737 Regio-

517 4741 639 4796 Put.
660 4724 727 4790 'et
751 4736 782 4788 4
808 4734 879 4787 al.
906 4731 1063 4801 Reg.,
1099 4724 1917 4801 Cauc._5,E(Jolb.,_'l_‘:_igt.,_Ultr2
1946 4724 2105 4801 I_’_en.,

521 4794 667 4873 Eur,
696 4806 874 4863 Caut..
907 4794 1303 4873 Clafrom_.,_Ed.
1347 4795 1838 4873 Rom.__1470,‘ls.,
1877 4794 2104 4873 Cellar.,

522 4865 759 4941 Watch.,
791 4871 1142 4928 faventibusl
1178 4870 1336 4937 Reg.,
1368 4868 1396 4922 1
1429 4865 1585 4941 Colb.
1609 4876 1663 4921 et
1692 4867 1885 4941 Brun.,
1910 4868 1962 4922 in
1989 4865 2109 4941 qui-

523 4953 623 5007 bus
645 4957 728 5004 est
749 4938 1027 5008 adiectum,
1059 4957 1159 5012 pro
1181 4940 1467 5011 abjectum;
1494 4938 1703 5005 Baluz.,
1738 4940 1990 5007 obiectum
2006 4954 2025 5002 ;
2052 4939 2105 4993 in

522 5026 590 5080 10
612 5016 909 5089 impressis,
931 5014 1229 5089 subjectum.

602 5081 831 5146 Homini.
860 5086 934 5140 lta
963 5081 1247 5153 legendum
1284 5097 1349 5136 ex
1380 5081 1648 5150 plerisque
1683 5096 1812 5153 mss.
1841 5091 1895 5137 et
1924 5081 2107 5147 editis,

527 5180 627 5220 nec
651 5179 755 5216 non
784 5175 851 5214 ex
882 5151 1205 5225 praecedenti
1234 5167 1366 5209 voce
1393 5154 1515 5209 illis.
1549 5153 1609 5208 In
1646 5151 1715 5207 12
1742 5152 1955 5224 scriptis
1996 5161 2053 5209 et
2076 5153 2111 5208 4

525 5232 737 5293 excusis
764 5241 849 5286 est
874 5227 1111 5282 hominis.

603 5305 795 5359 Potens
832 5309 878 5354 et
911 5306 1148 5353 erectum.
1189 5295 1315 5351 Haec
1340 5302 1423 5350 est
1454 5294 1614 5351 lectio
1656 5295 1787 5350 edit.
1821 5296 2023 5366 Graph.
2059 5304 2116 5351 et

530 5377 769 5433 omnium
802 5387 957 5438 mss.,
982 5378 1174 5439 praeter
1200 5369 1227 5421 1
1261 5367 1396 5437 Reg.
1420 5381 1531 5422 rec.
1562 5369 1614 5422 in
1645 5384 1781 5438 quo,
1811 5370 1948 5423 sicut
1983 5376 2038 5423 ct
2061 5369 2114 5423 in

533 5447 740 5504 caeteris
768 5443 947 5504 editis,
963 5448 1063 5493 ~est
1087 5447 1297 5491 rectum.

611 5518 828 5573 Plenum
856 5512 1073 5567 rationis
1100 5528 1130 5562 α
1156 5511 1282 5563 caelo
1319 5509 1473 5564 datae.
1503 5509 1591 5565 Sic
1626 5509 1835 5563 restitui
1874 5524 1939 5565 ex
1982 5523 2113 5564 mss.

535 5588 876 5658 Regio-Pot,
924 5583 959 5637 2
1002 5582 1073 5635 al.
1124 5581 1278 5658 Reg._,
1324 5580 1358 5634 4
1402 5581 1660 5646 Colbert.,
1707 5580 1924 5658 marina
1960 5580 2112 5658 _Etn..,

537 5650 789 5719 Μυῖηοιι..
827 5658 1084 5718 Clarmn.,
1122 5668 1151 5706 a
1185 5655 1351 5719 prima
1379 5667 1560 5713 manu,
1603 5663 1654 5705 et
1697 5650 1782 5704 ed.
1813 5650 2014 5719 Graph.
2057 5650 2117 5703 In

538 5736 641 5785 alio
671 5729 822 5785 Coll).
855 5739 930 5781 est
965 5742 991 5779 e
1021 5724 1146 5778 cwlo
1173 5725 1343 5788 datm;
1376 5723 1425 5775 in
1456 5722 1629 5775 altero
1662 5719 1902 5774 Colbcrt.
1936 5738 1967 5772 a
1993 5720 2117 5773 caelo

538 5805 746 5866 datum;
778 5801 812 5855 5
841 5799 1001 5867 Reg.,
1040 5796 1247 5867 Baluz.,
1280 5795 1305 5848 1
1340 5792 1521 5861 Colb.,
1558 5790 1791 5847 Clarom.
1824 5806 1854 5844 a
1882 5791 2117 5847 secunda

534 5890 695 5947 mauu
720 5865 785 5930 ac
802 5865 984 5929 editi'a
1008 5865 1133 5923 coelo
1156 5867 1351 5921 datum.
1414 5893 1428 5936 -.

2210 4588 2448 4644 Clarum.
2480 4590 2531 4643 in
2565 4604 2735 4658 marg.
2763 4594 2819 4643 et
2850 4588 2919 4642 15
2942 4583 3173 4658 vulgati.
3195 4588 3265 4639 At
3305 4585 3393 4639 illa
3436 4585 3636 4641 absunt
3679 4598 3709 4638 a
3740 4583 3805 4639 19

2208 4676 2341 4715 mss.
2362 4670 2417 4715 et
2437 4661 2567 4715 edit.
2596 4660 2632 4712 2
2658 4656 2766 4714 vet.
2799 4660 2955 4713 Rom.
2982 4668 3036 4713 et
3062 4656 3261 4713 Cellar.

2278 4751 2349 4807 In
2378 4753 2530 4808 uteri.
2562 4751 2823 4808 Heuman.
2850 4752 2977 4822 legit
3000 4751 3056 4805 in
3075 4750 3253 4804 uteris.

2281 4843 2367 4900 Ne
2392 4843 2735 4912 effunderetur
2762 4844 2917 4900 simul
2942 4844 3172 4915 spiritus,
3196 4853 3285 4896 aut
3311 4843 3516 4915 inﬂaret
3546 4842 3723 4898 simul.
3749 4842 3808 4900 In

2208 4932 2341 4973 mss.
2367 4932 2513 4987 saepe
2542 4919 2778 4987 reperies
2812 4913 2989 4983 simul,
3022 4930 3119 4986 pro
3144 4915 3325 4981 semel,
3357 4929 3410 4970 et
3449 4913 3496 4970 e'
3518 4929 3806 4971 converso.

2208 4989 2266 5043 lu
2296 4989 2362 5045 19
2387 5004 2515 5044 mss.
2543 4998 2628 5045 est
2650 4990 2823 5051 semel,
2854 4988 2968 5042 bis.

2284 5081 2510 5152 Ideoque
2554 5098 2617 5135 ne
2653 5082 2861 5152 plenum
2902 5081 3106 5151 quidem
3149 5081 3317 5135 viscus
3359 5077 3554 5152 e/fecit.
3596 5078 3726 5152 Mss.
3772 5079 3808 5134 2

2211 5153 2349 5224 Reg.
2394 5150 2691 5223 o‘nniesqu‘e
2727 5152 2856 5208 editi
2884 5163 3082 5224 praeter
3106 5153 3193 5207 ed.
3223 5152 3379 5207 Rom.
3404 5150 3565 5224 1468
3604 5151 3806 5224 habent

2214 5221 2496 5279 nefAbest
2534 5241 2562 5278 a
2589 5221 2658 5280 29
2698 5239 2829 5279 mss.
2879 5221 2988 5279 Sed
3031 5223 3274 5294 profecto
3315 5222 3679 5294 retinendum.
3726 5221 3808 5276 Ne

2216 5297 2443 5366 plenum,
2476 5296 2528 5350 id
2550 5307 2633 5350 est
2661 5310 2769 5349 non
2796 5293 3157 5364 compactum,
3188 5306 3248 5349 ut
3276 5296 3441 5348 moris
3462 5303 3545 5348 est
3578 5293 3802 5365 quibus-

2215 5368 2339 5421 dam
2370 5368 2688 5431 visceribus,
2718 5380 2835 5435 qum
2854 5366 3280 5436 Parenchymata
3309 5374 3592 5431 vocantur,
3620 5373 3802 5434 utpote

2216 5438 2485 5508 glandulis
2514 5446 2570 5491 et
2600 5437 2831 5491 vasculis
2867 5446 3013 5490 arcte
3050 5438 3244 5507 stipata
3286 5436 3607 5508 densatave,
3653 5436 3804 5505 cujus

2218 5507 2378 5562 sortis
2409 5518 2490 5562 est
2512 5510 2683 5577 jecur.
2719 5508 2792 5561 De
2824 5509 3078 5576 pulmone
3108 5522 3263 5562 secus
3296 5517 3410 5571 est;
3445 5507 3623 5561 viscus
3661 5510 3803 5577 cnim

2218 5591 2299 5634 ρει
2341 5575 2530 5632 listulis
2563 5589 2616 5632 et
2647 5577 2894 5632 vesiculis
2933 5578 3078 5633 mille
3119 5578 3448 5632 distinctum.
3484 5577 3645 5648 Igitur
3686 5575 3803 5646 pul-

2220 5667 2417 5702 monem
2442 5652 2554 5702 ideo
2586 5666 2647 5702 ne
2671 5649 2877 5717 plenum
2897 5649 3099 5717 quidem
3120 5650 3285 5703 viscus
3312 5648 3504 5715 c/fecit.
3540 5648 3629 5701 sed
3655 5648 3805 5718 inﬂa-

2220 5721 2336 5784 bile,
2368 5729 2476 5775 etc.
2516 5718 2693 5791 lnﬂari
2728 5720 2867 5791 enim
2911 5736 3016 5774 non
3062 5722 3355 5791 potuisset,
3384 5720 3430 5791 si
3468 5721 3659 5774 fuisset
3697 5720 3805 5791 ple-

2220 5806 2350 5866 nu_n_i
2386 5791 2582 5866 viscus,
2630 5788 3307 5866 parenchymatislinstar;
3344 5789 3577 5866 ideoque
3618 5788 3804 5852 [oculis

2224 5862 2374 5923 mille
2401 5859 2643 5938 pervium
2671 5876 2793 5922 esse
2810 5859 3016 5922 debuit.
3044 5859 3346 5937 ascensu
