4034 6354
328 352 405 413 19

1132 356 1285 413 CAP.
1325 353 1414 411 XI.
1458 353 1547 410 DE
1589 354 1925 413 INTESTIN.
1964 354 2034 413 ΙΝ
2069 354 2236 413 ΗΟΜ.
2276 358 2661 431 EORUMQUE
2702 360 2861 418 USU.

3570 363 3645 420 50

330 473 583 543 spiritum
629 475 939 547 reciperet,
987 476 1113 530 dum
1165 473 1344 528 vitalis
1400 480 1594 527 ventus
1641 488 1737 542 per
1785 472 1935 528 illam
1961 494 2013 554 Α
2038 482 2262 529 vocatur
2283 478 2548 547 gurgulio.
2590 478 2638 533 ls
2666 486 2878 534 constat
2912 493 2979 535 ex
3016 477 3235 535 ossibus
3276 478 3535 535 ﬂexuosis
3572 495 3637 534 ac

329 569 607 638 spargitur
632 569 936 635 raritatem,
961 578 1013 624 et
1040 567 1287 623 eumdem
1309 579 1496 621 rursus
1521 564 1778 633 paulatim
1810 565 1936 620 red-
2038 566 2316 635 mollibus,
2346 570 2497 639 quasi
2524 585 2590 625 ex
2612 571 2828 626 annulis
2854 572 2908 626 in
2937 572 3128 626 cicutae
3158 570 3377 627 modum
3398 572 3633 626 invicem

328 659 515 726 deret,
542 660 671 715 dum
702 676 761 716 se
789 677 860 725 ex
885 661 979 716 illo
1005 660 1256 730 explicat.
1285 658 1403 728 Ipsa
1440 657 1586 713 enim
1617 657 1933 712 vicissitudo
2036 662 2334 730 compactis
2383 671 2438 716 et
2485 663 2915 728 cohasrenlibus;
2964 673 3217 734 patetque
3268 677 3486 733 semper
3547 663 3634 716 hic

330 752 495 807 ﬂandi
520 762 576 808 et
593 753 1283 825 spirandi,respirandique
1301 760 1521 820 tractus,
1539 753 1700 807 vitam
1720 764 1933 808 sustcn-
2037 753 2313 808 transitus.
2343 754 2552 810 Nullam
2582 757 2727 812 enim
2760 759 2998 827 requiem
3028 758 3241 813 meandi
3279 757 3481 812 habere
3523 759 3636 827 spi-

327 854 408 901 tat
432 845 486 901 in
515 861 765 917 corpore.

400 1025 670 1094 Quoniam
715 1040 849 1098 ergo
891 1025 1001 1081 duo
1035 1032 1162 1081 sunt
1202 1024 1259 1080 in
1305 1024 1522 1081 homine
1568 1025 1926 1095 receptacula,

327 1135 496 1174 unum
543 1121 724 1187 aeris,
770 1117 916 1189 quod
963 1117 1058 1173 alit
1093 1118 1350 1182 animam,
1395 1117 1625 1174 alterum
1658 1117 1925 1185 ciborum,

323 1210 473 1284 quod
503 1211 601 1266 alit
629 1224 849 1282 corpus,
890 1218 948 1265 ut
989 1208 1132 1266 ﬂecti
1162 1209 1373 1273 cervix,
1415 1222 1480 1264 ac
1517 1209 1723 1264 moveri
1768 1207 1927 1266 facile

324 1304 519 1376 possit,
552 1305 686 1361 duas
714 1319 839 1361 esse
867 1320 963 1375 per
991 1303 1191 1360 collum
1215 1302 1424 1359 fistulas
1452 1316 1676 1359 necesse
1703 1313 1818 1371 est,
1847 1303 1927 1359 ci-

320 1397 525 1465 balem,
567 1412 631 1453 ac
666 1397 1264 1469 spiritalem,.quarum
1313 1398 1560 1468 superior
1601 1396 1671 1451 ab
1713 1412 1810 1452 ore
1854 1396 1924 1453 ad

321 1497 569 1544 ventrem
603 1490 758 1556 ferat,
787 1487 1011 1545 inferior
1029 1502 1059 1542 a
1086 1486 1304 1543 naribus
1332 1488 1401 1543 ad
1428 1488 1757 1559 pulmonem.
1781 1488 1925 1556 Qua-

318 1598 443 1639 rum
472 1584 633 1648 ratio,
663 1591 720 1639 et
737 1592 930 1639 natura
957 1581 1172 1638 diversa
1198 1591 1301 1638 est.
1330 1583 1427 1639 llle
1452 1583 1598 1638 enim
1627 1583 1718 1653 qui
1745 1592 1829 1639 est
1844 1570 1921 1638 ab

315 1692 417 1732 ore
440 1678 717 1744 transitus,
747 1675 924 1731 mollis
944 1675 1169 1731 elfectus
1198 1684 1304 1743 est,
1333 1685 1387 1731 et
1414 1675 1507 1747 qui
1536 1690 1753 1746 semper
1775 1676 1922 1731 clau-

320 1785 418 1825 sus
460 1770 732 1827 cohaereat
767 1770 889 1833 sibi,
922 1770 1062 1825 sicut
1096 1784 1161 1825 os
1202 1770 1410 1841 ipsum;
1439 1771 1693 1840 quoniam
1733 1780 1914 1841 potus,

316 1874 376 1920 et
407 1865 582 1930 cibus,
614 1864 813 1920 dimota
850 1875 904 1921 et
940 1864 1206 1935 patefacta
1245 1867 1390 1937 gula,
1440 1868 1564 1936 quia
1605 1867 1919 1937 corporales

2031 845 2168 901 ritus
2198 855 2401 916 potest,
2431 849 2552 918 quia
2592 850 2668 916 is,
2714 851 2804 918 qui
2840 865 3051 919 semper
3074 859 3361 917 commeat,
3402 832 3635 905 demissa

2031 940 2236 996 utiliter
2258 940 2327 996 de
2356 942 2584 998 cerebro
2615 943 2842 998 membri
2876 944 3141 1013 portione,
3170 944 3257 998 cui
3296 957 3401 997 uva
3433 957 3633 998 nomen

2031 1043 2138 1097 est,
2164 1034 2314 1090 velut
2340 1049 2569 1091 occursu
2598 1035 2830 1106 quodam
2863 1034 3200 1103 refraenatur,
3228 1051 3299 1092 ne
3318 1046 3411 1090 aut
3433 1037 3633 1091 teneri-

2029 1125 2271 1183 tudinem
2297 1127 2559 1184 domicilii
2581 1142 2705 1184 cum
2729 1128 2937 1199 impetu
2959 1128 3184 1184 veniens
3209 1134 3437 1183 attracta
3462 1128 3627 1197 pesti—

2027 1219 2161 1277 lenti
2198 1235 2331 1276 aura
2366 1229 2703 1292 corrumpat,
2734 1231 2828 1277 aut
2858 1231 3025 1277 totam
3054 1220 3286 1278 nocendi
3314 1221 3630 1277 violentiam

2026 1312 2255 1370 internis
2284 1314 2643 1385 receptaculis
2686 1314 2945 1384 perferat.
2989 1313 3226 1385 Ideoque
3266 1314 3429 1370 etiam
3469 1328 3631 1369 nares

2024 1405 2261 1463 breviter
2303 1417 2429 1462 sunt
2474 1417 2698 1478 apertae,
2738 1421 2858 1476 quae
2900 1404 3101 1461 idcirco
3140 1407 3219 1462 sic
3256 1406 3626 1473 nominantur,

2024 1502 2146 1571 quia
2173 1517 2269 1573 per
2294 1517 2388 1557 eas
2411 1502 2497 1558 vel
2526 1501 2685 1567 odor,
2724 1500 2808 1556 vel
2835 1500 3058 1570 spiritus
3095 1514 3226 1555 nare
3266 1514 3372 1554 non
3402 1498 3623 1563 desinit,

2022 1609 2145 1667 qum
2161 1604 2293 1651 sunt
2315 1595 2475 1666 hujus
2505 1594 2697 1650 fistula:
2713 1594 2868 1665 quasi
2891 1593 3050 1650 ostia.
3076 1591 3281 1648 Tamen
3305 1591 3421 1647 haec
3446 1590 3623 1646 listula

2022 1686 2280 1756 spiritalis
2303 1701 2413 1742 non
2443 1695 2648 1742 tantum
2675 1684 2743 1740 ad
2773 1699 2954 1752 nares,
2989 1699 3178 1741 verum
3213 1684 3283 1739 ad
3321 1698 3383 1739 os
3409 1692 3625 1754 quoque

2021 1779 2316 1850 interpatet
2340 1780 2393 1835 in
2416 1779 2678 1836 extremis
2703 1778 2866 1849 palati
2892 1776 3223 1849 regionibus,
3255 1775 3346 1832 ubi
3372 1791 3437 1832 se
3456 1775 3624 1831 colles

2023 1871 2256 1928 faucium
2285 1881 2595 1943 spectantes
2627 1884 2787 1926 uvam
2827 1870 3020 1925 tollere
3058 1867 3324 1937 incipiunt
3361 1868 3418 1922 in
3449 1877 3624 1922 tumo—

308 1970 461 2026 sunt,
488 1962 721 2032 spatium
747 1962 846 2019 sibi
872 1962 1242 2019 transmeandi
1270 1964 1491 2020 faciunt.
1521 1964 1756 2035 Spiritus
1783 1979 1915 2020 con-
1947 1932 1995 1992 Β
2020 1976 2159 2021 rem.
2188 1932 2357 2036 Cujus
2383 1964 2465 2020 rei
2492 1978 2657 2021 causa
2695 1971 2751 2019 et
2787 1962 2927 2018 ratio
2973 1976 3081 2015 non
3123 1960 3356 2015 obscura
3396 1966 3509 2022 est;
3538 1957 3624 2012 lo-

305 2065 413 2119 tra,
454 2056 549 2126 qui
595 2064 682 2113 est
722 2055 1098 2127 incorporalis,
1144 2071 1210 2114 ac
1252 2060 1453 2124 tenuis,
1502 2060 1625 2129 quia
1674 2061 1909 2130 spatium

297 2146 408 2203 sibi
437 2147 615 2206 facere
642 2162 750 2205 non
776 2158 1008 2221 poterat,
1040 2150 1250 2223 accepit
1271 2151 1414 2208 viam
1449 2160 1745 2223 patentem,
1785 2168 1907 2225 quae

2017 2059 2221 2132 quendi
2249 2062 2395 2117 enim
2418 2059 2727 2116 facultatem
2766 2072 2873 2113 non
2902 2055 3248 2122 haberemus,
3286 2052 3355 2120 si,
3395 2061 3453 2108 ut
3477 2053 3618 2125 gulae

2013 2153 2117 2210 iter
2143 2153 2213 2209 ad
2250 2169 2312 2211 os
2347 2162 2577 2221 tantum,
2607 2154 2679 2209 ita
2704 2151 2952 2224 gurgulio
2991 2150 3060 2206 ad
3098 2163 3258 2205 nares
3289 2157 3495 2205 tantum
3522 2162 3617 2218 pa-

1677 2289 2038 2349 VARIORUM
2076 2289 2304 2350 NOTAE.

377 2424 686 2499 Vicissitudo
718 2427 906 2499 ﬂandi,
947 2437 995 2482 et
1038 2429 1274 2499 spirandi
1320 2430 1708 2499 respirandique
1747 2438 1886 2484 trac-

291 2506 411 2579 tus,
430 2506 542 2579 etc.
573 2497 656 2579 0b
679 2497 875 2579 id_folli
898 2497 1194 2579 confertur,
1224 2501 1306 2579 vel
1340 2503 1518 2572 potius
1548 2497 1777 2579 humana
1804 2502 1888 2556 in-

289 2568 499 2623 dustria
535 2570 836 2625 naturalem
865 2571 1142 2627 solertiam
1182 2568 1385 2628 imitata
1415 2583 1520 2629 est.
1554 2573 1683 2628 Vide
1710 2571 1888 2627 Theo-

288 2640 575 2705 doretum,
626 2639 888 2697 Sermone
934 2643 971 2697 5
1019 2644 1085 2697 de
1116 2643 1461 2700 Providentia
1502 2645 1617 2699 Dei.
1656 2644 1886 2698 Verbum

286 2710 459 2786 gandi
486 2711 685 2786 legitur
723 2713 952 2786 iuhmss.
993 2714 1030 2769 2
1065 2715 1227 2786 Reg.,
1270 2715 1307 2770 2
1352 2716 1585 2780 Bonon.,
1626 2715 1664 2769 2
1701 2712 1883 2779 Colb.,

283 2781 476 2837 Baluz.
505 2784 634 2837 etin
661 2782 911 2857 omnibus
933 2785 1047 2841 fere
1072 2781 1322 2857 vulgatis.
1356 2787 1525 2843 Abest
1546 2797 1728 2842 autem
1754 2801 1783 2840 a
1818 2787 1886 2844 i5

284 2867 423 2908 mss.
456 2869 557 2910 nec
582 2869 691 2910 non
720 2856 788 2911 ab
813 2855 973 2911 editis
1001 2855 1250 2913 Romﬁet
1272 2856 1496 2922 Cellar.,
1521 2859 1616 2915 sed
1644 2858 1887 2914 retinen-

284 2923 440 2996 tium.
470 2924 682 2989 Flandi,
712 2926 765 2982 id
787 2937 871 2983 est
891 2929 1081 2996 spiritu
1103 2929 1323 2984 ductum
1348 2946 1527 2985 aerem
1555 2929 1884 2985 reddendi...

283 2994 569 3069 _Spirandi,
599 2997 653 3069 id
680 3010 764 3054 est
791 2994 985 3069 spiritu
1000 3000 1217 3055 ductum
1248 3015 1428 3056 aerem
1452 3002 1805 3058 admittendi:
1832 3003 1886 3056 in

285 3065 559 3142 liaeenim
579 3068 800 3142 admissi
823 3065 1129 3141 redditique
1144 3072 1285 3127 aeris
1309 3074 1736 3142 reciprocatione
1756 3089 1887 3129 con-

282 3138 440 3214 sistit
468 3141 648 3214 omnis
690 3142 985 3214 respirandi
1025 3138 1241 3208 tractus,
1288 3144 1341 3198 id
1378 3138 1463 3200 est
1505 3154 1673 3200 totum
1713 3146 1885 3214 respi-

284 3211 443 3285 randi
467 3212 763 3285 negotium.
788 3213 972 3284 Itaque
1005 3214 1292 3283 legendum
1321 3216 1617 3271 vicissitudo
1645 3211 1886 3285 ﬂandi'et

278 3283 545 3358 spirandi,
567 3283 901 3358 abstinendo
922 3300 955 3341 a
980 3286 1192 3358 virgula
1231 3285 1513 3357 interjecta
1549 3283 1689 3342 inter
1724 3288 1892 3356 ﬂandi

281 3364 336 3405 et
358 3356 616 3421 spirandi,
648 3370 809 3425 quam
838 3358 1035 3426 apponi
1067 3356 1344 3428 praestabit
1368 3369 1492 3428 post
1521 3359 1778 3428 spirandi,
1805 3369 1891 3413 ut-

282 3432 417 3492 pote
443 3441 566 3481 cum
597 3428 914 3499 vicissitudo
938 3429 1009 3484 de
1031 3427 1138 3498 qua
1167 3430 1253 3483 hic
1277 3427 1471 3499 agitur,
1497 3444 1606 3485 non
1634 3430 1706 3484 sit
1723 3427 1889 3485 flandi

282 3504 518 3568 tantum,
545 3498 641 3554 sed
670 3507 725 3554 et
748 3499 1009 3568 spirandi.
1039 3501 1317 3564 Hscous'r.

373 3566 539 3642 vitam
576 3564 842 3642 sustentat,
876 3582 978 3627 etc.
1023 3571 1101 3627 Ita
1134 3583 1336 3637 tamen,
1370 3580 1427 3627 ut
1468 3571 1725 3642 quidquid
1758 3564 1895 3628 utile'

276 3655 353 3712 ac
380 3638 509 3695 vita:
548 3641 912 3697 necessarium
942 3643 993 3696 in
1031 3642 1376 3712 pulmonibus
1416 3638 1750 3698 elaboratum
1779 3654 1884 3708 est,

277 3711 357 3785 ad
388 3712 662 3785 sinistrum
689 3714 870 3769 cordis
894 3711 1251 3769 ventriculum
1280 3712 1552 3769 deferatur
1580 3715 1886 3785 {quidquid

281 3782 497 3856 i_nutiie,
534 3785 676 3852 illac,
710 3802 812 3856 qua
845 3787 1244 3856 inspiravimus,
1276 3786 1506 3840 elﬂetur.
1547 3782 1743 3841 Adidc
1774 3782 1887 3841 hoc

281 3852 690 3921 Tlteodoretum
727 3852 849 3915 cum
889 3852 1246 3916 admiratione
1280 3858 1659 3915 disserentem.
1706 3858 1887 3915 Βετυ-

282 3941 461 3982 ιειυε.

363 4024 519 4099 Quod
547 4025 924 4099 alitanimant.
957 4027 1075 4083 Non
1119 4028 1208 4083 hic
1243 4028 1557 4082 rationalem
1593 4027 1881 4099 intelligas,

277 4094 381 4151 sed
398 4096 611 4152 vitalem
636 4098 780 4152 illam
799 4099 951 4154 nobis
965 4114 1085 4153 cum
1102 4099 1278 4155 brutis
1307 4113 1670 4154 communem.
1691 4094 1877 4154 lsius.

363 4165 430 4221 Ut
453 4169 591 4235 ﬂecti
620 4170 807 4241 cervis,
834 4186 896 4223 ac
932 4173 1121 4224 moveri
1155 4171 1307 4241 facile
1347 4171 1525 4240 possit.
1558 4170 1881 4241 llmciverba

277 4237 482 4311 absunt
513 4252 541 4311 a
570 4240 637 4295 19
672 4256 806 4296 mss.
836 4251 997 4311 atque
1023 4237 1181 4297 editis
1202 4241 1241 4295 2
1267 4237 1371 4296 vet.
1410 4242 1562 4295 Rom.
1593 4256 1655 4295 ac
1680 4240 1881 4296 Cellar.

278 4309 406 4435 IS
430 4308 668 4367 Colbert.
697 4322 752 4367 et
783 4312 835 4368 in
866 4308 1048 4368 Baluz.
1084 4329 1182 4384 pro
1209 4312 1467 4369 adverbio
1492 4313 1664 4381 facile,
1691 4324 1773 4368 est
1799 4316 1883 4382 fa-

278 4398 308 4435 ί
376 4398 492 4435 nuc.

277 4397 492 4435 Cttttme.

356 4450 505 4507 Duas
528 4470 635 4509 esse
663 4471 754 4521 per
781 4454 975 4510 collum
1007 4456 1280 4523 ﬁstulas...
1317 4455 1549 4520 cibalem,
1578 4471 1639 4507 ac
1668 4455 1880 4523 spirita-

276 4523 405 4578 lem.
430 4526 599 4590 Quam
628 4528 857 4581 cibalem
888 4526 1199 4582 Lactantius
1229 4528 1501 4590 nominat,
1532 4541 1594 4581 ea
1623 4525 1746 4595 gula
1776 4536 1877 4592 est,

272 4610 421 4670 quin
446 4598 712 4670 oiaotya'tyoc
749 4597 955 4655 Graecis
1001 4600 1329 4654 nominatur.
1360 4599 1727 4670 Atque_etiam
1766 4596 1882 4670 qui-
1907 4597 1964 4660 D

278 4666 512 4742 busdam
539 4666 829 4742 ᾀτόμαχος,
856 4681 911 4725 et
941 4670 1077 4742 adeo
1099 4670 1175 4742 ab
1204 4672 1318 4738 ipso
1347 4670 1508 4724 etiam
1535 4667 1882 4724 CelsoetGa-

275 4737 1141 4817 leno.‘Spiritalis'vero,ﬁrazcis
1160 4737 1395 4817 τρὰχεζᾳ
1421 4743 1661 4817 ἀρτηρία,
1687 4754 1882 4817 aspera

275 4810 505 4872 arteria.
533 4826 600 4867 eo
626 4813 766 4881 quod
797 4812 1162 4882 cartilagineis
1192 4810 1404 4868 animus
1429 4810 1661 4867 constat.
1684 4811 1883 4867 Noster

275 4882 653 4951 gurgulionem
682 4893 858 4939 vocat.
894 4884 1098 4939 Βετυι..

354 4950 459 5006 Ille
495 4955 629 5007 enim
666 4956 753 5020 qui
791 4964 865 5009 est
903 4958 966 5009 ab
1006 4972 1091 5009 ore
1134 4956 1401 5009 transitus.
1447 4953 1527 5009 lta
1570 4951 1783 5007 restitui
1815 4968 1882 5007 ex

275 5025 854 5097 omnibusimpressis
884 5039 936 5081 et
978 5041 1106 5081 mss.
1155 5029 1199 5082 si
1247 5026 1486 5097 excipias
1527 5039 1690 5079 unum
1720 5023 1876 5079 ϐου).

274 5110 395 5153 rec.
428 5096 485 5149 et
505 5096 811 5152 ediLGall.
844 5098 896 5151 in
927 5098 1122 5163 quibus
1151 5108 1254 5164 est,
1284 5096 1381 5152 Illi
1400 5100 1534 5153 enim
1560 5114 1679 5167 qua.

276 5230 281 5235 η
350 5167 422 5222 In
444 5168 625 5222 cicuta:
644 5169 871 5223 modum.
896 5169 1042 5240 Virg.
1076 5170 1260 5240 Eclog.
1286 5170 1321 5224 2
1345 5188 1358 5224 :

661 5284 936 5350 disparibus
957 5295 1150 5351 septem
1172 5294 1418 5351 compacta
1437 5288 1608 5339 cicutis

275 5547 333 5601 hi
350 5473 606 5547 Patetque
628 5493 828 5549 semper
851 5479 935 5533 hic
958 5480 1223 5536 transitus.
1255 5481 1332 5539 ita
1360 5495 1492 5538 mss.
1528 5480 1581 5536 in
1607 5481 1771 5539 editis
1802 5494 1883 5540 est

336 5564 420 5601 nc.

336 5564 420 5602 nc.

354 5616 548 5683 Nares,
582 5628 688 5695 etc.
717 5619 973 5675 Numerat
997 5620 1232 5679 Galenus
1257 5626 1479 5695 Spiritus
1498 5624 1878 5693 instrumenta,

275 5704 463 5766 nares,
499 5705 593 5766 os,_
612 5689 819 5757 fauces,
849 5706 1098 5766 asperam
1127 5689 1405 5760 arteriam,
1436 5705 1487 5750 et
1526 5697 1834 5766 pulmonem
1864 5689 1877 5751 Ξ

278 5763 596 5834 nutrimenti
620 5776 750 5817 vero
780 5777 926 5828 vasa,
945 5765 1253 5830 os,dentes,
1282 5763 1641 5834 stomachum,
1672 5771 1881 5822 ventri-

278 5831 495 5896 culum,
536 5833 784 5901 jejuuum
827 5842 882 5887 et
921 5835 1096 5888 tenuia
1146 5836 1415 5892 intestina.
1468 5831 1735 5893 Caeterum
1777 5839 1881 5896 alia

264 5903 477 5958 narium
525 5914 632 5973 est,
676 5904 977 5960 secundum
1030 5905 1272 5976 l’csuim,
1327 5908 1587 5963 derivatio
1629 5927 1641 5963 :
1683 5924 1882 5980 nempe

1993 2428 2138 2503 quod
2181 2445 2278 2503 per
2322 2446 2385 2486 ea
2427 2432 2543 2488 nasi
2594 2431 2893 2499 foramina,
2927 2430 3111 2488 odoris
3155 2429 3420 2502 cujusque
3462 2432 3613 2503 gnari

1994 2502 2189 2558 simus.
2217 2502 2425 2559 Βετυι..

2077 2572 2168 2627 Vel
2190 2575 2406 2640 spiritus
2442 2575 2565 2629 nare
2604 2592 2706 2629 non
2734 2574 2941 2628 desinit.
2975 2574 3051 2628 Ita
3094 2572 3288 2629 Festus
3329 2581 3384 2629 et
3408 2572 3603 2629 Isidor.

1993 2642 2144 2715 Orig.
2180 2645 2270 2699 lib.
2306 2660 2384 2708 χι,
2412 2661 2533 2715 cap.
2568 2647 2619 2712 l,
2655 2646 2744 2715 qui
2772 2661 2870 2716 pro
2892 2662 3019 2702 nare
3045 2645 3206 2700 habet
3230 2659 3479 2716 manare;
3506 2645 3603 2700 sed

1994 2714 2123 2772 hinc
2149 2714 2535 2772 restituendus.
2558 2714 2743 2773 lssUs.
2771 2714 2936 2783 Nare,
2962 2716 3050 2772 hic
3072 2716 3212 2771 idem
3235 2715 3379 2785 quod
3402 2714 3593 2771 ﬂuere.

2069 2789 2199 2853 Qua:
2222 2798 2339 2860 sunt
2363 2790 2520 2857 hujus
2546 2789 2738 2851 ﬁstula:
2756 2790 2903 2860 quasi
2919 2789 3084 2860 postia.
3106 2788 3239 2860 llaec
3267 2786 3605 2860 restituenda

1990 2856 2211 2915 fuerunt
2238 2856 2520 2915 Lactantio
2544 2876 2613 2916 ex
2647 2856 2883 2928 Bonon.,
2915 2859 3072 2929 Tax.,
3105 2858 3264 2926 Pen.,
3294 2858 3446 2928 Lips.
3478 2873 3602 2928 quae

1990 2929 2045 2984 in
2074 2930 2194 2985 aliis
2223 2931 2440 2986 desunt.

2061 3003 2144 3056 Ad
2173 3018 2231 3056 os
2262 3019 2461 3072 quoque
2502 3005 2797 3071 interpatet.
2841 3001 2931 3057 Sic
2972 3001 3255 3058 emendavi
3286 3014 3373 3072 ex_
3396 3014 3526 3072 mss.
3559 3000 3598 3055 2

1989 3070 2455 3145 BononquaL,
2492 3070 2833 3145 RegiO-Put.,
2876 3075 2910 3128 5
2950 3074 3021 3127 al.
3054 3071 3295 3145 Beg.,4_5
3336 3070 3518 3145 ColbD
3559 3074 3596 3127 4

1988 3143 2189 3209 Oxon.,
2234 3143 2424 3209 60th.,
2454 3141 2611 3207 Pen;
2642 3141 2826 3215 Lips.,'
2854 3145 3002 3209 Em.,
3037 3141 3186 3215 GatI,
3213 3141 3593 3215 Marm;._Sor-

1911 3202 1958 3267 C
1990 3215 2147 3282 bon.,
2179 3202 2352 3281 'Vict.,
2401 3202 2614 3281 Baluz.,
2664 3202 2933 3279 Claram”
2981 3202 3067 3270 ed.
3108 3202 3241 3270 Gell.
3285 3220 3338 3268 et
3373 3210 3588 3267 Walch.

1995 3286 2207 3344 meliori
2237 3301 2418 3354 sensu,
2463 3303 2623 3357 quam
2663 3287 2779 3343 haec
2816 3305 2935 3357 qua:
2975 3287 3027 3341 in
3054 3287 3086 3341 ὁ
3116 3302 3228 3341 rec.
3261 3292 3315 3340 et
3344 3283 3397 3338 in
3434 3282 3597 3340 editis

1993 3370 2121 3413 sunt
2147 3357 2310 3414 verba
2339 3360 2437 3413 iter
2472 3369 2633 3428 patet,
2672 3375 2793 3429 quae
2821 3374 2942 3414 cum
2971 3358 3183 3429 syntaxi
3214 3366 3465 3429 constare
3496 3371 3594 3411 ne-

1991 3442 2263 3500 quaquam
2293 3426 2540 3498 possunt.
2580 3426 2865 3500 Interpatet
2903 3426 3082 3484 autem
3112 3428 3283 3491 dixit,
3314 3426 3438 3495 quia
3480 3440 3591 3481 non

1993 3510 2140 3555 recta
2165 3500 2234 3556 ad
2262 3514 2324 3557 os
2344 3502 2536 3568 tendit,
2565 3502 2663 3558 sed
2686 3502 2751 3556 ad
2775 3516 2953 3556 nares.
2978 3500 3381 3570 Aliquantulum
3408 3507 3589 3570 autem

1992 3581 2141 3639 patet
2167 3575 2236 3628 ad
2271 3586 2355 3637 os,
2388 3584 2443 3629 et
2480 3566 2717 3628 meatum
2744 3587 2957 3644 quoque
2982 3572 3049 3644 ad
3078 3566 3213 3625 illud
3258 3569 3439 3644 habet.
3471 3566 3587 3623 Vox

1989 3652 2170 3698 autem
2221 3645 2335 3699 haec
2390 3645 2523 3699 satis
2569 3641 2773 3699 latiuaI
2803 3641 2885 3699 ita
2927 3643 3235 3712 pulmonem
3283 3641 3591 3712 interpatcre

1990 3714 2142 3791 rimis
2157 3715 2293 3791 digt
2310 3715 2627 3791 Macrobius,
2647 3715 2741 3791 lib.
2774 3731 2844 3769 vit
2874 3709 3177 3791 Saturnal.,
3201 3728 3320 3781 cap.
3339 3709 3586 3791 Par-

1990 3785 2086 3840 tim
2124 3803 2188 3841 es
2228 3786 2448 3842 Tursno.
2497 3787 2608 3842 Nec
2647 3787 2962 3842 Lactantius
3008 3795 3191 3840 noster
3238 3783 3385 3838 vocis
3425 3781 3584 3851 hujus

1987 3866 2176 3912 auctor
2194 3868 2279 3913 est
2310 3876 2321 3911 :
2352 3868 2501 3913 extat
2520 3874 2736 3926 quoque
2765 3858 2904 3928 apud
2925 3857 3081 3912 alios.

2062 3928 2228 4000 Colles
2250 3930 2496 4000 faucium.
2521 3930 2606 3984 ιο.
2631 3926 2871 3985 Cauciet
2894 3928 3060 3983 Isaaus
3082 3926 3365 4000 legendum
3396 3937 3586 3998 putant
3638 3973 3645 3978 .

1987 3999 2169 4063 tolles;
2194 4070 2197 4071 ν
2218 3998 2359 4070 quod
2400 4001 2453 4061 in
2485 4002 2632 4055 nullo
2661 4000 2837 4071 reperi
2863 4000 3069 4055 codice.
3121 3998 3179 4071 In
3220 3999 3253 4071 i_
3278 3998 3435 4071 Colb.
3461 4013 3577 4071 rec.

1985 4080 2069 4142 est
2098 4067 2251 4125 cullei
2279 4074 2541 4141 faucium;
2574 4074 2626 4127 in
2656 4074 2690 4127 2
2720 4067 2850 4142 Reg.
2881 4086 2991 4126 rec.
3023 4079 3077 4125 et
3104 4069 3193 4142 ed.
3221 4069 3381 4142 Rom.
3415 4067 3576 4142 M74,

1987 4139 2189 4196 Veneta
2218 4139 2378 4211 1590,
2407 4143 2667 4212 Florent.,
2699 4139 2871 4205 Juni.,
2896 4142 3124 4211 Grapb.,
3153 4140 3302 4210 folles
3330 4141 3575 4211 faucium.

1984 4214 2053 4286 ᾼι
2081 4213 2133 4267 in
2165 4212 2291 4269 Mss.
2323 4216 2359 4266 2
2388 4215 2642 4286 Bubon”
2688 4213 3013 4286 Regio-fut.
3040 4223 3116 4286 _et
3168 4213 3201 4267 4
3354 4212 3515 4286 [ieg.,
3544 4214 3578 4268 7

1986 4281 2277 4352 Vaticanis,
2305 4287 2339 4341 5
2358 4281 2808 4350 Colb.,Sorbon:.
2845 4284 3009 4349 Ultr.,
3029 4282 3207 4347 Cant.,
3235 4281 3577 4352 Em.,Cant.,

1983 4351 2130 4417 Gat.,
2164 4356 2378 4419 Marm.,
2412 4355 2576 4418 Vict.,
2606 4356 2868 4419 Clarium,
2899 4355 3104 4417 Baluz.,
3131 4354 3295 4409 Brun.
3343 4364 3397 4411 et
3432 4358 3483 4411 in
3510 4351 3581 4413 M

1983 4425 2213 4499 vulgatis
2240 4427 2504 4499 estrrolles
2530 4428 2793 4499 faucium.
2830 4425 3145 4499 Perpendat_
3170 4425 3339 4499 lector
3378 4442 3444 4481 an
3482 4444 3582 4499 pro

1985 4495 2141 4549 colles
2168 4505 2221 4551 et
2243 4496 2426 4621 folles,
2465 4495 2611 4552 tolles
2640 4499 2708 4552 sit
2740 4495 3047 4568 legendum.
3104 4496 3272 4551 Tolles
3316 4495 3581 4559 enimvo-
3646 4502 3657 4513 '

1988 4576 2179 4620 cantur
2208 4583 2238 4621 α
2265 4567 2473 4621 andulae
2504 4570 2574 4621 ob
2602 4569 2883 4621 auamdam
2908 4566 3119 4621 glandis
3148 4568 3574 4621 similitudinem.

1988 4576 2179 4638 cantur
2208 4566 2473 4637 glandulae
2504 4570 2574 4624 ob
2602 4566 2883 4638 quamdam
2908 4566 3119 4638 glandis
3148 4568 3574 4626 similitudinem.

1988 4635 2163 4712 Tolles
2191 4635 2368 4712 autem
2399 4655 2497 4696 seu
2541 4635 2665 4695 tales
2709 4650 2792 4696 est
2845 4635 2934 4712 (ui
2958 4641 3209 4712 observat
3241 4639 3455 4712 Festus)
3491 4652 3579 4695 tu.

1990 4726 2106 4783 mor
2154 4711 2203 4765 in
2254 4709 2526 4776 faucibus,
2587 4728 2707 4780 qua:
2752 4708 2866 4783 per‘
2896 4708 3308 4783 diminutionem
3357 4708 3578 4767 tonsilla:

1987 4780 2253 4836 dicuntur.
2290 4783 2453 4846 Plin.,
2497 4783 2589 4837 lib.
2618 4799 2677 4845 tt,
2709 4780 2878 4847 c.'37,
2913 4782 3133 4836 tonsilla:
3184 4783 3240 4836 in
3278 4784 3579 4847 hominc,in

1985 4868 2076 4906 sue
2101 4853 2382 4923 glandula‘.
2417 4855 2521 4910 Sed
2548 4864 2603 4910 et
2646 4855 2819 4918 tolles,
2856 4869 2951 4907 seu
2979 4853 3249 4920 tonsillas,
3280 4869 3415 4923 quas
3442 4854 3567 4909 Cel-

1985 4937 2079 4996 sus
2108 4936 2262 4978 vocat
2284 4925 2584 4994 glandulas,
2604 4926 2932 4980 recentiores
2956 4924 3153 4996 medici
3174 4934 3370 4979 vocant
3393 4940 3579 4996 amyg-

1987 4994 2157 5061 dalas,
2188 4996 2359 5051 Grazci
2409 5008 2585 5052 autem
2644 4997 2975 5065 paristlimia.
3012 4995 3179 5050 Tolles
3209 5006 3387 5050 autem
3418 5011 3447 5048 a
3479 4994 3577 5050 tol-

1988 5065 2165 5137 lcndo,
2187 5068 2308 5137 quia
2339 5079 2540 5137 partem
2571 5069 2823 5123 attollunt
2844 5068 2895 5123 in
2928 5076 3212 5122 tumorem.
3236 5065 3363 5135 Legi
3393 5076 3571 5120 autem

1985 5136 2122 5211 forte
2150 5136 2431 5211 praestaret
2468 5142 2664 5210 (inquit
2702 5140 3045 5211 llccquetius)
3090 5140 3200 5193 tolli
3254 5155 3412 5207 quam
3468 5141 3573 5192 tol-

1985 5207 2117 5264 lere.
2149 5208 2304 5265 Unde
2331 5212 2409 5265 sic
2456 5207 2845 5266 restituendus
2866 5207 3073 5267 veniret
3104 5212 3191 5265 hic
3236 5212 3389 5263 locus
3420 5226 3435 5262 :
3474 5211 3574 5267 Ubi

1985 5296 2038 5334 se
2064 5282 2210 5335 tolles
2242 5282 2467 5352 faucium
2513 5293 2796 5352 spectantes
2820 5300 2967 5336 uvam
2992 5284 3104 5336 tolli
3130 5282 3378 5351 incipiunt
3413 5283 3572 5347 intu-

1986 5367 2195 5405 morem.
2230 5354 2297 5406 Et
2327 5355 2526 5408 utinam
2550 5353 2673 5408 huic
2695 5355 2907 5409 lectioni
2940 5353 3180 5407 faverent
3207 5368 3569 5420 mss.,contra

1984 5439 2210 5492 quorum
2243 5423 2400 5480 fidem
2433 5425 2563 5479 nibil
2592 5434 2800 5480 mutare
2838 5426 3003 5479 volui.
3032 5424 3173 5478 Nihil
3206 5426 3349 5480 enim
3394 5430 3571 5485 obstat

1983 5495 2272 5565 quominus
2323 5506 2498 5550 tumor
2541 5495 2773 5552 faucium
2823 5496 2977 5551 collis
3006 5497 3324 5564 appelletur,
3351 5514 3449 5554 nec
3485 5518 3573 5555 re-

1985 5578 2223 5689 plugiliaut
2270 5567 2579 5638 peritissimi
2657 5567 2847 5621 medici
2913 5565 3286 5623 Gaudeil'ridus
3351 5580 3404 5626 et
3465 5573 3573 5628 Eua

1985 5649 2237 5689 saeuus.

1981 5638 2237 5691 Slacliius.

2058 5709 2138 5773 Si,
2168 5719 2219 5761 ut
2248 5710 2382 5779 gula:
2408 5709 2520 5762 iter.
2550 5707 2623 5762 Ita
2656 5708 2873 5779 reposui
2909 5724 2974 5764 ex
2999 5726 3127 5766 mss.
3160 5713 3398 5769 omnium
3424 5725 3575 5771 vetu-

1983 5777 2583 5854 stissiinis‘optitnisque
2612 5780 2635 5832 1
2668 5777 2875 5854 Borion.
2898 5790 2978 5854 __et
3023 5782 3333 5854 RegioPut.
3368 5802 3574 5841 necnon

1983 5849 2277 5925 exisaeana
2299 5847 2562 5925 editione
2589 5865 2600 5899 :
2624 5847 2765 5925 quod
2807 5850 2999 5906 melius
3031 5847 3165 5922 linit,
3190 5872 3346 5925 quam
3378 5859 3422 5910 si
3449 5859 3576 5910 sicut

1983 5921 2118 5989 gula:
2156 5922 2250 5975 iter
2302 5921 2367 5975 12
2410 5919 2898 5987 manuscriplorum
2953 5938 3063 5980 rcc.
3101 5919 3160 5983 et
3206 5919 3334 5983 edit.
3383 5927 3586 5983 Favent
