4034 6354
482 336 548 395 51
1461 329 1646 390 FIRM.
1687 327 2055 388 LACTAN'HI

2194 333 2222 384 1.
2267 330 2355 386 os
2393 329 2684 388 omnem
2717 329 2844 387 om
3447 402 3456 408 _
3717 331 3786 389 ea

493 462 651 522 teret,
701 469 801 510 nec
842 453 1144 526 procedens
1181 466 1246 507 ex
1281 464 1353 506 eo
1391 449 1611 521 spiritus
1639 449 1858 505 efficere
1899 462 2086 503 vocem
2115 444 2437 511 Adiffusus.
2473 445 2658 516 irrigat
2683 445 2990 500 universum
3018 455 3236 515 carpas,
3267 457 3323 502 et
3349 457 3583 518 vegetat.

493 549 612 603 sine
643 548 835 618 linguae
867 546 1164 600 ministerio
1186 551 1386 614 posset.

558 638 784 710 Aperuit
835 639 995 710 igitur
1055 637 1194 691 viam
1245 636 1364 690 voci
1413 634 1590 688 divina
1639 633 1856 688 solertia
1899 649 1962 687 cx
1995 632 2084 689 illa

489 732 664 787 fistula
730 732 992 802 Spiritali,
1046 741 1103 784 ut
1151 739 1332 799 posset
1394 728 1571 797 lingua
1633 725 1931 780 ministerio
1985 741 2082 780 suo

489 823 655 894 fungi,
685 833 738 878 et
777 823 921 876 vocis
963 821 1128 891 ipsius
1178 820 1500 874 inoffensum
1553 830 1792 874 tenorem
1843 817 2082 887 pulsibus

489 917 600 971 suis
625 917 681 970 in
709 915 875 971 verba
906 913 1216 969 concidere.
1247 913 1348 978 Qui
1379 921 1608 976 meatus,
1633 911 1678 964 si
1707 910 1892 978 aliquo
1921 909 2083 964 modo

489 1011 819 1079 interceptus
843 1009 934 1073 sit,
967 1016 1173 1061 mutum
1197 1005 1358 1060 faciat
1386 1010 1728 1060 necesseest.
1762 1003 1917 1057 Errat
1937 1003 2080 1057 enim

486 1101 734 1173 profecto
761 1103 1006 1172 quisquis
1043 1100 1202 1167 aliam
1231 1113 1455 1153 causam
1502 1104 1681 1167 putat,
1703 1111 1811 1151 cur
1838 1097 2082 1151 homines

481 1198 618 1250 muti
646 1197 776 1251 sint.
803 1194 1085 1250 Noneuim
1118 1195 1196 1266 (ut
1221 1194 1377 1263 tango
1412 1191 1675 1260 cratim)
1718 1192 1946 1245 vinctam
1981 1206 2078 1261 ge-

480 1299 612 1345 runt
637 1290 869 1360 linguam
899 1287 1039 1344 :sed
1061 1288 1096 1342 li
1125 1287 1538 1342 madent-illum
1576 1285 1826 1356 spiritttm
1849 1300 1956 1356 per
1987 1301 2081 1340 na-

483 1397 577 1438 res
607 1383 759 1454 quasi
781 1383 1087 1453 mugientes
1119 1380 1470 1451 profundunt,
1496 1379 1640 1450 quod
1673 1380 1789 1433 voci
1821 1379 2080 1433 transitus

485 1478 553 1533 ad
579 1492 644 1533 os
688 1488 780 1531 ant
827 1477 1001 1531 nullus
1025 1476 1249 1531 omnino
1295 1483 1400 1538 est,
1445 1483 1537 1527 aut
1570 1488 1673 1526 non
1697 1473 1780 1525 sic
1811 1481 1997 1542 patens
2024 1483 2082 1526 ut

485 1556 699 1642 plenam
730 1587 916 1627 vocem
950 1573 1120 1642 possit
1147 1571 1415 1626 emittere.
1441 1567 1598 1636 Quod
1633 1567 1949 1638 pleniorque
1983 1582 2079 1620 na-

481 1677 602 1721 tura
627 1665 722 1732 tit;
754 1665 1039 1735 ali-quando
1080 1664 1242 1720 etiam
1267 1678 1399 1719 casu
1429 1662 1641 1729 accidit,
1675 1671 1736 1717 ut
1753 1661 1948 1716 morbo
1974 1661 2079 1716 ali-

483 1775 589 1830 quo
619 1760 705 1815 hic
725 1759 908 1814 aditus
951 1759 1212 1827 obseptus
1249 1770 1439 1812 vocem
1491 1771 1596 1810 non
1636 1755 1970 1809 transmittat
2011 1754 2076 1808 ad

2259 539 2636 595 intestinorum
2663 555 2882 611 quoque
2913 537 3234 609 multiplices
3277 541 3460 610 spirat,
3506 557 3571 596 ac
3616 543 3783 612 longi-

2183 636 2313 688 tudo
2335 634 2385 688 in
2407 635 2788 698 sctumvoluta,
2815 644 2869 687 et
2896 648 3002 686 uno
3029 635 3514 701 tamensubstricta
3543 637 3779 701 vinculo,

2181 743 2344 797 quam
2373 728 2654 781 mirificum
2685 728 2778 781 Dei
2807 745 2942 796 opus
2967 729 3087 784 est?
3109 727 3241 782 Nam
3271 728 3359 782 ubi
3393 741 3690 784 maceratus
3717 747 3781 785 cx

2185 837 2243 875 se
2271 820 2420 874 cibos
2445 820 2595 873 alvus
2622 821 2880 886 emiserit,
2905 822 3155 892 paulatim
3183 836 3274 891 per
3300 821 3418 877 illos
3447 821 3780 876 internornni

2184 913 2454 969 anfractus
2483 914 2862 980 extruduntur,
2900 927 2954 969 ut
2985 915 3242 986 quidquid
3274 916 3402 984 ipsis
3436 916 3576 970 inest
3606 918 3778 982 Succi,

2183 1022 2293 1077 quo
2313 1021 2515 1077 corpus
2561 1007 2742 1072 alitur,
2792 1007 3048 1062 membris
3093 1007 3344 1061 omnibus
3387 1007 3670 1061 dividatur.
3717 1009 3782 1062 Et

2186 1109 2364 1154 tamen
2401 1099 2604 1154 necubi
2637 1099 2776 1154 forte
2819 1099 3154 1161 obhaereant,
3209 1113 3274 1153 ac
3319 1099 3592 1162 resistant,
3637 1100 3780 1169 quod

2181 1193 2299 1247 fieri
2349 1201 2585 1262 poterat,
2615 1202 2835 1263 propter
2859 1193 3100 1263 ipsorum
3147 1193 3476 1246 voluminum
3521 1193 3781 1248 flexiones

2185 1289 2236 1343 in
2259 1305 2319 1344 se
2347 1305 2494 1358 saepe
2526 1290 2831 1353 redeuntes,
2862 1298 2916 1343 et
2947 1288 3062 1344 fieri
3094 1290 3210 1343 sine
3237 1289 3472 1358 pernicie
3503 1305 3607 1342 non
3633 1299 3783 1357 pote—

2183 1393 2287 1444 rat.
2318 1382 2519 1436 oblevit
2539 1397 2600 1436 ea
2632 1383 2953 1436 intrinsecus
2980 1382 3245 1436 crassiore
3275 1396 3457 1445 succo,
3487 1390 3546 1434 ut
3587 1397 3781 1451 purga-

2184 1484 2363 1528 menta
2397 1474 2483 1528 illa
2515 1475 2721 1527 ventris
2749 1474 2817 1527 ad
2859 1474 3035 1528 exitus
3064 1487 3192 1526 suos
3232 1472 3440 1526 facilius
3479 1488 3573 1544 per
3621 1473 3783 1526 lubri-

2183 1585 2304 1624 cum
2351 1569 2670 1624 niterentur.
2705 1568 2797 1622 Illa
2849 1583 3063 1638 quoque
3109 1567 3245 1621 ratio
3283 1567 3633 1620 subtilissima
3673 1575 3776 1634 est,

2181 1661 2325 1732 quod
2356 1662 2553 1727 vesica,
2601 1661 2759 1731 cujus
2790 1675 2943 1714 nsum
2972 1659 3222 1715 volucres
3250 1675 3358 1714 non
3405 1659 3624 1725 habent,
3653 1675 3775 1714 cum

2181 1755 2253 1808 sit
2281 1754 2349 1808 ab
2373 1753 2640 1808 intestinis
2663 1765 2934 1823 separata,
2966 1767 3064 1808 nec
3093 1754 3257 1807 ullam
3287 1752 3480 1807 habeat
3523 1751 3777 1817 fistulam,

487 1851 743 1923 linguam.
771 1851 1043 1921 faciatque
1065 1851 1136 1906 de
1163 1849 1509 1921 loquentibus
1536 1859 1735 1903 mulos.
1759 1845 1914 1916 Quod
1953 1861 2077 1902 cum
2109 1857 2158 1916 Β
2185 1867 2287 1919 qua
2321 1867 2382 1904 ex
2416 1851 2518 1903 illis
2539 1849 2754 1904 urinam
2783 1848 2982 1912 trahat,
3012 1848 3314 1922 completur
3350 1855 3560 1913 tamen,
3589 1856 3644 1900 et
3684 1845 3781 1899 bu-

483 1943 757 2009 acciderit,
804 1944 1042 1998 auditum
1091 1959 1307 2012 quoque
1351 1942 1562 1996 obstrui
1601 1954 1828 1995 necesse
1856 1950 1979 2003 cst;
2025 1947 2090 1993 ut

483 2039 608 2107 quia
637 2053 822 2094 vocem
851 2039 1103 2092 emittere
1128 2053 1237 2092 non
1279 2045 1488 2106 potest,
1522 2051 1590 2090 ne
1628 2035 1920 2089 admittere
1954 2032 2081 2102 qui-

484 2131 605 2187 dem
626 2131 823 2201 possit.
851 2129 1136 2200 Loquendi
1177 2144 1308 2198 ergo
1345 2143 1507 2183 causa
1549 2125 1854 2196 patefactus
1873 2125 2084 2181 est'hic

485 2232 712 2278 meatus.
759 2223 891 2276 illud
935 2236 1148 2292 quoque
1199 2229 1448 2290 praestat,
1481 2230 1538 2273 ut
1577 2220 1628 2273 in
1671 2219 1899 2273 lavacris
1942 2217 2083 2274 cele-

489 2315 729 2377 brandis,
759 2315 878 2386 quia
911 2329 1068 2368 nares
1098 2313 1330 2367 calorem
1369 2310 1510 2365 ferre
1560 2327 1663 2364 non
1697 2320 1960 2379 possunt,
1992 2325 2086 2365 aer

485 2406 702 2462 feriens
731 2421 828 2462 ore
870 2407 1132 2471 ducatur;
1169 2406 1295 2460 item
1316 2447 1330 2472 ,
1363 2405 1409 2458 si
1461 2403 1594 2457 forte
1621 2403 1952 2471 κενὴ-³111811111
1983 2417 2082 2456 tra-

485 2500 869 2571 riumifrigoris
895 2503 1080 2571 pituita
1122 2499 1488 2570 praecluserit,
1537 2513 1632 2567 per
1659 2511 1720 2552 os
1750 2512 1933 2551 auram
1963 2507 2081 2551 tra-

481 2593 932 2664 here-possimus,
963 2610 1031 2649 ne
1055 2596 1334 2649 obstructa
1357 2593 1573 2647 meandi
1603 2591 1876 2656 facultate,
1924 2591 2084 2660 spiri-

484 2695 570 2743 tus
596 2687 979 2758 stranguletur.
1009 2687 1123 2741 Citbi
1155 2702 1284 2741 rem
1313 2688 1365 2740 in
1383 2686 1570 2739 alvum
1613 2686 1838 2755 recepti,
1865 2695 1921 2740 et
1955 2700 2081 2739 cum

488 2789 644 2849 potus
660 2779 897 2835 iiumorc
917 2778 1195 2850 permixti,
1227 2794 1346 2833 cum
1367 2779 1477 2850 jam
1501 2778 1680 2833 calore
1706 2777 1938 2850 peruncti
1963 2777 2084 2833 fne-

484 2873 610 2939 rint,
654 2888 841 2928 eorum
886 2887 1081 2928 succus
1110 2872 1456 2928 inenarrabili
1502 2871 1662 2926 modo
1685 2887 1793 2942 per
1839 2869 2080 2926 membra

2183 1959 2337 1998 more
2359 1943 2705 1998 distenditur.
2735 1943 2790 1997 Id
2821 1941 3093 2010 quomodo
3129 1941 3250 2006 fiat,
3291 1957 3396 1994 non
3441 1949 3526 1995 est
3568 1938 3782 1994 difficile
3839 1956 3850 1965 ·

2187 2035 2489 2106 pervidere,
2515 2030 2897 2090 intestinorum
2924 2035 3068 2088 enim
3097 2042 3298 2103 partes,
3325 2047 3447 2103 qua:
3460 2033 3535 2088 ab
3555 2031 3678 2086 alvo
3705 2031 3780 2085 ci-

2188 2130 2314 2184 bum
2360 2138 2654 2200 potumque
2702 2127 3035 2196 suspiciunt,
3071 2127 3402 2196 patentiores
3445 2135 3571 2181 sunt
3617 2141 3779 2196 quam

2187 2231 2396 2278 aeterm
2417 2222 2601 2290 Spirae,
2636 2232 2690 2276 et
2721 2221 2892 2275 multo
2938 2217 3362 2274 Ienuiores..lla:
3396 2219 3628 2272 vesicam
3679 2218 3780 2272 cir-

2189 2317 2646 2386 cumplectuntur,
2698 2325 2752 2370 et
2776 2315 3094 2369 continent:
3141 2313 3207 2368 ad
3258 2328 3390 2383 quas
3445 2324 3622 2382 partes
3661 2328 3784 2368 cum

2181 2421 2342 2481 potus
2387 2420 2440 2464 et
2477 2411 2634 2464 cibus
2687 2412 2854 2463 mixta
2911 2407 3291 2477 pen'eoerint,
3345 2409 3528 2460 fimum
3565 2406 3784 2476 quidem

2187 2503 2423 2559 crassius
2453 2502 2511 2556 fit
2540 2545 2555 2567 ,
2586 2512 2638 2556 et
2667 2509 2960 2556 transmcat
2982 2545 2995 2567 ,
3033 2501 3226 2554 1111111111·
3263 2507 3439 2553 autem
3487 2499 3663 2552 omnis
3691 2513 3784 2568 per

2187 2597 2334 2651 illam
2370 2596 2781 2650 teneritudinem
2809 2595 3131 2664 percolatur,
3157 2609 3388 2663 eumque
3412 2591 3608 2654 vesica.
3633 2591 3783 2662 cujus

2183 2704 2343 2758 tenue
2371 2689 2546 2744 tenuis
2586 2689 2903 2759 subtilisque
2932 2689 3243 2743 membrana
3273 2698 3376 2753 est,
3424 2686 3698 2748 absorbet.
3731 2695 3784 2741 et

2185 2782 2409 2854 colligit,
2427 2793 2486 2838 ut
2507 2783 2672 2849 foras,
2692 2798 2793 2854 qua
2823 2791 3010 2837 natura
3037 2781 3240 2837 exitum
3268 2779 3533 2852 patefecit,
3557 2781 3782 2834 emittat.

1817 3010 2176 3069 VARIORUM
2213 3011 2439 3070 NOTAE.

482 3129 642 3184 etiam
675 3130 841 3184 textui
866 3136 1056 3183 nostro
1077 3128 1114 3182 2
1137 3128 1315 3186 Colb..
1346 3127 1554 3192 Baluz.,
1583 3127 1776 3192 Brom,
1796 3126 1848 3181 in
1883 3128 2075 3197 qtribos
2099 3130 2149 3194 ί]
2180 3142 2299 3182 esse
2329 3138 2473 3198 patet
2501 3145 2567 3185 ex
2592 3129 3040 3198 prtecedentilms.
3077 3129 3132 3183 in
3155 3130 3190 3184 2
3213 3127 3348 3197 Reg.
3377 3145 3511 3197 rcc.,
3529 3129 3768 3198 5'Culb.,

488 3199 658 3271 solum
685 3203 875 3270 legitur
903 3201 1031 3254 sicut
1062 3201 1197 3271 gain?
1219 3203 1336 3262 iter,
1367 3200 1545 3253 deleto
1571 3201 1632 3251 si.

563 3269 673 3325 Nec
705 3269 977 3340 procedens
1004 3269 1072 3324 exi
1087 3289 1143 3324 eo
1168 3273 1382 3338 spiritus
1405 3271 1606 3341 efﬁcere
1634 3285 1804 3323 eat-em
1843 3271 1951 3324 sine
1977 3269 2078 3341 (inf

488 3359 601 3412 grta:
628 3344 906 3396 titittistcrio
952 3352 1138 3412 posset.
1173 3343 1299 3396 Hice
1349 3340 1594 3412 suppleta
1631 3354 1757 3395 sunt
1785 3357 1858 3395 ex
1885 3357 2017 3394 mss.
2041 3340 2082 3394 2

486 3411 721 3480 Bono‘n.,
749 3419 771 3468 1
801 3411 959 3481 Reg,
987 3414 1141 3476 Truc,
1174 3415 1205 3464 3
1233 3411 1428 3479 Colb,
1448 3413 1649 3470 Balnz..
1679 3414 1935 3477 Sorbon.,
1957 3413 2083 3465 (Ila-

489 3501 626 3541 rom.
659 3487 709 3539 in
738 3501 905 3556 marg.
935 3494 1093 3552 atque
1120 3485 1280 3556 editis
1298 3485 1366 3537 is.
1411 3497 1467 3540 'et
1497 3483 1846 3556 Sparqume
1875 3485 1929 3537 in
1962 3486 2082 3537 aliis

491 3554 890 3618 desiderantur,
921 3556 1046 3609 etin
1081 3557 1190 3624 ipsa
1223 3555 1459 3608 editione
1489 3555 1552 3607 Ο.
1580 3554 1639 3608 F.
1677 3555 1970 3609 Fritzscbe.

567 3627 723 3681 Errat
762 3629 916 3688 enim,
951 3638 1055 3680 etc.
1087 3627 1243 3681 Errat
1271 3627 1427 3695 igitur
1453 3627 1703 3695 princeps
1727 3627 2079 3690 medicorum,

492 3699 873 3769 Hippocrates,
923 3701 1016 3766 qui
1062 3697 1303 3765 apbnris.
1338 3698 1404 3752 59
1443 3698 1479 3750 l.
1515 3713 1619 3759 vit,
1661 3699 1733 3769 ait
1762 3713 1855 3750 eos
1892 3698 2086 3767 quibus

487 3767 768 3824 cerebrum
794 3771 973 3839 aliqua
1024 3784 1088 3822 ex
1118 3784 1282 3823 causa
1309 3783 1629 3822 concussum
1659 3767 1840 3831 iacvit,
1862 3783 2085 3822 necesse

487 3858 608 3894 esse
639 3844 820 3894 Statim
875 3851 1050 3892 mutos
1097 3842 1254 3903 fieri;
1298 3849 1348 3891 et
1393 3841 1689 3906 :tli'htiristn.
1725 3841 1755 3891 ξς
1787 3839 1877 3893 lib.
1915 3857 1946 3892 v
1971 3884 1984 3905 ,
2016 3855 2083 3894 ex

493 3912 752 3965 ebritrtat'e
779 3912 886 3966 huc
913 3912 1114 3965 malum
1139 3912 1305 3965 etiam
1339 3912 1556 3965 evenire
1599 3911 1928 3977 subindicat,
1959 3922 2011 3965 et
2036 3912 2085 3965 id

492 3983 688 4037 lelbale
706 3983 1066 4046 adetiessc,"si
1099 3983 1386 4037 ennvnlsns
1415 3982 1590 4045 fuerit,
1626 3983 1726 4035 nisi
1758 3981 2089 4038 1111111111)πὶ-

493 4055 682 4124 piatur.
721 4051 854 4110 Vide
879 4055 946 4107 ad
972 4055 1093 4108 lm'c
1121 4053 1467 4109 Vuilicbium.
1500 4053 1698 4107 BETUL.

570 4126 734 4180 Nares
756 4129 904 4192 quasi
921 4124 1421 4197 mugientesAddidi
1453 4131 1596 4192 quasi
1621 4141 1686 4179 ex
1713 4127 2090 4193 mss—Quasi

495 4199 768 4267 ntayientes
811 4196 1148 4268 profundunt.
1173 4196 1376 4252 Eadem
1409 4197 1708 4251 fereratisa
1739 4208 1821 4250 est
1853 4199 2089 4251 affectio—

497 4269 579 4320 nis
603 4281 649 4323 (τι
686 4271 918 4324 itcsinnis
945 4269 996 4322 in
1048 4277 1194 4322 mnto
1221 4281 1275 4323 et
1305 4268 1489 4321 surdo.
1522 4268 1651 4322 Vide
1698 4271 1944 4330 AristOl..
1965 4285 2087 4337 pro—

495 4340 713 4463 iiii-504llia
731 4349 778 4394 vt
793 4342 845 4406 '4,
863 4341 1030 4395 sectio
1052 4340 1140 4394 55.
1163 4340 1582 4395 Alexandrinum
1600 4345 1636 4393 Λ
1650 4339 1886 4410 plrrodts.
1913 4341 2084 4410 probi.

533 4427 541 4458 -.
568 4441 618 4463 ι.
671 4426 715 4463 s.

533 4412 715 4464 38.15.

571 4481 645 4535 De
683 4482 1022 4549 'loquentibus.
1059 4483 1135 4536 De
1167 4499 1261 4550 pro
1308 4499 1389 4535 ex.
1419 4482 1694 4552 Frequens
1729 4483 1830 4534 hoc
1857 4483 2086 4537 Lactan—

499 4552 592 4617 tio,
623 4563 679 4606 c't
711 4555 828 4606 aliis
852 4554 1069 4618 Ovidio,
1105 4553 1266 4607 Floro
1290 4594 1304 4615 ,
1339 4553 1569 4615 .‘illSlillO,
1603 4569 1828 4622 quorum
1862 4557 1971 4607 loca
2001 4557 2086 4608 in-

500 4622 1061 4681 dieavitBurmannus
1094 4627 1159 4678 ad
1180 4624 1365 4688 0vid.,
1392 4625 1485 4677 lib.
1517 4641 1532 4678 1
1559 4624 1771 4690 Λιιιοτ.,
1800 4626 1887 4691 10,
1918 4625 1954 4677 8
1986 4643 1998 4677 :

1809 4740 1934 4790 BUN.

570 4847 814 4901 Auditum
840 4864 1053 4914 quoque.
1085 4856 1188 4901 etc.
1211 4845 1552 4914 Expericntia
1581 4845 1904 4899 contrarium
1931 4855 2093 4899 testa-

503 4917 791 4973 tnr.immo
818 4919 908 4985 qui
937 4919 1083 4971 Sttt‘tli
1115 4929 1427 4980 nascuntur,
1449 4919 1577 4971 muti
1608 4918 1712 4969 sint
1741 4931 1962 4971 nece~se
1987 4929 2089 4971 cst.

496 4989 814 5043 —Auditum
831 5007 1028 5059 quoque
1049 4990 1240 5042 obstrui
1268 5005 1468 5042 necesse
1486 4998 1577 5042 est.
1602 4988 1657 5044 Si
1691 4997 1870 5041 tamen
1902 4999 2088 5042 natura

500 5072 554 5116 et
584 5080 610 5114 a
645 5062 922 5116 nativitate
950 5062 1236 5131 contigerit
1271 5079 1279 5110 :
1307 5061 1446 5130 quod
1480 5062 1522 5113 si
1553 5061 1747 5131 deinde
1776 5061 1966 5113 morbo
1992 5060 2091 5115 ali-

497 5148 623 5202 quo,
655 5148 759 5186 non
813 5132 863 5186 id
916 5130 1136 5187 necesse
1191 5146 1311 5186 esse
1345 5132 1560 5186 tradunt
1591 5130 1802 5195 medici,
1837 5141 1893 5185 ut
1921 5131 2090 5186 refert

499 5204 738 5272 Apltrnd.
773 5205 859 5258 ubi
891 5217 1071 5274 Supra.
1107 5203 1172 5258 Is.

570 5274 650 5330 Ne
670 5277 939 5329 admittere
961 5273 1162 5346 quidet»:
1191 5274 1457 5342 possit.Ex
1481 5274 1543 5328 2i
1567 5287 1694 5346 mss.
1720 5284 1772 5328 et
1790 5273 1980 5346 jl0vet.
1998 5275 2086 5329 ed.

497 5349 727 5415 expunxi
751 5361 934 5401 vocem
962 5345 1214 5408 auditum,
1243 5361 1359 5416 qua:
1381 5354 1463 5399 sat
1485 5345 1687 5399 inutilis
1717 5345 1946 5410 videtur,
1966 5361 2087 5400 cntn

495 5418 586 5471 hic
613 5418 679 5472 de
701 5433 832 5473 voce
861 5418 1152 5472 emittenda
1186 5429 1239 5471 ct
1261 5418 1325 5472 de
1358 5431 1490 5471 vace
1519 5417 1847 5470 admittenda
1867 5428 2084 5484 agatur,

503 5489 643 5556 quod
677 5504 780 5541 nun
815 5506 971 5543 nemo
1005 5491 1270 5555 intelligit.
1308 5486 1388 5542 Ne
1427 5489 1660 5541 auditum
1685 5488 1950 5540 admittere
1972 5489 2088 5554 qui-

503 5562 614 5612 dem
647 5563 803 5628 possit
831 5575 1107 5629 perperam
1140 5561 1332 5630 legitur
1380 5560 1430 5614 in
1458 5562 1494 5612 ‘2
1543 5560 1771 5624 Bonon.,
1807 5559 1939 5613 Tax.
1969 5571 2023 5613 et
2058 5559 2090 5612 6

503 5632 888 5685 recentioribus
905 5633 1154 5702 vulgatis.

573 5703 766 5772 Aurum
791 5703 995 5757 “trahere
1020 5705 1290 5772 possimus.
1321 5703 1394 5757 Ita
1417 5702 1721 5772 rcstittticx
1745 5715 1881 5754 mss.
1917 5710 2090 5772 veter-

501 5771 973 5844 111111111111111011.ν
1017 5769 1175 5844 Reg,
1218 5773 1369 5837 Pnt.,
1421 5770 1870 5844 Gaue.,;Ultr.,A5
1909 5769 2086 5844 Co_lb.,

503 5843 891 5912 lialuz.,Vict.,
921 5841 1218 5911 'Briin.,cd.
1248 5845 1405 5899 Rom.
1429 5843 1586 5898 1470.
1613 5843 1679 5898 Ε1
1707 5842 1783 5896 sic
1806 5841 2088 5912 legendum

614 4739 681 4789 Et
699 4741 940 4803 quidquid
963 4754 1142 4803 magno
1165 4741 1229 4790 de
1247 4739 1376 4790 Jove
1403 4741 1519 4790 fecit
1541 4753 1697 4790 amor.

2177 3198 2414 3254 Clarum.
2441 3203 2762 3268 excusisque
2791 3203 2993 3259 multis.
3022 3217 3310 3271 possumus.
3337 3203 3501 3254 male.

2255 3273 2482 3338 Spiritus
2508 3272 2872 3341 stranguletur.
2896 3272 3060 3326 laicus
3103 3286 3159 3325 et
3188 3273 3564 3327 Gautlcﬂ'ridus
3599 3274 3784 3343 legen—

2177 3343 2307 3396 1111111
2337 3357 2459 3397 esse
2488 3353 2712 3397 censent
2736 3345 3134 3412 straugulemur.
3167 3345 3292 3410 quia
3321 3345 3685 3413 strangulat-iu
3719 3345 3787 3398 ad

2185 3414 2598 3472 limniueni.'nnn
2623 3414 2686 3467 ad
2709 3429 2888 3467 aerem
2916 3417 3166 3481 pertinet.
3192 3416 3295 3469 Sed
3322 3423 3623 3484 repugnant
3643 3431 3781 3468 mss.

2152 3495 2237 3546 ,et
2263 3486 2394 3558 editi
2442 3497 2635 3554 pneter
2684 3487 2750 3539 Is.
2788 3487 2851 3540 Et
2887 3487 2992 3540 dici
3023 3496 3198 3558 potest
3226 3503 3408 3542 aerem
3439 3488 3787 3557 strangulari,

2183 3558 2235 3609 id
2265 3566 2346 3610 est
2369 3555 2615 3611 faucibus
2631 3558 2825 3625 premi.

2261 3647 2448 3700 Eorum
2475 3665 2674 3712 succus,
2699 3658 2802 3703 etc.
2850 3647 2961 3702 Non
3008 3649 3116 3703 alvi
3149 3648 3248 3704 hoc
3278 3648 3514 3702 officium
3543 3661 3645 3713 ρει,
3680 3649 3778 3704 sed

2189 3719 2589 3781 inte~tinnrmn,
2621 3736 2739 3790 quae
2792 3731 3072 3789 exceptum
3127 3737 3191 3773 ex
3225 3721 3522 3774 ventriculo
3567 3736 3792 3776 sacrum

2190 3791 2451 3857 tantisper
2482 3793 2679 3857 fovent,
2714 3793 2839 3846 dum
2872 3807 2967 3860 per
2994 3808 3184 3844 venam
3220 3793 3573 3846 meseraicam
3623 3794 3672 3843 in
3702 3793 3792 3860 je-

2189 3876 2283 3916 cur
2314 3872 2552 3925 evectus,
2586 3866 2634 3916 in
2673 3865 2985 3930 sanguinein
3037 3864 3383 3922 convertitur.
3418 3863 3649 3932 indeque
3671 3865 3794 3917 111ιί-

2194 3951 2343 3988 versa
2371 3936 2610 4002 corporis
2642 3940 2875 3989 membra
2910 3936 3240 3989 nutriuntur.
3268 3935 3470 3989 BETUL.

2259 4007 2626 4058 litasti-norim:
2655 4023 2854 4075 quoque
2889 4008 3192 4069 multiplices
3215 4007 3400 4068 sitim,
3427 4016 3532 4060 etc.
3560 4005 3792 4062 Maxime

2191 4077 2336 4129 illius
2382 4077 2528 4143 quod
2580 4079 2724 4137 είλεοὶ
2787 4089 3046 4136 voratur.
3101 4078 3303 4144 gracula
3355 4078 3786 4132 nimirumiliud.

2196 4146 2640 4200 Flesitnsissimus
2667 4149 2828 4201 orbes
2864 4148 3070 4203 Plinius
3097 4149 3339 4204 nominat
3371 4147 3602 4203 :Cc-lsns
3633 4165 3788 4216 vero,

2193 4219 2358 4271 sinus.
2391 4220 2588 4273 BETUL.

2265 4307 2333 4362 Et
2368 4328 2467 4363 uno
2509 4322 2672 4363 tamen
2720 4310 2987 4364 substricta
3013 4313 3236 4367 vinculo.
3282 4311 3354 4365 Ita
3383 4313 3458 4366 15
3485 4327 3619 4366 mss.
3651 4327 3790 4380 quo-

2196 4397 2309 4435 rutn
2337 4382 2443 4435 duo
2476 4395 2597 4435 sunt
2623 4383 2914 4445 veterrimi,
2940 4391 2994 4437 et
3022 4392 3052 4434 at
3084 4384 3300 4436 editi.ln
3337 4384 3401 4436 10
3424 4384 3638 4450 scriptis
3669 4399 3781 4438 rec.

2193 4464 2246 4506 et
2275 4454 2304 4506 7
2334 4455 2606 4521 impressis
2623 4469 2728 4506 rec.
2748 4464 3144 4509 etuuotnntum.
3166 4454 3402 4524 Utraque
3421 4454 3578 4508 lectio
3609 4458 3745 4509 bona
3766 4496 3786 4522 ,

2108 4520 2169 4584 Β
2194 4535 2246 4578 et
2273 4527 2323 4578 in
2353 4520 2490 4577 idem
2516 4525 2721 4577 recidit.

2279 4596 2340 4647 Et
2362 4605 2526 4647 tamen
2554 4597 2729 4649 necubi
2753 4599 2884 4666 forte
2920 4597 3222 4650 obhtcrennt.
3252 4595 3345 4650 Sic
3371 4611 3439 4652 ex
3480 4597 3790 4651 veterrimis

2198 4667 2498 4738 etwoptimis
2552 4683 2677 4719 mss.
2711 4668 2745 4720 2
2802 4671 3032 4732 Bonum,
3074 4668 3422 4738 Regio-Put.,
3457 4670 3480 4721 1
3518 4669 3589 4721 111.
3623 4668 3784 4737 lieg.,

2196 4737 2229 4789 5
2250 4737 2384 4792 Cnlb
2416 4780 2427 4796 ,
2461 4737 2668 4804 8.11%.,
2700 4739 2830 4792 Tax.
2859 4739 3138 4793 emendavi
3185 4738 3363 4793 necubi
3392 4781 3406 4805 ,
3431 4739 3571 4808 quod
3620 4749 3701 4792 est
3727 4757 3792 4793 ne

2196 4809 2423 4872 alicubi;
2456 4812 2504 4862 in
2539 4810 2569 4862 7
2612 4827 2715 4864 rec.
2745 4821 2843 4871 est,
2881 4827 2945 4863 uc
2985 4811 3109 4875 cui;
3141 4811 3192 4864 in
3222 4826 3317 4865 sex
3365 4827 3474 4866 rec.
3502 4823 3555 4865 et
3583 4812 3636 4865 in
3667 4811 3788 4863 vul-

2193 4893 2348 4950 gatts,
2383 4898 2444 4933 ue
2470 4898 2576 4950 qm.

2270 4970 2484 5024 Obterit.
2509 4970 2644 5026 Vera
2673 4972 2848 5035 lcetio,
2881 4989 3037 5039 quam
3062 4973 3269 5028 resdtni
3297 4990 3360 5027 ex
3389 4989 3517 5028 mss.
3547 4973 3778 5030 Tornes.

2194 5052 2247 5095 et
2275 5042 2481 5096 Erasm.
2511 5054 2672 5115 atque
2729 5045 2886 5097 editis
2927 5043 3127 5112 Graph.
3155 5056 3208 5098 et
3260 5044 3432 5100 Betui.
3487 5045 3784 5115 eademque

2195 5115 2480 5186 sententia.
2509 5113 2733 5167 Erasmo
2767 5126 2923 5177 teste,
2960 5118 3221 5186 reperitur
3242 5116 3381 5186 apud
3416 5113 3785 5172 Aristotel.'et

2196 5184 2330 5238 Plin.
2373 5185 2426 5237 In
2458 5185 2490 5238 9
2523 5201 2648 5238 mss.
2668 5196 2719 5239 et
2743 5187 2774 5238 6
2798 5185 3008 5239 excusis
3033 5202 3136 5241 rec.
3168 5195 3250 5241 est
3276 5184 3520 5255 opplevit.
3552 5189 3710 5241 male.

2273 5255 2584 5308 Nitereiuur.
2617 5257 2691 5309 Ex
2715 5272 2850 5311 mss.
2874 5259 3251 5328 vetustissimis
3273 5261 3292 5314 1
3320 5259 3555 5322 Bonum,
3581 5258 3785 5328 Regio-

2196 5326 2296 5380 Put
2327 5369 2338 5390 ,
2373 5333 2405 5380 4
2435 5328 2506 5379 al.
2559 5328 2714 5395 lieg.,
2768 5329 2920 5391 Pen.,
2949 5327 3135 5392 Gntli.,
3163 5329 3196 5384 4
3220 5329 3401 5395 Colb.,
3436 5329 3599 5392 Yirt.,
3628 5326 3777 5395 Gat.,

2195 5398 2404 5458 lllarm.,
2432 5399 2690 5462 Clarum,
2714 5400 2900 5458 Brom,
2919 5401 3051 5454 edit.
3080 5411 3185 5454 vel.
3212 5403 3247 5456 5
3269 5401 3451 5463 Rom”
3470 5399 3591 5454 Ald.
3624 5402 3782 5468 liilb',

2194 5468 2365 5522 Paris.
2404 5469 2562 5531 ﬁeri,
2597 5469 3151 5529 Parrlms.,F-lurcnt..
3174 5473 3405 5538 Grapb.,
3433 5473 3528 5533 ls.,
3559 5471 3780 5536 Cellar.,

2194 5539 2268 5590 sic
2309 5539 2607 5613 emendavi.
2643 5540 2837 5592 rectius
2882 5559 3036 5607 quam
3087 5545 3419 5604 mitterentur,
3475 5543 3780 5613 (1110110611)

2195 5611 2674 5678 mannscriplurutn
2733 5627 2840 5663 rec.
2898 5622 2948 5663 ut
2981 5620 3016 5666 ό
3046 5619 3395 5685 vulgaturum.

2275 5701 2450 5783 Vesica
2469 5744 2482 5767 ,
2509 5707 2652 5774 cujus
2681 5721 2826 5783 usum
2856 5707 3112 5783 volucres,
3137 5719 3240 5764 etc.
3272 5707 3409 5783 Plin.
3443 5707 3580 5783 Infra
3609 5707 3786 5764 alvom

2192 5789 2220 5827 a
2253 5775 2432 5850 priore
2459 5787 2607 5850 parte
2632 5775 2827 5850 vesica,
2847 5793 2964 5846 quae
2988 5780 3115 5832 nulli
3145 5796 3241 5833 ova
3264 5780 3616 5850 gignentium,
3642 5795 3784 5850 prte-

2195 5855 2274 5899 ter
2315 5845 2678 5924 testitudinem
2710 5845 2990 5918 (hactenus
3039 5866 3102 5905 ex
3136 5845 3492 5922 Arist'jnulli
3525 5851 3625 5907 nisi
3642 5845 3775 5909 san-
