4034 6354
461 300 537 362 55

1431 299 1617 356 FIRM.
1657 299 2023 359 LAC’I‘ANTII
2062 301 2192 357 LIB.
2239 298 2327 356 DE
2364 295 2658 355 OPIFICIO
2699 295 2810 353 DEI

464 431 779 494 purgatum,
806 421 950 492 quod
979 421 1025 477 si
1056 429 1203 477 recte
1228 435 1350 476 cum
1380 421 1529 494 virili
1551 422 1779 476 mixtum
1803 424 1892 487 sit,
1922 433 2064 477 utra-
2094 436 2143 494 Α
2172 422 2312 476 nieni
2340 420 2598 490 cujusque
2624 434 2787 474 sexus
2813 417 2880 474 ad
2903 417 3190 488 imaginem
3213 413 3548 484 respondere
3576 424 3765 470 mater.

465 489 860 588 que'concreta
889 524 946 571 et
968 515 1126 570 simul
1166 514 1444 585 coagulata
1495 489 1773 570 informari
1803 535 1815 570 :
1850 527 1903 570 et
1949 517 2064 586 pri-

470 624 621 665 mum
646 607 861 679 quidem
891 622 985 663 cor
1014 607 1250 662 hominis
1276 607 1480 678 efﬁngi,
1528 609 1670 677 quod
1704 611 1756 663 in
1787 625 1854 664 eo
1899 611 1967 664 sit
2014 620 2068 665 et

437 737 441 740 -
469 703 581 758 vita
610 702 788 757 omnis
813 711 869 756 et
896 702 1158 770 sapientia
1186 716 1201 765 ;
1233 701 1469 771 denique
1489 710 1658 756 totum
1683 717 1822 772 Opus
1842 703 2071 774 quadra-

468 797 682 870 gesimo
727 796 814 851 die
867 797 1254 850 consummari.
1287 795 1367 850 Ex
1415 795 1784 851 abortionibus
1811 795 1926 851 hrec
1957 797 2068 850 for-

470 898 620 946 tasse
643 888 870 943 collecta
900 898 1045 943 sunt.
1076 888 1134 943 In
1160 889 1337 942 avium
1373 898 1550 944 tamen
1581 890 1797 943 {natibus
1839 890 2069 959 primum

439 1015 442 1018 ~
469 985 662 1041 oculos
693 983 820 1052 ﬁngi
846 983 1069 1038 dubium
1103 997 1209 1036 non
1236 991 1340 1043 est,
1383 982 1526 1052 quod
1555 982 1606 1035 in
1643 981 1761 1036 ovis
1813 998 1955 1052 saepe
1981 982 2074 1036 de-

473 1075 887 1148 prehendimus.
939 1074 1094 1130 Unde
1141 1074 1258 1128 ﬁeri
1289 1088 1395 1128 non
1450 1089 1609 1142 posse
1649 1074 1904 1140 arbitror,
1947 1074 2076 1144 quin

473 1168 627 1224 ﬁctio
653 1184 682 1221 a
711 1167 888 1236 capite
921 1173 1098 1222 sumat
1127 1163 1434 1220 exordium.

475 1263 514 1326 li
551 1258 946 1317 Similitudines
970 1269 1149 1314 autem
1177 1260 1231 1313 in
1252 1258 1566 1330 corporibus
1597 1259 1825 1313 ﬁliorum
1857 1259 1936 1314 sic
1967 1260 2082 1315 ﬁeri

442 1383 448 1388 -
475 1360 690 1422 putant.
723 1350 857 1407 Cum
900 1352 1106 1407 semina
1131 1351 1272 1408 inter
1303 1368 1363 1406 se
1391 1352 1655 1420 permixta
1682 1352 2010 1417 coalescunt,
2036 1353 2080 1408 si

478 1443 638 1499 virile
658 1443 1024 1514 superaverit,
1055 1443 1195 1515 patri
1220 1443 1452 1498 similem
1494 1445 1802 1514 provenire,
1844 1459 1940 1500 seu
1968 1461 2083 1500 ma-

2172 531 2316 570 nam.
2335 514 2388 569 ld
2411 523 2590 569 autem
2613 513 2916 586 prmvalete
2936 509 3326 582 duobus.quod
3349 508 3764 574 fuerituberius;

2173 610 2403 665 alterum
2445 608 2588 663 enim
2635 604 3034 678 quodammodo
3053 603 3398 675 amplectitur
3420 615 3473 656 et
3514 600 3764 655 includit:

2177 701 2303 757 hinc
2351 701 2662 770 plerumque
2703 698 2843 766 ﬁeri,
2889 707 2950 753 ut
2995 697 3155 753 unius
3203 705 3410 751 tantum
3452 694 3766 749 lineamenta

2180 794 2496 865 prazlcndat.
2524 795 2578 848 Si
2608 808 2739 850 vero
2767 807 2916 862 aequa
2953 790 3106 846 fuerit
3144 806 3209 846 ex
3238 790 3352 861 pari
3385 796 3629 843 semente
3659 803 3768 857 per-

2183 889 2390 950 mixtio,
2426 889 2623 962 ﬁguras
2643 902 2858 958 quoque
2885 887 3135 948 misceri;
3188 893 3247 938 ιιι
3267 884 3482 940 soboles
3511 884 3601 936 illa
3633 897 3764 936 com-

2184 981 2381 1043 munis,
2409 989 2501 1033 aut
2530 989 2776 1034 neutrum
2830 978 3037 1033 referre
3066 976 3334 1041 videatur,
3362 975 3484 1044 quia
3516 983 3685 1026 totum
3711 988 3768 1026 ex

2184 1075 2354 1129 altero
2378 1063 2481 1126 min
2512 1071 2694 1132 habet.
2723 1079 2816 1124 aut
2845 1079 3154 1140 utrumque,
3193 1068 3316 1138 quia
3347 1075 3554 1136 partem
3581 1065 3646 1120 dc
3668 1065 3770 1118 sin-

2184 1165 2326 1236 gulis
2348 1174 2583 1218 mutnata
2603 1172 2704 1218 est.
2725 1161 2859 1217 Nam
2884 1161 2935 1215 in
2960 1160 3281 1232 corporibus
3306 1158 3615 1213 animalium
3642 1155 3774 1210 ride-

2188 1274 2330 1322 mus,
2359 1269 2448 1314 aut
2475 1257 2727 1313 confundi
2754 1266 3036 1326 parentum
3078 1255 3309 1316 colores,
3342 1269 3404 1308 ac
3433 1253 3546 1307 ﬁeri
3572 1252 3773 1306 tertium

2190 1350 2367 1406 neutri
2387 1349 2760 1419 generantium
2784 1347 2994 1420 simile;
3015 1355 3107 1401 aut
3128 1346 3405 1416 utriusque
3427 1345 3506 1399 sic
3531 1343 3774 1412 exprimi,

2185 1454 2242 1500 ut
2263 1443 2620 1500 discoloribus
2637 1442 2893 1499 membris
2915 1457 3011 1514 per
3021 1456 3182 1496 omne
3199 1455 3397 1510 corpus
3413 1453 3643 1495 concors
3657 1439 3777 1493 mix-

479 1550 622 1604 rem,
648 1551 752 1594 seu
783 1535 1090 1602 heminam;
1121 1535 1168 1592 si
1196 1537 1457 1593 muliebre
1481 1537 1850 1609 prtevaluerit,
1885 1553 2080 1609 proge-
2112 1530 2158 1590 Β
2189 1544 2306 1591 tura
2358 1536 2617 1592 varietur.
2661 1535 2917 1607 Dispares
2961 1549 3177 1607 quoque
3231 1544 3436 1590 natura:
3487 1533 3591 1589 hoc
3631 1532 3780 1588 modo

1872 1673 2232 1731 VARIORIIM
2270 1673 2500 1731 NOTAE.

484 1813 617 1870 lian.
641 1827 762 1883 cap.
809 1813 877 1878 9;
913 1812 1104 1868 Isidor.
1136 1811 1230 1868 lib.
1264 1828 1298 1868 ll
1327 1811 1476 1880 Orig.
1527 1827 1646 1878 cap.
1683 1813 1732 1877 l;
1769 1813 1885 1868 Pet.
1942 1811 2082 1867 Mes-

485 1887 657 1950 siam,
682 1884 719 1938 l.
747 1899 763 1937 ι
788 1884 994 1939 Variar.
1028 1885 1152 1940 lect.
1183 1899 1232 1939 c.
1265 1900 1391 1948 xui;
1433 1883 1559 1938 ch.
1589 1885 1908 1947 Lemnium,
1943 1884 2036 1937 lib.
2065 1901 2078 1938 ι

484 1956 777 2011 deOccult.
810 1955 929 2010 Nat.
980 1957 1130 2020 mir.,
1157 1971 1276 2024 cap.
1307 1954 1372 2016 Δις
1401 1955 1558 2009 Joan.
1618 1955 1824 2009 lliolan.
1876 1955 1969 2008 lib.
2016 1955 2084 2010 de

484 2026 730 2084 Hominis
759 2029 1033 2082 Procreat.
1063 2042 1185 2096 cap.
1221 2027 1315 2091 12;
1342 2027 1535 2080 Franc.
1559 2026 1833 2080 Bonamic.
1869 2027 1966 2080 lib.
2017 2027 2086 2079 de

485 2098 745 2152 Aliinent.
775 2113 894 2168 cap.
925 2099 1026 2162 5i;
1058 2097 1301 2157 Balduin.
1334 2098 1500 2152 Rons.
1531 2098 1621 2151 lib.
1671 2097 1740 2152 de
1770 2097 1928 2152 llum.
1962 2097 2085 2152 vita:

487 2169 810 2240 primordio,
840 2184 891 2224 c.
925 2170 1010 2224 10.
1044 2168 1486 2225 Linnsunnooius.

566 2239 673 2310 Sed
700 2256 875 2294 carum
899 2256 1067 2294 semen
1094 2242 1393 2310 sanguinem
1422 2255 1528 2292 esse
1544 2249 1836 2309 purgatum.
1863 2238 1934 2292 Ita
1965 2240 2090 2294 scri-

493 2309 576 2366 bit
622 2309 983 2377 Aristoteles,
1038 2321 1091 2366 et
1114 2309 1203 2365 ita
1242 2313 1420 2365 scribo
1474 2327 1594 2364 cum
1644 2311 1679 2363 5
1720 2320 1826 2364 vet.
1864 2311 1987 2364 edd.
2037 2321 2091 2364 et

493 2383 747 2435 omnibus
795 2381 964 2437 ferme
987 2396 1142 2440 mss..
1172 2383 1357 2451 sicque
1386 2381 1670 2450 legendum
1702 2397 1823 2436 esse
1867 2394 2090 2436 censent

495 2462 610 2506 tres
656 2453 966 2522 peritissimi
996 2453 1186 2508 medici
1233 2467 1366 2521 quos
1414 2454 1678 2506 eonsului.
1731 2453 1855 2506 Mss.
1896 2468 2002 2506 rec.
2059 2455 2082 2507 1

491 2522 631 2590 Reg.
688 2534 739 2575 et
773 2526 796 2578 1
827 2523 984 2578 Colb.
1035 2525 1387 2594 impressique
1434 2525 1491 2578 11
1551 2523 1750 2578 habent
1799 2525 2084 2593 sanguine,

498 2597 661 2649 male.
690 2594 1016 2660 Sanguinem
1043 2596 1187 2650 enim
1221 2606 1552 2649 menstruum
1582 2594 1698 2664 (ait
1729 2595 2086 2662 Hecqnetius)

495 2665 554 2718 in
583 2677 787 2731 partem
809 2667 1046 2722 hominis
1074 2667 1385 2723 formatum:
1415 2667 1599 2721 venire
1617 2676 1870 2736 putarunt
1896 2667 2089 2721 medici

495 2745 706 2792 VCIEI‘OS
717 2778 728 2790 .

577 2806 642 2858 Et
696 2809 917 2874 primum
961 2809 1165 2880 quidem
1191 2826 1278 2864 cor
1304 2809 1544 2871 hominis,
1585 2819 1690 2880 etc.
1724 2807 1916 2880 Addita
1956 2823 2092 2880 con-

494 2877 730 2947 junctio,
763 2889 830 2935 et.
859 2895 926 2934 ex
947 2877 1077 2936 mss.
1111 2891 1166 2935 et
1193 2881 1372 2943 editis,
1421 2893 1616 2949 praeter
1643 2879 1781 2935 Gall.
1816 2889 1868 2931 et
1895 2879 2088 2948 Spark.

503 2951 559 3003 in
586 2951 779 3017 quibus
798 2950 1156 3006 desideratur.
1177 2950 1506 3007 Censorinus
1522 2951 1590 3006 de
1602 2953 1689 3005 die
1708 2951 1898 3014 Natali,
1919 2953 2093 3018 capite

501 3020 574 3084 5,
621 3023 814 3076 multas
861 3024 1148 3078 multorum
1195 3024 1477 3091 Opiniones
1518 3037 1828 3084 recensens,
1888 3023 1938 3076 in
1994 3022 2092 3076 hac

501 3092 849 3158 Empedoclis
891 3094 1084 3160 dogma
1127 3092 1294 3149 fuisse
1342 3103 1586 3150 secutum
1625 3093 1968 3148 Aristotelem
1995 3095 2091 3148 ait.

497 3163 814 3218 Aristotelis
846 3165 993 3221 locus
1017 3166 1155 3220 alius
1183 3165 1312 3219 mihi
1342 3181 1448 3220 non
1480 3175 1562 3220 est
1594 3170 1646 3218 in
1681 3174 1926 3233 promptu
1946 3206 1959 3222 .
1994 3166 2095 3219 nisi

503 3233 604 3288 ille
630 3235 893 3296 fortassis,
935 3238 1024 3306 qui
1054 3247 1138 3290 est
1168 3237 1220 3291 in
1266 3253 1320 3292 tu
1367 3237 1436 3292 de
1465 3237 1713 3292 Partibus
1753 3235 2092 3299 animalium,

506 3319 630 3372 cap.
672 3307 967 3376 secundum
994 3307 1265 3362 Theodori
1295 3309 1653 3363 demissiones
1679 3307 1733 3374 4,
1766 3307 1852 3360 ubi
1874 3307 2090 3376 quidem

507 3389 620 3450 {tuo
677 3375 899 3444 primam
949 3381 1175 3450 partium
1221 3381 1463 3446 corporis
1512 3379 1728 3432 humani
1771 3375 1932 3450 facit.
1975 3379 2096 3434 me

509 3444 716 3526 ξηαιμᾳς
754 3452 935 3524 πρώτη
950 3444 1190 3526 perquirit
1214 3444 1330 3504 τῶ·ιῂ
1352 3453 1533 3526 μορίων
1583 3451 1844 3526 ἁπὸινῖων.
1897 3449 2098 3505 Probat

513 3518 568 3574 id
587 3518 882 3572 rationibus
911 3518 1308 3589 probabilibus;
1345 3518 1538 3589 ncinpc
1557 3521 1698 3590 quod
1732 3521 1848 3573 fons
1878 3524 2096 3588 sangui-

467 3621 470 3625 -
510 3590 598 3643 nis
623 3592 713 3652 sit,
744 3599 795 3644 et
825 3595 894 3643 ob
923 3591 1024 3644 hoc
1055 3591 1249 3658 ipsum,
1281 3592 1403 3654 quia
1432 3592 1674 3658 corporis
1709 3590 1820 3645 fere
1849 3592 2098 3644 meditul-

505 3660 641 3715 .Iiunt
673 3661 724 3714 in
749 3671 916 3716 totum
942 3677 1001 3716 se
1021 3675 1218 3730 corpus
1234 3661 1873 3716 diﬁundat.Arist0telein
1904 3661 2099 3716 fortas-

510 3732 590 3785 sis
615 3731 778 3784 etiam
830 3732 969 3788 Plin.
1026 3747 1123 3801 pro
1177 3747 1326 3787 more
1367 3742 1583 3788 secutus
1631 3744 1731 3786 est.
1779 3733 1908 3800 Ejus
1937 3733 2096 3785 verba

510 3816 673 3855 sunt:
708 3802 809 3858 Cor
837 3805 1060 3870 primum
1105 3804 1427 3858 nascentibus
1475 3804 1691 3870 formari
1738 3805 1788 3856 in
1821 3807 1959 3857 utero
1987 3813 2092 3856 trn-

505 3873 661 3935 dunt,
698 3875 880 3928 deinde
905 3876 1164 3930 cerebrum
1187 3918 1200 3937 ,
1253 3883 1381 3928 sicut
1409 3875 1695 3929 tardissime
1745 3874 1939 3928 oculos.
1991 3874 2097 3929 Sed

509 3945 654 4012 apud
688 3945 828 4001 Plut.
858 3957 912 4001 et
946 3945 1087 4001 Gall.
1120 3948 1300 4018 ὀσφὺν,
1335 3947 1386 4000 id
1414 3955 1495 4000 est
1522 3945 1755 4018 lumbos,
1797 3944 1934 4018 sicut
1963 3949 2098 3999 cari~

508 4032 638 4069 nam
668 4019 838 4080 navis,
869 4017 1097 4087 primum
1143 4017 1360 4072 formari
1393 4017 1666 4073 Arismteli
1697 4017 1974 4080 tribuitur;
2004 4032 2099 4071 cor

505 4096 711 4146 autem,
745 4090 1038 4144 secundum
1065 4088 1324 4154 medicos,
1357 4091 1408 4143 in
1437 4103 1542 4158 quo
1571 4087 1812 4142 videlicet
1842 4103 2096 4140 venarum

507 4162 945 4230 a‘rtcriartimque
997 4161 1313 4230 principium
1343 4170 1444 4215 est.
1495 4160 1601 4214 Sed
1651 4159 1768 4215 Gal.
1820 4158 1872 4230 iu
1905 4159 1994 4212 lib.
2031 4159 2099 4211 de

511 4228 761 4284 Fmtunm
787 4228 1105 4287 formatione
1130 4228 1248 4299 pust
1267 4235 1420 4298 jecur
1448 4232 1663 4285 formari
1695 4232 1788 4296 ait,
1812 4229 2097 4302 Chrysippi

511 4310 568 4354 et
589 4304 881 4372 stoicorum
907 4305 1153 4372 dogmata
1184 4303 1455 4358 refellens.
1490 4304 1810 4358 BETULBIUS.

591 4371 796 4440 Efﬁngi.
851 4373 922 4427 Ita
973 4371 1036 4428 ex
1099 4375 1165 4430 19
1221 4375 1536 4429 melioribus
1599 4383 1653 4428 et
1705 4371 2097 4442 antiquioribus

513 4457 644 4496 mss'.
701 4453 754 4496 et
808 4444 938 4497 edit.
992 4443 1189 4499 Cellar.
1244 4447 1473 4500 restitui.
1529 4445 1583 4499 In
1631 4445 1666 4499 9
1714 4445 1929 4512 scriptis
1983 4460 2090 4499 rec.

513 4524 569 4568 et
608 4515 677 4568 15
727 4516 951 4582 vulgatis
1000 4525 1082 4568 est
1142 4517 1365 4584 conﬁngi
1416 4533 1504 4568 cor
1561 4516 1822 4575 hominis;
1880 4531 1980 4581 qua
2030 4515 2097 4567 de

512 4600 574 4638 re
625 4586 744 4639 vide
771 4585 1128 4640 Censorinum
1154 4586 1222 4640 de
1247 4587 1342 4640 Die
1385 4587 1589 4652 Natali,
1624 4602 1742 4654 cap.
1778 4585 1832 4647 5,
1861 4585 1947 4638 ubi
1982 4585 2099 4652 pbi-

511 4657 862 4728 losopliorum
893 4657 960 4710 de
996 4657 1318 4711 formatione
1349 4658 1580 4711 hominis
1613 4665 1860 4711 recenset
1887 4655 2100 4728 opinio-

511 4725 728 4783 itesf—
754 4727 820 4781 Et
849 4728 1068 4794 primunt
1091 4727 1297 4796 quidem
1319 4744 1407 4782 cor
1430 4728 1650 4782 hominis
1679 4727 1920 4793 conﬁngi.
1951 4725 2062 4781 Cau
2081 4756 2095 4767 ς

512 4815 627 4856 satn
671 4799 827 4854 affert
866 4800 1232 4860 Aristoteles;
1292 4808 1349 4854 et
1385 4799 1436 4853 id
1481 4815 1665 4853 verum
1707 4797 2003 4852 existimari
2046 4798 2099 4852 iit

510 4872 762 4926 omnibus
800 4869 1122 4924 animalibus
1150 4868 1310 4924 tradit
1352 4871 1487 4925 Plin.
1519 4870 1612 4924 lib.
1645 4885 1699 4932 Χ,
1724 4884 1843 4936 cap.
1873 4870 1965 4925 55.
2000 4868 2101 4924 Va-

509 4942 620 4999 t‘ias
650 4943 932 5013 opiniones
967 4939 1413 5013 ponitCeusorin.
1444 4957 1564 5012 cap.
1595 4941 1647 4994 5.
1682 4941 1866 4996 ἰδέας.

597 5012 706 5067 Vita
731 5014 914 5067 omnis.
959 5012 1048 5066 Sic
1089 5012 1302 5080 reposui
1326 5029 1390 5066 ex
1431 5015 1491 5065 2|
1535 5028 1663 5066 mss.
1702 5012 2019 5080 potioribus,
2047 5020 2102 5066 et

509 5087 667 5144 editis
694 5086 911 5151 (Iellar.,
946 5082 1160 5138 Walcli.
1190 5084 1246 5136 In
1278 5083 1312 5137 5
1338 5100 1445 5138 rec.
1469 5083 1755 5152 descriptis
1772 5092 1827 5138 et
1855 5084 1916 5137 14
1939 5097 2101 5136 excu-

508 5159 586 5213 sis
612 5169 694 5211 ρει
711 5159 813 5209 vim
837 5156 1076 5208 hominis.

585 5228 936 5292 ICtsupientia.
968 5227 1127 5281 Justa
1159 5225 1470 5293 Opinionem
1501 5239 1708 5292 eorum,
1745 5224 1834 5294 qui
1867 5233 2099 5280 mentem

507 5302 560 5358 in
583 5302 748 5355 corde
777 5302 935 5356 sitam
965 5297 1181 5362 volunt,
1215 5313 1316 5366 qua
1345 5298 1414 5352 de
1444 5313 1503 5353 re
1527 5297 1687 5352 latius
1715 5298 1808 5424 iull'.
1839 5313 1958 5362 cap.
2009 5299 2098 5352 16.

1800 5383 1958 5424 sees.

1800 5383 1958 5424 εμευε.

577 5443 764 5497 Totum
785 5458 932 5509 opus.
961 5441 1084 5494 \Iss.
1111 5440 1125 5492 l
1150 5438 1388 5494 Colbert.
1408 5451 1460 5496 et
1485 5440 1647 5495 Bruti.
1681 5457 1744 5494 ac
1773 5441 1941 5494 Betul.
1968 5438 2100 5491 edit.

506 5525 664 5569 totum
689 5531 891 5580 corpus.
927 5511 1162 5581 Utraque
1189 5512 1349 5566 lectio
1381 5513 1550 5572 bona;
1584 5512 1878 5579 cadentque
1907 5509 2099 5581 lectio-

505 5602 632 5640 num
662 5587 892 5638 varietas
915 5583 1049 5637 inl'ra
1079 5580 1199 5651 cap.
1237 5584 1334 5638 l3:
1373 5580 2100 5651 Totumopusqnudragesimo

504 5659 587 5711 die
613 5656 976 5709 consummari.
1023 5650 1298 5708 Plutarch.
1346 5656 1438 5710 lib.
1475 5672 1503 5704 v
1550 5654 1617 5708 de
1660 5652 1843 5706 [’Iacil.
1887 5650 2096 5705 Pliilos.

506 5728 818 5798 Ilippocrat.
857 5725 1078 5781 masculi
1109 5726 1590 5782 conformationem
1624 5724 1693 5780 50
1741 5723 1952 5798 diebus,
1989 5723 2096 5798 [ῳ.

501 5793 660 5858 minae
691 5798 760 5854 49.
787 5799 899 5856 ﬁeri
925 5798 1274 5854 existimavit.
1302 5799 1369 5854 At
1401 5798 1741 5860 Aristoteles,
1769 5793 1904 5850 libro
1927 5810 1995 5850 vn
2026 5794 2095 5850 de

2122 3062 2167 3123 C

2191 1811 2590 1884 llist.rAnimal.
2618 1827 2740 1881 cap.
2770 1813 2826 1878 '5,
2858 1813 3072 1884 longius
3103 1821 3316 1884 tempus
3362 1811 3570 1876 statuit,
3632 1811 3781 1865 nimi-

2189 1899 2307 1937 rum
2341 1883 2392 1938 in
2427 1885 2681 1940 masculis
2710 1885 2781 1940 40
2829 1883 2968 1951 dies,
3018 1887 3069 1939 in
3112 1883 3351 1939 finniinis
3396 1893 3506 1937 tres
3555 1894 3781 1937 menses.

2191 1954 2641 2010 LINDBNBROGIUS.
2674 1986 2747 1998 —
2780 1955 2968 2024 DiSpar
2996 1966 3080 2011 est
3113 1966 3290 2009 tamen
3321 1955 3372 2008 in
3404 1963 3634 2023 utroque
3663 1970 3782 2008 sexu

2192 2029 2349 2080 ratio.
2383 2027 2511 2080 Nam
2531 2027 2755 2094 Plinius,
2780 2028 2872 2081 lib.
2899 2043 2992 2087 vii.
3020 2026 3212 2096 cap.6.
3240 2026 3494 2080 masculis
3510 2037 3714 2080 motum
3737 2025 3783 2079 in

2192 2106 2346 2151 utero
2367 2098 2778 2167 quadragesimo
2795 2097 2881 2152 die
2909 2099 3112 2159 tribuit.
3139 2096 3385 2162 lemellis,
3419 2098 3782 2159 nonagesimo.

2197 2168 2324 2222 lltec
2354 2168 2605 2242 fortassis
2633 2185 2697 2224 es
2732 2169 2898 2242 Arist.
2929 2169 3010 2242 (ut
3040 2168 3318 2242 pleraque)
3353 2169 3642 2242 transtulit.
3678 2183 3783 2242 am-

2198 2241 2396 2304 putatis
2438 2251 2613 2293 tamen
2657 2238 3009 2310 quibusdam,
3042 2238 3149 2294 'vel
3182 2238 3418 2310 mutatis.
3452 2238 3587 2294 Vide
3627 2241 3781 2293 etiam

2197 2310 2338 2364 Plut.
2387 2311 2478 2364 lib.
2513 2325 2544 2362 v
2586 2309 2776 2367 Placit.
2827 2328 2876 2367 c.
2913 2314 2998 2367 15.
3029 2312 3232 2366 Βετυι..
3265 2341 3335 2352 -—
3359 2309 3586 2377 Denique
3631 2320 3781 2363 totum

2196 2398 2325 2454 opus
2355 2385 2740 2454 quadragesimo
2766 2385 2847 2436 die
2875 2385 3236 2437 consummari.
3272 2383 3362 2438 Sic
3391 2383 3605 2454 quidem
3644 2381 3778 2435 Plin.

2199 2453 2292 2506 lib.
2330 2468 2421 2518 vn,
2446 2452 2569 2522 Cap;
2599 2459 2654 2518 ti,
2704 2454 2987 2519 opiniones
3031 2466 3209 2508 autem
3239 2465 3482 2508 recenset
3520 2452 3719 2506 I’lutar.
3752 2468 3781 2504 v

2201 2523 2390 2595 Placit.
2423 2540 2540 2592 cap.
2572 2525 2663 2580 2|.
2689 2524 2986 2581 Varronem
3012 2541 3118 2580 non
3144 2524 3580 2595 quadragesimo,
3615 2533 3672 2577 ut
3703 2524 3781 2578 hic

2198 2594 2362 2667 refert
2405 2595 2732 2660 Lactantius,
2761 2597 2853 2650 sed
2881 2594 3292 2667 quadragesimo
3333 2611 3476 2650 nono
3503 2595 3780 2664 scripsisse

2202 2666 2363 2738 refert
2384 2667 2608 2732 Gellius,
2641 2670 2730 2722 lib.
2751 2684 2829 2733 in,
2859 2666 2978 2738 cap.
3015 2667 3100 2734 10,
3124 2667 3306 2722 ῐελευε.

2274 2736 2507 2790 Primum
2539 2739 2712 2793 oculos
2739 2741 2895 2810 fingi,
2928 2736 3032 2793 etc.
3082 2739 3194 2810 Iloc
3241 2737 3588 2810 experientia:
3609 2752 3756 2810 repu

2200 2823 2366 2875 gnare
2395 2811 2606 2878 egregie
2635 2808 2970 2865 demonstrat
2995 2809 3207 2866 Guiliel.
3241 2809 3482 2864 Harveus
3509 2809 3558 2861 in
3587 2808 3782 2862 doctis-

2202 2879 2360 2942 simo,
2390 2898 2547 2948 quem
2576 2882 2644 2936 de
2669 2881 3031 2937 Generatione
3056 2881 3367 2935 animalium
3390 2921 3405 2945 ,
3438 2881 3780 2946 conscripsit.

2202 2950 2383 3006 libello
2404 2970 2414 3001 τ
2439 2955 2577 3006 hunc
2607 2953 2892 3007 consulere
2921 2953 2989 3009 de
3018 2953 3117 3006 hac
3145 2968 3203 3006 re
3236 2967 3303 3006 ne
3323 2952 3528 3019 pigeat;
3561 2954 3785 3020 egregia:

2201 3023 2342 3075 enim
2367 3034 2484 3075 sunt
2510 3025 2674 3093 ipsius
2689 3025 3113 3079 observationes.
3129 3022 3560 3079 Gauisus—Et
3583 3023 3785 3076 Aristo-

2203 3093 2336 3147 teles
2361 3095 2430 3148 de
2455 3095 2708 3151 Generat.
2743 3112 2780 3150 ιι
2810 3096 2908 3160 ait,
2953 3096 3189 3151 omnium
3228 3094 3580 3149 animantium
3605 3093 3786 3147 oculos

2201 3178 2323 3218 sero
2352 3168 2531 3230 nasci,
2566 3167 2710 3220 nullo
2738 3178 2984 3233 excepto.
3017 3198 3086 3207 —
3107 3166 3174 3220 In
3200 3167 3369 3220 avium
3397 3175 3563 3218 tamen
3592 3165 3786 3234 {retibus

2202 3235 2419 3301 primum
2443 3237 2618 3290 oculos
2647 3238 2794 3303 ﬁngi.
2828 3237 2962 3292 Huic
2987 3237 3225 3304 Opinioni
3251 3237 3606 3291 adversantur
3634 3235 3790 3306 pleri-

2200 3323 2304 3373 que
2326 3324 2537 3371 «mines,
2570 3319 2626 3362 ut
2651 3308 2818 3362 refert
2845 3308 2982 3361 Plin.
3015 3308 3070 3363 d.
3099 3325 3219 3375 cap.
3254 3309 3342 3363 53.
3369 3308 3556 3362 Iseos.

2273 3378 2460 3433 Sumat
2500 3381 2785 3433 exordium.
2838 3377 2908 3435 Ut
2934 3380 3026 3434 lib.
3064 3397 3078 3434 ι
3109 3379 3366 3443 lnstitut.,
3392 3394 3511 3446 cap.
3541 3377 3576 3430 9.
3606 3395 3618 3430 :
3652 3377 3794 3446 prin-

2198 3451 2395 3522 cipiunt
2415 3466 2650 3504 sumere.
2675 3451 2932 3512 Macroh.,
2954 3452 3142 3505 Somn.
3180 3451 3351 3522 Scip.,
3377 3450 3472 3504 lib.
3497 3465 3534 3514 ι,
3554 3463 3672 3519 cap.
3697 3451 3789 3502 18:

2201 3520 2276 3573 Ab
2310 3539 2408 3575 uno
2439 3539 2698 3576 sumamus
2754 3523 3038 3575 exordium.
3073 3522 3203 3576 BUN.

2275 3592 2675 3656 Similitudines,
2702 3603 2809 3646 etc.
2847 3594 2918 3646 De
2965 3594 3066 3649 hoc
3113 3592 3246 3661 legc‘
3276 3591 3546 3661 prmipue
3599 3592 3795 3659 Hippo-

2200 3676 2402 3734 cratem
2431 3669 2551 3734 περὶ
2577 3671 2666 3718 τοῦ
2694 3665 2868 3728 θόνου;
2891 3663 3080 3719 Galen.
3099 3665 3166 3719 tle
3187 3665 3509 3721 formatione
3538 3664 3792 3724 immuni;

2203 3733 2572 3796 Aristotelem,
2599 3737 2692 3790 lib.
2714 3751 2763 3788 ιν
2789 3736 2856 3790 de
2876 3734 3236 3791 Generatinne
3261 3736 3598 3801 animalium,
3623 3735 3796 3800 capite

2203 3806 2382 3877 tertio.
2410 3806 2943 3877 I‘Itilosopliorumtle
2975 3808 3072 3860 hac
3103 3824 3158 3859 re
3188 3807 3436 3877 dogmata
3461 3823 3643 3877 qua're
3657 3803 3794 3871 apud

2201 3875 2579 3942 CenSorinum,
2613 3871 2956 3932 Plutarchum
2975 3888 3029 3932 et
3054 3871 3335 3942 Galeuuin,
3358 3871 3620 3945 locisjaiii
3641 3890 3796 3942 supra

2202 3947 2399 4001 citatis.
2437 3949 2737 4003 Βετυιμ-
2765 3950 3141 4004 Similitudines
3187 3960 3355 4002 autent
3400 3951 3453 4002 in
3503 3948 3799 4018 corporibus

2204 4019 2428 4084 ﬁliorum
2460 4023 2534 4074 sic
2565 4021 2678 4086 lteri
2699 4032 2897 4088 putant,
2931 4031 3036 4076 elc.
3071 4020 3321 4074 Nonnulli
3349 4020 3576 4086 scilicet,
3612 4033 3796 4073 contra

2201 4106 2338 4157 quos
2364 4091 2600 4158 disputat
2628 4094 2792 4146 Arist.
2828 4092 2918 4146 lib.
2957 4110 2970 4146 ι
3009 4093 3074 4145 de
3105 4090 3302 4145 Gener.
3355 4092 3569 4152 Anim:
3591 4107 3712 4157 cap.
3743 4089 3792 4149 3.

2202 4161 2293 4228 qui
2325 4175 2502 4230 postea
2533 4164 2844 4231 Opinionem
2874 4178 3024 4217 suam
3053 4163 3206 4216 elI'et‘t
3229 4163 3350 4216 eod.
3378 4163 3469 4215 lib.
3503 4177 3624 4227 cap.
3649 4163 3801 4223 l7,ct

2199 4235 2561 4302 seqq.,etlib.
2591 4251 2621 4288 χ
2657 4235 2723 4288 de
2749 4233 2948 4289 Gener.
2978 4235 3178 4296 Auim.,
3207 4248 3326 4303 cap.
3352 4235 3404 4288 5.
3437 4233 3620 4288 lssws.

2275 4327 2334 4380 Si
2363 4328 2504 4380 virile
2531 4327 2882 4390 superaverit,
2928 4337 3032 4380 etr.
3079 4325 3191 4380 Non
3225 4341 3438 4395 semper
3469 4325 3584 4380 haec
3629 4327 3799 4379 locmn

2202 4397 2422 4452 habent.
2447 4397 2578 4452 Vide
2603 4398 2938 4467 Ilippocrat.,
2969 4397 3184 4464 Galeu.,
3218 4399 3442 4452 Aristot.

2123 4473 2177 4534 D
2277 4488 2424 4541 Patri
2445 4490 2661 4543 similent
2685 4492 2965 4558 provenire.
3006 4490 3130 4544 MSS.
3162 4506 3272 4544 rec.
3309 4493 3329 4543 I
3366 4490 3524 4559 Reg.,
3559 4491 3584 4544 1
3621 4489 3796 4554 Colb.,

2203 4559 2351 4623 Gat.,
2383 4561 2539 4613 Brun.
2576 4563 2851 4629 pervenire.
2883 4562 3093 4625 Marum,
3129 4563 3149 4616 1
3188 4560 3342 4616 Colb.
3388 4576 3523 4621 rec.,
3567 4561 3698 4616 edit.
3734 4561 3798 4615 Is.

2203 4632 2430 4702 prove/ii.
2461 4630 2654 4686 Caneri
2689 4635 2924 4707 maxime
2953 4649 3178 4687 numero
3201 4643 3257 4687 ut
3286 4633 3339 4686 in
3373 4642 3545 4687 textu.

2279 4723 2440 4780 Fieri.
2475 4725 2600 4780 Mss.
2632 4725 2782 4789 Gat.,
2805 4724 3016 4780 .Marm.
3050 4735 3104 4780 et
3145 4725 3274 4779 editi
3333 4724 3486 4778 multi
3520 4737 3799 4794 perperam

2203 4795 2408 4850 addunt
2433 4797 2580 4857 solet.
2615 4797 2757 4865 quod
2801 4805 3062 4866 respuunt
3102 4796 3286 4852 caeteri
3333 4810 3467 4850 mss.
3495 4806 3550 4851 et
3598 4793 3731 4852 editi
3770 4793 3806 4847 2

2204 4867 2362 4923 Rom.
2392 4885 2454 4922 ac
2480 4867 2679 4923 Cellar.

2280 4960 2595 5016 Prictendat.
2630 4960 2720 5016 Sic
2741 4975 2768 5013 a
2793 4976 2879 5014 me
2909 4976 2972 5016 ex
2991 4969 3105 5016 vet.
3137 4959 3298 5014 editis
3325 4958 3358 5013 ὃ
3383 4969 3435 5013 et
3466 4957 3670 5014 Cellar.
3693 4974 3804 5012 om-

2205 5032 2467 5101 nibnsque
2513 5048 2641 5086 mss.
2689 5031 3056 5096 emendatum,
3106 5040 3303 5102 praeter
3355 5032 3380 5085 1
3425 5027 3583 5087 Colb.
3613 5031 3700 5086 cui
3726 5038 3808 5087 est

2207 5106 2544 5171 praetendant.
2579 5104 2724 5168 Gat.,
2755 5103 3040 5172 pertendat.

2281 5195 2476 5265 liqua.
2514 5197 2568 5250 Id
2598 5207 2702 5258 est,
2735 5195 2988 5264 azqualis,
3022 5204 3079 5248 ut
3120 5203 3230 5249 not.
3265 5193 3345 5265 ad,
3370 5192 3461 5247 lib.
3492 5208 3528 5248 tt
3575 5192 3804 5248 Institut.

2205 5285 2325 5337 cap.
2358 5264 2422 5332 8;
2457 5269 2657 5330 Livius,
2688 5267 2778 5322 lib.
2815 5282 2868 5333 ιι,
2903 5281 3021 5336 cap.
3052 5268 3104 5330 5,
3135 5266 3227 5320 ﬁn.
3256 5282 3270 5318 ι
3310 5264 3484 5319 Vivere
3511 5280 3655 5335 wquo
3684 5267 3808 5333 jure

2205 5358 2322 5394 cum
2352 5343 2565 5394 actoris.
2601 5340 2730 5393 BUN.

2278 5429 2364 5484 Ea:
2393 5431 2506 5501 pari
2525 5440 2760 5484 semente.
2791 5429 2870 5501 Ita
2898 5427 3182 5501 scripsisse
3205 5427 3544 5501 Lactantium
3578 5427 3805 5501 probant

2210 5497 2447 5556 tiielioris
2478 5510 2615 5555 nota.-
2670 5517 2797 5552 mss.
2842 5498 3151 5567 Reg.-Put..
3193 5499 3228 5552 2
3271 5502 3342 5552 al.
3389 5499 3546 5568 Iieg.,
3572 5498 3608 5550 2
3649 5497 3799 5568 Colb.

2207 5573 2440 5626 Clarout.
2488 5572 2648 5625 Brnn.
2690 5571 2817 5624 edit.
2868 5572 3022 5624 lieni.
3085 5569 3251 5635 1470,
3284 5567 3487 5638 Grapan
3529 5579 3737 5622 tavente
3773 5567 3794 5619 1

2207 5646 2278 5697 al.
2331 5643 2482 5698 Colb.
2538 5645 2624 5708 qui
2675 5643 2834 5696 habet
2885 5652 3127 5695 semente.
3180 5643 3232 5695 In
3275 5643 3310 5696 5
3351 5640 3509 5711 Reg.,
3548 5643 3580 5694 5
3623 5638 3798 5711 Colb..

2210 5714 2424 5777 Marm.,
2461 5717 2635 5768 13ειῐιιι.
2670 5725 2718 5767 ct
2755 5713 2815 5769 15
2837 5713 3014 5774 editis,
3047 5713 3255 5779 semine,
3288 5709 3518 5783 quodut
3557 5709 3800 5766 usitatius

2209 5787 2600 5846 substituerent
2630 5785 2956 5856 recentiores
2988 5783 3211 5856 librarii,
