4034 6354
494 266 585 357 ’83

510 414 676 471 timus
718 413 985 485 spiritum,
1010 421 1062 470 et
1110 412 1154 468 is
1180 410 1369 468 eicutte
1402 422 1644 464 concavo
1671 420 2018 475 repercussus
2044 415 2108 456 ac
2141 401 2183 455 Δ

513 510 799 566 revolutus
827 525 855 561 a
877 505 1060 573 fundo,
1092 504 1218 560 dum
1243 503 1308 557 ad
1330 501 1747 571 deseeutmntem
1766 512 1993 552 occursu
2018 511 2116 549 suo

519 600 682 667 redit,
716 600 780 654 ad
808 600 1009 654 exitum
1058 599 1257 664 nitens,
1281 611 1473 651 sonum
1501 594 1687 663 gignit,
1718 600 1771 647 et
1796 592 1848 646 in
1877 590 2115 645 vocalem

520 695 765 765 spiritum
790 694 1039 749 resiliens
1069 708 1163 764 per
1189 706 1247 746 se
1270 700 1462 745 ventus
1492 689 1782 743 animatur.
1814 684 1967 754 Quod
1998 684 2117 755 qui-

520 787 643 845 dem
673 803 739 842 an
768 802 953 842 verum
974 786 1063 848 sit,
1090 785 1233 841 Deus
1262 782 1453 838 artifex
1481 780 1697 835 viderit.
1732 778 1952 834 Videtur
1972 777 2118 831 enim

1483 284 1670 345 FlftM.
1712 248 2076 341 LACTANTII
2115 277 2244 335 LIB.
2290 274 2379 332 on
2419 272 2705 332 OPIFICIO
2742 270 2857 329 om

3771 253 3846 313 61

2824 378 3057 445 CAPUT
3099 382 3234 442 XVI.

2677 529 2757 583 De
2783 536 2969 592 ments,
2998 534 3045 580 et
3069 524 3183 592 ejus
3210 524 3346 578 sede.

2292 686 2486 743 Mentis
2518 699 2728 756 quoque
2765 682 3025 737 rationem
3059 676 3664 749 incomprcliensibilcm
3701 691 3843 732 esse

2221 782 2342 852 quis
2364 779 2599 840 nesciat,
2622 776 2723 829 nisi
2769 775 2858 845 qui
2886 772 3108 826 munino
3145 771 3290 825 illam
3320 785 3428 824 non
3456 768 3655 831 habet,
3702 785 3843 824 cum

521 896 628 938 non
648 881 717 937 ab
738 895 856 948 ore,
885 880 980 935 sed
1008 879 1075 934 ab
1104 879 1294 933 intimo
1321 887 1541 948 pectore
1569 888 1671 949 vox
1699 873 1846 928 oriri.
1881 871 2121 941 Denique
2218 873 2334 943 ipsa
2362 886 2515 927 mens
2554 885 2661 941 quo
2690 868 2809 922 loco
2836 866 2934 929 sit.
2984 872 3078 919 aut
3120 863 3421 934 cujusmodi
3440 903 3456 930 ,
3504 862 3799 918 nesciatur
3820 862 3846 913 ?

520 984 578 1032 et
601 990 698 1029 ore
724 974 929 1041 clauso,
973 988 1040 1027 ex
1066 971 1284 1026 naribus
1311 969 1574 1026 emittitur
1597 982 1760 1021 sonus
1802 964 1975 1034 qualis
2027 979 2125 1034 po-

522 1076 646 1123 test.
676 1066 947 1121 Prteterea
966 1073 1021 1121 et
1043 1062 1275 1118 maximo
1288 1061 1499 1132 spiritu,
1525 1074 1631 1130 quo
1654 1058 1992 1121 anhelamus,
2017 1070 2120 1110 vox

523 1174 633 1216 non
662 1159 917 1225 efﬁcitur,
949 1166 1000 1213 et
1050 1156 1177 1223 levi,
1210 1167 1264 1212 et
1310 1170 1416 1210 non
1445 1162 1717 1210 coarctato
1752 1149 1959 1220 spiritu,
1991 1163 2125 1218 quo-

526 1252 630 1308 ties
677 1253 948 1315 volumus.
993 1249 1248 1307 efficitur.
1276 1248 1394 1305 Non
1435 1255 1521 1304 est
1562 1247 1720 1318 igitur
1770 1243 2126 1314 comprehcn-

528 1358 672 1410 snm,
722 1341 992 1414 quemodo
1040 1342 1155 1410 fiat,
1200 1351 1294 1397 aut
1327 1341 1452 1411 quid
1498 1340 1568 1394 sit
1602 1339 1846 1394 omnino.
1886 1336 1997 1393 Nec
2038 1352 2126 1392 me

529 1450 674 1492 nunc
724 1436 782 1491 in
839 1435 1145 1491 Academia:
1193 1433 1517 1491 sententiam
1562 1430 1740 1489 delabi
1790 1440 1969 1501 putes,
2002 1429 2126 1501 quia

529 1544 639 1585 non
671 1528 850 1584 omnia
882 1537 1009 1584 sunt
1055 1525 1639 1599 incomprehensibilia.
1674 1524 1741 1582 Ut
1785 1524 1928 1580 enim
1958 1523 2127 1578 faten-

532 1621 660 1678 dum
710 1631 793 1677 est
847 1620 1013 1676 multa
1042 1620 1261 1685 nesciri,
1311 1634 1430 1689 qua:
1459 1618 1631 1674 voluit
1662 1617 1800 1671 Deus
1826 1604 2131 1688 intelligen-

529 1712 659 1769 tiam
690 1711 921 1767 hominis
964 1711 1357 1768 excedere:sic
1391 1720 1566 1766 tamen
1612 1710 1779 1765 multa
1826 1722 1967 1775 esse,
2008 1723 2129 1781 quae
2184 1730 2193 1739 ε

2226 965 2382 1020 Varia
2410 978 2541 1035 ergo
2567 978 2597 1017 a
2622 958 2961 1032 philosophis
2988 957 3055 1013 de
3084 965 3271 1011 natura
3300 956 3420 1025 ejus
3458 970 3522 1011 ac
3571 956 3697 1010 loco
3731 956 3849 1010 dis-

2224 1064 2405 1127 putata
2432 1065 2577 1111 sunt.
2613 1053 2683 1109 At
2710 1067 2811 1124 ego
2838 1065 2943 1106 non
2984 1046 3368 1115 dissimulabo,
3401 1046 3529 1116 quid
3562 1047 3684 1117 ipse
3714 1062 3848 1101 sen-

2226 1149 2396 1215 tiam;
2455 1164 2563 1203 non
2617 1147 2742 1217 quia
2791 1144 2872 1200 sic
2915 1156 3039 1198 esse
3067 1140 3332 1196 affirmem
3362 1140 3383 1211 (
3416 1139 3558 1210 quod
3590 1148 3677 1195 est
3706 1139 3850 1194 insi-

2226 1240 2425 1312 pientis
2451 1239 2504 1294 in
2521 1254 2581 1294 re
2613 1236 2773 1293 dubia
2802 1234 2983 1290 facere
3012 1235 3069 1304 ),
3100 1232 3195 1288 sed
3220 1240 3279 1288 ut
3306 1233 3549 1303 exposita
3582 1232 3661 1286 rei
3688 1230 3850 1286 diffi-

2226 1334 2450 1399 cultate,
2475 1330 2776 1401 intelligas,
2810 1335 3010 1399 quanta
3032 1326 3103 1382 sit
3126 1325 3435 1381 divinorum
3462 1338 3689 1394 operum
3718 1339 3850 1378 ma-

2226 1427 2472 1501 gnitudo.
2499 1424 2729 1495 Quidam
2752 1424 2934 1480 sedem
2954 1421 3153 1478 mentis
3181 1418 3236 1475 in
3268 1430 3490 1490 pectore
3502 1433 3628 1475 esse
3648 1419 3850 1475 volue-

2228 1530 2376 1580 runt.
2407 1519 2561 1590 Quod
2599 1519 2644 1575 si
2686 1520 2757 1574 ita
2787 1527 2872 1574 est
2893 1561 2907 1586 ,
2941 1524 3144 1589 quanto
3168 1512 3386 1569 tandem
3414 1512 3684 1568 miraculo
3716 1511 3851 1582 dig-

2231 1634 2359 1674 num
2401 1626 2516 1686 est,
2558 1630 2674 1672 rem
2716 1614 2772 1670 in
2814 1613 3053 1669 obscuro
3090 1624 3156 1666 ac
3196 1608 3485 1664 tenebroso
3526 1605 3856 1663 habitacqu

2232 1712 2392 1767 sitam
2415 1751 2431 1776 ,
2476 1711 2529 1765 in
2554 1717 2703 1764 tanta
2725 1704 2955 1763 rationis
2982 1712 3145 1775 atque
3170 1700 3539 1772 intelligentia:
3568 1699 3691 1755 luce
3725 1714 3856 1753 ver-

535 1807 743 1877 possint
774 1814 829 1862 et
875 1805 1125 1862 sensibus
1155 1804 1381 1876 percipi,
1410 1813 1465 1860 et
1489 1803 1698 1860 ratione
1721 1802 2130 1874 comprehendi.
2162 1792 2211 1852 B
2237 1805 2380 1861 sari?
2399 1815 2510 1859 tum
2539 1800 2683 1874 quod
2712 1800 2781 1857 ad
2797 1815 2919 1857 eam
2948 1811 3143 1854 sensus
3165 1811 3232 1852 ex
3258 1794 3406 1851 omni
3424 1793 3668 1865 corporis
3687 1803 3859 1864 parte

534 1898 639 1953 Sed
665 1900 785 1963 erit,
814 1901 968 1956 nobis
993 1909 1178 1955 contra
1202 1897 1551 1969 philosophos
1578 1896 1785 1967 integra
1813 1896 2130 1968 disputatio.

533 1988 892 2049 Conficiamus
935 1991 1096 2064 igitur
1133 1993 1363 2063 spatium
1385 2034 1399 2058 ,
1434 1989 1576 2061 quod
1610 2006 1752 2046 nunc
1774 1989 2130 2047 decurrimus.

2238 1898 2591 1963 conveniunt,
2610 1903 2669 1951 ut
2697 1896 2751 1950 in
2782 1890 3022 1966 qualibet
3049 1889 3271 1961 regione
3300 1886 3667 1942 membrorum
3703 1899 3860 1956 prte-

2241 2006 2368 2046 sens
2399 2005 2520 2046 esse
2546 1986 2810 2043 videatur.
2861 1982 2970 2041 Alii
2995 1980 3180 2049 sedem
3208 1979 3327 2051 ejus
3369 1978 3424 2033 in
3464 1977 3690 2034 cerebro
3727 1990 3861 2034 esse

1870 2104 2235 2164 VARIORUM
2271 2105 2503 2163 NOTAE.

610 2199 822 2257 Cicutw.
852 2198 1104 2265 Fistula},
1140 2206 1198 2254 ut
1226 2198 1367 2270 apud
1396 2198 1588 2269 Virgil.
1619 2198 1671 2253 in
1702 2198 1819 2254 Ecl.

692 2312 918 2427 ἕξιῃὶὴί
935 2312 1214 2377 disparibus
1234 2316 1430 2376 scptem
1447 2319 1701 2375 compacta
1717 2312 1893 2362 cicutis

540 2499 914 2559 Theodoretns
961 2503 1012 2558 in
1051 2502 1226 2558 Serm.
1265 2501 1300 2556 5
1335 2500 1403 2555 de
1446 2500 1787 2555 Providentia
1829 2499 1927 2555 Dei
1967 2508 2139 2554 artem

542 2584 750 2627 naturae
776 2575 858 2629 vel
891 2575 1059 2643 ipsius
1087 2573 1225 2628 adeo
1258 2572 1538 2639 sapientiae
1567 2573 1764 2626 divina:
1790 2571 2131 2643 imitatricem

543 2659 665 2699 esse
692 2644 821 2699 dicit
865 2641 923 2699 in»
943 2660 1032 2710 eo,
1063 2645 1208 2711 quod
1235 2659 1434 2713 organa
1476 2645 1677 2698 musica
1700 2684 1714 2708 ,
1757 2642 1822 2697 ad
1853 2644 1997 2697 vocis
2030 2641 2131 2696 hu-

544 2730 721 2786 manae
737 2716 1156 2772 modulationem
1187 2714 1594 2786 exprimendam
1614 2757 1630 2782 ,
1662 2714 1922 2768 industria
1954 2713 2133 2768 huma-

547 2800 617 2840 na
647 2785 939 2842 effluxerit.
1162 2834 1169 2837 .

620 2855 759 2911 Dum
785 2859 854 2912 ad
879 2860 1258 2914 descendentem
1277 2873 1490 2912 occursu
1507 2872 1602 2912 suo
1627 2856 1781 2912 redit.
1811 2856 1866 2912 ln
1894 2856 2136 2926 pluribus

549 2928 713 2985 editis
744 2929 930 3000 deerat
967 2930 1089 2984 dum
1115 2972 1129 2997 ,
1177 2929 1317 3000 quod
1346 2927 1648 3000 restitui‘ex
1679 2943 1809 2983 mss.
1843 2944 1908 2983 ex
1943 2928 2137 3000 quibus

548 3015 741 3057 novem
771 2999 971 3057 habent
994 3003 1157 3062 redit:
1189 2998 1327 3056 alter
1356 3001 1575 3055 reducit.
1609 2999 1804 3054 Decem
1835 3014 1965 3054 mss.
1996 3008 2051 3053 et
2072 2998 2138 3053 14

550 3073 757 3141 excusi,
788 3072 1173 3129 descendentem
1201 3090 1417 3128 occursu
1438 3088 1531 3127 suo
1552 3071 1757 3136 reddit;
1793 3070 1953 3126 male.

623 3142 973 3226 Deus._Deest
997 3146 1048 3200 in
1079 3162 1183 3201 ms.
1205 3145 1336 3200 Bov.

625 3213 699 3267 Ab
721 3214 898 3271 intimo
928 3228 1160 3285 pectore,
1204 3224 1308 3271 etc.
1343 3215 1433 3272 Sic
1464 3213 1729 3269 Homerus
1748 3212 1991 3285 Ulyssem
2014 3254 2028 3277 ,
2059 3211 2144 3285 vi-

555 3300 673 3340 rum
704 3284 936 3356 sapienti
961 3287 1205 3345 facundia
1235 3286 1517 3356 praeditum
1537 3327 1550 3349 ,
1585 3299 1771 3340 vocem
1799 3284 2013 3339 mittere
2041 3284 2139 3348 ait,

556 3371 755 3431 narres
785 3372 908 3431 ore,
943 3360 1040 3431 sed
1084 3374 1152 3415 ex
1178 3368 1424 3431 pectore,
1458 3359 1518 3431 ll.
1548 3381 1600 3431 γ.

641 3426 754 3506 ιζοω
780 3430 924 3485 oriri.
956 3429 1125 3485 Abest
1151 3444 1250 3484 vos:
1268 3429 1336 3484 ab
1353 3444 1460 3484 uno
1483 3424 1614 3498 Reg.
1643 3442 1753 3483 rec.
1781 3437 1837 3483 et
1864 3426 1995 3482 edit.
2021 3424 2145 3481 Ald.

559 3498 730 3554 Paris.
759 3500 918 3556 1525.

604 3514 730 3554 επις.
759 3514 918 3557 1ῧ25.

591 3642 601 3652 .
635 3568 718 3625 Ea:
763 3573 992 3652 naribus.
1026 3572 1102 3627 Ita
1132 3572 1340 3627 restitui
1373 3569 2152 3652 equuampluribpsimpres-

556 3642 667 3714 sis,
693 3652 745 3698 et
770 3645 1022 3700 omnibus
1044 3658 1176 3699 mss.
1204 3652 1401 3714 praeter
1422 3642 1458 3697 2
1484 3639 1618 3713 Regi
1648 3648 1705 3697 et
1725 3641 1850 3697 edd.
1883 3639 1916 3697 6
1947 3641 2000 3694 iu
2033 3640 2153 3709 qui-

561 3712 663 3768 bus
689 3724 771 3769 est
797 3725 842 3767 et
873 3716 1100 3771 naribus.

632 3784 701 3857 Et
728 3788 948 3841 maxime
971 3787 1173 3857 spiritu.
1201 3784 1277 3857 lla
1299 3800 1488 3841 omnes
1515 3784 1627 3840 fere
1654 3796 1784 3838 mss.
1813 3783 1883 3838 At
1912 3782 2041 3838 editi
2070 3798 2152 3836 etc.

638 3856 708 3910 Et
738 3860 851 3912 levi.
886 3855 1151 3913 Heu‘tnan.
1178 3855 1308 3925 legit
1335 3873 1398 3910 ea:
1426 3858 1541 3911 levi.

641 3927 762 3983 Non
788 3943 861 3985 est
888 3931 1046 4001 igitur
1073 3928 1522 3998 comprehensum,
1558 3937 1665 3984 etc.
1712 3927 1904 4001 lutosa
1916 3926 1984 3979 tis
2010 3939 2159 4001 com—

564 3996 928 4073 pr‘eheusumf
944 4002 1077 4056 Nam
1111 3996 1422 4055 animalium
1454 4015 1723 4073 voxqute
1747 3996 1991 4070 ἔμψυχος
2021 3996 2158 4073 dicit

564 4066 650 4151 iur
669 4122 683 4140 ,
714 4083 806 4151 aut
832 4076 1302 4151 esti-y-ypépgaro;
1337 4092 1350 4126 ;
1381 4082 1543 4141 atque
1573 4066 1685 4151 haec
1715 4066 1801 4151 est
1823 4066 2005 4124 Sermo
2027 4109 2039 4132 ,
2076 4066 2161 4121 vel

565 4144 776 4220 loquela
795 4189 809 4211 ,
844 4143 1112 4207 statim
1131 4143 1366 4220 Galerio;
1390 4153 1483 4220 aut
1506 4151 1589 4197 est
1614 4143 1971 4220 ὼχρᾴμμαςος,
2000 4153 2161 4207 (luam

568 4210 735 4271 homo
766 4210 886 4271 cum
928 4218 1294 4273 animantibus
1325 4215 1635 4283 pulmonem
1655 4210 1987 4269 habentibus
2013 4224 2165 4283 com-

567 4301 787 4341 munem
814 4288 990 4344 habet.
1020 4288 1258 4358 Utraque
1302 4281 1357 4341 fit
1380 4286 1769 4358 restiiratione,
1800 4293 1858 4336 ut
1888 4297 1985 4335 nos
2015 4281 2166 4358 Aris-

569 4358 749 4413 totelis
775 4359 1017 4414 delinitio
1039 4352 1244 4413 docuit.
1280 4352 1595 4419 Διαλεκ-ὲικὰ,
1632 4357 1735 4410 hoc
1758 4362 1862 4418 est,
1892 4352 2164 4407 sermonis

574 4429 931 4486 instrumenta
949 4431 1186 4487 Galenus
1204 4430 1271 4484 de
1290 4427 1655 4497 locisafi‘ectis
1676 4427 1904 4497 primum
1928 4424 2167 4497 assignat

570 4500 808 4570 linguam
827 4543 840 4563 ,
868 4517 1029 4577 quam
1057 4495 1623 4577 xoptmrwrovnapyotvo?
1669 4492 2170 4577 inominatadeiude

575 4563 737 4627 nares
757 4615 771 4637 ,
804 4583 858 4627 et
886 4563 1032 4628 labra
1058 4563 1347 4626 et'dentes.
1371 4563 1499 4623 Haec
1528 4568 1673 4623 enim
1704 4566 1817 4620 suis
1848 4563 2172 4637 illisionibus

576 4633 769 4698 vocem
789 4645 1025 4711 alioquin
1059 4640 1295 4696 hiantem
1318 4638 1743 4711 consonantibus
1765 4635 1994 4711 stridere
2019 4633 2168 4699 facit,

576 4724 635 4770 et
657 4714 850 4790 _reddit
888 4707 1129 4790 ἔίδαρθραν
1159 4717 1260 4790 καὶ-
1280 4714 1660 4789 ἐγγράμματον.
1892 4714 2094 4790 'guttur
2119 4714 2175 4762 et

579 4786 891 4855 pulmonem
923 4778 1678 4855 re'sp'iratiouis'iii'strtimenta
1715 4779 1862 4835 facit.
1892 4778 2095 4855 B_t-:r_Ut..

655 4858 896 4912 Omnino.
932 4850 1080 4912 Hanc
1108 4871 1329 4924 vocem,
1359 4870 1481 4923 quae
1501 4860 1648 4909 extat
1666 4853 1719 4907 in
1748 4850 2049 4905 veterrimis
2078 4865 2173 4920 op-

580 4927 835 5011 timisque
857 4944 988 5011 mss.
1010 4929 1328 5011 Regio-Pu}.
1351 4926 1561 4981 Bonon.
1576 4925 1828 5011 aliisque,
1856 4933 1913 4978 et
1932 4924 2174 5011 i_n”cunc:-

580 4999 650 5054 tis
676 4994 790 5057 fer'e
819 5000 1011 5068 editis,
1050 4994 1246 5056 retinui
1278 5000 1331 5054 in
1362 5008 1541 5064 textu,
1576 4996 1697 5052 licet
1715 4994 1857 5052 absit
1883 5010 1916 5048 a
1944 4996 2007 5051 15
2037 5010 2171 5049 mss.

578 5086 695 5127 rec.
725 5081 780 5128 et
801 5073 838 5125 2
864 5072 989 5127 edd.
1021 5072 1175 5126 Rom.

658 5144 920 5213 Spatium.
950 5141 1139 5198 Cicero
1164 5142 1232 5198 de
1260 5139 1529 5206 Amicitia,
1554 5154 1653 5209 cap
1679 5138 1747 5195 l2
1772 5156 1786 5192 t
1813 5139 2036 5208 spatium
2063 5155 2175 5193 cur-

580 5216 906 5286 riculumque
929 5216 1083 5268 simul
1112 5214 1392 5284 conjungit.

618 5359 631 5370 .
664 5282 830 5370 Quod
868 5303 1001 5370 nunc
1043 5282 1521 5370 άεειιζξῆηιριιηδίθ
1565 5299 1779 5370 reposui
1820 5298 1886 5337 ex
1920 5282 2175 5370 vetustis-

583 5352 728 5414 sim'o
754 5369 807 5414 et
833 5358 1039 5429 Optimo
1066 5372 1149 5411 ms
1179 5357 1495 5427 Regio-Pot.
1520 5396 1543 5429 ,γ
1563 5352 1898 5427 approbante
1924 5352 2176 5408 doctissi-

585 5445 680 5485 mo
712 5426 961 5485 Francio.
994 5426 1187 5484 Caeteri
1219 5426 1434 5485 cedices
1463 5426 1662 5482 habent
1686 5443 1808 5498 quo.

674 5500 828 5557 Varia
866 5518 986 5572 ergo
1012 5519 1043 5554 α
1082 5499 1401 5572 philosophis
1431 5499 1496 5554 de
1534 5492 1719 5572 natura
1745 5499 1891 5572 ejus,
1938 5510 2012 5572 ac
2040 5492 2171 5547 loco.

589 5565 963 5629 Videndusest
987 5565 1150 5627 Arist.
1185 5588 1241 5625 ιιι
1270 5565 1337 5625 de
1358 5570 1551 5634 Anim;
1587 5565 1823 5621 Macrob.
1881 5567 1931 5618 in
1981 5565 2172 5618 Somn.

586 5644 734 5713 Scip.
765 5646 856 5700 lib.
891 5660 937 5708 ι,
970 5658 1019 5698 c.
1053 5641 1137 5697 14.
1172 5643 1373 5698 Lucum
1412 5643 1628 5709 quidem
1650 5637 1788 5713 _ejus
1815 5637 1906 5690 alii
1932 5650 2079 5713 cur_,_
2119 5641 2177 5713 ut

585 5704 755 5771 Arist.
788 5726 842 5771 et
867 5704 1123 5786 Chrysp.,
1156 5715 1243 5768 alii
1271 5704 1583 5786 caput'csse
1611 5704 1905 5786 affirmant,
1941 5704 2175 5786 ut‘Plato

590 5800 647 5845 et
674 5786 889 5859 Galen.,
916 5777 1008 5858 qui
1038 5777 1173 5842 hanc
1199 5777 1553 5856 quaestionem
1579 5777 1798 5848 cupiose
1839 5782 2030 5841 tractat
2065 5784 2178 5830 toto

2242 2199 2334 2253 lib.
2349 2213 2387 2253 ιι
2407 2208 2529 2253 etm
2545 2196 2611 2251 de
2634 2194 2823 2250 Placil.
2841 2192 3150 2260 Hippocrat.
3181 2196 3238 2245 et
3258 2187 3469 2244 Platon.
3484 2184 3609 2242 vide
3621 2184 3855 2260 [.ucret.

2244 2270 2336 2325 lib.
2369 2286 2462 2335 tu;
2492 2268 2761 2325 Plutarch.
2791 2282 2843 2320 tv
2892 2256 3083 2320 Placit.
3105 2302 3122 2330 ,
3150 2276 3270 2331 cap.
3306 2260 3342 2314 2
3370 2268 3427 2313 et
3467 2272 3621 2329 seqq.
3649 2256 3852 2312 15.505.

2303 2362 2379 2444 .At
2406 2377 2534 2444 ερο.Δ
2549 2359 2625 2414 Ita
2648 2373 2778 2444 mss.
2803 2364 2878 2444 Aet.
2889 2355 3131 2444 plerique
3159 2351 3283 2444 edd:
3306 2349 3522 2422 Vulgati
3548 2349 3584 2405 5
3606 2348 3682 2404 Ac
3710 2366 3818 2420 ego
3837 2390 3853 2416 ,

2244 2433 2422 2488 minus
2450 2440 2611 2501 apte;
2647 2438 2703 2485 et
2730 2433 2975 2499 proxime
3001 2433 3302 2496 prtecessit.

2319 2525 2541 2590 Quidam
2565 2522 2733 2577 sedem
2754 2519 2935 2590 mentis
2956 2518 3008 2571 in
3038 2526 3260 2585 pectore,
3279 2524 3404 2590 etc._
3418 2509 3782 2590 Parmenides
3799 2517 3854 2565 et

2241 2583 2533 2665 Ephzurus,
2554 2593 2806 2665 videlicet
2829 2593 2877 2645 ἐν
2905 2588 3005 2665 ᾂῳ
3026 2583 3100 2663 ’ἐῷ
3125 2590 3348 2665 θῴρακιε
3371 2584 3541 2665 Stoici
3569 2583 3638 2665 ad
3670 2597 3863 2665 unum

2242 2653 2354 2722 toto
2372 2668 2425 2721 in
2452 2653 2632 2720 corde.
2659 2664 2924 2732 Diogenes
2953 2653 3004 2715 in
3029 2653 3297 2732 arteriaco
3312 2656 3494 2732 cordis
3512 2653 3849 2732 ventrigulo,

2241 2737 2595 2807 quianimalis
2620 2778 2636 2799 ,
2669 2723 2870 2807 idest,
2918 2730 3176 2799 spiritalis
3210 2739 3293 2785 est
3338 2725 3645 2807 Plutarcho.
3692 2723 3771 2779 Et
3797 2725 3850 2777 in

2245 2797 2343 2863 hac
2372 2797 2639 2863 sententia
2673 2804 2837 2859 fuisse
2859 2797 3090 2873 apparet
3114 2815 3241 2873 eos,
3284 2797 3694 2873 qui_prudcntes
3721 2811 3847 2873 cor-

2244 2883 2388 2935 datos
2415 2879 2775 2950 appellarunt.
2818 2868 2911 2930 De‘
2931 2868 3040 2943 quo
3066 2868 3354 2950 audiamus
3369 2868 3691 2950 Ciceronem
3747 2868 3849 2949 in_t

2246 2939 2467 3007 Tuscull
2490 2939 2692 3020 'qutest.
2715 2939 3075 3020 disserentem
3099 2963 3112 2998 :
3142 2942 3281 3020 Quid
3308 2943 3373 2997 sit
3404 2956 3557 3020 porro
3582 2939 3846 3020 ipsepra-

2247 3039 2359 3076 mus
2375 3066 2389 3088 ,
2412 3031 2501 3076 aut
2517 3010 2613 3075 ἰιὁὶ
2636 3063 2651 3087 ,
2694 3027 2784 3073 aut
2813 3018 2969 3083 unde,
2998 3032 3187 3086 magna
3213 3010 3461 3088 dissensio
3482 3020 3578 3066 est.
3601 3010 3737 3088 Aliis
3758 3024 3847 3063 cor

2169 3073 2214 3136 C
2246 3073 2417 3162 ipsum
2442 3073 2651 3148 animus
2671 3091 2869 3162 videtur
2893 3105 2910 3142 .'
2934 3073 3121 3162 ecquo
3142 3084 3404 3143 excordes.
3427 3081 3701 3162 pecordes,
3727 3097 3850 3147 cott-

2250 3156 2524 3233 cordethte
2539 3163 2797 3217 dicuntur.
2816 3158 3151 3233 Empedocles
3168 3166 3336 3233 autem
3351 3156 3579 3209 animum
3600 3168 3712 3233 esse
3733 3168 3852 3205 cett-

2250 3248 2354 3299 set,
2385 3223 2528 3292 cordi
2556 3223 3147 3302 suﬂ'usumsan'guinem.
3194 3228 3323 3283 Aliis
3346 3242 3466 3297 pars
3493 3223 3736 3302 gutedam
3762 3237 3848 3276 ce-

2250 3297 2384 3363 rebri
2408 3309 2515 3362 visa
2545 3297 2815 3359 esfanimi
2843 3297 3191 3372 principatum
3234 3308 3424 3353 tenere.
3470 3297 3600 3349 Aliis
3646 3311 3742 3348 nec
3763 3308 3850 3372 cor

2250 3381 2422 3450 ipsum
2457 3379 2672 3450 placet,
2697 3391 2790 3450 nec
2822 3364 3317 3450 c'erebri'quamdant
3357 3376 3555 3450 partem
3575 3382 3689 3420 esse
3732 3364 3845 3446 ani:

2251 3433 2391 3505 mum
2416 3467 2434 3504 :
2457 3433 2552 3505 'sed
2581 3433 2673 3501 alii
2707 3447 2760 3500 in
2784 3447 2953 3512 corde,
2991 3433 3083 3499 alii
3106 3444 3159 3497 in
3186 3433 3387 3497 cerebro
3409 3439 3651 3512 dixerunt
3681 3433 3843 3512 animi

2253 3539 2363 3577 esse
2408 3523 2577 3576 sedem
2612 3528 2657 3573 et
2685 3518 2874 3582 locum,
2898 3505 3004 3571 etc.
3059 3515 3308 3569 Plurimm
3329 3519 3456 3566 sunt
3480 3509 3678 3582 passim
3711 3505 3849 3582 apud

2255 3603 2505 3647 auctores
2540 3577 2872 3653 locutiones,
2898 3587 3092 3657 quibus
3113 3577 3768 3657 consiliunietjcogitatio
3798 3577 3848 3630 in

2259 3676 2479 3734 pectore
2499 3673 2555 3717 et
2580 3661 2743 3734 corde
2773 3650 3178 3734 ponuntur._Sed
3209 3653 3389 3734 missis
3408 3653 3537 3734 illis,
3568 3650 3851 3734 videamus

2256 3722 2386 3806 quid
2412 3736 2590 3789 Sacra:
2618 3722 2810 3806 litter:'_e
2842 3730 3127 3806 dicant,_in
3159 3727 3353 3806 quibus
3377 3722 3702 3804 vocabulum
3732 3725 3850 3801 v95;

2258 3792 2405 3861 varie
2428 3805 2733 3874 usurpatur.
2755 3802 2965 3857 Paulus
2990 3792 3164 3874 etiam
3176 3792 3364 3874 ἱιιίιυε
3370 3810 3472 3866 pro
3498 3793 3664 3848 animi
3705 3792 3849 3874 [nil-Ir

2257 3880 2457 3946 cipatu,
2477 3861 2644 3946 quem
2670 3876 2957 3948 inparatam
2990 3870 3302 3948 appellant1
3328 3861 3487 3948 Rt'om.
3518 3880 3622 3929 vn,
3663 3861 3717 3916 v.
3737 3861 3848 3948 ;

2260 3935 2788 4004 Méntem'Christus'.
2818 3945 3001 4000 Matth.
3027 3935 3083 3997 'vi
3106 3983 3122 4009 ,
3154 3958 3207 3998 v.
3233 3940 3329 4006 22,
3354 3940 3569 4009 Lumen
3593 3935 3847 4009 appellat.

2263 4022 2456 4075 Anima
2490 4036 2595 4073 non
2626 4018 2795 4073 semel
2822 4026 2874 4071 et
2895 4005 3117 4084 spiritus
3141 4005 3373 4069 mentem
3405 4005 3689 4084 significat,
3726 4006 3848 4084 utin

2262 4091 2368 4147 hoc
2394 4091 2531 4146 divae
2549 4090 2782 4155 Virginis
2803 4078 2942 4151 apud
2963 4086 3185 4155 Lucam,
3208 4099 3327 4153 cap.
3358 4098 3397 4147 ι,
3420 4078 3570 4155 {fiet
3592 4078 3689 4155 f7.
3727 4082 3852 4136 Nai:

2265 4179 2362 4233 pro
2410 4147 2688 4218 intellectu
2732 4147 2980 4233 ponitur,
3037 4173 3053 4211 ι
3103 4147 3404 4233 Cdr._'xrv,_
3444 4153 3531 4207 15.
3583 4147 3851 4233 Steterunt

2265 4220 2407 4305 quod
2430 4233 2722 4305 Scriptura:
2735 4220 3079 4300 'phrasis'cor
3101 4224 3499 4305 mentissedem
3515 4264 3529 4288 ,
3569 4228 3627 4275 et
3647 4220 3853 4305 cogita-

2269 4290 2474 4361 tionum
2502 4290 2959 4369 cdnsilior'umque
2988 4298 3141 4366 quasi
3169 4298 3440 4369 ofﬁcinam
3462 4292 3753 4369 quamdam
3782 4290 3851 4343 fac

2268 4379 2375 4435 ciat
2394 4422 2409 4446 ,
2444 4377 2667 4431 minime
2694 4363 2984 4446 obscurum
2999 4363 3121 4446 esse
3146 4377 3324 4446 potest
3345 4363 3550 4446 iis,_qui
3574 4363 3720 4445 inea
3750 4374 3850 4443 non

2194 4462 2246 4522 ι)
2272 4432 2567 4522 ὀςοίίεῃιῑθζ·
2586 4453 2887 4522 versantur.
2910 4441 3084 4496 Corde
3113 4432 3350 4520 creditur
3380 4432 3757 4522 adnitistitiam,
3777 4432 3853 4485 in—

2273 4521 2391 4591 quit
2432 4520 2650 4574 Paulus.
2692 4515 2926 4572 Credere
2954 4520 3145 4591 autem
3175 4511 3370 4591 mentis
3391 4506 3626 4591 officiinu
3659 4513 3771 4586 est.
3803 4511 3854 4555 et

2275 4576 2490 4660 quidem
2535 4592 2823 4651 defeeatte,
2855 4593 2951 4660 _et_
2970 4597 3066 4660 per
3113 4582 3369 4660 Spiritum
3422 4576 3850 4660 S._illui_iiiriatze.

2277 4646 2438 4718 [θοι-ει
2459 4661 2649 4717 infiniti
2672 4646 2868 4731 negotii
2890 4698 2904 4719 ,
2939 4646 3096 4725 hujus
3124 4646 3205 4731 rei
3227 4651 3533 4731 testimonia
3557 4646 3849 4731 colligere;

2274 4718 2821 4805 sufficiatergounum
2842 4718 2965 4791 hcc,
2998 4718 3140 4805 quod
3176 4724 3434 4805 mei‘uus'
3455 4718 3855 4805 καρδιογγὼσςτῃς

2273 4790 2610 4876 appellatur:
2626 4804 2746 4859 Act.
2773 4819 2787 4856 ι
2816 4814 2871 4855 et
2910 4790 3393 4876 xv.'0b_t_rudenda_
3424 4790 3854 4876 itaqueletgobjig-

2274 4858 2463 4935 ci'ertida
2474 4858 2776 4945 Scriptura:
2801 4869 3093 4925 austeritas
3108 4868 3290 4945 iiiest,
3308 4865 3395 4945 qui
3416 4858 3716 4945 rationibus
3730 4858 3851 4945 nisi,

2274 4928 2771 5020 dogmatibusrinter
2792 4959 2849 5020 se
2868 4948 3125 5020 pugnant.
3148 4928 3504 5019 Theodoret,
3528 4931 3706 5014 serui.
3735 4929 3769 4985 5
3794 4928 3855 4981 de

2275 5005 2648 5084 Providentia,
2703 5005 3058 5071 cordi'tmius
3102 5009 3347 5077 corporis
3397 5005 3727 5084 imperium,
3762 5012 3853 5084 seu

2276 5072 2811 5163 regimcnasSignat;
2838 5094 2890 5141 et
2932 5072 3292 5163 hieronymus
3311 5072 3493 5131 multis
3523 5076 3574 5128 iu
3597 5072 3730 5155 locis
3762 5073 3855 5154 hoc

2275 5144 2496 5218 asserit.
2540 5144 2698 5229 Atqui
2749 5144 2853 5229 nou
2913 5155 3109 5209 desunt
3138 5144 3452 5229 'Scripturae
3511 5144 3849 5229 testimOnia,

2314 5216 2466 5289 uibus
2494 5216 2851 5288 demonstrari
2873 5235 3049 5295 potest
3081 5239 3178 5279 cor
3205 5216 3487 5277 affectuum
3509 5216 3702 5295 sedem
3723 5228 3855 5269 esse.

2274 5250 2466 5360 §UIDttS
2494 5250 2851 5288 uenrousxrurt
2876 5250 3049 5295 potest
3081 5250 3177 5279 cur
3205 5250 3487 5277 stuuuuuuu
3509 5250 3695 5272 acuum
3723 5250 3852 5269 ωου-

2327 5322 2408 5358 am
2442 5304 2697 5357 Dominus
2725 5314 2829 5353 non
2853 5299 3032 5351 minus
3053 5310 3233 5361 renes,
3258 5306 3417 5364 quam
3440 5304 3534 5364 cor
3562 5294 3852 5364 scrutatur;

2275 5357 2481 5431 etcum
2510 5388 2605 5428 cor
2653 5369 2932 5441 explorat,
2981 5366 3172 5441 probat
3219 5357 3292 5419 an
3318 5361 3604 5441 contritum
3617 5357 3857 5441 satislet

2277 5426 2614 5501 humiliatum
2645 5426 2743 5508 sit',
2782 5455 2849 5494 an
2880 5426 3077 5493 aestuet
3102 5438 3276 5508 livore
3317 5448 3413 5508 seu
3440 5430 3585 5508 odio.
3617 5427 3749 5482 Nam
3778 5426 3856 5481 lric

2277 5516 2469 5586 majori
2497 5530 2559 5569 ex
2588 5503 2740 5584 parte
2768 5509 3076 5565 dominatur
3101 5506 3188 5562 lex
3212 5506 3411 5562 carnis.
3445 5503 3646 5557 Beroe.

2351 5607 2534 5660 Setlcm
2552 5607 2659 5670 eius
2682 5605 2733 5656 in
2755 5602 2973 5654 cerebro.
2998 5599 3269 5654 Plutarch.
3289 5598 3513 5670 illd-reis,
3537 5592 3855 5670 Δῃμόκριτφςν

2278 5681 2326 5733 ἐν
2350 5677 2435 5750 {Ap
2457 5686 2517 5747 τῇ
2541 5666 2745 5750 armati),
2770 5684 3001 5750 Στρᾳςτων
3088 5667 3378 5750 μεσοφριξῳ.
3402 5666 3533 5750 Vide
3555 5666 3856 5750 disp'utztttu-

2277 5733 2552 5806 ιιοὸιῖιυίὶυ
2572 5733 2783 5816 longam
2808 5733 3072 5801 ii'chsalii
3088 5733 3430 5807 linat'dtt‘tico,
3459 5738 3551 5792 lib.
3570 5751 3641 5792 γι.
3667 5733 3853 5789 Beroe.
