4034 6354
545 304 609 365 71
1524 296 1707 354 Flml.
1753 295 2117 354 LACTANTII
2156 295 2264 354 LIB
2305 297 2391 353 DE
2429 293 2720 354 OPIFICIO
2762 296 2870 354 DEI
3778 302 3845 358 72

546 425 626 480 sic
653 429 1096 494 argumentantur
1115 435 1143 475 -:
1172 434 1235 475 ex
1262 433 1330 475 eo
1361 433 1520 490 posse
1549 417 1811 490 intelligi,
1837 419 1980 473 aliud
2007 433 2130 474 esse
2159 421 2212 480 Α
2235 417 2426 488 quibus
2457 420 2656 488 cogitat
2680 459 2694 481 ,
2742 425 2964 487 repente
2995 429 3220 472 somnus
3246 416 3459 488 obrepit
3485 459 3501 485 ,
3535 429 3591 474 et
3626 419 3678 474 in
3711 433 3836 491 spe-

547 527 782 573 rnentem
807 557 824 584 ,
855 514 998 570 aliud
1023 515 1254 568 animam
1276 554 1289 578 ,
1319 512 1442 582 quia
1494 511 1749 566 incolumi
1770 513 1947 566 anima
1987 526 2138 566 mens

548 608 717 681 possit
746 606 1021 678 extingui,
1054 605 1196 676 quod
1221 604 1471 659 accidere
1494 605 1668 658 soleat
1705 603 1947 668 insanis;
1977 603 2136 668 item,

544 702 685 773 quod
713 703 891 755 anima
923 709 1095 754 morte
1123 698 1388 768 sopiatur,
1419 698 1633 752 animus
1683 710 1878 752 somno
1903 736 1920 763 ,
1944 703 1999 750 et
2022 694 2142 765 qui-

544 795 664 850 dem
695 793 804 860 sic,
833 801 1028 846 utnon
1084 800 1332 858 tantum,
1399 790 1526 860 quid
1579 787 1707 854 flat,
1756 799 1848 844 aut
1899 789 1987 842 ubi
2034 788 2138 852 sit,

547 895 788 960 ignoret,
819 887 914 942 sed
959 887 1121 941 etiam
1149 901 1329 940 rerum
1377 883 1630 939 falsarum
1682 881 2142 952 contemplatione

471 971 476 978 ’
547 983 776 1036 fallatur.
805 978 962 1047 Quod
994 979 1169 1049 ipsum
1195 977 1468 1047 quomodo
1500 976 1589 1030 fiat
1613 1015 1630 1042 ,
1674 990 1783 1031 non
1817 984 1994 1046 potest
2021 991 2144 1046 per-

543 1073 750 1138 videri;
775 1088 872 1128 cur
901 1070 1020 1136 iiat,
1057 1079 1256 1140 potest.
1308 1068 1441 1123 Nam
1474 1069 1814 1138 requiescere
1845 1068 1993 1124 nullo
2018 1082 2145 1138 pac-

546 1175 600 1220 to
626 1178 915 1235 possumus
936 1204 948 1226 ,
981 1163 1083 1216 nisi
1115 1176 1267 1217 mens
1323 1160 1588 1215 visionum
1618 1160 1939 1232 imaginibus
1982 1174 2145 1216 occu-

546 1269 669 1330 pata
700 1266 969 1316 teneatur.
1005 1256 1162 1310 Latet
1209 1264 1392 1310 autem
1424 1249 1582 1309 mens
1627 1268 1884 1324 oppressa
1912 1269 2139 1318 somno,

546 1361 818 1421 tamquam
853 1350 987 1419 ignis
1014 1347 1248 1403 obducto
1273 1347 1456 1402 cinere
1484 1347 1712 1416 sopitus,
1745 1361 1906 1417 quem
1937 1347 1982 1401 si
2015 1361 2147 1416 pau-

545 1444 710 1500 lulum
736 1444 1130 1511 commoveris,
1159 1456 1344 1497 rursus
1397 1440 1661 1506 ardescit,
1713 1450 1770 1496 et
1802 1443 1955 1510 quasi
1977 1441 2145 1512 evigi-

547 1540 640 1594 lat.
672 1539 942 1596 Avocatur
969 1553 1099 1609 ergo
1147 1536 1452 1591 simulacris
1482 1577 1497 1602 ,
1553 1535 1727 1590 donec
1777 1535 2022 1590 membra
2051 1550 2141 1590 so-

545 1649 678 1704 pore
716 1632 929 1702 irrigata
983 1640 1339 1700 vegetentur;
1398 1643 1597 1698 corpus
1652 1629 1832 1694 enim,
1885 1627 2143 1697 vigilante

547 1739 708 1780 sensu
729 1767 742 1789 ,
769 1723 895 1778 licet
920 1724 1099 1792 jaceat
1153 1720 1428 1775 immobile
1451 1761 1464 1785 ,
1515 1730 1694 1774 tamen
1741 1735 1850 1774 non
1877 1729 1962 1774 cst
1990 1721 2143 1790 quic-

2245 512 2357 566 cies
2387 513 2659 582 proximas
2687 511 2888 566 sensim
2918 511 3033 581 ipsa
3062 511 3314 581 cogitatio
3343 512 3582 568 declinat
3614 531 3626 565 :
3660 515 3737 568 sic
3757 531 3838 584 ea,

2240 619 2361 673 qua:
2393 604 2494 658 sibi
2521 614 2644 658 ante
2684 602 2873 658 oculos
2924 611 3210 672 posuerat,
3242 603 3427 659 videre
3475 619 3692 675 quoque
3714 607 3841 661 inri-

2244 696 2339 764 pit.
2373 694 2578 748 Deinde
2627 693 2870 764 procedit
2929 695 3191 762 ulterius,
3241 704 3297 750 et
3350 696 3453 752 sibi
3493 707 3839 754 avocamenta

2249 785 2492 850 invenit,
2531 800 2600 841 ne
2653 785 3066 840 saluberrimam
3099 787 3337 856 quietem
3382 789 3631 860 corporis
3680 791 3840 846 inter-

2245 894 2477 954 rumpat.
2510 884 2640 938 Nam
2666 893 2724 939 ut
2743 901 2896 940 mens
2924 899 3021 954 per
3043 884 3188 941 diem
3214 887 3359 943 veris
3380 888 3688 946 visionibus
3712 905 3839 944 avos

2243 987 2412 1041 catur,
2443 994 2510 1032 ne
2532 978 2879 1043 obdormiat,
2916 979 2984 1033 ita
3031 978 3181 1034 falsis
3235 991 3395 1037 nocte
3415 1022 3432 1047 ,
3460 995 3530 1037 ne
3553 983 3838 1037 excitetur.

2245 1068 2376 1123 Nam
2408 1071 2454 1124 si
2503 1071 2677 1124 nullas
2727 1069 2988 1138 imagines
3037 1079 3262 1138 cernat,
3291 1063 3385 1127 aut
3430 1071 3655 1142 vigilare
3697 1071 3841 1128 illam

2248 1178 2471 1218 necesse
2499 1163 2634 1228 erit,
2665 1173 2757 1216 aut
2785 1171 3042 1231 perpetua
3072 1171 3246 1219 morte
3290 1165 3478 1235 sopiri.
3535 1165 3840 1221 Dormiendi

2246 1273 2374 1326 ergo
2403 1272 2561 1312 causa
2591 1257 2788 1311 tributa
2819 1265 2903 1311 est
2926 1271 2956 1310 a
2982 1256 3096 1312 Deo
3125 1259 3263 1312 ratio
3291 1257 3636 1324 somniandi;
3663 1268 3720 1314 et
3738 1260 3843 1330 qu?-

2246 1350 2368 1405 dem
2401 1353 2453 1405 in
2482 1366 2771 1406 commune
2802 1349 3070 1405 universis
3113 1351 3482 1408 animantibus
3532 1369 3546 1406 :
3593 1353 3689 1407 sed
3717 1352 3841 1406 illud

2247 1444 2449 1499 homini
2503 1445 2812 1514 praecipue,
2871 1444 3014 1515 quod
3060 1458 3182 1498 cum
3240 1459 3358 1500 eam
3397 1445 3664 1501 rationem
3708 1447 3844 1502 Deus

2247 1537 2440 1606 quietis
2460 1551 2618 1591 causa
2644 1535 2840 1603 daret,
2873 1535 3185 1591 facultatem
3227 1535 3330 1591 sibi
3374 1537 3597 1608 reliquit
3619 1538 3845 1594 docendi

2248 1628 2519 1684 hominem
2555 1629 2729 1684 futura
2759 1645 2853 1698 per
2878 1630 3166 1684 somnium.
3198 1627 3328 1685 Nam
3350 1638 3408 1684 et
3430 1629 3674 1685 historia:
3703 1645 3845 1701 saepe

2247 1731 2514 1777 testantur
2541 1723 2785 1778 extitisse
2815 1723 3024 1777 somnia
3045 1765 3060 1788 ,
3109 1737 3339 1794 quorum
3373 1737 3616 1794 praesens
3660 1733 3716 1780 et
3756 1724 3848 1779 ad-

549 1824 689 1881 tutn,
714 1815 838 1886 quia
861 1814 1048 1884 ﬂagrat
1074 1816 1125 1868 in
1149 1829 1215 1868 eo
1245 1827 1469 1878 sensus,
1495 1821 1550 1866 et
1580 1812 1795 1880 vibrat,
1819 1821 1875 1866 ut
1899 1811 2138 1881 ﬂamma,
2174 1824 2223 1884 Β
2253 1815 2510 1869 mirabilis
2535 1813 2698 1870 fuerit
2741 1823 3002 1881 eventus;
3032 1825 3086 1870 et
3114 1830 3372 1886 responsa
3419 1825 3602 1871 vatum
3638 1827 3852 1872 nostro-

546 1917 600 1962 et
627 1916 774 1961 artus
800 1921 990 1962 omnes
1017 1906 1083 1959 ad
1111 1921 1171 1961 se
1197 1904 1488 1959 adstrictos
1519 1913 1685 1959 tenet.

621 1999 726 2055 Sed
752 2010 1036 2070 postquam
1079 2012 1234 2052 mens
1281 1998 1347 2051 ad
1390 1995 1840 2067 contemplandas
1885 1996 2148 2068 imagines

544 2092 612 2146 ab
641 2093 935 2148 intentione
961 2090 1204 2145 traducta
1225 2097 1309 2143 est
1329 2131 1342 2154 ,
1379 2096 1507 2143 tunc
1527 2088 1743 2143 denmm
1763 2103 1963 2160 corpus
1987 2104 2150 2146 omne

453 2180 458 2185 ”
551 2186 839 2240 resolvitur
862 2186 915 2239 in
956 2185 1214 2254 quietem.
1267 2182 1586 2236 Traducitur
1612 2191 1791 2235 autem
1822 2198 1976 2238 mens
2005 2185 2151 2254 engi-

553 2279 755 2332 tatione
779 2292 921 2332 caeca
945 2317 960 2342 ,
989 2291 1109 2331 cum
1163 2274 1478 2344 cogentibus
1533 2274 1771 2328 tenebris
1821 2288 2004 2328 secum
2032 2284 2150 2329 tan-

550 2370 829 2425 tummodo
857 2385 978 2425 esse
1006 2368 1233 2438 coeperit
1273 2386 1286 2422 :
1319 2367 1446 2421 dum
1506 2367 1709 2421 intenta
1763 2376 1849 2422 est
1872 2367 1924 2421 in
1955 2383 2051 2435 ea,
2082 2369 2150 2424 de

2253 1923 2370 1962 rum
2398 1923 2464 1962 ex
2489 1918 2641 1978 parte
2666 1908 2862 1963 somnii
2890 1909 3270 1964 constiterunt.
3303 1907 3481 1977 Quare
3507 1925 3688 1980 neque
3708 1924 3849 1966 sem—-

2253 2013 2350 2070 per
2381 2014 2505 2054 vera
2536 2008 2694 2068 sunt,
2737 2015 2913 2070 neque
2955 2016 3174 2072 semper
3221 2001 3354 2057 falsa
3378 2043 3395 2068 ,
3424 2001 3654 2072 Virgilio
3683 2013 3851 2071 teste,

2254 2095 2345 2163 qui
2368 2094 2502 2149 duas
2539 2103 2721 2164 portas
2746 2095 2914 2150 voluit
2939 2110 3062 2151 esse
3087 2096 3441 2150 somniorum.
3476 2095 3584 2152 Sed
3603 2111 3728 2167 quae
3749 2095 3847 2154 fal-

2257 2202 2314 2240 sa
2343 2196 2498 2253 sunt,
2531 2186 2832 2242 dormiendi
2861 2202 3023 2244 causa
3072 2188 3363 2255 videntur;
3410 2203 3530 2259 quae
3553 2204 3685 2244 vera
3707 2231 3723 2253 ,
3753 2189 3851 2245 im-

2257 2282 2537 2336 mittuntur
2585 2298 2614 2337 a
2649 2282 2793 2348 Deo,
2828 2293 2886 2336 tit
2914 2282 3198 2338 imminens
3250 2281 3453 2338 bonum
3502 2291 3596 2338 aut
3655 2282 3851 2338 malum

2256 2374 2357 2429 hac
2378 2375 2707 2432 revelatione
2733 2374 3024 2430 discamus.
3831 2396 3853 2446 Α

1869 2506 2236 2568 VARIORUM
2275 2515 2503 2571 ΝΟΤίΕ.

670 2649 953 2714 Consilium,
979 2647 1109 2712 quod
1141 2659 1232 2696 nos
1254 2647 1466 2695 animum
1487 2651 1806 2709 mentemque
1829 2659 2074 2698 vocamus.

622 2759 758 2815 Sunt
786 2758 874 2827 qui
900 2756 1172 2812 Actianam
1206 2755 1341 2808 hanc
1363 2755 1682 2827 sententiam
1713 2753 1818 2810 huc
1845 2754 2085 2810 referunt
2121 2773 2133 2811 :

548 2826 1034 2900 Sapimusauimo,
1069 2827 1293 2881 fruimur
1321 2827 1495 2900 au_ima
1525 2843 1538 2880 :
1571 2826 1688 2879 sine
1727 2829 1906 2900 animo
1955 2829 2131 2883 anima

548 2896 862 2956 estdebilis.
906 2902 1092 2954 (licero
1147 2900 1299 2965 prim.
1363 2897 1522 2950 Tusc.
1556 2906 1745 2968 quiest.
1784 2896 2129 2968 philosopho-

549 2989 663 3028 rum
697 2972 763 3026 de
789 2973 964 3025 anima
1005 2970 1251 3038 dogmata
1300 2970 1565 3033 recitatis,
1627 2967 1768 3022 inter
1815 2967 2010 3022 caetera
2053 2973 2130 3024 sic

548 3045 734 3098 scribit
767 3063 779 3098 :
809 3044 1049 3097 Animum
1088 3049 1254 3093 autem
1282 3038 1504 3092 animum
1539 3039 1688 3092 etiam
1713 3039 1819 3108 fere
1843 3045 2004 3092 nostri
2043 3042 2128 3094 tle-

548 3117 742 3168 clarant
771 3114 1042 3168 nominari.
1103 3110 1239 3164 Nam
1287 3120 1333 3164 et
1372 3127 1521 3180 agere
1571 3111 1826 3174 animum,
1861 3122 1905 3164 et
1953 3111 2131 3182 efﬂare

549 3187 859 3250 dicimus,ct
882 3188 1171 3249 animosos,
1204 3191 1249 3237 et
1279 3182 1402 3236 bene
1449 3182 1701 3235 animatos
1723 3225 1736 3244 ,
1787 3193 1830 3235 et
1877 3199 1940 3235 ea:
1977 3186 2134 3237 animi

546 3259 808 3311 sententia.
842 3257 866 3309 Ι
879 3274 964 3324 pse
989 3266 1156 3308 autem
1178 3254 1379 3308 animus
1419 3252 1482 3305 ab
1515 3254 1686 3306 anima
1713 3253 1995 3324 dictusest.
2026 3259 2132 3310 Ac-

553 3329 708 3383 tiaure
735 3323 1013 3382 sententia:
1042 3325 1268 3380 similem
1294 3324 1497 3378 Nonius
1530 3324 1808 3378 Marcellus
1843 3323 1999 3379 eﬂ'crt
2047 3327 2130 3380 Itis

550 3402 727 3453 verbis
759 3417 769 3451 :
806 3400 1015 3452 Animus
1046 3407 1114 3450 est
1137 3413 1235 3466 quo
1277 3397 1503 3463 sapimus
1524 3437 1536 3457 ,
1567 3397 1738 3448 anima
1764 3413 1864 3464 qua
1903 3398 2132 3452 vivimus.

550 3469 830 3524 Cornelius
862 3469 1060 3522 Fronto
1093 3486 1106 3521 :
1156 3467 1368 3520 Animus
1419 3467 1635 3536 qualitas
1670 3469 1876 3519 viventis
1901 3509 1914 3531 ,
1963 3469 2136 3522 anima

551 3559 705 3594 musa
733 3543 866 3595 vita}.
910 3539 1015 3594 Sed
1044 3537 1321 3592 audiamus
1353 3553 1415 3590 ex
1457 3537 1731 3591 catholicis
1775 3538 2009 3606 aliquem
2038 3581 2050 3600 ,
2084 3550 2139 3593 et.

550 3614 765 3681 quidem
819 3610 1214 3680 Augustinum,
1265 3607 1356 3661 diu
1385 3609 1453 3681 in
1507 3608 1888 3681 philosophicis
1942 3611 2135 3662 studiis

553 3678 841 3738 versatum.
885 3678 932 3737 Is
960 3685 1010 3734 in
1041 3682 1178 3734 libro
1207 3681 1272 3732 de
1303 3678 1501 3746 Spiritu
1531 3689 1582 3732 et
1623 3679 1797 3732 anima
1821 3694 1938 3748 cap.
1965 3683 2033 3734 54
2062 3683 2138 3734 sic

551 3755 739 3810 scribit
773 3774 787 3810 :
820 3754 1048 3824 Spiritus
1089 3768 1180 3824 pro
1207 3749 1426 3824 spiritali
1452 3750 1623 3824 anima
1642 3792 1656 3814 ,
1694 3751 1772 3824 vel
1797 3767 1888 3824 pro
1917 3768 1975 3804 eo
2001 3752 2140 3823 quod

547 3828 707 3896 spirat
736 3827 787 3879 in
817 3820 1046 3894 corpore.
1084 3821 1213 3896 Item
1262 3822 1486 3896 animum
1538 3820 1672 3873 idem
1711 3822 1958 3896 dicimus,
2004 3820 2140 3896 quod

550 3891 774 3952 animam
806 3891 932 3951 :sed
961 3897 1132 3948 aninm
1158 3895 1272 3946 vitae
1293 3933 1306 3955 ,
1340 3892 1538 3944 animus
1558 3892 1772 3945 consilii.
1815 3891 1964 3946 Unde
1996 3895 2139 3947 aiunt

551 3969 878 4040 philosophi,
910 3977 954 4021 et
982 3968 1090 4020 sine
1111 3967 1280 4040 animo
1310 3964 1464 4015 vitam
1483 3979 1737 4040 manere,
1756 3973 1802 4016 et
1843 3965 1950 4017 sine
1978 3976 2143 4040 mente

551 4033 773 4093 animum
817 4040 1004 4092 durare
1037 4082 1048 4100 ,
1079 4038 1204 4091 sicut
1228 4038 1279 4087 in
1307 4033 1606 4086 uiuentibus.
1657 4034 1737 4087 Ad
1764 4045 1976 4088 mentem
2007 4037 2140 4089 enim

551 4116 799 4181 pertinere
826 4111 1039 4176 videtur,
1064 4109 1266 4181 utisciat
1286 4124 1304 4172 ;
1323 4106 1390 4158 ad
1406 4105 1633 4181 animum
1654 4147 1668 4170 ,
1697 4115 1752 4158 ut
1773 4106 1905 4181 velit.
1934 4107 2136 4162 BETUL.

553 4177 792 4238 Alterum
847 4193 1053 4250 poetam
1114 4177 1720 4250 Epicureum_cred_itur
1767 4193 1815 4250 a7
1864 4177 2141 4250 Lactantio

559 4255 828 4324 Virgilium
848 4247 1020 4309 fuisse
1049 4247 1405 4324 designatum.
1455 4247 1705 4324 Virgilius
1733 4249 1957 4324 enim_in
1998 4248 2139 4324 Cu'is

554 4319 690 4381 vers.
729 4328 763 4380 5
785 4335 840 4379 et
862 4325 895 4379 4
927 4327 1041 4394 ipse
1064 4338 1122 4378 se
1173 4322 1493 4394 Epicureum
1537 4322 1831 4394 profitetur.
1877 4319 2013 4394 Hinc
2040 4319 2143 4375 Fa-

557 4397 772 4457 bricius,
802 4397 894 4452 lib.
920 4391 1135 4464 tn,cap.
1157 4391 1499 4450 55’Bihlioth.
1529 4391 1732 4464 Grrecze
1758 4391 2032 4462 Virgilium
2058 4408 2144 4447 re-

2246 2655 2438 2713 llistor.
2478 2657 2722 2722 animal.,
2757 2674 2876 2726 cap.
2909 2659 2996 2723 10,
3031 2657 3127 2714 sed
3155 2667 3212 2713 et
3250 2658 3304 2713 in
3327 2673 3394 2714 eo
3427 2658 3592 2715 falsus
3617 2658 3848 2715 Lactan-

2245 2728 2350 2782 tius
2373 2738 2454 2782 est
2479 2772 2492 2790 ,
2524 2731 2666 2799 quod
2694 2739 2748 2784 et
2779 2731 3046 2785 somnium
3079 2741 3131 2786 et
3175 2731 3500 2785 insomnium
3554 2733 3752 2786 mentis
3773 2731 3849 2785 af-

2243 2800 2413 2871 lectus
2442 2817 2562 2856 esse
2618 2811 2796 2869 putat,
2827 2817 2948 2856 cum
2994 2803 3102 2856 sint
3155 2800 3488 2871 phantasiae,
3543 2813 3599 2856 ut
3645 2802 3741 2856 lib.
3782 2802 3848 2856 de

2240 2870 2469 2924 insomn.
2505 2887 2554 2927 c.
2591 2891 2638 2943 p.
2672 2875 2852 2928 ctdixi
2881 2889 3004 2944 sup.
3059 2870 3164 2927 lib.
3188 2889 3259 2928 vtt
3307 2874 3569 2998 lnstitlnt.,
3601 2889 3726 2945 cap.
3758 2873 3842 2930 12.

3475 2959 3637 2998 εευς.

2307 3011 2509 3086 Sapore
2543 3016 2760 3082 irrigata
2792 3025 3101 3086 vegetentur.
3139 3015 3291 3082 Quod
3323 2959 3713 3071 careltsflilgrna
3765 3029 3848 3070 re—

2159 3078 2204 3141 C
2236 3078 2403 3154 quie,
2434 3078 2683 3142 durabile
2715 3102 2820 3141 non
2852 3078 2937 3142 cst
2959 3105 2973 3152 ;
2999 3078 3179 3156 inquii
3198 3087 3444 3142 Ovidius.
3499 3086 3733 3142 Necesse
3769 3096 3848 3140 est

2237 3156 2398 3210 etiam
2431 3169 2663 3213 mentem
2693 3161 2977 3229 quiescere
3005 3179 3016 3212 :
3045 3175 3166 3229 qme
3187 3161 3344 3228 quies
3371 3174 3598 3213 somnus
3626 3158 3842 3224 dicitur,

2238 3242 2361 3281 cum
2392 3244 2612 3285 somnus
2643 3231 2775 3284 nihil
2799 3231 2942 3285 aliud
2970 3235 3075 3297 sit,
3105 3247 3268 3301 quam
3299 3230 3468 3284 animi
3499 3231 3678 3300 quies.

2361 3338 2455 3388 Hic
2477 3346 2671 3403 reparat
2692 3342 2854 3404 vires,
2881 3340 3110 3405 fessaque
3135 3342 3359 3405 membra
3382 3345 3547 3405 novat.

3137 3404 3294 3459 Ovid.
3327 3420 3393 3459 ex
3425 3404 3632 3460 BETUL.
3655 3458 3662 3462 .

2315 3511 2461 3586 Mens
2492 3515 2798 3584 cogitatione
2819 3531 2976 3569 circa.
3009 3515 3231 3570 Scilicet
3259 3515 3564 3586 phantasia.

2319 3585 2682 3638 Avocamenta.
2711 3586 2765 3640 In
2799 3604 2901 3641 tns.
2935 3588 3065 3641 Bov.
3090 3585 3475 3640 adnotamenla.

2326 3654 2545 3710 Necesse
2567 3659 2681 3710 erit.
2709 3658 2798 3713 Sic
2825 3660 3040 3726 reposui
3066 3674 3131 3712 ex
3159 3674 3290 3712 Inss.
3339 3655 3692 3727 Regio-PaL,
3726 3655 3759 3711 5
3777 3656 3848 3710 al.

2245 3727 2401 3795 lleg.,
2454 3730 2485 3779 ti
2527 3727 2787 3792 Colbcrt.,
2849 3731 3059 3793 Marum,
3118 3730 3257 3791 Etn.,
3315 3728 3520 3790 Baluz.,
3578 3727 3840 3792 (λιιι-01η..

2243 3797 2435 3863 Βι·ιιιι.,
2464 3798 2550 3854 ed.
2579 3798 2775 3854 Cellar.
2810 3800 2865 3854 ln
2892 3801 2917 3854 1
2954 3801 3086 3870 lleg.
3116 3812 3170 3855 et
3192 3800 3401 3855 cunctis
3433 3815 3569 3870 pene
3597 3799 3851 3870 vulgatis,

2243 3886 2444 3923 necesse
2472 3881 2566 3925 est.

2317 3962 2460 4018 Illud
2516 3965 2706 4018 homini
2746 3966 3024 4035 prmcipue.
3075 3965 3424 4025 Heumannus
3479 3970 3634 4034 putat
3676 3962 3853 4034 legen-

2243 4036 2370 4108 dum
2398 4051 2555 4108 esse,
2605 4037 2694 4090 sed
2746 4037 2876 4091 illud
2917 4038 3138 4090 hominis
3201 4038 3516 4108 praecipuum
3557 4045 3658 4108 est,
3705 4035 3854 4108 just:

2245 4105 2383 4179 hanc
2435 4107 2712 4179 Ciceronis
2767 4108 3091 4179 locutionem
3123 4105 3293 4162 Orat.
3313 4105 3409 4176 pro
3444 4106 3661 4176 Ligario
3693 4106 3754 4161 n"
3774 4105 3806 4161 9
3837 4123 3853 4160 :

2250 4176 2363 4248 Hoc
2389 4188 2520 4230 certe
2542 4176 2856 4248 prwcipuum
2887 4178 3170 4232 Tuberonis
3200 4180 3297 4247 fuit
3325 4220 3340 4243 ,
3362 4180 3520 4248 quod.

2324 4247 2524 4302 Futura
2544 4247 2644 4317 per
2673 4253 2946 4304 somnium.
2984 4249 3050 4305 Ut
3091 4247 3381 4320 Iosephus
3409 4257 3462 4302 et
3495 4247 3691 4320 Daniel
3711 4261 3856 4302 som-

2251 4321 2460 4373 niorum
2494 4321 2816 4390 interpretes
2845 4322 3086 4385 fuerunt,
3113 4331 3167 4374 et
3197 4318 3454 4375 Dominus
3485 4334 3582 4388 per
3609 4318 3854 4374 Johelem

2250 4391 2354 4446 hoc
2393 4389 2737 4447 divinationis
2781 4409 2950 4463 genus
2994 4392 3312 4446 mortalibus
3352 4391 3618 4460 promisit.
3654 4389 3765 4446 Sed
3808 4400 3858 4444 et

558 4463 1170 4535 tulitinterEpicureos.
1223 4463 1326 4518 Alii
1375 4473 1553 4516 tamen
1607 4463 1884 4516 Horatium
1918 4474 2136 4535 putant,
2169 4471 2220 4531 Ι)
2249 4463 2300 4517 in
2329 4463 2620 4516 Gentilium
2653 4463 2890 4518 historiis
2940 4479 3085 4532 smpe
3140 4463 3856 4535 iusomnia_iniuiiue__vaua

556 4557 712 4608 quem
746 4534 1206 4608 intcrEpicureos
1261 4543 1445 4602 poetas
1495 4543 1814 4608 inimeraut,
1874 4534 2143 4608 pruicipue

557 4602 618 4664 cx
649 4611 763 4665 Ode
785 4612 819 4665 5
851 4602 972 4663 libri
995 4623 1042 4671 ι,
1074 4617 1126 4660 et
1151 4607 1473 4660 Scrmonum
1503 4603 1596 4673 lib.
1623 4618 1657 4656 n
1679 4644 1692 4665 ,
1723 4602 1904 4673 Satyr.
1945 4604 1998 4658 5.

629 4683 787 4736 Aliud
809 4681 1051 4733 animam.
1086 4677 1174 4734 Sic
1205 4690 1304 4729 ms.
1339 4674 1492 4739 Bov.,
1524 4672 1576 4726 in
1619 4673 1776 4728 editis
1813 4672 1942 4730 vero
1974 4675 2148 4730 minus

558 4753 695 4807 bene
723 4752 916 4823 legitur
944 4749 1087 4823 aliud
1123 4747 1492 4823 essganimam.

632 4815 854 4879 Fiatfhi
887 4837 990 4877 ms.
1025 4821 1154 4874 Bov.
1201 4816 1402 4872 Faciat.
1434 4825 1488 4871 et
1514 4815 1650 4871 BDN.
1679 4846 1740 4856 ——
1781 4815 1918 4884 Quid
1964 4815 2142 4885 facint.

557 4895 710 4950 Rost.
755 4894 890 4950 Ven.
945 4893 1106 4956 M71,
1163 4890 1273 4954 72,
1317 4896 1540 4957 tttraque
1583 4887 1650 4942 78
1678 4887 1893 4944 -1515.
1951 4889 2145 4955 Paris,

555 4966 730 5032 Junt.,
786 4965 959 5028 Crat.,
1010 4963 1240 5035 Gryph.,
1297 4959 1577 5024 Thomas,
1627 4959 2142 5035 lsmus,gGaﬁll:eus,

555 5038 922 5110 Spark.,iquid
943 5032 1424 5110 ﬁut_,'Het_tm_anno
1450 5033 1800 5110 approbante.
1829 5033 1898 5110 -ᾼι
1943 5032 2143 5099 Emm.,

556 5102 737 5177 Cant.,
760 5102 954 5170 'G'oth.,
986 5107 1157 5176 Lips.,
1185 5104 1445 5177 Reimm.,
1479 5102 1604 5177 quid
1625 5103 1806 5177 faciat.
1829 5103 1959 5177 Buri.

633 5174 749 5235 Nisi
777 5197 948 5243 mens,
980 5174 1083 5232 etc.
1118 5179 1210 5231 Est
1233 5174 1374 5229 enim
1399 5216 1414 5238 ,
1445 5183 1503 5228 ut
1531 5174 1719 5229 Cicero
1740 5174 1937 5229 alicubi
1965 5175 2140 5239 docet,

558 5251 755 5307 mentis
805 5250 1135 5306 incredibilis
1187 5245 1404 5300 videndi
1447 5247 1558 5299 veri
1609 5245 1891 5316 cupiditas.
1945 5245 2049 5300 Sed
2083 5262 2144 5302 ea

559 5340 682 5391 pars
702 5339 820 5405 quae
849 5323 1099 5403 φαντασξα
1119 5318 1320 5375 Griecis
1343 5360 1357 5382 ,
1392 5317 1569 5372 latinis
1590 5318 1895 5399 imaginatio
1922 5317 2142 5381 dicitur,

557 5389 835 5449 erroribus
857 5389 1094 5447 obnoxia
1123 5433 1139 5458 ,
1170 5397 1404 5444 mentem
1431 5403 1575 5459 saepe
1618 5403 1800 5443 secum
1842 5389 1893 5441 in
1924 5404 2141 5444 errores

559 5466 739 5519 trahit.
766 5466 1072 5520 Lactantius
1109 5463 1216 5524 ait,
1250 5461 1486 5514 animum
1521 5475 1697 5514 rerum
1729 5459 1982 5513 falsarum
2012 5475 2145 5515 eon-

560 5538 904 5608 templatione
937 5535 1041 5590 falli
1064 5532 1219 5608 ,_l‘alli
1249 5531 1409 5586 etiam
1437 5531 1738 5608 insomniis.
1783 5529 2107 5608 P_hantasnta
2127 5572 2142 5596 ,

558 5601 866 5663 Laclantius
889 5606 1264 5676 cogitationem
1295 5618 1490 5676 czecam
1514 5602 1772 5656 nominat.
1804 5601 2011 5676 BETUL.

631 5679 766 5734 Nam
796 5673 1221 5747 requiescere...”
1253 5674 1562 5747 imaginibus
1614 5684 1861 5727 teneatur.
1883 5673 2018 5739 Quid
2055 5674 2144 5742 qui

557 5769 664 5808 non
708 5745 1018 5817 somniant,
1078 5759 1130 5804 et
1180 5745 1371 5802 tamen
1398 5745 2144 5817 dormiunretquiescunt,

556 5833 615 5886 ut
641 5824 827 5926 scribit
852 5815 1018 5884 Arist.
1049 5822 1107 5882 in
1134 5819 1302 5880 libell.
1341 5818 1411 5878 de
1451 5816 1655 5894 Somno
1681 5815 1735 5876 in
1781 5816 1875 5901 lln.
1910 5823 1965 5886 et
2008 5829 2058 5871 tv
2080 5815 2148 5872 de

2251 4544 2576 4598 occurrunt;
2635 4537 2811 4604 qualia
2850 4535 3114 4599 Valerius,
3160 4535 3253 4588 lib.
3305 4549 3320 4587 ι
3373 4533 3582 4602 aliquot
3616 4533 3857 4602 collegit,

2251 4620 2552 4673 quanquam
2589 4608 2919 4678 peripatetici
2965 4621 3180 4660 onmem
3217 4607 3326 4660 fere
3365 4604 3758 4678 divinationem
3796 4619 3856 4678 ex

2249 4678 2476 4730 somniis
2529 4673 2739 4730 tolluni.
2789 4678 3179 4733 Circumfertur
3212 4673 3558 4738 Artemidori,
3614 4675 3755 4728 liber
3795 4674 3860 4728 de

2250 4748 2579 4800 Somniorum
2635 4750 3108 4817 interpretatione.
3167 4749 3332 4802 meris
3394 4746 3630 4800 refertus
3678 4746 3857 4815 nugis.

2253 4817 2570 4882 Macrobius,
2593 4835 2711 4889 cap.
2741 4821 2796 4888 ’5,
2828 4819 2919 4874 lib.
2951 4836 2965 4873 t
2989 4821 3056 4874 de
3078 4819 3300 4874 Somnio
3320 4817 3860 4889 Scipionis,quinquc

2250 4891 2552 4945 somniandi
2580 4888 2778 4960 genera
2811 4893 3014 4946 diserte
3046 4899 3101 4944 et
3127 4889 3346 4960 copiose
3377 4888 3746 5013 progequitur.

3516 4973 3680 5013 ETUL.

3516 4973 3680 5013 ETUL.

2333 5032 2514 5087 Vatum
2548 5043 2856 5088 nostrorum.
2899 5032 3062 5087 ldest
3103 5031 3514 5101 pmphctarum.
3564 5029 3856 5086 Fusucms.

2327 5104 2408 5158 Ea:
2438 5115 2579 5170 parte
2604 5106 2788 5157 somnii
2805 5106 3155 5158 constiterunt.
3178 5103 3253 5156 lta
3277 5117 3467 5156 omnes
3493 5116 3626 5154 mss.
3650 5113 3705 5155 et
3729 5102 3859 5156 editi

2251 5175 2413 5231 Rom.
2440 5175 2596 5240 1470,
2635 5176 2795 5241 1474,
2821 5177 3043 5238 (Jellar.,
3071 5174 3283 5229 Wulch.
3308 5173 3366 5227 lit
3389 5173 3604 5227 cmteris
3629 5173 3860 5240 impres-

2251 5251 2325 5301 sis
2355 5258 2436 5302 est
2462 5265 2526 5302 ex
2547 5256 2688 5319 parte
2707 5248 2916 5319 somniis
2943 5249 3347 5319 constituerunt:
3373 5243 3520 5319 quod
3543 5244 3718 5312 magis
3751 5247 3857 5319 plaf

2251 5321 2462 5374 ceretsi
2493 5315 2980 5387 manuscriptorum
3015 5317 3292 5371 fulciretur
3317 5317 3677 5381 auctoritate;
3709 5315 3861 5384 quasi

2254 5389 2497 5444 diceret:
2534 5389 2885 5444 Oraculornm
2928 5398 3235 5444 nostrorum
3270 5403 3390 5457 pars
3429 5387 3691 5453 maxima,
3720 5387 3860 5440 vati-

2251 5460 2545 5516 cinantium
2574 5461 2781 5515 somnia
2812 5461 3045 5524 fuerunt,
3075 5459 3170 5515 sed
3203 5458 3448 5526 quaedam
3466 5472 3618 5527 vera,
3644 5467 3700 5512 et
3716 5471 3864 5527 qua!-

2251 5534 2372 5585 dam
2391 5531 2892 5594 falsa.—llr.covm.
2913 5532 3034 5588 Atta
3045 5548 3165 5587 tuen
3185 5531 3451 5587 editiones
3466 5526 3610 5592 Aldi,
3627 5526 3859 5590 Erasmi,

2253 5602 2554 5662 Thomasii,
2589 5602 2774 5672 Thysii
2797 5645 2810 5665 ,
2835 5613 2962 5668 etc.,
2998 5606 3187 5658 habent
3224 5601 3434 5656 somniis
3466 5600 3858 5672 constituerunt.

2336 5673 2548 5744 Virgilio
2587 5671 2726 5726 teste.
2753 5674 2886 5729 Vidc
2916 5674 3104 5742 Virgil.
3142 5672 3361 5726 ΑΞιιθὶιι.
3390 5687 3439 5725 Vl
3468 5671 3613 5744 circi)
3651 5671 3814 5724 linem
3846 5691 3859 5726 :

2255 5745 2394 5800 hanc
2427 5741 2634 5798 'somnii
2669 5746 2937 5800 tictionem
2996 5741 3202 5812 primus
3251 5743 3528 5812 expressit
3569 5741 3858 5811 Homerus,

2255 5815 2511 5885 Odyssea;
2533 5815 2625 5881 lib,
2655 5837 2733 5887 τη
2769 5816 2856 5887 ubi
2888 5815 3185 5890 Penelopes
3215 5813 3474 5898 describit
3503 5813 3862 5908 insomnium,
