4034 6354
176 296 248 371 is
1427 313 1626 372 mean
1669 312 1758 371 or:
1794 324 1799 357 ι

1915 310 2091 393 rimo
2132 313 2258 370 DEI.
2692 267 2701 273 ’
3429 316 3499 375 τι

774 436 998 495 CAPUT
1049 436 1191 493 XIX.

579 571 661 628 De
688 572 878 638 anima,
913 587 1067 642 eaque
1100 588 1132 624 a
1160 568 1270 626 Deo
1291 572 1432 629 data.

262 708 401 765 Illud
426 722 651 780 qumque
671 708 857 763 venire
874 706 927 761 in
947 705 1300 778 quastionem
1325 717 1520 779 potest,
1546 719 1795 766 utrumne

187 800 367 857 anima
395 816 465 857 ex
495 810 669 872 patre,
697 814 763 854 an
794 799 966 870 potius
992 815 1057 853 ex
1084 806 1273 865 matre,
1305 816 1373 855 an
1402 815 1533 856 vero
1561 816 1626 857 ex
1649 812 1797 858 utro-

187 911 293 967 que
310 903 632 968 generetur.
669 892 775 951 Sed
803 907 905 963 ego
930 892 981 947 id
1010 893 1062 946 in
1083 907 1149 948 eo
1174 892 1298 963 jure
1324 893 1394 948 ab
1419 894 1637 964 ancipiti
1650 913 1795 961 ,νωι-

196 991 339 1046 dico.
370 988 519 1046 Nihil
547 988 693 1044 enim
722 1002 786 1043 ex
820 986 905 1041 his
934 987 1106 1042 tribus
1130 1001 1315 1042 verum
1341 998 1445 1055 est,
1477 990 1597 1058 quia
1621 1004 1795 1060 neque

188 1101 250 1142 ex
281 1094 536 1157 utroque,
563 1098 740 1154 neque
765 1097 832 1138 ex
857 1080 1120 1137 alterutro
1148 1090 1399 1138 seruntur
1422 1084 1637 1138 anima}.
1664 1083 1795 1138 Cor-

186 1190 288 1249 pus
303 1179 453 1235 enim
476 1193 544 1233 ex
566 1175 886 1247 corporibus
912 1174 1055 1230 nasci
1084 1184 1277 1245 potest,
1301 1177 1555 1245 quoniam
1581 1175 1794 1232 confer-

187 1282 274 1327 tur
302 1271 510 1343 aliquid
537 1285 605 1326 ex
634 1278 898 1339 utroque;
930 1267 997 1323 dc
1024 1267 1219 1323 animis
1246 1268 1420 1323 anima
1452 1283 1559 1324 non
1593 1278 1792 1340 potest,

188 1364 314 1436 quia
338 1378 409 1419 ex
436 1378 498 1418 re
526 1361 671 1417 tenui
699 1369 754 1416 et
774 1358 1303 1430 iucomprehensihili
1332 1359 1465 1415 nihil
1497 1371 1671 1431 potest
1696 1361 1793 1417 de-

188 1456 409 1513 cedere.
443 1454 633 1526 Itaque
687 1452 1041 1509 serendaruin
1095 1452 1397 1508 animarum
1444 1455 1585 1509 ratio
1615 1454 1706 1509 uni
1732 1470 1795 1511 ac

190 1551 296 1608 soli
326 1550 441 1606 Deo
467 1547 736 1620 subiacet.

410 1664 664 1721 Denique,
688 1660 879 1713 ccclesti
903 1675 1072 1713 sumus
1088 1676 1262 1714 omnes
1284 1666 1477 1715 semine
1502 1663 1694 1714 oriundi
1718 1678 1730 1713 :

417 1725 654 1777 Omnibus
674 1725 757 1775 ille
782 1725 913 1776 idem
939 1733 1080 1790 pater
1103 1734 1202 1789 est,

1828 436 1876 495 Α
1911 430 2172 502 corporis,
2207 430 2258 485 in
2278 444 2386 502 quo
2413 438 2497 486 est
2515 431 2738 487 materia
2762 430 3039 500 nascendi,
3066 444 3186 487 cum
3214 447 3377 491 sensu
3405 450 3508 493 vo-

1900 526 2120 596 luptatis
2146 526 2377 593 emittat,
2402 526 2484 581 vel
2513 526 2772 596 recipiat;
2801 534 2855 582 et
2886 525 3020 582 citra
3048 526 3150 583 hoc
3176 543 3311 598 opus
3332 528 3499 586 homo

1898 619 2122 685 resistit,
2156 634 2257 674 nec
2283 617 2516 689 amplius
2548 618 2842 690 quidquam
2874 626 3056 690 potest
3086 629 3178 675 :et
3199 619 3324 677 ideo
3346 622 3497 678 nasci

1898 711 1999 767 sibi
2029 710 2172 767 ﬁlios
2212 720 2436 783 optant,
2478 712 2600 782 quia
2631 727 2737 767 non
2770 712 2869 781 ipsi
2899 712 3123 768 faciunt.
3155 713 3361 770 Cmtera
3386 715 3496 786 jam

1898 805 1993 861 Dei
2030 814 2157 860 sunt
2182 804 2363 860 omnia
2384 846 2399 872 ,
2434 804 2641 861 scilicet
2670 814 2965 874 conceptus
2995 806 3137 878 ipse,
3171 816 3227 862 et
3253 807 3499 878 corporis

1900 898 2227 963 informatio,
2262 908 2312 955 et
2347 897 2630 968 inspiratio
2651 897 2865 962 anima‘,
2891 907 2946 953 et
2974 909 3159 968 partus
3184 899 3495 968 incolumis,

1899 1004 1953 1050 et
1985 1009 2338 1066 qutecumque
2384 994 2643 1063 deinceps
2664 992 2730 1047 ad
2754 992 3028 1047 hominem
3066 994 3497 1050 conservandum

1900 1090 2113 1154 valent;
2139 1089 2284 1145 illius
2307 1103 2503 1145 munus
2526 1098 2605 1144 est
2628 1130 2643 1155 ,
2675 1086 2818 1159 quod
2862 1087 3131 1158 spiramus
3156 1131 3168 1154 ,
3192 1090 3337 1170 quod
3365 1090 3502 1145 vivi-

1900 1198 2042 1249 mus,
2075 1182 2215 1251 quod
2258 1182 2522 1254 vigemus.
2555 1180 2687 1236 Nam
2738 1189 3098 1251 prmlerquam
3143 1182 3284 1252 quod
3328 1182 3500 1252 ipsius

1898 1273 2166 1330 beneﬁcio
2195 1275 2493 1329 incolumes
2524 1288 2710 1328 sumus
2740 1289 2970 1343 corpore
3000 1317 3013 1339 ,
3047 1284 3101 1335 et
3126 1274 3268 1346 quod
3299 1276 3501 1331 victum

1901 1369 2058 1425 nobis
2075 1385 2139 1425 ex
2164 1368 2328 1425 variis
2350 1368 2514 1424 rebus
2536 1366 2932 1431 subministrat,
2948 1368 3269 1438 sapientiam
3287 1385 3503 1440 quoque

1896 1459 2106 1519 homini
2134 1462 2524 1533 tribuit,quam
2562 1470 2810 1516 terrenus
2841 1471 2993 1531 pater
3007 1460 3136 1517 dare
3160 1461 3309 1517 nullo
3338 1462 3503 1518 modo

1902 1566 2101 1628 potest.
2138 1556 2371 1628 Ideoque
2398 1564 2453 1612 et
2480 1555 2548 1612 de
2575 1556 2910 1626 sapientibus
2934 1556 3082 1611 stulti
3106 1598 3120 1622 ,
3147 1565 3202 1612 et
3230 1556 3299 1612 de
3324 1557 3505 1613 stultis

1900 1651 2174 1721 sapientes
2204 1664 2350 1719 saepe
2381 1656 2708 1711 nascuntur;
2742 1648 2882 1718 quod
2914 1647 3130 1719 quidam
3162 1648 3304 1716 l'ato,
3337 1665 3399 1704 ac
3427 1649 3504 1705 si—

1899 1744 2122 1800 deribus
2150 1744 2447 1814 assignant.
2472 1742 2578 1799 Sed
2601 1757 2708 1798 non
2735 1752 2818 1798 est
2842 1759 2982 1799 nunc
3005 1743 3153 1798 locus
3168 1742 3237 1800 ‘de
3260 1743 3369 1798 fato
3395 1743 3507 1799 dis-

201 1845 263 1891 ut
286 1835 361 1890 ait
381 1834 686 1891 Lucretius.
708 1832 834 1888 Nam
858 1832 925 1889 de
955 1833 1279 1890 mortalibus
1307 1851 1415 1890 non
1440 1843 1618 1905 potest
1636 1834 1792 1904 quid-
1822 1847 1870 1908 Β
1899 1834 2142 1893 serendi.
2177 1833 2292 1889 Hoc
2319 1833 2503 1889 dicere
2530 1833 2662 1888 satis
2688 1842 2770 1888 est
2793 1874 2806 1898 ,
2836 1832 2980 1902 quod
3007 1834 3221 1889 etiamsi
3245 1843 3390 1889 astra
3418 1834 3504 1890 ef-

196 1945 359 2000 qnam
389 1929 493 1985 nisi
526 1916 754 1984 mortale
773 1930 1045 1998 generari.
1075 1928 1184 1984 Nec
1220 1929 1396 1999 putari
1422 1936 1578 2000 pater
1595 1926 1786 1994 debet,

195 2024 287 2094 qui
319 2021 696 2089 transfudisse,
720 2030 813 2076 aut
840 2021 1134 2092 inSpirasse
1163 2021 1397 2076 animam
1430 2021 1497 2076 de
1519 2037 1619 2077 suo
1645 2021 1791 2077 nullo

198 2117 363 2173 modo
404 2116 605 2180 sentit;
662 2132 778 2182 nec,
834 2116 878 2169 si
908 2116 1129 2181 sentiat,
1190 2115 1406 2186 quando
1457 2124 1794 2183 tamen,aut

188 2210 465 2283 quomodo
495 2210 547 2266 id
574 2211 681 2276 liat,
711 2209 867 2265 habet
892 2211 1075 2264 animo
1101 2209 1575 2279 comprehensum.

268 2305 346 2359 Ex
382 2319 491 2374 quo
540 2312 784 2375 apparet,
818 2318 922 2357 non
970 2319 996 2355 a
1055 2303 1366 2372 parentibus
1396 2301 1512 2357 dari
1543 2302 1790 2370 animas,

199 2394 295 2451 sed
322 2394 387 2451 ab
416 2410 523 2455 uno
552 2394 853 2465 eodemque
879 2395 1124 2448 omnium
1161 2395 1274 2449 Deo
1291 2406 1468 2465 patre,
1496 2394 1587 2466 qui
1619 2394 1793 2466 legem

192 2487 563 2558 rationemque
584 2485 838 2542 nascendi
863 2495 1010 2541 tenet
1032 2487 1204 2550 solus,
1236 2485 1506 2558 siquidem
1538 2487 1685 2542 solus
1711 2485 1791 2544 ef-

188 2570 319 2637 ﬁcit.
348 2580 482 2638 Nam
502 2581 704 2637 terreni
727 2581 964 2652 parentis
997 2581 1127 2637 nihil
1150 2590 1253 2648 est,
1284 2583 1389 2638 nisi
1421 2592 1478 2639 ut
1505 2582 1786 2641 humorem

1894 1929 2184 1985 ﬁcieutiam
2214 1943 2393 1983 rerum
2410 1927 2709 1989 continent,
2747 1925 3094 1980 nihilominus
3118 1940 3146 1979 a
3180 1925 3291 1981 Deo
3319 1927 3501 1981 omnia

1896 2022 2015 2079 ﬁeri
2046 2030 2255 2077 certum
2279 2030 2363 2076 est
2382 2061 2398 2085 ,
2424 2021 2513 2090 qui
2543 2027 2686 2074 astra
2714 2018 2827 2088 ipsa
2856 2028 2907 2074 et
2939 2017 3064 2074 fecit
3087 2062 3101 2087 ,
3129 2028 3184 2074 et
3206 2019 3498 2075 ordinavit.

1897 2114 2069 2185 Inepti
2091 2129 2224 2183 ergo
2252 2152 2269 2180 ,
2310 2113 2399 2183 qui
2428 2112 2567 2166 hanc
2612 2117 2932 2181 potestatem
2961 2110 3072 2167 Deo
3100 2111 3416 2179 detrahunt,
3448 2121 3504 2168 et

1898 2209 2047 2279 operi
2080 2207 2198 2277 ejus
2229 2204 2549 2261 attribuunt.

1972 2299 2087 2355 Hoc
2114 2299 2277 2370 igitur
2304 2297 2396 2353 Dei
2427 2310 2654 2352 munere
2674 2295 2883 2352 etelesti
2908 2304 3071 2367 atque
3092 2294 3357 2367 praeclaro
3383 2338 3399 2363 ,
3431 2313 3499 2353 an

1902 2404 2139 2459 utamur,
2167 2408 2235 2447 an
2266 2407 2372 2447 nou
2398 2399 2612 2445 utamur
2632 2431 2645 2455 ,
2680 2391 2733 2444 in
2757 2398 2941 2445 nostra
2966 2404 3089 2446 esse
3117 2389 3287 2444 voluit
3319 2396 3505 2459 potes-

1905 2496 2033 2543 tate.
2061 2486 2173 2543 Hoc
2194 2485 2339 2541 enim
2370 2498 2652 2551 concesso,
2684 2482 2859 2555 ipsum
2884 2480 3157 2538 hominem
3181 2481 3399 2539 virtutis
3420 2496 3506 2536 sa-

1898 2593 2176 2641 cramento
2207 2579 2471 2653 religavit,
2495 2594 2601 2651 quo
2624 2579 2789 2635 vitam
2818 2586 3002 2649 posset
3025 2577 3274 2649 adipisci.
3304 2577 3497 2650 Magna

1518 2725 1881 2785 VARIORUM
1909 2725 2142 2784 NOTAE.

259 2864 373 2922 Sed
397 2882 491 2937 ego
512 2864 566 2918 id
583 2865 635 2938 in
656 2882 714 2921 eo
726 2867 848 2938 jure
872 2867 935 2921 ab
949 2866 1163 2938 ancipiti
1187 2866 1418 2921 veridico.
1435 2865 1510 2922 Ita
1533 2880 1634 2938 ms.
1658 2866 1789 2921 Bov.

182 2939 343 3007 quasi
367 2937 521 2992 dicas
554 2954 567 2990 :
598 2937 662 2990 At
693 2937 784 3009 ego
822 2938 876 2992 in
896 2955 949 2993 re
970 2937 1123 2992 dubia
1153 2948 1199 2992 et
1230 2938 1448 3005 ancipiti
1468 2938 1522 3009 id
1541 2937 1790 3009 judican-

186 3010 312 3064 dunt
338 3016 504 3078 pulo,
539 3008 671 3063 nihil
714 3007 778 3064 ea:
806 3010 886 3063 liis
910 3010 1069 3065 tribus
1105 3024 1276 3064 verum
1320 3026 1445 3064 esse.
1479 3007 1693 3079 Vulgati
1720 3008 1791 3062 ita

184 3082 461 3145 scribunt,
482 3080 582 3152 sed
610 3096 700 3152 ego
722 3080 775 3134 id
796 3097 904 3135 meo
926 3082 1046 3152 jure
1074 3080 1138 3136 ab
1159 3081 1374 3150 ancipiti
1387 3079 1793 3151 veridico;un

184 3152 401 3211 nullum
434 3150 604 3207 efﬁcit
636 3150 879 3208 sensum.

263 3242 424 3298 Nihil
452 3259 515 3298 ea:
538 3243 620 3296 liis
649 3244 809 3299 tribus
834 3259 1006 3299 rerum
1031 3255 1124 3300 est.
1159 3244 1324 3301 Vides
1349 3246 1401 3301 in
1434 3253 1546 3300 toto
1576 3244 1681 3301 hoc
1708 3259 1801 3303 ca-

184 3316 302 3386 pite
354 3315 544 3387 negari
590 3314 781 3371 anima:
837 3320 937 3385 per’
986 3317 1261 3373 traducem
1309 3318 1794 3387 propagationem:

186 3333 302 3386 pne
354 3333 544 3382 negari
590 3333 781 3371 ammte
837 3333 932 3385 per
986 3333 1261 3373 trauucem
1346 3333 1794 3387 ropagauonem:

186 3386 335 3443 unde
350 3385 563 3458 falsum
587 3396 691 3453 est,
718 3387 865 3458 quod
912 3388 1156 3458 Rultinus
1185 3333 1342 3457 apud)
1377 3388 1599 3443 Hieron.
1636 3387 1731 3442 lib.
1762 3404 1797 3443 ιι

183 3458 312 3513 adv.
341 3456 644 3523 Bullinum,
672 3456 930 3530 scripsit:
961 3457 1086 3530 Legi
1117 3456 1363 3528 quosdam
1389 3461 1630 3523 dicentes,
1662 3459 1801 3530 quod

186 3532 389 3601 pariter
414 3545 534 3582 cum
556 3544 770 3601 corpore
786 3546 874 3595 per
897 3528 1108 3584 humani
1120 3531 1350 3600 corporis
1367 3530 1632 3584 traducem
1648 3528 1800 3584 etiam

181 3600 379 3657 animle
391 3600 783 3670 diffundantur,
806 3612 852 3655 et
875 3601 1005 3664 lucc,
1024 3602 1204 3669 quibus
1218 3611 1473 3667 poterant.
1493 3602 1802 3656 adsertioni-

185 3672 283 3728 bus
307 3670 713 3740 conﬁrmabant,
742 3672 879 3741 quod
905 3683 1027 3743 puto
1040 3674 1171 3728 inter
1192 3671 1406 3728 Latinos
1430 3671 1801 3729 Tertulliunum

186 3745 446 3799 sensisse
467 3783 482 3807 ,
507 3745 585 3797 vel
614 3743 949 3798 Lactantinm
986 3744 1247 3813 fortasse,
1275 3754 1322 3799 et
1345 3745 1620 3800 nonnullos
1645 3745 1796 3801 alios.

186 3814 421 3872 Rectius
445 3813 809 3885 Hieronymus
837 3817 1035 3871 refutat
1053 3815 1325 3871 Bullinum
1356 3834 1371 3870 :
1405 3816 1665 3884 Quantum
1690 3832 1799 3872 rne-

188 3888 360 3941 moria
393 3887 665 3959 suggerit,
695 3887 791 3941 nisi
818 3896 986 3941 tamen
1015 3889 1190 3959 fallor,
1233 3889 1403 3943 nescio
1430 3929 1443 3952 ,
1477 3903 1555 3942 me
1582 3888 1798 3959 legisse,

180 3957 541 4035 Lactantium
571 3960 969 4035 σρπιιρομένηγ
994 3957 1089 4035 (al.
1109 3976 1172 4014 ea:
1196 3959 1417 4035 traduce
1436 3957 1659 4035 factum)
1688 3961 1800 4014 ani-

184 4047 329 4085 mam
357 4030 554 4084 dicere.
584 4027 853 4084 thter'uui
879 4031 966 4102 qui
988 4031 1169 4101 legisse
1192 4041 1241 4085 te
1264 4027 1465 4096 scribis,
1495 4031 1599 4096 dic,
1623 4027 1675 4083 in
1702 4047 1803 4102 quo

182 4102 323 4156 libro
354 4102 566 4171 legeris,
598 4116 661 4154 ne
691 4111 743 4153 ut
773 4117 851 4155 me
876 4101 1233 4166 dormientem,
1262 4103 1337 4156 sic
1364 4102 1512 4156 illum
1542 4101 1802 4157 mortuum

185 4173 552 4227 calumniatus
572 4186 682 4244 esse
698 4171 937 4227 videaris.
952 4172 1217 4244 Lactantii
1238 4173 1549 4244 Opinionem
1574 4187 1804 4238 cognos-

181 4258 281 4315 cas
326 4259 403 4300 ex
447 4258 569 4310 cap.
602 4242 817 4315 l7,glib.
864 4258 969 4311 vu,
1012 4242 1289 4313 Institut,‘
1309 4260 1430 4315 cap.
1466 4244 1500 4301 5
1538 4253 1597 4301 es
1636 4244 1730 4301 lib.
1765 4260 1803 4300 ιι

184 4314 470 4381 lustitut.,
497 4328 618 4382 cap.
653 4313 740 4370 10.
774 4314 910 4370 Bon.

258 4408 534 4465 Seruntur
561 4409 769 4463 animle.
800 4409 895 4464 Ms.
929 4407 1091 4463 Cauc.
1120 4419 1177 4466 et
1206 4412 1272 4469 10
1301 4410 1431 4467 editi
1458 4410 1661 4467 addunt
1687 4427 1803 4466 cor-

185 4480 433 4551 poribus.
464 4479 608 4547 quod
631 4481 812 4535 caeteri
836 4492 1117 4550 respuunt,
1140 4482 1278 4537 sicut
1305 4491 1360 4538 et
1380 4498 1508 4538 mss.
1526 4482 1801 4549 Francius

183 4554 352 4624 forte.
389 4552 711 4606 inseruntur.
741 4551 840 4624 Ms.
874 4551 1019 4621 Lips.
1052 4563 1289 4609 seruntur
1315 4555 1488 4609 animo
1512 4565 1561 4611 et
1592 4571 1799 4624 corpus.

180 4654 258 4666 —
282 4623 433 4690 Quia
460 4638 735 4695 neque.....
761 4623 1016 4679 Seruntur
1058 4628 1262 4680 animat.
1306 4626 1591 4695 Quaeritur,
1628 4623 1805 4682 utrum

181 4697 374 4751 anima
406 4695 480 4749 sit
516 4710 582 4750 ex
618 4693 862 4760 traduce,
895 4695 948 4749 id
978 4708 1085 4763 est,
1130 4710 1309 4752 utrum
1333 4693 1532 4754 'anima
1561 4693 1685 4753 cum
1715 4713 1805 4754 se-

183 4768 343 4822 mine
379 4763 685 4838 traduciet
716 4767 1007 4822 transmitti
1051 4768 1239 4838 possit.
1279 4769 1586 4825 Lactantius
1625 4778 1803 4837 negat.

182 4836 556 4894 Rectissime.
580 4835 712 4891 Nam
743 4839 1010 4893 contraria
1043 4835 1269 4895 assertio
1282 4842 1531 4896 damnata
1560 4850 1662 4897 est.
1683 4835 1806 4896 Vid.

184 4913 336 4983 Aug.
363 4910 422 4983 in
450 4906 543 4961 lib.
561 4907 628 4983 de
636 4908 943 4983 haeresihus
958 4910 1025 4965 ad
1047 4910 1199 4979 Quod
1226 4912 1341 4968 vult
1367 4914 1548 4975 deum,
1572 4927 1692 4983 cap.
1715 4912 1807 4978 86,

184 4982 258 5056 in_
287 4979 472 5049 epist.
510 4979 584 5056 ad
630 4981 686 5056 S_.
734 4980 1043 5056 llieronym.
1102 4998 1194 5056 per
1226 4984 1388 5056 Oros.
1437 4979 1810 5056 presbyjerum

184 5053 392 5126 missa,
419 5059 479 5105 et
509 5051 559 5126 in
587 5052 747 5126 epist.
776 5052 841 5106 ad
862 5051 1076 5126 0pm.;
1111 5054 1366 5126 [ﬁnenem
1389 5051 1808 5126 tisiiper'Genes.

184 5123 259 5177 ad
305 5137 377 5178 ea
423 5121 589 5176 verba
615 5161 630 5189 ,
683 5122 746 5175 Et
788 5125 1060 5192 wdiﬁcavit
1101 5124 1354 5183 Dominus
1392 5121 1535 5180 Deus
1579 5134 1812 5190 costam;

188 5193 864 5281 Hieron‘znnadvers‘inn
893 5194 959 5250 15
987 5197 1177 5281 psalm.
1203 5213 1368 5263 xxxii;
1388 5198 1447 5253 S.
1466 5197 1754 5281 Thomam.
1779 5214 1813 5252 ιι

187 5265 732 5335 contr.Gent.,cap.
753 5265 842 5331 86,
864 5282 914 5337 p.
932 5265 1193 5339 p.quwst.
1218 5283 1405 5333 cxvni,
1435 5280 1539 5325 art.
1556 5270 1610 5325 2.
1628 5268 1813 5326 lsmus.

271 5356 525 5426 Denique
551 5356 758 5423 cmicsti,
782 5367 887 5412 etc.
917 5359 1120 5416 Prmtcr
1140 5360 1450 5418 Lucretium
1473 5361 1643 5417 habes
1669 5362 1818 5417 Arati

188 5429 794 5496 auctoritaiein,quam
814 5428 1233 5489 Atheniensibus
1268 5434 1394 5490 olim
1421 5433 1654 5489 obtrusit
1685 5432 1821 5488 Doc-

190 5509 286 5555 tor
337 5498 591 5569 gentium
623 5507 765 5580 :.To§
807 5504 903 5580 γᾴρ
936 5507 1020 5557 καὶ
1040 5504 1180 5580 γένος
1202 5507 1377 5580 ᾆσμὲή
1412 5503 1586 5574 Ipsius
1612 5505 1750 5580 enim
1774 5513 1821 5560 et

191 5568 369 5644 genus
400 5584 606 5644 sumus=
634 5568 1071 5644 Locus'L'ucreti'i
1105 5587 1187 5631 est
1208 5568 1344 5632 libro
1366 5568 1402 5632 ιι
1433 5568 1576 5631 vers.
1607 5576 1732 5632 990.

278 5641 482 5697 Pater.
516 5637 752 5698 subaudi
783 5644 988 5698 animaz.

195 5712 363 5847 bon:
395 5728 521 5767 suo.
564 5710 688 5769 Mss.
719 5715 788 5772 10
807 5726 861 5770 et
907 5713 1030 5771 edd.
1065 5714 1122 5786 5,
1150 5718 1212 5773 de
1248 5734 1361 5774 sua.
1389 5717 1627 5788 Utraque
1662 5715 1825 5773 lectio

278 5804 312 5841 ιι
368 5828 380 5839 .

278 5802 380 5842 na.

285 5856 532 5929 Quando
562 5870 744 5926 tamen,
802 5862 889 5917 aut
936 5861 1209 5933 quomodo.
1240 5860 1409 5918 Abest
1453 5868 1624 5916 tamen
1675 5874 1703 5916 a
1730 5873 1824 5916 sex

678 5955 954 6019 Ps'rnon.
988 5954 1125 6021 VII.
1150 6009 1154 6019 .

2418 2781 2447 2797 ,ιι

1900 2877 2033 2920 mss.
2059 2872 2113 2919 et
2140 2864 2174 2918 4
2203 2862 2393 2928 editis;
2423 2860 2476 2917 in
2505 2860 2675 2916 tribus
2719 2870 2803 2915 est
2826 2868 3096 2930 quantum,
3128 2872 3228 2929 pro
3260 2862 3466 2930 quando
3492 2879 3511 2929 ;

1902 2935 1955 2991 in
1986 2950 2090 3006 ms.
2121 2935 2284 3001 Pen.,
2314 2952 2413 3006 qua
2438 2933 2633 3006 ratione
2656 2941 2850 3006 tamen.
2953 2986 2981 3006 Δ

1978 3005 2099 3062 Νοη
2151 3024 2181 3061 a
2228 3001 2524 3074 parentibus
2553 3003 2665 3058 dari
2694 3003 2914 3056 animas.
2945 3001 3165 3074 Certum
3198 3011 3302 3064 est.
3334 3004 3503 3061 Deum

1901 3080 2081 3134 vocari
2116 3086 2323 3148 patrem
2348 3075 2640 3148 spirituum
2666 3118 2679 3140 ,
2713 3074 2837 3145 quia
2864 3074 2980 3148 ipse
3010 3073 3219 3127 animas
3242 3086 3407 3148 creat
3451 3087 3508 3148 et

1826 3134 1873 3199 Ο
1903 3134 2225 3220 Corporibus
2248 3134 2255 3135 ⁷
2277 3134 2531 3220 infundit.
2573 3134 2679 3201 Per
2707 3134 3110 3220 generationem
3165 3145 3312 3220 nullo
3341 3147 3505 3203 modo

1903 3216 2085 3292 potest
2137 3219 2364 3290 produci
2422 3217 2600 3273 anima
2652 3216 2972 3292 rationalis;
3020 3231 3125 3270 non
3156 3218 3300 3271 enim
3331 3220 3505 3275 virtus

1901 3287 2189 3361 corporea,
2221 3292 2392 3361 qualis
2423 3300 2505 3346 est
2532 3287 2845 3361 generatio,
2890 3293 3065 3361 potest
3103 3301 3383 3358 assurgere
3433 3292 3499 3345 ad

1902 3357 2314 3433 productionem
2347 3362 2424 3419 rei
2456 3357 2781 3433 Spiritualis.
2801 3358 2910 3433 l_lo_c
2937 3359 3096 3412 etiam
3126 3357 3502 3433 argumentum

1902 3428 2017 3492 rem
2074 3434 2213 3490 hanc
2262 3432 2462 3489 evincit
2490 3428 2518 3487 ’ς
2565 3428 2819 3501 quidquid
2850 3430 2939 3495 iit,
2967 3439 3049 3483 est
3097 3430 3181 3501 vel
3213 3443 3278 3484 ex
3326 3431 3502 3498 aliqua

1903 3505 2229 3591 praejacente
2254 3506 2499 3591 materia,
2530 3500 2616 3558 vel
2647 3500 2797 3555 lit'ex
2835 3500 3138 3591 nihilonvcl
3158 3542 3173 3564 ,
3207 3501 3502 3591 secundum

1902 3571 2068 3646 illos,
2110 3579 2199 3647 qui
2242 3577 2421 3632 modos
2449 3585 2700 3647 tanquam
2731 3573 2938 3628 medios
2973 3571 3115 3627 inter
3143 3585 3243 3627 ens
3282 3583 3335 3628 et
3367 3572 3504 3631 nihil

1903 3642 2219 3722 ponunt,'ex
2249 3648 2411 3703 modis
2447 3646 2542 3701 rei.
2562 3642 2763 3722 'Anima
2793 3652 2971 3722 autem
3000 3658 3108 3697 non
3138 3653 3221 3698 est
3241 3656 3505 3722 ex‘mate-

1902 3714 2003 3787 ria,
2037 3722 2161 3790 quia
2189 3723 2261 3775 ita
2290 3727 2436 3776 esset
2463 3715 2787 3790 corporalis,
2814 3714 2959 3785 quod
2988 3721 3253 3790 repugnat
3277 3714 3395 3790 ejus
3418 3732 3506 3773 ac-

1905 3786 2160 3856 tionibus,
2214 3807 2349 3861 quas
2396 3786 2839 3861 independenter‘
2867 3802 2900 3861 ιι
2956 3786 3178 3861 materia
3214 3787 3500 3861 producit;

1903 3879 2080 3936 neque
2108 3879 2174 3919 ex
2200 3856 2388 3930 modis,
2418 3856 2565 3917 modi
2592 3859 2735 3915 enim
2769 3856 3278 3936 nihil_producun.t_:
3312 3858 3505 3936 saltem

1903 3927 2008 3990 hoc
2050 3945 2254 3991 certum
2312 3927 2396 3990 est
2418 3977 2433 3998 ,
2466 3945 2573 3986 non
2604 3944 2761 4001 posse
2793 3927 3093 4001 producere
3107 3928 3383 4001 _Spiritum
3414 3931 3504 4001 qui

1903 4007 2064 4061 etiam
2096 4018 2217 4077 post
2247 3997 3296 4077 corporisinteritumsubsistipﬁcstat
3324 3997 3506 4072 itaque

1904 4087 1962 4133 ut
2001 4069 2111 4132 liat'
2142 4092 2206 4134 ex
2249 4069 2419 4133 nihilo
2448 4093 2461 4130 :
2490 4073 2654 4129 homo
2678 4083 2859 4128 autem
2898 4087 2963 4141 ei;
2992 4069 3158 4142 nihilo
3190 4086 3293 4142 non
3323 4069 3505 4142 potest

1904 4148 2205 4220 producere
2234 4146 2461 4220 aliquid,
2490 4145 2614 4216 quia
2646 4145 2787 4199 inter
2814 4140 2997 4220 enset
3022 4140 3160 4220 nihil
3187 4140 3394 4220 inlinita
3422 4155 3508 4201 est

1903 4212 2182 4287 distantia,
2211 4212 2341 4291 qua!
2358 4212 2466 4276 non
2490 4212 2668 4286 potest
2691 4214 2953 4285 superari,
2987 4212 3160 4340 nisitg
3203 4213 3429 4269 inﬁnita.

3165 4299 3285 4340 ALL.

3165 4299 3285 4340 Αιι.

1976 4359 2119 4417 Citra
2158 4363 2254 4417 hoc
2287 4378 2418 4433 apus
2446 4362 2597 4416 homo
2621 4358 2830 4433 resistit.
2873 4358 2947 4433 ita
2967 4371 3157 4433 omnes
3191 4359 3304 4433 fere
3328 4355 3503 4433 editi:

1903 4433 2121 4503 quidam
2151 4428 2332 4489 tamen
2360 4450 2491 4488 mss.
2520 4434 2606 4488 hic
2640 4431 2823 4503 legunt
2845 4430 2972 4503 citra
3000 4428 3096 4503 hoc
3116 4428 3505 4503 opus/tumoris

1906 4499 2059 4560 istam
2088 4505 2237 4560 homo
2258 4505 2462 4560 resistit.
2495 4505 2565 4561 At
2590 4504 2705 4558 lucc
2724 4501 2911 4557 ultima
2934 4500 3093 4556 lectio
3115 4499 3367 4555 mendosa
3396 4511 3505 4567 est,

1909 4577 2070 4632 etiam
2100 4585 2237 4633 teste
2267 4576 2601 4634 lleumanno.
2630 4573 2687 4629 In
2719 4573 2751 4628 8
2782 4572 3009 4641 vulgatis
3031 4580 3176 4627 estet
3199 4572 3352 4641 circa.
3378 4570 3511 4629 Post

1909 4665 2040 4715 opus
2054 4664 2186 4705 mss.
2210 4649 2233 4703 1
2263 4644 2824 4715 Bonon.,Regio-Put.
2847 4640 2902 4699 et
2924 4644 2956 4700 6
2976 4645 3046 4699 al.
3079 4641 3249 4715 Reg,
3270 4645 3302 4715 b‘
3323 4640 3505 4715 Colb.,

1961 4720 2073 4783 ict.,
2103 4719 2252 4784 Gat.,
2275 4719 2492 4785 Marm.,
2525 4713 2732 4781 Ba‘lnz.,
2768 4715 2913 4781 Eun,
2952 4716 3145 4780 Brun.,
3176 4713 3312 4770 edd.
3348 4714 3504 4769 Rom.

1912 4791 2073 4862 1470.
2110 4792 2257 4857 Ald.,
2289 4790 2518 4862 Graph..
2547 4789 2692 4846 Crat.
2731 4787 2937 4862 addunt
2965 4786 3205 4862 humoris
3240 4786 3390 4862 istius
3405 4827 3418 4850 ,
3450 4795 3509 4842 ut

1907 4861 2018 4933 jam
2038 4862 2240 4919 dictum
2266 4857 2620 4933 est.-J-H0iito
2647 4858 2939 4933 resistit.__ld
2963 4857 3253 4933 est,‘sistit,
3280 4857 3507 4933 _ver_b_u_m

1913 4927 2275 5017 compositum
2317 4951 2418 5017 pro
2455 4931 2687 5017 simplici
2716 4947 2730 4995 ;
2766 4929 2895 4985 nihil
2937 4930 3171 5017 amplius
3207 4927 3336 5000 agit.
3370 4927 3468 4983 Vel
3490 4968 3505 4992 ,

1915 5005 2019 5080 hoc
2045 5020 2210 5080 Opere
2229 5004 2453 5070 omisso,
2482 5004 2647 5060 homo
2672 5017 2777 5058 non
2801 5012 3136 5080 nasceretur.
3244 5069 3255 5080 .
3323 5069 3334 5079 ι

1988 5069 2279 5151 incolumes
2306 5069 2481 5133 sumus
2514 5090 2746 5151 corpore.
2799 5073 2873 5151 E_x
2916 5088 3045 5151 mss.
3077 5081 3131 5127 et
3155 5069 3367 5151 priscis
3393 5069 3510 5125 γυι-

1916 5148 2052 5220 gatis
2077 5164 2170 5205 sex
2200 5159 2255 5205 et
2274 5151 2309 5204 Ξ
2328 5164 2440 5205 rec.
2460 5139 2797 5219 reposuimus
2824 5144 3133 5209 incolumes;
3154 5141 3207 5196 in
3229 5139 3388 5197 editis
3416 5155 3513 5195 no-

1917 5236 2038 5277 vem
2068 5229 2152 5277 est
2178 5222 2441 5276 incolumi.

1992 5291 2073 5346 An
2118 5302 2343 5361 utantur,
2370 5310 2437 5347 an
2474 5309 2575 5347 non
2608 5301 2833 5347 utantur.
2868 5286 3142 5361 Posterius
3168 5283 3467 5361 membrum
3494 5326 3512 5350 ,

1921 5362 2063 5443 quod
2109 5363 2170 5443 iii
2188 5355 2341 5443 _mss.:
2361 5363 2636 5443 2_Bonon.
2663 5405 2678 5428 ,
2707 5361 2855 5443 Τειχᾷ
2872 5368 2929 5414 et
2952 5360 2985 5414 4
3013 5355 3508 5443 ιξρρλῄάεξξιιςιίιιιιιε

1924 5426 2029 5491 liuc
2047 5451 2112 5490 ex
2139 5434 2205 5490 21
2236 5436 2455 5501 scriptis
2504 5444 2560 5491 et
2601 5426 2673 5490 exi
2699 5433 2785 5490 ed.
2816 5432 2973 5487 Rom.
3026 5426 3187 5495 M68,
3232 5426 3433 5483 Cellar.
3459 5439 3515 5486 et

1927 5505 2132 5562 Walch.
2157 5506 2552 5563 revocavimus.

1996 5576 2280 5661 (tetigerit.
2304 5577 2442 5661 Vide
2470 5593 2631 5661 supra
2659 5576 2753 5632 lib.
2782 5590 2832 5630 tv
2861 5572 2977 5627 Div.
3002 5571 3233 5629 lustitut.
3257 5585 3378 5643 cap.
3412 5571 3482 5629 28
3501 5615 3517 5640 ,

1926 5646 2101 5719 initio,
2116 5646 2177 5703 id
2205 5659 2308 5713 est,
2331 5648 2591 5719 obligavit.

2002 5714 2117 5785 Quo
2146 5719 2302 5775 vitam
2327 5714 2492 5790 posset
2521 5717 2762 5790 adipisci.
2791 5714 2923 5769 Post
2956 5719 3084 5790 inec
3120 5714 3323 5790 verba,
3348 5715 3526 5790 oratio

1967 5792 2102 5846 osita
2134 5791 2187 5846 in
2218 5786 2473 5847 inferiore
2516 5786 2783 5859 libriuora
2831 5787 3054 5859 extatiu
3076 5801 3205 5844 mss.
3231 5787 3264 5843 6
3290 5786 3470 5859 Reg,
3490 5787 3526 5843 8

1967 5807 2102 5846 osna
2134 5808 2187 5846 in
2218 5807 2473 5847 interiore
2519 5807 2639 5844 tum
2690 5807 2783 5842 ora
2831 5807 3054 5844 extaun
3076 5807 3205 5844 mss.
3231 5807 3264 5843 υ
3293 5807 3449 5859 neg,
3490 5807 3525 5843 δ

1929 5807 2222 5932 εἴαιὶοιιιιίε,
2252 5862 2287 5919 6
2306 5859 2569 5928 Colbert.,
2590 5859 2626 5914 2
2646 5855 2904 5923 Sorbon.,
2936 5856 2973 5914 ι
3000 5857 3175 5920 Oxon.
3199 5875 3261 5916 ac
3289 5858 3356 5916 15
3385 5857 3525 5932 aliis,

2922 5953 3054 6035 ,3ο
