4034 6354
207 284 275 337 77
1364 278 1697 340 ANALYSIS
1737 280 1822 339 LII

1959 278 2048 336 DE
2086 277 2205 337 IRA
2246 280 2380 337 DEI.
3458 283 3530 342 78

208 398 371 467 pilos,
395 398 663 469 quoniam
686 406 814 457 sunt
840 399 906 456 ad
939 397 1352 470 perturbandam
1379 399 1667 453 veritatem
1693 414 1819 469 per-
1856 402 1908 463 Α
1932 395 2055 453 dem
2084 411 2209 453 sese
2236 407 2491 467 patronos
2514 396 2755 453 veritatis
2783 396 3025 469 proﬁteri
3049 397 3230 455 solent
3254 416 3269 456 :
3294 398 3388 456 sed
3412 401 3535 471 quis

209 491 409 547 niciosi
432 501 487 547 et
514 508 734 562 graves.
758 492 1090 548 Incredibilis
1116 492 1261 548 enim
1287 491 1369 546 vis
1395 488 1739 561 eloquentiae,
1768 501 1824 547 et

208 582 637 652 argumentandi
656 582 1063 656 disserendique
1081 584 1369 648 subtilitas,
1394 584 1639 653 quemvis
1668 582 1823 638 facile

214 671 501 742 deceperit
530 690 544 727 :
572 688 709 744 quos
750 675 941 745 partim
979 674 1179 729 nostris
1225 673 1412 739 armis,
1446 674 1641 744 partim
1691 688 1823 729 vero

210 778 279 820 ex
311 764 561 841 ipsorum
608 764 752 821 inter
777 781 838 822 se
862 764 1265 823 concertatione
1305 762 1532 835 sumptis
1574 763 1821 820 revince-

212 872 368 922 mus;
420 865 480 912 ut
529 866 808 927 appareat,
856 873 952 914 eos
998 856 1277 913 induxisse
1322 856 1502 928 potius
1551 870 1818 923 errorem,

213 964 379 1021 quam
408 949 718 1005 sustulisse.
1648 934 1651 935 ν

290 1042 548 1114 Fortasse
595 1043 835 1110 mireris,
879 1044 1023 1115 quod
1071 1052 1272 1100 tantum
1318 1038 1527 1100 facinus
1573 1044 1824 1100 audeam.

220 1137 575 1194 Patiamurne
602 1137 767 1209 igitur
789 1137 1051 1210 extingui,
1094 1146 1189 1194 aut
1226 1137 1462 1209 opprimi
1494 1135 1777 1192 veritatem
1803 1135 1826 1188 ?

218 1230 339 1302 Ego
363 1246 493 1286 Vcl‘o
518 1230 773 1287 libentius
793 1230 879 1287 vel
907 1232 1010 1286 sub
1027 1229 1130 1286 hoc
1154 1240 1324 1286 θυαε
1344 1228 1662 1287 defecerim.
1691 1228 1825 1284 Nam

216 1323 265 1380 si
295 1322 508 1380 Marcus
535 1310 763 1393 Tullius,
792 1324 1116 1395 eloquentiae
1166 1325 1335 1395 ipsius
1376 1325 1591 1380 unicum
1640 1337 1825 1378 exeni-

218 1418 358 1489 plar,
390 1417 460 1473 ab
498 1418 731 1475 indoctis
757 1427 815 1475 et
858 1418 1297 1490 ineloqnentibus
1318 1459 1339 1489 ,
1372 1419 1461 1490 qui
1509 1427 1693 1475 tamen
1724 1432 1826 1488 pro

218 1527 352 1567 vero
381 1511 713 1575 nitebantur,
742 1525 887 1582 saepe
913 1521 1197 1585 superatus
1221 1523 1325 1582 eSI,
1355 1528 1451 1569 cur
1470 1513 1823 1584 desperemus

222 1607 504 1663 veritatem
528 1606 697 1677 ipsam
723 1613 909 1661 contra
936 1605 1183 1664 fallacem
1205 1606 1613 1678 captiosamque
1634 1605 1821 1662 facun-

220 1700 369 1758 diam
398 1716 492 1759 sua
518 1700 736 1774 propria
761 1701 814 1757 vi
840 1709 896 1758 et
939 1700 1186 1758 claritate
1214 1701 1545 1758 valituram?
1587 1699 1677 1756 illi
1699 1700 1819 1771 qui

1931 498 2109 557 potest
2141 504 2262 545 eam
2289 505 2401 545 rem
2432 488 2746 557 defendere,
2780 507 2941 562 quam
2972 506 3077 545 non
3104 491 3311 553 didicit.
3344 502 3435 547 aut
3466 494 3532 548 il-

1932 579 2161 635 lustrare
2190 580 2330 651 apud
2360 580 2519 647 alios,
2550 583 2690 654 quod
2739 583 2855 653 ipse
2908 600 3014 639 non
3057 584 3246 639 novit?
3276 585 3530 656 Magnum

1931 672 2117 728 videor
2158 672 2398 741 polliceri
2432 690 2445 728 :
2481 674 2578 729 sed
2608 674 2815 730 caelesti
2860 691 2995 747 Opus
3036 685 3119 732 est
3163 691 3426 745 munere,
3476 688 3534 733 ut

1931 768 2084 824 nobis
2110 766 2338 823 lacultas
2382 783 2448 826 ac
2490 779 2704 841 tempus
2724 770 2790 826 ad
2836 772 3113 843 proposita
3154 775 3536 845 persequenda

1938 860 2220 917 tribuatur.
2251 860 2406 930 Quod
2435 861 2481 917 si
2508 863 2615 918 vita
2646 872 2729 919 est
2755 866 2988 936 optanda
3012 868 3260 937 sapienti,
3291 868 3536 938 proiecto

1933 953 2133 1007 nullam
2161 954 2320 1009 aliam
2353 955 2422 1011 ob
2450 966 2669 1011 causam
2697 957 2877 1013 vivere
2912 962 3250 1031 optaverim,
3280 978 3439 1032 quam
3474 974 3534 1017 ut

1930 1052 2131 1123 aliquid
2162 1050 2391 1108 efficiam
2421 1054 2562 1125 quod
2601 1054 2709 1109 vita
2739 1050 2959 1127 dignum
3004 1058 3095 1122 sit,
3129 1068 3182 1112 et
3211 1058 3358 1129 quod
3386 1058 3532 1115 utili-

1931 1145 2099 1201 tatem
2130 1146 2430 1217 legentibus
2452 1188 2467 1212 ,
2496 1149 2598 1203 etsi
2631 1164 2739 1203 non
2769 1149 2835 1203 ad
2867 1149 3225 1229 eloquentiam
3247 1194 3262 1219 ,
3295 1154 3418 1223 quia
3451 1161 3534 1210 te-

1932 1237 2051 1294 nuis
2080 1240 2132 1292 in
2161 1238 2314 1296 nobis
2345 1237 2615 1296 facundiae
2640 1242 2787 1296 rivos
2817 1250 2903 1297 est
2929 1242 2997 1297 ad
3026 1242 3319 1299 vivendum
3352 1252 3532 1302 tamen

1928 1332 2117 1387 afferat
2141 1350 2154 1387 :
2184 1333 2325 1404 quod
2347 1342 2432 1391 est
2454 1336 2692 1391 maxime
2719 1338 3104 1394 necessarium.
3130 1338 3248 1407 Quo
3271 1339 3534 1410 perfecto,

1928 1424 2059 1479 satis
2084 1439 2174 1480 me
2201 1425 2405 1482 vixisse
2433 1426 2777 1496 arbitrabor,
2800 1436 2859 1484 et
2886 1428 3125 1487 ol'lieinm
3154 1430 3391 1509 hominis
3417 1432 3524 1487 im-

1927 1518 2133 1593 plesse,
2163 1520 2209 1576 si
2255 1519 2407 1577 labor
2432 1536 2587 1577 meus
2628 1520 2838 1593 aliquos
2883 1523 3136 1583 homines
3160 1525 3229 1583 ab
3257 1526 3536 1584 erroribus

1926 1611 2184 1670 liberatos
2210 1604 2279 1669 ad
2309 1615 2411 1671 iter
2434 1615 2659 1673 caeleste
2684 1616 2968 1676 direxerit.

1549 1834 1910 1895 VARIORUM
1938 1836 2168 1896 NOTAE}.

294 1980 618 2055 Incredibilis
636 1982 768 2055 enim
789 1982 863 2037 vis
882 1970 1200 2055 eloquentia}
1232 1970 1301 2055 Im
1316 1980 1533 2055 scriptis
1556 1976 1725 2037 ὄνομα.
1754 1987 1811 2036 et
1840 1986 1893 2053 Β
1917 1994 2053 2055 Ψεβε
2083 1974 2430 2055 Regio-Pun,
2478 1978 2518 2035 2
2564 1979 2799 2055 Bonon.,
2848 1980 2984 2055 Iax.
3034 1980 3094 2039 In
3150 1983 3179 2038 1
3246 1983 3415 2055 Regio
3436 2027 3452 2051 ,
3502 1983 3537 2040 5

221 2054 462 2127 pluribus
502 2054 682 2122 editis,
715 2052 1035 2110 Incredibilis
1061 2060 1135 2107 est
1179 2054 1360 2108 enim.
1396 2052 1453 2107 In
1486 2054 1701 2109 caneris
1730 2060 1806 2107 est

222 2142 333 2184 non
364 2134 531 2181 extat.

296 2196 398 2264 Qui
429 2209 614 2254 tamen.
645 2196 723 2253 ita
755 2212 853 2252 ms.
883 2197 1015 2251 Bov.
1040 2204 1097 2252 et
1135 2196 1214 2251 sic
1240 2196 1437 2251 eruditi
1465 2194 1730 2252 Francius
1759 2204 1815 2252 et

220 2269 568 2326 Heumannns
614 2269 1025 2339 suspicabantur
1049 2282 1175 2325 esse
1217 2266 1525 2339 legendum.
1554 2268 1659 2323 Alii
1687 2283 1821 2324 vero

223 2342 443 2405 habent,
474 2342 601 2412 quia
628 2352 815 2396 tamen.

292 2410 601 2484 Captiosam.
635 2412 760 2484 Mss.
786 2413 820 2467 5
845 2410 1081 2484 Colbert.
1112 2420 1169 2468 et
1196 2412 1390 2479 Brun.,
1411 2412 1695 2483 copiosam.

299 2483 450 2553 Quod
496 2486 625 2556 ipse.
658 2483 736 2540 lla
784 2483 997 2540 restitui
1040 2498 1107 2540 ex
1152 2484 1459 2540 veterrimis
1505 2494 1559 2540 et
1605 2483 1822 2555 optimis

1924 2048 2078 2107 Colb.
2111 2048 2430 2107 et’CIarom.
2462 2060 2547 2106 est
2566 2068 2681 2119 qua:
2708 2053 2837 2121 ipse.
2862 2052 3053 2109 Plures
3080 2068 3193 2110 rec.
3216 2048 3379 2111 mauu
3404 2048 3540 2112 exa-

1924 2123 2035 2193 rati
2081 2130 2132 2193 ct
2164 2124 2304 2193 typis
2356 2122 2557 2193 vulgati
2606 2122 2804 2180 habent
2827 2140 3001 2191 quam.
3032 2124 3338 2182 Relativum
3383 2128 3540 2185 deest

1926 2193 1980 2250 in
2011 2190 2047 2248 2
2074 2190 2314 2249 Colbert.
2347 2190 2473 2250 rec:
2488 2203 2545 2249 et
2574 2194 2712 2250 Vict.

2003 2265 2084 2320 Ad
2112 2266 2406 2320 vivendum.
2437 2265 2581 2321 Bene
2612 2266 2840 2322 scilicet.

2002 2337 2271 2394 Homines.
2308 2337 2528 2392 Rectius
2549 2342 2617 2409 et
2662 2337 2963 2407 elegantius
3001 2349 3119 2407 est,
3164 2341 3210 2396 si
3256 2341 3534 2409 deleatur,

1922 2410 2077 2486 juxta
2108 2411 2507 2486 llenmannum.
2539 2408 2656 2466 Hoc
2685 2410 2942 2477 verbum,
2974 2412 3186 2484 inquit,
3219 2430 3250 2470 e
3295 2408 3540 2486 margine

1927 2480 1981 2537 in
2022 2490 2226 2537 textum
2252 2480 2486 2551 irrepsit.

240 2638 3459 2694 ὥ

1022 2797 1579 2885 ANALYSIS
1626 2796 1943 2882 LIBRI
2016 2796 2178 2880 DE
2222 2796 2431 2881 IRA
2488 2797 2723 2881 DEI.

1687 2988 2075 3047 Wo

289 3119 533 3189 Quaestio
565 3117 723 3189 hujus
748 3115 869 3189 libri
902 3135 914 3171 :
948 3117 1031 3172 An
1061 3115 1199 3172 Deus
1221 3124 1356 3172 vere
1376 3113 1681 3189 irascatur?

289 3185 607 3265 Philosophi
635 3185 875 3245 nonnulli
907 3199 1217 3260 negarunt,
1254 3203 1331 3243 eo.
1360 3185 1711 3265 quodpeumt
1728 3186 1811 3265 vel

222 3258 536 3319 beneficam
569 3276 690 3319 esse
737 3270 943 3315 tantum
982 3258 1233 3315 naturam
1255 3300 1270 3325 ,
1304 3259 1387 3314 vel
1417 3258 1548 3312 nihil
1594 3258 1819 3312 omnino

217 3351 409 3391 curare
458 3343 784 3390 statuerent.
844 3330 1156 3388 Lactantius
1201 3338 1422 3391 contra,
1476 3330 1643 3385 Deum
1692 3344 1818 3384 vere

217 3407 377 3463 irasci
402 3406 509 3461 hoc
540 3405 678 3461 libro
699 3405 1039 3460 demonstrat
1063 3403 1145 3457 his
1171 3399 1502 3474 argumentis
1530 3419 1542 3455 :

190 3492 197 3501 '
288 3478 328 3533 l.
375 3479 487 3535 Ant
510 3477 585 3532 ira
612 3476 899 3532 tribuenda
918 3484 1007 3530 est
1029 3474 1159 3541 Deo,
1184 3470 1427 3544 et'g'raria
1455 3470 1815 3536 detrahenda;

215 3561 308 3606 aut
338 3560 632 3619 utrumque
661 3545 1052 3603 detrahendum
1076 3561 1090 3599 :
1118 3554 1212 3600 aut
1240 3543 1317 3619 ira
1348 3543 1741 3619 demendaest,
1765 3550 1819 3597 et

216 3627 386 3695 gratia
418 3612 702 3695 tribuenda
724 3637 739 3687 ;
763 3627 855 3673 aut
876 3628 1161 3695 utrumque
1189 3615 1563 3695 tribuendnnn
1579 3612 1817 3695 Primum

222 3684 414 3749 falsum
448 3701 566 3756 est,
598 3684 734 3761 quia
755 3704 914 3745 nemo
939 3688 1007 3744 de
1042 3684 1150 3744 D'eo
1192 3703 1426 3761 unquam
1455 3686 1622 3761 dixit,
1660 3684 1819 3740 irasci

218 3780 338 3822 eum
372 3758 773 3828 tantummodo;
803 3760 1045 3832 et'gratia
1076 3776 1181 3816 non
1207 3759 1433 3815 moveri.
1460 3758 1821 3832 Alterum_est

218 3836 568 3905 Epicureum.
602 3833 801 3905 Statuit
826 3830 969 3888 enim
1000 3831 1294 3905 Epicurus,
1327 3845 1427 3886 nec
1458 3830 1591 3885 iram
1623 3832 1685 3885 in»
1706 3830 1816 3905 Deo

218 3901 371 3977 esse,
404 3923 511 3962 nec
537 3904 761 3977 gratiam
781 3945 797 3970 ,
842 3915 901 3959 ut
920 3904 1011 3975 qui
1042 3901 1173 3959 nihil
1202 3906 1439 3977 omnino
1464 3912 1620 3957 curet
1664 3920 1677 3955 :
1724 3901 1819 3977 sed

216 3972 385 4046 falso;
422 3972 568 4033 Dens
585 3979 727 4033 enim
759 3990 865 4031 non
894 3972 1075 4041 esset»,
1111 3976 1587 4031 Irisi'moveretur:
1621 3988 1722 4028 nec
1739 3972 1822 4027 di-

218 4051 373 4121 gnior
396 4051 514 4106 Dee
539 4046 1217 4121 adntinistratio-assignari
1245 4056 1449 4121 potest,
1474 4060 1635 4121 quam
1667 4056 1820 4121 mun-

222 4117 273 4194 di
305 4120 650 4194 gubernatio.
680 4118 848 4194 Nulla
863 4120 1024 4175 etiam
1053 4117 1327 4194 beatitudo
1356 4130 1440 4194 est
1466 4118 1543 4173 rei
1570 4117 1819 4194 immobi-

224 4189 593 4249 lis."l‘ertium
620 4201 702 4246 est
750 4191 1267 4261 stoicnm,.gratiam
1298 4190 1350 4243 in
1385 4189 1493 4243 Deo
1518 4204 1659 4253 esse,
1683 4189 1818 4243 iram

223 4280 329 4321 non
354 4280 479 4321 esse
516 4280 531 4319 :
583 4263 772 4317 falsum
805 4259 856 4317 id
884 4259 1283 4334 quoqueanm
1308 4261 1366 4334 si»
1389 4261 1657 4334 Deustmn
1685 4261 1820 4314 iras-

223 4334 360 4391 citur
393 4334 596 4405 impiis,
631 4346 732 4389 nee
760 4335 874 4403 pios
903 4328 1099 4404 diligit.
1128 4332 1462 4403 Relinquitur
1490 4330 1823 4405 igitnrqnar-

224 4416 333 4479 tum
356 4448 372 4473 ,
399 4401 549 4479 quod
593 4417 677 4479 est
717 4401 902 4479 verum
924 4445 939 4471 ,
967 4401 1324 4479 nempegjrain
1367 4411 1420 4458 et
1450 4401 1675 4474 gratiam
1712 4403 1820 4458 Deo

226 4473 564 4534 tribuendam
596 4474 744 4548 (Cap.
780 4475 803 4529 Ι
828 4517 844 4542 ,
866 4475 935 4542 2,
968 4475 1035 4543 ὅ,
1068 4473 1136 4548 Αἵ,
1163 4475 1229 4542 5,
1249 4473 1331 4548 AG).

296 4549 372 4674 ΙῘΙ⁸1
401 4545 772 4620 Quaecumque
811 4548 995 4618 opinio
1022 4545 1156 4603 tollit
1181 4546 1498 4619 religionem
1519 4589 1534 4616 ,
1578 4561 1714 4602 vana
1740 4554 1827 4601 cst

324 4638 355 4674 a
380 4637 462 4674 sa.

226 4636 282 4676 ει
307 4636 462 4676 talsa.

261 4629 497 4763 t(fiatiifiio
547 4706 669 4817 gnat
717 4684 825 4747 [Teo
869 4691 983 4746 sive
1024 4692 1287 4763 gratiam,
1327 4690 1440 4747 sive
1487 4684 1654 4756 iram,
1710 4689 1824 4745 sive

261 4772 519 4817 :lrnmnue
585 4763 817 4817 etrahit.
852 4762 1370 4817 tollitrelitzionem:
1424 4762 1585 4817 initur
1637 4760 1823 4817 ouinio

227 4760 519 4834 utrumque
547 4760 817 4835 detrahit,
852 4762 989 4819 tollit
1018 4760 1370 4835 religionem;
1424 4762 1585 4835 igitur
1637 4760 1823 4833 opinio

227 4835 316 4890 illa
346 4833 482 4891 vana
508 4844 591 4889 est
618 4846 672 4889 et
698 4833 847 4888 falsa.

298 4906 559 4979 Major-em
606 4905 956 4979 probttt‘cap.
990 4907 1022 4960 7
1063 4924 1076 4961 :
1122 4905 1675 4979 religionem‘nempe
1718 4921 1824 4959 non

234 4974 397 5048 posse
444 4974 704 5044 dissolvi,
731 4976 861 5048 quia
901 4974 971 5033 sit
1010 4974 1515 5048 propria'liominis.
1562 4974 1825 5031 Minorem

229 5052 519 5104 continuat
555 5063 676 5116 cap.
719 5047 772 5103 8.
805 5047 861 5105 Si
887 5047 1029 5103 enim
1061 5050 1202 5104 Dens
1233 5049 1363 5104 nihil
1405 5050 1665 5120 cuiquam
1701 5047 1827 5103 boni

234 5121 453 5187 tribuit,
488 5120 707 5175 stultum
732 5130 815 5173 est
836 5135 958 5175 eum
985 5121 1185 5176 colere.

306 5192 599 5262 Excipiunt
620 5190 836 5262 quidam
868 5210 880 5245 :
907 5192 1172 5247 Prodesse
1196 5190 1408 5261 quidem
1444 5192 1546 5246 hoc
1571 5188 1820 5262 credere,

233 5263 329 5318 sed
374 5259 650 5328 utilitatis,
694 5278 803 5317 non
850 5266 1090 5319 veritatis
1131 5259 1335 5333 gratia,
1387 5275 1443 5318 ut
1483 5259 1860 5319 conscientiae

235 5343 563 5399 terreantur,
597 5349 732 5405 quas
756 5334 907 5404 leges
931 5336 1121 5405 punire
1151 5343 1392 5403 possunt.

306 5406 617 5461 Laetantius
642 5419 799 5474 negat
822 5411 955 5471 hoc;
980 5417 1032 5461 et
1063 5405 1406 5474 religionem,
1444 5422 1557 5462 non
1583 5406 1829 5462 utilitatis

236 5484 443 5532 tantum
464 5518 478 5542 ,
510 5477 604 5532 sed
643 5478 883 5532 veritatis
912 5477 1083 5549 gratia
1113 5478 1277 5534 fuisse
1314 5480 1611 5534 institutam
1633 5520 1649 5545 ,
1681 5491 1829 5533 asse-

237 5551 310 5604 rit
336 5565 459 5606 cao.
488 5549 555 5606 9.
598 5549 699 5606 10.
736 5548 826 5604 tl.

237 5551 310 5604 rit
336 5565 459 5614 cap,
488 5551 555 5614 9,
598 5551 699 5613 10,
736 5551 826 5604 Μ.

314 5566 1046 5676 Ιῗίρξίἴῖιιῖἓῦυξιιλυηηηὶε
1071 5621 1371 5675 sum-bona
1415 5632 1469 5677 et
1512 5620 1685 5683 maia,
1728 5632 1828 5675 ne‘

237 5705 394 5748 cesse
421 5690 600 5748 estad
632 5702 917 5760 utramque
941 5700 1150 5758 partem
1191 5692 1394 5747 umeri
1424 5693 1626 5756 Demn,
1666 5701 1721 5746 et
1761 5690 1830 5745 ad

238 5766 503 5845 gratiam,
526 5760 962 5833 criminosa-ﬁeri
992 5761 1170 5830 vider,
1200 5763 1551 5833 etsadtiram',
1580 5776 1703 5820 cum
1721 5774 1831 5820 cer.

242 5844 320 5888 ntt
348 5844 565 5905 lﬂjUSla.

1840 3114 1886 3178 C
1992 3110 2187 3167 Verum
2219 3111 2394 3191 prius,
2427 3109 2569 3182 quod
2594 3111 2894 3168 ostenditur
2914 3126 3031 3185 cap.
3064 3110 3151 3180 l3,
3184 3106 3272 3184 14,
3305 3112 3373 3173 15
3402 3137 3415 3175 :
3440 3117 3530 3191 igi-

1923 3193 2010 3239 tur
2034 3192 2088 3237 et

1993 3254 2243 3324 Objectio
2274 3253 2489 3319 Epicuri
2516 3270 2531 3308 :
2562 3253 2618 3310 Si
2647 3265 2728 3311 est
2754 3256 2806 3310 in
2837 3257 2948 3311 Deo
2977 3257 3183 3314 laetitia:
3211 3257 3440 3319 ali‘ectus
3458 3262 3529 3317 ad

1919 3330 2148 3403 gratiam
2170 3367 2185 3392 ,
2219 3336 2273 3380 et
2293 3326 2401 3381 odii
2427 3325 2495 3380 ad
2520 3327 2651 3403 iram
2671 3367 2686 3394 ,
2719 3327 2936 3387 habebit
2964 3329 3128 3401 igitur
3155 3341 3210 3386 et
3237 3332 3485 3389 timorem
3511 3375 3529 3403 ,

1920 3397 1976 3455 et
2004 3398 2317 3467 libidinem,
2345 3408 2397 3452 el
2424 3397 2796 3467 cupiditatem.

2003 3469 2248 3539 Restion.
2274 3466 2391 3524 Non
2421 3466 2662 3539 sequitur
2688 3492 2700 3525 :
2724 3471 2847 3540 quia
2878 3471 3047 3541 gratia
3067 3515 3081 3540 ,
3113 3481 3167 3529 el
3189 3474 3267 3529 ira
3291 3517 3306 3541 ,
3336 3484 3392 3532 et
3432 3479 3535 3531 nti-

1922 3544 2122 3615 sentio
2146 3540 2348 3615 habent
2380 3541 2433 3596 in
2466 3541 2576 3615 Deo
2604 3540 2921 3610 materiam,
2951 3544 3002 3599 id
3030 3553 3146 3609 est,
3175 3540 3415 3615 causam,
3444 3565 3532 3605 re—

2113 3183 2400 3253 posterius.

1910 3612 2059 3683 .liqui
2085 3611 2310 3687 allectus
2336 3628 2441 3667 non
2488 3613 2740 3687 habent;
2782 3616 2978 3686 quibus
3019 3626 3173 3671 vacat
3201 3618 3375 3679 Dens,
3403 3611 3535 3687 quia

1921 3688 2173 3762 vitiorum
2205 3683 2430 3762 allectus
2456 3693 2616 3762 sunt,
2668 3683 2816 3741 alios
2850 3688 2990 3743 sicut
3031 3687 3134 3745 hos
3175 3688 3372 3759 habet,
3404 3683 3530 3762 quia

1922 3766 2048 3814 sunt
2072 3756 2297 3810 virtutis
2320 3753 2472 3825 (Cap.
2500 3754 2613 3827 16).
2664 3826 2667 3827 ν
3358 3753 3369 3759 ’
3420 3753 3454 3796 ⁸.

1994 3827 2368 3905 _0bjecti_o_alia
2398 3844 2410 3880 :
2449 3828 2592 3905 Dens
2619 3826 2745 3905 ideo
2778 3830 2967 3885 beatus
3004 3840 3087 3887 est
3108 3872 3121 3892 .
3155 3833 3277 3904 quia
3309 3846 3530 3905 semper

1921 3902 2160 3972 quietus;
2194 3899 2360 3970 igitur
2400 3912 2499 3955 nec
2540 3899 2810 3968 irascitur,
2855 3914 2955 3958 nec
2997 3899 3533 3974 gratia’commove-A

1925 3984 2031 4029 ιυισ.

1996 4043 2303 4117 Respondet
2331 4041 2679 4109 Lactantius,
2712 4044 2879 4100 Deum
2922 4059 3026 4117 non
3077 4060 3201 4101 esse
3245 4048 3527 4117 quietum,

1922 4117 2045 4187 quia
2078 4131 2179 4170 nee
2206 4114 2467 4179 dormiat,
2499 4130 2599 4169 nec
2639 4117 2920 4172 moriatur.
2967 4115 3168 4172 Curare
3207 4114 3371 4187 igitur
3404 4114 3528 4177 enni

1923 4188 2200 4242 hominum
2229 4187 2392 4240 vitam
2419 4228 2434 4249 ,
2469 4196 2525 4240 et
2549 4187 2596 4239 vi
2622 4189 3005 4256 consequentis
3038 4189 3195 4243 irasci
3230 4192 3417 4257 malls,
3444 4194 3527 4247 ῆι.

1923 4274 2051 4315 vere
2097 4257 2291 4334 bonis._
2337 4257 2569 4334 Deinde,
2618 4257 2754 4334 sicut
2800 4259 3138 4334 crudelitatis
3183 4270 3268 4316 est
3310 4266 3525 4334 potius,

1922 4346 2082 4400 quam
2113 4327 2358 4399 pietatis,
2392 4328 2436 4382 si
2466 4329 2586 4396 quis
2627 4330 2788 4400 homo
2825 4330 3183 4386 coxitunielias
3210 4327 3325 4387 nou
3347 4327 3523 4389 vindié

1922 4398 2009 4480 cet
2039 4418 2050 4453 :
2081 4398 2185 4480 ita,
2223 4400 2428 4480 inquit,
2460 4415 2566 4453 non
2596 4398 2923 4480 virtutisest
2942 4402 2993 4455 in
3028 4402 3168 4480 beo,
3196 4406 3265 4460 ad
3295 4421 3378 4476 ea,
3404 4424 3525 4480 qua:

1846 4506 1903 4568 D
1926 4473 2292 4568 inj‘ttstenlln‘nt
2311 4486 2476 4568 ..ξιξ-ιι)ζ
2497 4473 2835 4568 crotnniqveri‘
2861 4471 3150 4568 (Capsl'i).

1997 4542 2241 4624 Objectio
2271 4560 2284 4594 :
2317 4542 2478 4613 Atqui
2512 4543 2652 4599 Deus
2674 4545 2791 4601 sine
2823 4542 2925 4600 hoc
2951 4542 3145 4603 affectu
3178 4561 3397 4619 peccata
3424 4566 3520 4622 po-

1928 4626 2032 4674 test
2054 4628 2344 4683 corrigere.

1998 4688 2235 4757 Respon.
2265 4685 2382 4754 Ipse
2411 4686 2615 4754 peccati
2641 4688 2929 4762 adspectus
2973 4687 3224 4762 indignus
3255 4700 3358 4749 est.
3387 4692 3527 4750 Nam

1926 4762 2016 4832 qui
2063 4774 2168 4813 non
2219 4766 2488 4832 movetur,
2520 4760 2741 4832 omnino
2768 4771 2861 4815 aut
2905 4760 3105 4831 probat
3140 4762 3366 4830 delicta,
3424 4774 3519 4819 ant

1927 4828 2573 4906 molestiam__castigandi
2622 4830 2792 4901 fugit,
2824 4828 3065 4906 quorum
3118 4828 3403 4906 utrumque
3443 4846 3528 4891 est

1926 4905 2200 4958 vitiosum.
2236 4899 2349 4956 Hoc
2389 4901 2507 4955 loco
2534 4899 2878 4972 reprehendit
2918 4905 3119 4959 dictum
3152 4899 3391 4962 Ambitur
3422 4907 3525 4962 Ta-

1931 4976 2133 5029 rentini
2157 5013 2172 5039 ,
2202 4974 2446 5046 quicum
2479 4972 2531 5046 in
2574 4989 2705 5045 agro
2729 4986 2979 5046 corrupta
3007 4991 3128 5032 esse
3150 4981 3327 5032 omnia
3370 4993 3524 5032 com-

1930 5046 2193 5117 perisset,
2242 5043 2405 5118 villici
2453 5044 2535 5098 sui
2582 5043 2796 5111 culpam
2846 5043 3214 5118 redarguens,
3264 5050 3521 5103 miserum

1929 5116 2092 5180 dixit,
2142 5129 2301 5186 quem
2343 5116 2452 5183 jam
2499 5118 2815 5171 verberibus
2852 5116 3159 5186 necassem,
3208 5121 3307 5175 nisi
3355 5120 3521 5175 iratus

1932 5203 2133 5245 esscin.
2169 5185 2303 5241 Nam
2336 5196 2555 5260 propter
2581 5189 2676 5241 ine
2705 5190 3123 5257 magnitudinem
3154 5205 3364 5260 poenam
3413 5206 3520 5247 non

1929 5260 2268 5334 ditiiandatir,
2296 5256 2393 5310 sed
2422 5256 2770 5334 duret-endam
2799 5256 2966 5316 fuisse
3008 5256 3169 5334 docui
3212 5260 3364 5334 (Cap.
3401 5262 3517 5333 18).

2003 5333 2093 5388 IV.
2127 5331 2183 5384 Si
2222 5329 2362 5402 Deus
2402 5332 2797 5385 sanctissimam
2838 5332 3048 5387 vivendi
3093 5329 3262 5402 legent
3311 5329 3517 5402 posuit,

1930 5404 2209 5473 voluitque
2251 5400 2533 5454 universus
2569 5401 2886 5457 innocentes
2934 5416 2997 5457 ac
3037 5400 3312 5473 beneﬁcos
3358 5400 3513 5472 esw,

1930 5472 2458 5546 utiqne'nonpotest
2481 5487 2587 5546 non
2620 5473 2807 5535 irasci,
2843 5489 2962 5526 cnin
2994 5472 3137 5546 videt
3164 5473 3333 5543 legem
3363 5484 3517 5531 suam

1930 5541 2227 5603 eon'tcmni.
2263 5541 2461 5597 Verum
2490 5544 2662 5611 prius;
2695 5557 2826 5610 ergo
2843 5553 2895 5596 et
2924 5543 3211 5612 posterius.

2007 5618 2071 5673 γ.
2097 5616 2169 5683 ⁸Εοὶ
2212 5626 2295 5669 est
2324 5614 2508 5687 mundi
2552 5616 2973 5687 administrator,
3022 5630 3126 5687 non
3162 5616 3344 5687 utique
3383 5630 3517 5675 con-

1936 5689 2125 5747 temnit
2157 5687 2208 5742 id
2246 5683 2389 5755 quod
2416 5694 2499 5739 est
2528 5687 2581 5741 in
2611 5685 2809 5740 mundo
2836 5683 2918 5755 vel
2948 5686 3259 5741 maximum.

2010 5760 2093 5817 Vl.
2136 5759 2193 5816 Si
2220 5754 2306 5813 est
2339 5764 2492 5827 pater
2529 5770 2594 5812 ac
2639 5758 2781 5810 Deus
2819 5754 3225 5827 universorum,
3266 5769 3415 5816 certe
3464 5769 3520 5817 et

1933 5832 2227 5892 ﬁrtutibll’
2270 5826 2561 5884 hominum
2583 5828 2901 5892 dcieetatur,
2937 5832 3005 5881 et
3027 5826 3169 5885 vitiis
3210 5844 3517 5889 commove.
