4034 6354
522 290 591 349 79

1907 283 2065 340 FIRM
2077 325 2087 338 .
2132 279 2495 338 L.\C'l‘.-\NTll

3774 276 3840 329 80

518 421 641 471 tur;
689 421 816 473 ergo
842 414 897 463 et
915 406 1092 477 justos
1118 402 1322 474 diligit,
1350 410 1405 459 et
1440 400 1632 473 impios
1663 400 1778 477 odit
1811 400 1959 477 (Cap.
1977 400 2102 477 _l9).
2138 401 2187 461 Α
2222 472 2233 477 _
2278 396 2572 477 ijectio_:
2605 396 2744 477 Dens
2774 394 3046 477 hominem
3080 393 3237 449 irasci
3265 400 3411 449 vetat
3439 391 3494 448 in
3551 390 3670 463 lrge
3699 406 3838 451 sua;

592 480 705 537 Vll.
745 481 801 537 Si
832 473 1009 549 potest
1034 473 1310 549 ignoscere
1329 482 1640 549 ,ApOtestet
1665 474 1822 549 irasci
1852 490 1867 527 :
1897 473 1991 528 sed
2015 487 2112 545 po.

518 562 627 610 test
648 545 964 624 ignoscere,
993 545 1114 624 quia
1158 559 1239 624 es}
1268 547 1539 624 legis's‘ua:
1570 546 1684 624 ipse
1709 545 2038 615 disceptator
2059 551 2113 599 et

514 615 715 697 judexi;
746 630 920 697 potest
948 615 1105 697 igitur
1136 630 1189 688 et
1217 615 1549 697 irasci_(Cap.
1582 615 1702 687 ευ).

590 687 1107 765 Οὺξίυἷθικιηιβῦιιτ
1148 704 1278 760 ergo
1304 687 1417 759 qui'
1443 697 1697 765 peccant,
1734 701 1878 758 saepe
1932 687 2113 743 felices

513 776 642 824 sunt
660 760 753 829 [et
777 764 866 833 qui
895 762 977 832 pie
1000 767 1189 816 vivunt
1208 802 1223 827 ,
1255 774 1401 833 saepe
1430 760 1652 833 miseri?

587 837 751 905 Resp.
779 830 913 902 Quia
941 833 1145 905 liigitivi
1176 843 1231 887 et
1260 830 1493 905 abdicati
1524 830 1695 905 libere
1721 830 2107 905 vivunt,swico

517 911 627 965 tius
684 901 863 962 autem
894 914 949 960 et
972 901 1237 975 frugalius
1262 942 1276 966 ,
1319 901 1412 973 qui
1460 903 1559 975 sub
1598 901 2099 975 disciplinapatris

514 990 658 1036 sunt.
691 976 893 1033 Deinde
919 976 1042 1041 quia
1068 973 1238 1028 virtus
1265 989 1363 1044 per
1390 973 1527 1027 mala
1556 973 1829 1041 probatur,
1868 974 1993 1027 vitia
2015 989 2111 1044 per

511 1052 867 1121 voluptatem.
905 1046 1177 1102 Praeterea
1207 1060 1317 1100 non
1343 1056 1425 1100 est
1454 1054 1713 1115 perpetua
1740 1044 1972 1099 felicitas
1998 1060 2113 1098 ma-

518 1123 718 1179 lorum.

585 1190 843 1249 [instantia
876 1206 890 1243 ε
924 1190 983 1247 Si
1034 1189 1285 1246 irascitur
1317 1188 1492 1255 Deus,
1542 1189 1724 1245 statim
1765 1187 1953 1245 debuit
1991 1187 2108 1243 vin-

512 1265 717 1322 dicare.
870 1288 880 1294 -

586 1337 823 1407 Rcspon.
852 1334 910 1391 Si
946 1333 1005 1407 id
1037 1332 1268 1407 faceret,
1313 1346 1474 1388 nemo
1503 1340 1846 1407 superesset,
1896 1346 1998 1387 nec
2040 1345 2105 1386 ex

517 1401 891 1481 peccatoribus
913 1406 1076 1477 aliqui
1096 1412 1541 1462 converterentur
1568 1401 1720 1475 (ϐαρ.
1748 1402 1863 1474 20).

2220 472 2386 542 igitur
2417 484 2517 542 nec
2544 470 2662 541 ipse
2684 469 2955 542 irascitur.

2291 542 2458 611 Resp.
2488 535 2601 597 Lex
2648 541 2906 596 refrmnat
2944 539 3090 611 iram
3122 536 3357 611 hominis
3388 535 3690 605 injustam;
3738 551 3837 611 nec

2222 616 2275 670 in
2318 608 2490 668 totum
2523 613 2773 684 prohibet
2799 610 2989 684 irasci,
3022 610 3230 684 q‘uia‘is
3260 608 3488 663 allectus
3520 608 3838 684 necessario

2221 685 2378 740 datus
2407 692 2490 739 est
2523 676 2551 738 ἐ
2610 682 2707 739 sed
2753 681 3007 753 prohibet
3040 676 3107 735 in
3157 680 3239 753 ira
3286 694 3636 753 permanere.
3692 676 3840 753 Quin

2223 757 2365 811 Deus
2397 757 2651 826 praecepit
2689 746 2876 817 irasci;
2911 754 3090 823 itaque
3128 762 3183 807 et
3230 746 3345 821 ipse
3377 751 3634 805 irascitur
3678 746 3839 820 (Cap.

2291 827 2425 955 illi].
2471 897 2754 966 Proiiheta:
2784 896 3021 953 universi
3048 894 3231 951 divino
3275 890 3481 962 Spiritu
3524 891 3726 966 reple_ti
3762 891 3844 966 ni-

2221 970 2295 1025 hil
2324 970 2469 1025 aliud
2500 1011 2516 1037 ,
2546 963 2707 1041 quam
2734 968 2801 1024 de
2830 970 3002 1040 gratia
3039 968 3130 1024 Dei
3160 982 3288 1038 erga
3310 965 3492 1035 justos
3516 1006 3529 1030 ,
3566 972 3622 1019 et
3655 963 3729 1019 de
3760 964 3837 1017 ira

2219 1043 2337 1112 ejus
2365 1042 2625 1097 adversus
2652 1041 2846 1110 impios
2877 1041 3189 1112 loquuntur.

2294 1112 2659 1195 IX.___Sibyll;e
2673 1108 2891 1195 et‘ipsze
2917 1108 3051 1195 irim
3100 1111 3212 1166 Deo
3246 1109 3552 1165 attribuunt
3582 1151 3597 1173 ,
3642 1108 3843 1179 Apollo

2206 1186 2352 1257 item
2374 1183 2611 1243 Milesius
2639 1183 2794 1257 (Cap.
2823 1184 2916 1252 22,
2947 1183 3069 1253 23).

2289 1255 2579 1313 Conclusio
2605 1250 2849 1328 sequitur
2899 1250 3246 1328 parienetica,
3299 1267 3402 1322 qua
3431 1250 3689 1328 hortatur
3715 1252 3840 1306 uni-

2221 1344 2428 1396 versos,
2460 1337 2516 1384 ut
2546 1323 2713 1383 Deum
2745 1323 2957 1391 ament,
2986 1325 3129 1397 quod
3160 1335 3331 1394 pater,
3356 1323 3733 1393 eamdemque
3759 1340 3839 1378 ve-

2218 1411 2456 1467 reantur,
2481 1398 2627 1471 quod
2658 1399 2918 1455 Dominus
2943 1399 3034 1454 sit.
3062 1398 3401 1455 SCULTE'I'US.

522 1539 3786 1597 ῃ

1438 1938 1575 2011 υΕ
1627 1931 1840 2013 ΙΒΑ
1877 1931 2094 2029 DEI,
2133 1931 2289 2005 AD
2334 1930 2936 2006 DONATUM.

1979 2132 2362 2188 om.

1046 2314 1273 2374 CAPUT
1307 2313 1591 2371 PRIMUM.

868 2454 947 2511 De
970 2453 1223 2527 sapientia
1250 2451 1425 2506 divina
1449 2460 1495 2505 et
1522 2449 1766 2505 humana.

596 2593 971 2654 Animadverti
991 2608 1158 2664 swpe,
1190 2592 1418 2657 Donate,
1441 2589 1703 2662 plurimos
1731 2586 1783 2644 id
1809 2588 2125 2645 existimare

522 2690 704 2764 (quod
747 2690 909 2745 etiam
950 2684 1197 2742 nonnulli
1248 2682 1691 2755 philosophorum
1740 2682 2124 2753 putaverunt),

525 2800 634 2841 non
663 2781 820 2839 irasci
852 2782 1056 2846 Deum;
1085 2777 1340 2850 quoniam
1389 2776 1476 2831 vel
1506 2776 1744 2833 beneﬁca
1777 2777 1849 2831 sit
1883 2785 2120 2831 tammu-

524 2875 687 2931 modo
716 2882 905 2929 natura
932 2870 1131 2937 divina,
1176 2882 1275 2924 nec
1313 2866 1560 2938 cuiquam
1605 2880 1830 2931 nocere,
1864 2876 2125 2938 praestan—

529 2967 754 3023 tissimae
792 2975 957 3036 atque
983 2960 1203 3033 optimm
1254 2967 1516 3032 congruat
1547 2959 1829 3029 potestati;
1864 2958 1947 3015 vel
1976 2968 2128 3015 certe

527 3061 604 3116 nil
653 3066 809 3115 curet
852 3054 1110 3119 omnino,
1164 3060 1222 3108 ut
1277 3066 1452 3123 neque
1497 3065 1561 3107 ex
1608 3048 1959 3107 beneﬁcentia
2011 3049 2129 3122 ejus

529 3151 820 3224 quidquam
872 3148 999 3204 boni
1041 3145 1328 3218 perveniat
1364 3142 1429 3200 ad
1470 3158 1592 3212 nos,
1623 3158 1797 3214 neque
1822 3158 1892 3199 ex
1923 3142 2129 3198 maleli-

531 3243 711 3301 centia
739 3240 1032 3312 quidquam
1057 3238 1205 3295 mali.
1231 3237 1472 3306 Quorum
1500 3251 1681 3304 error,
1703 3239 1826 3308 quia
1858 3237 2127 3292 maximus

533 3346 640 3405 est,
666 3345 723 3393 et
750 3334 817 3390 ad
844 3332 1195 3390 evertendum
1229 3333 1354 3387 vita:
1383 3332 1631 3387 humana:
1660 3339 1857 3388 statum
1899 3338 2128 3401 spectat,

2159 2318 2206 2378 Β
2230 2310 2551 2367 auctoritate
2578 2309 2884 2382 hominum,
2916 2311 3006 2384 qui
3037 2328 3098 2369 se
3138 2321 3332 2383 putant
3379 2328 3506 2370 esse
3536 2316 3837 2385 sapientes.

2222 2405 2336 2462 Nec
2367 2414 2548 2462 tamen
2593 2421 2694 2463 nos
2744 2415 2854 2463 tam
2900 2417 3216 2479 arrogantes
3243 2423 3451 2473 sumus,
3487 2418 3547 2464 ut
3583 2426 3837 2480 compre-

2229 2496 2456 2554 hensam
2480 2507 2668 2554 nostro
2686 2499 2903 2571 ingenio
2924 2501 3205 2558 veritatem
3231 2501 3532 2572 gloriemur
3555 2522 3569 2555 ;
3589 2503 3691 2559 sed
3711 2504 3839 2558 doc-

2226 2592 2420 2648 trinam
2449 2592 2544 2648 Dei
2571 2594 2866 2664 sequimnr,
2897 2595 2991 2667 qui
3015 2596 3156 2652 scire
3178 2596 3328 2652 solus
3350 2605 3552 2667 potest,
3582 2609 3642 2653 et
3674 2615 3831 2654 rere-

2226 2684 2343 2741 lare
2395 2695 2623 2742 secreta.
2677 2685 2848 2757 Cujus
2896 2686 3158 2744 doctrinm
3210 2688 3517 2759 philosophi
3571 2700 3831 2762 expertes

2228 2776 2710 2846 existimaverunt,
2763 2787 3010 2835 naturam
3061 2796 3247 2836 rerum
3299 2780 3617 2851 conjectura
3679 2798 3838 2854 posse

2228 2869 2580 2941 deprehendi.
2605 2870 2759 2940 Quod
2786 2887 3124 2943 nequaquam
3155 2873 3268 2929 ﬁeri
3296 2882 3495 2945 potest,
3515 2876 3645 2945 quia
3680 2892 3831 2931 mens

2233 2962 2498 3029 hominis,
2529 2962 2821 3020 tenebroso
2849 2965 3098 3035 corporis
3124 2964 3412 3037 domicilio,
3448 2965 3837 3039 circumsepta,

2235 3056 2396 3129 longe
2418 3072 2453 3110 a
2474 3056 2587 3114 veri
2610 3058 2990 3129 perspectione
3016 3066 3285 3115 summota
3309 3068 3427 3125 est;
3454 3069 3512 3116 et
3537 3060 3643 3116 hoc
3665 3058 3842 3118 didert

2235 3150 2307 3208 ab
2332 3150 2669 3208 humanitate
2695 3152 2970 3221 divinitas,
3019 3154 3161 3225 quod
3191 3154 3547 3212 humanitatis
3576 3166 3664 3212 est
3695 3156 3843 3229 igno—

2235 3243 2395 3309 ratio,
2426 3241 2723 3298 divinitatis
2754 3245 3005 3301 scientia.
3286 3300 3290 3306 ,

2312 3334 2467 3391 Unde
2498 3335 2653 3391 nobis
2676 3336 2858 3407 aliquo
2887 3337 3094 3394 lumine
3123 3353 3261 3410 opus
3283 3347 3367 3395 est
3398 3338 3465 3395 ad
3490 3339 3844 3413 depellendas

532 3428 911 3499 coarguendus
933 3433 1020 3482 est
1041 3440 1069 3479 a
1098 3422 1273 3490 nobis,
1300 3438 1367 3479 ne
1396 3432 1450 3479 et
1474 3423 1591 3494 ipse
1615 3422 1841 3488 fallaris,
1872 3422 2132 3493 impulsus
2158 3413 2205 3478 C
2239 3426 2513 3494 tenebras,
2543 3427 2744 3494 quibus
2772 3427 2944 3485 oll'usa
2981 3438 3065 3486 est
3093 3428 3328 3487 hominis
3375 3429 3668 3503 cogitatio,
3712 3445 3839 3503 quo-

1882 3536 2251 3597 VARIORUM
2288 3540 2523 3599 ΝΟΤιΕ.

612 3632 765 3716 Liber
788 3658 854 3713 de
872 3658 951 3711 ira
976 3655 1098 3723 Dei,
1127 3656 1195 3709 ad
1226 3653 1511 3711 Donatum.
1542 3654 1620 3709 lla
1670 3653 1851 3709 ferunt
1879 3652 2143 3778 Iplerique

612 3747 676 3778 is-
710 3739 765 3778 et
792 3728 943 3778 editi.
972 3728 1029 3778 ιιι
1060 3744 1141 3778 ms
1169 3727 1377 3778 Bonon.
1411 3726 1713 3778 antinuiore
1753 3735 1836 3778 est
1935 3765 1946 3777 .
1994 3723 2143 3778 Ctetii

540 3747 676 3790 mss.
710 3739 765 3785 et
792 3728 943 3785 editi.
972 3728 1029 3783 lu
1060 3744 1141 3782 ms
1169 3727 1377 3782 Bonon.
1411 3726 1713 3793 antiquiore
1753 3735 1836 3781 est
1879 3723 1946 3778 L.
1994 3723 2144 3779 Cretii

541 3803 803 3859 Firntiani
833 3799 1085 3854 Lactantii
1111 3798 1291 3867 incipit
1318 3797 1382 3851 de
1406 3796 1498 3850 Ira
1525 3795 1623 3851 Dei
1659 3796 1786 3850 liber
1808 3812 1921 3850 vm.
1953 3796 2009 3850 ln
2037 3796 2142 3852 Re-

544 3954 605 4002 de
651 3954 767 4000 Vita
805 3954 951 3998 beata
995 3959 1058 3997 ex
1100 3954 1206 3996 ttctt
1250 3954 1496 4011 septimus
1532 3954 1679 4004 twer,
1724 3954 1902 4007 tltCtpil
1942 3954 2005 3994 ue
2047 3954 2134 3993 ινα

544 4017 737 4073 Divina
759 4015 886 4071 liber
912 4029 1024 4069 vni.
1050 3958 1269 4083 {egitur
1291 4025 1506 4083 quoque
1531 4009 1601 4083 de
1621 4007 1714 4083 Ira
1743 4009 1952 4077 Divina,
1982 4010 2049 4083 in
2086 4012 2134 4075 1,

546 4089 868 4146 Oxoniensi.
927 4084 984 4141 ln
1040 4085 1104 4140 16
1134 4080 1492 4139 ἦιιδείάθθεῑ
1533 4081 1602 4136 ad
1648 4080 1932 4136 Donatum.
1979 4081 2142 4137 Extat.

546 4160 617 4216 de
646 4160 749 4215 hoc
772 4160 907 4214 libro
937 4155 1294 4211 honoriﬁcum
1326 4154 1384 4209 Β.
1416 4152 1727 4225 Hieronymi
1774 4154 2140 4225 testimonium

548 4232 616 4286 ad
641 4246 759 4300 eap.
786 4245 834 4284 Iv
863 4229 1032 4298 Epist.
1063 4228 1129 4300 ad
1163 4225 1448 4300 Ephesios,
1478 4223 1811 4300 hisv'crbis;
1844 4223 2140 4300 Firmianus

548 4292 722 4358 nostri:
749 4292 932 4381 tibi-uin
960 4301 1023 4381 de
1053 4299 1143 4354 Ira
1175 4292 1265 4353 Dei
1286 4298 1433 4381 docto
1472 4297 1663 4380 pariter
1688 4306 1734 4352 et
1759 4297 2008 4381 eloquenti
2033 4314 2139 4381 ser—
2163 4292 2219 4355 D

552 4388 701 4428 mone
727 4372 1045 4438 conscripsit,
1078 4387 1225 4442 quem
1262 4369 1348 4440 qui
1387 4370 1585 4440 legerit,
1614 4380 1736 4440 puto
1762 4369 1808 4442 e_i
1833 4370 1901 4421 ad
1926 4370 2035 4442 im:
2061 4370 2139 4442 in-

554 4442 808 4499 tellectum
846 4443 967 4496 satis
992 4439 1286 4505 abundeque
1314 4439 1571 4509 sufﬁcere,
1613 4452 1717 4497 etc.
1766 4439 2029 4495 Eumdem
2076 4439 2141 4495 li-

556 4518 711 4571 brum
756 4512 990 4582 appellat
1030 4511 1422 4581 pulcherrimum
1477 4513 1529 4566 in
1579 4513 1716 4568 libro
1759 4511 1829 4565 de
1877 4511 2137 4581 Scriptor.

556 4581 870 4642 Ecclesiast.
902 4583 955 4637 in
986 4581 1275 4637 Firmiano.
1300 4581 1606 4636 Cavendum
1642 4592 1819 4636 tamen
1846 4598 1874 4635 a
1908 4582 2145 4636 themate

559 4657 726 4721 illius,
756 4653 900 4723 quod
945 4662 1027 4707 est
1072 4654 1133 4706 de
1176 4650 1267 4705 Ira
1310 4651 1437 4723 Dei;
1473 4668 1595 4707 nam
1642 4663 1753 4707 toto
1797 4653 1936 4707 libro
1964 4652 2144 4715 docet,

559 4728 657 4784 irae
678 4722 924 4782 all'eCtnm
947 4732 1002 4780 et
1029 4725 1164 4778 alios
1190 4722 1449 4792 quosdam
1472 4737 1605 4793 vere
1629 4732 1685 4779 et
1712 4723 1929 4793 preprie
1946 4723 2004 4793 in
2035 4723 2148 4778 Deo

561 4798 814 4870 reperiri,
837 4806 906 4870 _c_t
938 4795 1232 4870 priesertim
1253 4809 1381 4870 cap.
1416 4792 1502 4862 15,
1542 4794 1606 4850 16
1638 4803 1704 4870 et
1722 4792 1799 4870 l7_
1813 4792 2149 4870 quodetiam

562 4864 795 4995 afl'seIiuit
837 4864 949 4922 lib.’
975 4881 1011 4921 ll
1059 4865 1175 4921 Div.
1208 4864 1439 4921 liiStitut.
1490 4881 1609 4937 cap.
1644 4867 1731 4921 18.
1764 4864 1934 4935 Quem
1967 4866 2149 4922 locum

562 4959 590 4994 a
635 4959 669 4995 ι.
722 4953 884 4995 διευς.

560 4941 669 4997 adi.
697 4941 884 4995 Isssos.

632 5009 980 5066 Animadverti
1022 5025 1176 5078 sazpe,
1205 5007 1420 5062 Donate.
1452 5005 1686 5065 lmitatio
1716 5017 1801 5066 est
1845 5007 2147 5073 Ciceronis,

605 5083 656 5137 ui
702 5080 978 5151 Paradoxa
1022 5096 1117 5134 sua
1167 5078 1244 5135 sic
1285 5079 1545 5136 inchoat:
1584 5080 1937 5136 Animadverti
1982 5097 2146 5151 stupe,

612 5150 1035 5207 rute.——-Donale.
1050 5150 1202 5205 linnc
1215 5151 1455 5205 nonnulli
1473 5152 1634 5209 fuisse
1646 5152 1869 5209 censent
1886 5150 2148 5207 Donatum

563 5224 956 5287 confessorem,
987 5224 1072 5276 cui
1102 5222 1408 5277 Lactantius
1438 5238 1591 5279 suum
1641 5225 1705 5278 de
1736 5223 1987 5278 Mortibus
2022 5221 2149 5278 Per-

562 5306 850 5352 secutorum
876 5293 1072 5348 dicavit
1102 5294 1303 5347 librum.
1334 5293 1437 5350 Alii
1467 5296 1653 5350 Volunt
1694 5296 1856 5350 fuisse
1888 5296 2148 5350 Donatum

560 5364 979 5427 hiet-esiarcham
1009 5365 1423 5429 Donatistarum,
1457 5366 1613 5422 alteri
1639 5383 1769 5422 vero
1803 5365 2004 5422 [Elium
2048 5367 2151 5419 Do-

520 5490 529 5497 .
564 5447 751 5510 natum
788 5434 1201 5510 Grammaticnm
1250 5434 1309 5510 εί
1360 5436 1669 5510 Hieronymi
1717 5448 2148 5510 praaceptorem:

563 5509 707 5581 quod
748 5522 869 5581 cum
898 5508 1127 5562 divinari
1169 5506 1375 5581 magis,
1407 5506 1743 5578 qnam’certu
1774 5506 1909 5564 sciri
1944 5509 2146 5580 possit,

559 5578 729 5653 penes
758 5578 1012 5653 lectorem
1048 5578 1262 5653 remitto
1292 5594 1516 5653 etamen
1553 5589 1609 5636 et
1632 5581 1913 5653 judicium.

636 5651 896 5705 Plurimos
929 5651 981 5703 id
1020 5651 1328 5706 existimare.
1364 5650 1437 5705 lta
1488 5650 1699 5708 veteres
1741 5651 1777 5706 2
1815 5651 1943 5707 edit.
1991 5651 2152 5707 Rom.

563 5730 620 5793 et
647 5721 820 5778 Betui.
846 5736 965 5776 cum
996 5722 1242 5777 omnibus
1270 5736 1399 5793 mss.
1435 5732 1629 5793 praeter
1647 5723 1682 5778 2
1708 5722 1913 5778 Bonon.
1938 5734 1991 5778 et
2019 5721 2154 5777 Tax.

562 5792 619 5856 in
640 5793 857 5871 {quibus
886 5802 968 5852 est
990 5794 1257 5853 testimare.
1291 5791 1483 5853 Cameri
1506 5794 1636 5854 edit.
1666 5796 1723 5851 id
1763 5804 2014 5868 tanquam
2043 5794 2161 5853 inu-

2244 3656 2341 3713 tile
2368 3657 2701 3728 abiecerunt.

2316 3727 2683 3804 Coarguendus
2723 3743 2797 3787 est
2821 3747 2854 3785 a
2891 3732 3055 3787 nobis.
3098 3731 3269 3789 Abest
3299 3731 3612 3804 praepositio
3667 3749 3697 3787 a
3748 3746 3842 3788 ms.

2245 3800 2274 3856 1
2321 3799 2532 3872 Bonan.
2566 3802 2736 3872 antiq.

2319 3870 2401 3926 Ne
2436 3881 2481 3927 et
2510 3875 2618 3942 ipse
2651 3870 2874 3944 fallaris.
2925 3873 3180 3931 Additum
3228 3884 3277 3931 et
3315 3891 3381 3932 ex
3420 3876 3681 3933 omnibus
3714 3890 3839 3930 mss.

2242 3951 2298 3999 et
2334 3952 2441 3999 vet.
2474 3946 2561 3999 ed.
2593 3944 2754 4001 Rom.
2796 3961 2886 4000 an.
2918 3945 3080 4002 H70.

2314 4013 2426 4069 Nec
2453 4025 2620 4071 tamen
2648 4033 2738 4071 nos
2763 4027 2871 4088 tam,
2908 4028 3208 4088 arrogantes
3229 4035 3420 4075 sumus.
3467 4017 3599 4073 Tam
3631 4018 3789 4074 abest
3810 4033 3835 4070 a

2239 4085 2307 4142 21
2341 4101 2475 4142 mss.
2507 4097 2559 4143 et
2589 4088 2625 4142 5
2650 4097 2758 4144 vet.
2791 4087 2971 4144 editis.

2313 4178 2598 4235 Tenebroso
2636 4183 2864 4252 corporis
2890 4181 3153 4236 domicilio
3190 4181 3549 4247 circumsepta.
3605 4181 3835 4237 Platoni-

2242 4265 2365 4327 cum
2403 4252 2519 4327 hoc
2549 4261 2653 4319 est,
2701 4253 2790 4327 qui
2835 4252 3049 4327 alibi‘rb
3090 4261 3246 4327 σῶμα
3289 4254 3607 4327 τῆςίψυχῆς
3646 4263 3843 4315 σκῆνος,

2244 4322 2367 4377 alibi
2398 4320 2583 4399 ὄχημα
2611 4320 3024 4399 nominat,_alibi
3054 4320 3278 4399 pulueris
3300 4342 3317 4399 ς
3347 4320 3711 4399 Cicer-duntur:
3738 4341 3845 4399 tias.

2245 4409 2387 4465 nunc
2413 4394 2833 4465 receptaculum.
2871 4395 2946 4450 De
2978 4394 3085 4465 quo
3112 4397 3163 4450 in
3200 4396 3403 4450 Divinis
3430 4394 3671 4450 lnstitut.
3704 4397 3843 4464 plura

2245 4464 2390 4538 dicta
2435 4464 2579 4520 sunt.
2621 4465 2773 4538 Pauli
2804 4464 3145 4538 philosOphia
3195 4466 3631 4538 magniﬁcentius
3666 4469 3735 4521 de
3778 4467 3848 4538 di-

2247 4537 2451 4606 gnitate
2479 4538 2726 4607 corporis
2749 4535 2970 4591 humani
3000 4535 3183 4594 sentit.
3227 4535 3320 4593 Sic
3345 4535 3641 4593 Corinthiis
3671 4537 3848 4593 scribit

2251 4623 2267 4661 ι
2299 4606 2424 4679 cor.
2454 4606 2662 4679 capQS,
2691 4624 2742 4661 v.
2774 4609 2845 4663 6:
2875 4608 3122 4672 Nescitis,
3148 4610 3271 4679 quia
3297 4609 3541 4679 templum
3590 4608 3689 4664 Dei
3715 4610 3846 4671 estis,

2252 4687 2298 4731 et
2326 4678 2553 4747 Spiritus
2581 4678 2674 4733 Dei
2701 4679 2896 4734 habitat
2924 4681 2980 4734 in
3006 4678 3167 4735 vobis.
3200 4678 3434 4745 Rursus,
3459 4679 3711 4745 Nescitis,
3736 4695 3846 4749 quo-

2259 4749 2415 4875 niam.
2442 4766 2661 4821 corpora
2709 4762 2873 4807 vestra
2929 4753 3156 4807 membra
3200 4761 3320 4807 sunt
3367 4750 3593 4819 Christi,
3647 4768 3765 4823 cap.
3821 4749 3849 4803 5

2262 4836 2313 4875 ν.
2384 4841 2435 4875 ο.

2262 4836 2313 4875 ν.
2348 4836 2435 4875 ιο.

2333 4913 2510 4987 Longe
2530 4931 2562 4969 a
2600 4915 3197 4999 veriperspecttionﬁlta
3227 4915 3412 4999 plures
3438 4914 3561 4999 edd.
3592 4925 3647 4971 et
3671 4926 3846 4999 omnes

2264 4986 2379 5042 fere
2406 4986 2538 5053 mss,
2568 5002 2691 5041 cum
2715 4986 3023 5043 Thomasio.
3057 4988 3128 5043 Et
3155 4986 3319 5043 recte.
3353 4987 3410 5042 In
3441 4988 3475 5043 5
3506 5004 3636 5041 mss.
3668 5005 3774 5043 rec.
3800 4991 3846 5039 ct

2262 5057 2391 5129 edit.
2424 5058 2579 5112 Rom.
2608 5059 2765 5123 H70,
2792 5077 2823 5111 a
2843 5060 2943 5113 veri
2975 5059 3303 5129 perfectione,
3330 5060 3469 5113 male
3493 5076 3508 5122 ;
3534 5059 3587 5113 in
3620 5060 3653 5114 6
3679 5057 3844 5115 editis.

2264 5146 2296 5182 a
2324 5128 2418 5183 Dei
2448 5129 2811 5199 perspectione,
2848 5131 3038 5185 vitiose
3054 5128 3073 5196 ;ί
3105 5145 3209 5186 non
3236 5130 3377 5185 enim
3420 5130 3490 5184 ibi
3532 5130 3603 5186 de
3650 5132 3740 5185 Dei
3767 5142 3845 5199 co:

2253 5195 2492 5269 gnitioue
2538 5195 2844 5255 sermonem
2892 5195 3175 5257 instituere
3222 5202 3338 5256 vult
3384 5199 3714 5265 Lactantius,
3761 5195 3840 5254 scd

2254 5270 2540 5343 ostendere
2571 5273 2741 5327 Deum
2782 5287 2905 5328 esse
2932 5283 3209 5328 auctorem
3239 5273 3561 5343 cognitionis
3596 5273 3840 5327 veritatis.

2254 5342 2615 5469 ϐλιιξυε.-
2645 5343 2720 5399 De
2749 5343 2849 5399 hac
2878 5344 3146 5400 sententia
3187 5342 3329 5399 videi
3357 5344 3481 5399 libr.
3528 5359 3563 5398 tt
3618 5343 3838 5399 lnstitut.

2254 5430 2374 5469 can.
2450 5454 2462 5468 .

2254 5430 2374 5485 cap.
2405 5430 2462 5469 υ.

2331 5503 2685 5562 Humanitate.
2723 5504 3041 5561 Humanitas
3069 5506 3157 5563 hic
3190 5522 3294 5563 non
3320 5514 3475 5562 notat
3517 5507 3663 5563 illam
3697 5507 3843 5559 virtu-

2259 5587 2387 5641 tem,
2421 5593 2580 5647 quam
2612 5578 2828 5647 proprie
2873 5576 3037 5633 homo
3069 5579 3223 5634 alteri
3253 5576 3460 5633 homini
3488 5571 3840 5648 praestauscd

2260 5658 2506 5719 naturam
2536 5649 2848 5719 humanam,
2881 5649 3058 5719 ipsum
3091 5649 3385 5705 hominem.
3433 5647 3685 5705 Minutius
3715 5647 3840 5701 Felix

2261 5720 2316 5775 in
2351 5717 2573 5792 Octavio
2599 5736 2611 5773 :
2635 5717 3146 5792 Timoremiomnem,
3173 5737 3274 5792 quo
3304 5721 3608 5777 humanitas
3655 5724 3843 5792 regitur,

2263 5791 2463 5862 penitus
2491 5790 2852 5865 sustulerunt.)l

3974 1682 3977 1815 Ν
