4034 6354
182 365 244 422 8|
1536 362 1740 422 LIBER
1783 365 1870 421 ne
1910 364 2025 422 lRA
2070 365 2203 422 om.
2734 338 2745 349 ’
3425 371 3499 427 se

184 483 326 541 niam
358 481 415 540 in
444 497 609 541 carne
649 485 867 541 mortali
904 491 1153 555 agentes,
1187 481 1385 539 nostris
1425 482 1673 539 sensibus
1699 484 1777 539 di-
1808 485 1860 545 Λ
1886 484 2129 541 veritatis
2156 483 2483 549 ascenditur,
2525 499 2635 541 non
2661 494 2747 542 est
2784 485 2939 542 facile
2975 486 3195 544 cuilibet
3230 486 3384 542 evehi
3429 486 3500 541 ad

183 577 371 633 vinare
398 591 508 633 non
537 591 850 649 possumus.
879 577 1084 632 Lumen
1105 583 1281 630 autem
1315 576 1511 631 mentis
1540 576 1789 633 humanae

185 667 326 725 Deus
357 678 466 735 est,
497 683 659 740 quem
690 668 782 741 qui
813 668 1145 740 cognoverit,
1183 676 1238 723 et
1278 669 1330 723 in
1379 677 1567 738 pectus
1613 668 1789 725 admi-

180 762 332 828 serit,
360 760 670 817 illuminato
691 760 857 817 corde
877 760 1192 833 mysterium
1217 761 1460 816 veritatis
1485 771 1745 831 agnoscet
1770 779 1786 816 :

180 862 391 909 remoto
425 862 606 908 autem
641 854 751 909 Deo
782 853 1099 924 caelestique
1129 852 1397 921 doctrina,
1428 855 1612 910 omnia
1636 869 1790 910 erro-

186 944 335 999 ribus
359 943 521 1015 plena
554 951 700 999 sunt.
734 942 1009 1015 Recteque
1047 943 1318 1011 Socrates,
1348 957 1470 998 cum
1503 954 1650 1000 esset
1675 959 1792 1000 om-

187 1038 332 1093 nium
364 1036 815 1110 philosophorum
852 1036 1218 1103 doctissimus,
1254 1046 1431 1092 tamen
1458 1045 1518 1093 ut
1553 1046 1783 1093 emtore-

186 1146 308 1187 rum
350 1119 600 1200 argueret
644 1129 934 1197 inscitiam,
977 1130 1066 1200 qui
1114 1144 1175 1185 se
1201 1129 1404 1200 aliquid
1436 1138 1620 1186 tenere
1648 1131 1791 1187 arbi-

188 1225 494 1288 trabantur,
524 1223 600 1278 ait
644 1239 706 1281 se
734 1223 868 1278 nihil
907 1223 1071 1290 scire,
1116 1224 1216 1278 nisi
1263 1238 1452 1288 unum.
1482 1225 1625 1296 quod
1655 1225 1792 1283 nihil

184 1320 370 1374 sciret.
400 1317 675 1374 Intellexit
718 1318 886 1384 enim,
918 1317 1216 1373 doctrinam
1249 1317 1393 1374 illam
1428 1318 1563 1374 nihil
1594 1319 1794 1377 habere

185 1413 239 1467 in
268 1427 328 1467 se
354 1411 509 1477 certi,
546 1410 676 1466 nihil
710 1412 857 1478 veri;
892 1426 1011 1478 nec,
1047 1420 1105 1467 ut
1136 1421 1321 1482 putant
1343 1411 1584 1483 quidam,
1615 1412 1791 1469 simu-

188 1507 321 1562 lavit
353 1507 469 1577 ipse
492 1506 815 1572 doctrinam,
848 1514 908 1561 ut
930 1507 1067 1562 alios
1097 1506 1399 1573 refelleret;
1434 1506 1529 1564 sed
1562 1507 1697 1562 vidit
1725 1522 1794 1563 ex

194 1610 347 1672 parte
371 1600 549 1672 aliqua
577 1601 884 1656 veritatem.
917 1599 1276 1672 Testatusque
1319 1608 1403 1657 est
1432 1601 1595 1657 etiam
1626 1601 1678 1657 in
1706 1600 1792 1671 ju-

194 1694 337 1750 dicio
361 1693 525 1768 (sicut
554 1692 782 1749 traditur
806 1708 836 1747 a
868 1692 1116 1764 Platone)
1155 1692 1299 1764 quod
1341 1692 1490 1749 nulla
1519 1702 1667 1750 esset
1694 1692 1797 1748 bu-

201 1801 360 1842 mana
390 1785 648 1856 sapientia
670 1804 684 1839 :
707 1784 844 1842 adeo
864 1784 1187 1851 doctrinam,
1217 1800 1321 1857 qua
1352 1794 1463 1841 tum
1487 1783 1796 1856 philosophi

202 1880 594 1954 gloriabantur,
616 1878 957 1952 contempsit,
988 1878 1202 1947 derisit,
1224 1879 1441 1951 abjecit,
1465 1888 1522 1934 ut
1544 1878 1597 1934 id
1622 1879 1800 1951 ipsum
1831 1881 1879 1942 B

199 1989 299 2046 pro
326 1988 535 2029 summa
581 1973 825 2030 doctrina
861 1972 1244 2044 proﬁteretur,
1288 1971 1433 2044 quod
1478 1971 1612 2027 nihil
1653 1981 1797 2028 scire

195 2066 497 2123 didicisset.
527 2067 582 2122 Si
610 2083 739 2139 ergo
764 2067 910 2123 nulla
932 2076 1017 2123 est
1040 2067 1304 2137 sapientia
1328 2067 1583 2131 humana,
1609 2076 1667 2122 ut
1696 2066 1797 2124 So-

171 2168 374 2216 ‘crates
394 2158 598 2226 docuit,
629 2170 685 2215 ut
707 2159 860 2215 Plato
885 2158 1127 2226 tradidit,
1148 2146 1370 2230 apparet
1385 2173 1509 2215 esse
1528 2157 1794 2227 divinam,

199 2268 298 2309 nec
328 2252 421 2308 ulli
454 2253 568 2319 alii,
601 2268 761 2324 quam
794 2253 905 2309 Deo
935 2252 1179 2308 veritatis
1215 2252 1462 2308 notitiam
1489 2251 1794 2323 subjacere.

201 2348 343 2406 Deus
372 2348 530 2419 igitur
558 2347 867 2405 noscendus
904 2357 1009 2413 est,
1055 2348 1108 2403 in
1152 2361 1260 2419 quo
1298 2347 1420 2403 solo
1462 2347 1659 2402 veritas
1688 2353 1791 2402 est.

138 2516 142 2520 _
203 2442 296 2499 Ille
322 2443 506 2499 mundi
535 2458 752 2513 parens,
785 2453 841 2499 et
866 2442 1114 2499 conditor
1137 2458 1338 2508 rerum,
1362 2443 1452 2514 qui
1482 2442 1655 2498 oculis
1686 2455 1793 2497 non

203 2534 429 2600 videtur,
464 2543 645 2591 mente
669 2536 761 2591 vix
784 2536 1044 2591 cernitur.
1067 2534 1235 2607 Cujus
1254 2534 1444 2607 religio
1473 2534 1655 2590 multis
1682 2549 1800 2590 mo-

198 2625 283 2681 dis
318 2627 622 2697 impugnari
650 2627 789 2684 solet
815 2627 996 2695 abiis,
1023 2628 1117 2699 qui
1157 2641 1333 2698 neque
1357 2641 1542 2683 veram
1580 2627 1798 2698 sapien-

198 2718 326 2774 tiam
356 2727 544 2776 tenere
572 2728 885 2791 potuerunt,
917 2735 1094 2792 neque
1119 2719 1296 2792 magni
1343 2729 1394 2776 et
1437 2719 1676 2777 ctelestis
1708 2734 1800 2775 ar-

196 2812 314 2868 cani
345 2810 815 2884 comprehendere
838 2813 1128 2868 rationem.

839 2904 1069 2962 CAPUT
1107 2905 1172 2962 II.

305 2998 388 3054 De
414 2999 646 3066 ueritate,
679 2999 841 3069 deque
865 3001 978 3071 ejus
1003 2999 1267 3072 gradibus,
1297 3009 1449 3069 atque
1471 2999 1535 3054 de
1565 2996 1695 3055 Deo.

266 3091 400 3149 Nam
430 3107 557 3150 cum
577 3093 894 3165 sintgradus
911 3094 1086 3161 multi,
1103 3107 1200 3166 per
1226 3108 1362 3166 quos
1383 3094 1448 3150 ad
1475 3093 1804 3151 domicilium

1892 589 2182 631 summum.
2220 574 2584 646 Caligantibus
2628 577 2772 632 enim
2812 579 3053 633 veritatis
3106 577 3309 649 fulgore
3338 576 3501 633 lumi-

1893 670 2071 736 nibus,
2102 670 2194 741 qui
2224 669 2469 725 stabilem
2513 684 2757 740 gressum
2788 681 2972 728 tenere
3001 686 3107 727 non
3139 682 3387 743 possunt,
3414 685 3504 727 re-

1893 762 2182 817 volvuntur
2223 762 2276 816 in
2317 761 2552 831 planum.
2587 762 2796 818 Primus
2842 776 3022 819 autem
3052 765 3250 836 gradus
3274 773 3379 831 est,
3411 766 3503 820 in-

1894 854 2140 925 telligere
2185 853 2348 909 falsas
2387 855 2697 926 religiones,
2745 865 2801 911 et
2842 856 3076 926 abjicere
3106 858 3298 929 impios
3324 858 3503 916 cultus

1893 949 2117 1004 deorum
2163 948 2393 1003 humana
2423 961 2581 1002 manu
2612 948 3012 1005 fabricatorum.
3043 949 3321 1007 Secundus
3345 966 3498 1020 vero,
3590 990 3601 1003 .

1894 1043 2203 1114 perSpieere
2226 1041 2426 1106 animo,
2467 1040 2608 1113 quod
2633 1057 2769 1097 unus
2792 1043 2863 1098 sit
2890 1043 3031 1100 Deus
3052 1059 3316 1113 summus,
3342 1046 3501 1117 cujus

1894 1145 2134 1208 potestas
2153 1150 2217 1190 ac
2246 1135 2577 1207 providentia
2606 1135 2845 1192 eﬂ‘ecerit
2867 1153 2898 1192 a
2926 1137 3189 1209 principio
3215 1138 3499 1207 mundum,

1894 1237 1948 1285 et
1975 1229 2237 1301 gubernet
2264 1228 2317 1283 in
2345 1238 2640 1299 posterum.
2671 1229 2910 1295 Tertius,
2943 1245 3272 1302 cognoscere
3313 1233 3505 1288 minis-

1898 1332 2037 1379 trum
2067 1324 2184 1394 ejus
2210 1338 2273 1379 ac
2299 1322 2570 1389 nuntium,
2615 1338 2775 1395 quem
2821 1323 3019 1393 legavit
3045 1325 3098 1380 in
3133 1333 3365 1390 terram;
3395 1341 3504 1394 quo

1895 1417 2148 1485 docente,
2177 1417 2386 1473 liberati
2408 1416 2477 1475 ab
2501 1431 2710 1483 errore,
2738 1433 2847 1489 quo
2873 1416 3131 1488 implicati
3160 1418 3499 1484 tenebamur,

1896 1512 2216 1585 formatique
2243 1510 2308 1566 ad
2338 1510 2451 1567 veri
2480 1510 2575 1568 Dei
2604 1511 2831 1578 cultum,
2859 1511 3122 1582 justitiam
3145 1510 3499 1568 disceremus.

1898 1605 1977 1662 Ex
2005 1605 2199 1677 quibus
2220 1606 2470 1661 omnibus
2493 1604 2771 1676 gradibus,
2803 1613 2861 1660 ut
2888 1605 3016 1671 dixi,
3042 1620 3247 1677 pronus
3274 1612 3360 1663 est
3385 1605 3508 1676 lap.

1896 1713 1990 1756 sus
2015 1708 2069 1754 et
2106 1697 2278 1754 facilis
2306 1698 2374 1754 ad
2403 1697 2637 1765 ruinam,
2670 1699 2771 1754 nisi
2800 1697 2964 1771 pedes
2992 1700 3310 1756 inconcussa
3337 1699 3509 1755 stabi-

1897 1791 2048 1848 litate
2075 1790 2325 1862 iigantur.
2468 1778 2475 1791 ’

1974 1977 2052 2033 De
2082 1977 2254 2048 primo
2275 1977 2446 2049 gradu
2472 1992 2567 2034 eos
2592 1980 2769 2034 excuti
2792 1979 3054 2046 videmus,
3082 1979 3194 2050 qui,
3221 1994 3344 2036 cum
3373 1980 3507 2036 falsa

1900 2066 2221 2139 intelligant,
2260 2077 2440 2124 tamen
2468 2083 2655 2124 verum
2685 2084 2790 2124 non
2822 2054 3123 2138 inveniunt,
3155 2070 3508 2143 contemptis»

1899 2176 2005 2233 que
2033 2163 2261 2217 terrenis
2307 2159 2687 2233 fragilibusque
2716 2160 3041 2227 simulacris,
3074 2177 3181 2216 non
3211 2161 3279 2217 ad
3316 2162 3507 2219 colen-

1901 2252 2029 2309 dum
2056 2268 2114 2308 se
2149 2253 2314 2310 Deum
2356 2252 2661 2319 conferunt,
2694 2268 2854 2325 quem
2886 2253 3165 2324 ignorant:
3200 2251 3293 2308 sed
3320 2253 3506 2308 mundi

1902 2344 2168 2401 elementa
2202 2345 2481 2409 mirantes,
2509 2344 2726 2411 caelum,
2753 2353 2973 2412 terram,
3007 2359 3175 2412 mare,
3203 2345 3397 2413 solem,
3428 2345 3507 2400 lu-

1902 2455 2049 2507 nam,
2079 2447 2381 2511 carteraque
2405 2448 2550 2495 astra
2577 2447 2923 2494 venerantur.
2947 2437 3052 2493 Sed
3079 2436 3269 2493 horum
3299 2438 3516 2508 imperi.

1904 2533 2031 2589 tiam
2061 2533 2169 2603 jam
2215 2532 2557 2603 coarguimus
2586 2533 2637 2587 iu
2670 2531 2910 2588 secundo
2939 2531 3245 2587 Divinarum
3291 2532 3512 2588 Institu-

1907 2625 2110 2681 tionum
2150 2623 2309 2681 libro.
2359 2624 2435 2680 De
2469 2624 2708 2680 secundo
2747 2639 2878 2679 vero
2919 2622 3088 2695 gradu
3138 2637 3233 2678 eos
3280 2621 3514 2678 dicimus

1906 2718 2120 2782 cadere,
2154 2717 2386 2787 quicum
2409 2717 2661 2781 sentiant,
2690 2733 2855 2774 unum
2880 2731 3001 2772 esse
3025 2730 3293 2771 summum
3317 2715 3512 2783 Deum,

1910 2809 2070 2866 iidem
2100 2817 2277 2865 tamen
2306 2823 2334 2862 a
2366 2808 2700 2880 philosophis
2723 2808 2939 2874 irretiti,
2968 2818 3022 2863 et
3050 2806 3199 2863 falsis
3224 2823 3514 2879 argumen-

1907 2901 2196 2958 tationibus
2232 2901 2392 2971 capti,
2443 2900 2598 2957 aliter
2637 2901 2703 2956 de
2747 2901 2901 2957 unica
2949 2900 3037 2955 illa
3078 2898 3359 2970 majestate
3388 2914 3514 2954 sen-

1906 2996 2063 3064 tiunt,
2115 3011 2272 3069 quam
2317 2998 2516 3053 veritas
2544 2994 2731 3063 habet;
2789 2995 2877 3067 qui
2922 3004 3014 3052 aut
3054 2995 3276 3068 figuram
3319 3000 3517 3064 negant

1519 3213 1883 3272 VARIORUM
1922 3212 2152 3272 NOT/E.

265 3350 485 3407 Nostris
527 3352 773 3409 sensibus.
803 3350 930 3407 Mss.
965 3352 996 3405 7
1027 3350 1360 3421 praemittunt
1387 3350 1469 3405 de.

271 3423 532 3494 Recteque
562 3423 823 3479 Socrates.
854 3419 1110 3478 Francius
1130 3463 1146 3490 ,
1180 3422 1318 3477 forte
1350 3420 1548 3492 Itaque.
1590 3420 1645 3477 In
1675 3419 1797 3477 Em.

192 3504 277 3550 est
307 3495 471 3551 Recte
493 3511 633 3567 ergo.

264 3562 565 3621 Iustitiam:
587 3566 818 3621 Reimm.
843 3565 1128 3621 Justitiam.
1158 3564 1347 3620 Prave.
1367 3563 1561 3629 Pierr.,
1585 3562 1801 3627 Parrh.,

188 3640 476 3694 insaniam.
518 3639 669 3693 Rost.
699 3636 835 3692 Ven.
873 3638 1034 3704 M71,
1063 3646 1291 3707 utraque
1312 3634 1626 3707 78,AParis.,
1646 3635 1801 3707 Ald,

189 3721 245 3764 et
293 3711 397 3764 hoc
453 3710 781 3764 recentiores
826 3723 1035 3774 omnes,
1083 3704 1362 3762 inscitiam.
1410 3704 1609 3769 Lond.,
1641 3706 1800 3776 Reg,

191 3782 382 3845 00th.,
418 3778 562 3836 Ven.
614 3780 775 3845 1495,
819 3780 1160 3834 inscientiam.
1189 3779 1387 3848 Recepi
1433 3792 1622 3833 vocem
1649 3774 1803 3833 Cice-

192 3854 307 3908 roni
336 3864 388 3908 et
426 3861 618 3907 nostro
646 3860 875 3921 gratam.
906 3850 1028 3907 Vid.
1073 3851 1164 3907 lib.
1214 3868 1268 3905 v.
1299 3849 1514 3907 Confer.
1560 3848 1797 3904 Gronov.

189 3926 256 3980 ad
286 3924 411 3979 Liv.
455 3939 586 3982 xm.
633 3937 751 3993 cap.
776 3922 869 3977 25.
902 3922 1184 3978 Bonum.

264 3996 338 4051 Se
370 3995 513 4049 nihil
548 3991 713 4049 scire;
739 3994 890 4063 Apud
941 3995 1148 4048 Platon.
1206 3995 1257 4048 in
1309 3991 1537 4064 Apolog.
1587 3992 1799 4047 Socrat.

190 4068 293 4122 sub
326 4067 568 4130 initium,
601 4075 656 4121 et
685 4066 796 4122 Cic.
828 4082 845 4119 ι
873 4065 1043 4121 Acad.
1072 4075 1261 4135 quam.

264 4137 490 4193 Putant.
528 4138 601 4193 lta
632 4152 733 4191 ms.
766 4137 896 4192 Bov.
925 4134 1398 4208 quam’lectioncm
1430 4136 1618 4206 probat
1664 4134 1803 4191 lieu-

190 4225 426 4266 manuus
454 4225 467 4273 ;
500 4210 587 4264 alii
615 4208 879 4275 putabant.

263 4282 549 4336 Simulavit
579 4282 687 4349 ipse
715 4280 1019 4336 doctrinam.
1051 4278 1177 4334 Mss.
1212 4280 1265 4343 7,
1303 4281 1429 4349 ipse.
1462 4277 1656 4346 Scripli
1689 4277 1723 4332 9
1753 4286 1808 4333 et

189 4352 223 4407 :2
253 4363 365 4409 vet.
401 4352 531 4406 edd.
562 4351 743 4418 Rom.,
774 4352 1110 4406 dissimulavit
1136 4350 1318 4420 ipsam.

264 4424 352 4479 Ea:
395 4434 547 4492 parte
579 4423 752 4494 aliqua
791 4425 1068 4478 veritatem.
1105 4417 1311 4494 Lond.,
1363 4420 1520 4489 Reg.,
1555 4417 1811 4494 Ex‘parte

190 4491 422 4561 aliquam
453 4491 727 4550 veritatem.
762 4494 877 4549 Non
910 4493 1067 4548 male.
1102 4491 1332 4562 Reliqui,
1361 4507 1426 4546 ex
1445 4500 1590 4561 parte
1612 4492 1806 4559 aliqua,

196 4577 252 4622 ut
276 4567 373 4622 lib.
398 4583 479 4631 Ill,
502 4582 622 4636 cap.
645 4568 679 4621 5
700 4584 712 4620 :
737 4568 917 4621 Potest
944 4566 1083 4632 ﬁeri,
1106 4573 1369 4619 utomncs
1393 4578 1457 4636 ea:
1472 4574 1620 4636 parte
1638 4563 1814 4636 aliqua

193 4640 528 4701 erraverint,
560 4633 621 4693 ea:
647 4648 790 4709 parte
818 4638 1073 4708 attigerint
1104 4636 1385 4692 veritatem.
1430 4633 1577 4709 Idem
1616 4649 1681 4688 ex
1724 4633 1811 4689 Ci-

194 4712 397 4765 mrone
428 4710 525 4764 lib.
551 4725 626 4770 Ill,
647 4705 825 4779 aliqua
852 4705 1106 4779 rx'parte.
1420 4777 1429 4779 _
1512 4705 1665 4779 _Bun._

271 4781 631 4851 Testatusqne.
658 4775 825 4836 Abest
844 4775 987 4851 quea
1012 4779 1247 4835 Colberl.
1274 4779 1301 4833 1
1328 4785 1392 4851 et
1409 4777 1443 4833 9
1463 4776 1639 4851 editis.
1660 4775 1813 4851 Plato

194 4852 415 4916 scripsit
441 4848 540 4920 pro
555 4852 774 4907 Socrate
804 4848 1140 4922 Apologiam,
1167 4848 1618 4922 quemadmodum
1650 4848 1813 4902 etiam

196 4919 510 4994 Xenophon
547 4934 599 4978 et
642 4919 865 4995 Lysias.’
888 4921 944 4977 lu
978 4937 1038 4975 ea
1072 4919 1223 4995 Plato
1266 4919 1546 4995 Socratem
1568 4933 1811 4995 causam

195 4990 373 5050 suam'
402 5003 593 5049 contra
633 4990 1046 5049 calumniatores
1086 4990 1461 5048 defendentem
1495 4990 1721 5055 inducit,
1751 5003 1817 5045 ac

197 5077 253 5120 ut
279 5068 529 5121 elevaret
576 5066 849 5135 cujusdam
896 5064 1171 5134 sapientiae
1213 5062 1365 5116 titulo
1398 5062 1660 5135 turgentis
1694 5060 1814 5130 opi-

198 5138 451 5199 nionem,
499 5132 852 5205 pulcherrima
894 5132 1230 5191 et'modesta
1266 5132 1818 5205 syncrisigsapientize

198 5210 345 5265 illius
372 5202 530 5263 suam
561 5206 794 5277 prtel‘ert,
824 5206 965 5276 quod
995 5207 1108 5274 ipse
1129 5206 1196 5277 de
1226 5202 1366 5259 nulla
1387 5203 1665 5277 _sapieutia
1696 5202 1832 5277 319--

197 5280 468 5344 riaretur,
514 5273 602 5334 ille
630 5295 755 5334 vero
795 5273 915 5333 cum
946 5273 1074 5332 nihil
1102 5276 1260 5340 sciat,
1288 5274 1502 5344 sapiens
1534 5284 1710 5331 tamen
1742 5273 1819 5328 vi.
1846 5326 1851 5327 ,

197 5351 332 5408 dere
363 5350 516 5405 velit.
548 5350 933 5420 Aristophanes
980 5345 1316 5420 Comicus,_a
1345 5344 1583 5420 Socratis
1613 5344 1822 5420 aemulis

201 5423 438 5494 pecunia
473 5416 774 5494 corruptus,
807 5436 928 5475 eum
977 5419 1101 5494 ludo
1128 5417 1344 5494 scenico
1371 5417 1607 5494 indignis
1642 5416 1822 5470 modis

203 5488 556 5565 prmscindil,
591 5488 729 5547 inter
776 5501 967 5565 cirlera
1008 5490 1362 5565 calumnians,
1413 5488 1554 5565 quod
1584 5508 1823 5565 yspt‘ttvo-

200 5558 460 5632 ὲοφὶστης
485 5577 579 5632 pro
596 5561 844 5618 mercede
861 5576 1069 5632 aequum
1096 5566 1151 5632 et
1171 5558 1407 5632 iniquum
1437 5558 1660 5612 doceat.'
1680 5558 1825 5632 Hauc

202 5626 541 5691 calumniam
558 5626 964 5689 Cotumcntator
988 5630 1218 5686 Iidcliter
1242 5626 1321 5700 (ut
1347 5640 1573 5685 caeteras
1591 5626 1823 5699 quoque)

203 5706 478 5763 retundit.
1508 5700 1714 5755 Βετυι..

280 5777 535 5833 Platone.
566 5775 718 5830 Plato
744 5775 796 5829 in
822 5773 1049 5843 Apolog.

283 5850 433 5903 Adeo
462 5847 766 5901 doctrinam.
810 5839 899 5900 su
930 5839 1119 5900 omnes
1164 5859 1292 5899 mss.
1324 5852 1372 5897 et
1407 5841 1646 5915 plerique
1675 5839 1823 5894 editi.

204 5922 262 5979 In
294 5921 328 5973 ϐ
360 5919 649 5989 impressis
677 5927 752 5971 est
779 5916 1019 5988 adeoque,

1823 3348 1871 3411 C

1978 3351 2042 3405 In
2068 3367 2167 3478 aluo
2204 3352 2313 3416 solo
2341 3350 2526 3405 veritas
2554 3360 2648 3406 est.
2684 3352 2707 3405 l
2760 3348 2895 3421 Reg.
2950 3363 3062 3405 rec.
3118 3359 3173 3405 et
3211 3350 3242 3403 7
3276 3348 3429 3415 editi,
3459 3349 3517 3405 in

1978 3440 2004 3476 ο
2026 3440 2081 3477 so
2105 3440 2155 3477 a.
3420 3434 3429 3443 ’

1905 3439 2004 3494 quo
2026 3434 2155 3478 sola.
2722 3493 2734 3494 ί
3420 3434 3429 3443 ’

1980 3495 2229 3550 Stabilem
2255 3511 2480 3567 gressum
2502 3504 2683 3550 tenere.
2717 3493 2964 3549 Lucanus
2989 3492 3085 3548 lib.
3114 3510 3162 3547 I:

2123 3607 2418 3659 Inconcussa
2443 3615 2623 3659 tenens
2643 3607 2792 3658 dubio
2815 3608 3027 3670 vestigia
3051 3617 3219 3657 cursu.

1907 3694 2098 3753 Senec.
2128 3695 2179 3749 in
2201 3693 2405 3749 Thicst.
2435 3693 2467 3749 5
2494 3713 2507 3750 :

2156 3808 2395 3858 Stabilem
2414 3810 2465 3858 tn
2488 3806 2632 3871 plano
2649 3806 2806 3877 figere
2831 3818 3074 3869 gressum.

1911 3913 2065 3969 Couf.
2092 3922 2207 3968 not.
2234 3911 2392 3968 inira.
2421 3912 2555 3969 BUN.

1988 3985 2398 4039 Fabricatomnt.
2443 3984 2661 4040 Scilicet
2714 3984 2956 4039 deorum.
2998 3979 3089 4037 Sic
3130 3979 3412 4037 emendavi
3442 3995 3511 4036 ex

1912 4057 2119 4112 cuuctis
2148 4058 2259 4112 fere
2303 4071 2432 4112 mss.
2479 4064 2534 4112 et
2559 4056 2784 4124 vulgatis
2814 4054 3091 4127 Gymnic.,_
3141 4052 3231 4112 ls..
3287 4050 3510 4127 (Iollan,

1910 4127 2119 4183 Waleh.
2136 4171 2150 4192 ,
2173 4128 2339 4182 multo
2363 4128 2553 4182 melius
2578 4142 2734 4196 quam
2768 4124 3041 4199 fabricatos
3065 4124 3517 4199 i‘mauuscripto-

1914 4217 2031 4255 runt
2055 4215 2163 4254 rec.
2196 4209 2246 4253 et
2278 4200 2336 4255 Η
2372 4193 2661 4253 editorum.
2688 4193 2825 4262 Quid
2872 4196 3012 4250 enim
3053 4194 3152 4249 sibi
3199 4193 3312 4248 vult
3349 4193 3517 4248 cultus

1914 4272 2124 4325 deorum
2151 4270 2469 4339 fabricatos?
2494 4269 2598 4324 Sed
2623 4277 2677 4322 et
2697 4283 2855 4336 supra
2887 4268 2975 4322 lib.
3009 4281 3078 4319 vn
3100 4266 3224 4339 _Di_v.
3266 4265 3420 4339 lust.,
3449 4266 3518 4317 ad

1914 4343 2098 4411 impios
2129 4335 2293 4395 cultus
2330 4335 3264 4411 manufartorumacarnan—Cultus
3305 4336 3516 4389 deorum

1917 4408 2139 4468 humana
2167 4428 2317 4465 manu
2345 4408 2723 4482 fabricatorum.
2758 4408 2931 4462 Voces
2963 4412 3186 4461 Inunana
3208 4424 3362 4461 manu
3396 4422 3519 4532 tum:

1917 4496 2040 4532 sunt
2071 4485 2121 4532 in
2154 4482 2422 4532 omnibus.
2457 4497 2562 4532 non
2596 4489 2720 4532 nuto
2746 4478 3130 4532 sollicitandas.
3162 4477 3389 4532 libenter
3464 4492 3519 4531 11-

1916 4496 2040 4540 sunt
2071 4485 2121 4537 in
2154 4477 2422 4548 omnibus,
2457 4497 2562 4536 non
2595 4489 2720 4551 puto
2746 4478 3130 4551 sollicitandas,
3162 4477 3389 4551 libenter
3418 4477 3523 4532 La-

1922 4558 2013 4611 tini
2041 4557 2170 4610 istas
2195 4568 2356 4610 voces
2376 4549 2726 4624 conjuugunt.
2748 4552 2892 4624 Noto
2918 4549 2982 4603 ad
3010 4549 3157 4605 Lact.
3187 4550 3279 4605 lib.
3306 4565 3361 4615 v,
3396 4564 3516 4624 cap.

1915 4627 2019 4682 εἰς
2075 4625 2198 4681 Νοη
2239 4620 2533 4696 sacriﬁcare
2574 4620 2831 4696 lapidibus
2862 4623 3084 4696 humano
3130 4637 3286 4674 manu
3325 4620 3513 4696 factis:

1919 4700 2035 4755 Lib.
2060 4714 2155 4763 vlt,
2186 4713 2305 4767 cap.
2332 4690 2392 4753 Μ
2424 4714 2437 4751 :
2471 4690 2711 4750 Manibus
2735 4694 2970 4748 Immanis
2998 4692 3301 4747 laboratum.
3326 4690 3359 4767 '_
3381 4690 3518 4747 lius.

1990 4764 2301 4843 Cognoscere
2336 4768 2623 4843 ministrum
2660 4767 2772 4843 ejus
2807 4782 2873 4843 ac
2899 4767 3153 4843 nuntium,
3202 4772 3307 4843 etc.
3339 4764 3519 4834 Ange-

1919 4844 2028 4898 lum
2053 4835 2303 4897 nimirum
2332 4839 2509 4909 magni
2540 4838 2770 4901 consilii,
2797 4835 2922 4891 Hazc
2939 4844 3010 4889 est
3031 4836 3161 4889 enim
3188 4835 3290 4888 vita
3306 4844 3519 4909 (eterna,

1919 4914 2086 4984 inquit
2110 4913 2224 4984 ipse
2242 4904 2516 4966 Domin'us.
2545 4909 2707 4984 Joan.
2733 4923 2863 4984 xvu,
2880 4918 2936 4962 ut
2958 4915 3264 4984 cognoscant
3286 4904 3522 4984 tesolum

1918 4974 2091 5040 verum
2124 4974 2306 5050 Deum,
2345 4992 2391 5036 et
2418 4997 2563 5051 quem
2594 4982 2774 5034 misisti
2802 4979 2969 5051 Jasutt
2997 4974 3273 5032 Christum.
3306 4974 3361 5029 Si
3390 4975 3523 5051 Inis—

1920 5072 2034 5123 sus,
2078 5071 2206 5124 ergo
2254 5044 2480 5128 legatus,
2516 5053 2757 5128 nuntius,
2798 5050 3044 5128 angelus,
3081 5063 3177 5128 seu
3225 5044 3523 5128 apostolus,

1921 5114 2065 5183 salva
2093 5114 2268 5183 tamen
2299 5114 2576 5194 majestate
2608 5114 2809 5179 divina.
2842 5114 2974 5176 liem
3003 5119 3191 5176 eadem
3214 5114 3525 5174 conditione

1922 5199 2166 5253 minister.
2197 5197 2355 5251 Rom.
2383 5211 2473 5250 xv.

1996 5269 2273 5338 Implicati.
2304 5266 2399 5322 Ms.
2425 5266 2555 5321 Bov.

2004 5340 2208 5413 Verum.
2239 5341 2311 5413 At
2338 5338 2600 5413 ms._Bov.
2625 5338 2750 5408 legit
2781 5351 2917 5413 vera.
3058 5405 3070 5413 _
3314 5398 3328 5413 ι
3401 5397 3457 5413 m

2007 5411 2200 5484 ﬂorum
2230 5397 3022 5484 imperitiamjamvcparguimus
3044 5405 3105 5484 in
3138 5398 3360 5484 secundo
3376 5397 3536 5484 ,Βερζ-

1926 5500 2109 5539 narum
2132 5468 2519 5555 Institutionum
2540 5468 2687 5555 libro.
2718 5468 3013 5555 Indepatet
3044 5472 3349 5555 Divinarum
3376 5468 3535 5526 Insti-
3565 5482 3581 5499 '

1929 5556 2193 5610 tntiouum
2237 5553 2402 5608 libros
2451 5563 2575 5607 ante
2604 5551 2796 5606 librum
2828 5540 2891 5600 de
2932 5542 3024 5598 Ira
3054 5542 3151 5597 Dei
3196 5540 3363 5596 fuisse
3400 5555 3535 5597 con-

1928 5626 2033 5681 St:ri
2044 5634 2179 5681 nios.

2005 5646 2247 5763 (iiii-"35m.
2267 5696 2506 5748 sentiant.
2538 5692 2611 5763 Ita
2630 5685 2993 5763 emendatum
3026 5699 3106 5763 es
3125 5679 3395 5763 omnibus“
3402 5695 3541 5751 pene

1931 5751 2059 5823 mss.
2091 5777 2144 5821 et
2176 5765 2304 5817 edit.
2333 5765 2488 5818 Rom.
2518 5760 2651 5816 M70
2685 5767 2739 5811 ct
2761 5753 3008 5824 Gyuiuic.
3045 5753 3183 5824 Vide
3210 5767 3323 5821 seq.
3358 5751 3494 5824 Reg.
3521 5767 3539 5804 ι

1933 5852 2043 5894 rec.
2073 5847 2126 5892 et
2154 5836 2282 5891 edit.
2320 5835 2491 5901 (lrat.,
2529 5833 2615 5904 qui
2651 5841 2765 5882 cum
2791 5823 3030 5881 sentiunt.
3071 5823 3222 5881 Multi
3254 5823 3500 5893 impressi
3523 5864 3537 5883 .

1936 5911 2021 5981 qui
2050 5908 2384 5962 consmtinnt.
