4034 6354
518 324 586 378 87
1894 310 2075 370 FIRM.
2120 308 2484 367 LACTANTII
3757 302 3822 361 88

514 438 615 494 nisi
641 437 808 492 Deum
840 433 1062 490 omnino
1089 448 1194 488 nou
1217 432 1371 487 esse?
1395 431 1637 502 Denique
1662 430 1873 487 Marcus
1893 429 2106 486 Tullius
2136 433 2191 494 Α
2213 426 2411 483 cadere
2435 438 2541 480 non
2570 432 2765 496 potest.
2790 421 2946 492 Quod
2970 421 3013 479 si
3043 422 3220 477 nullus
3238 421 3466 479 allectus
3496 421 3553 478 in
3579 421 3693 477 Deo
3716 430 3819 489 est,

521 546 551 585 a
595 528 891 585 Posidonio
929 526 1128 583 dictum
1179 525 1363 590 refert,
1414 523 1469 579 id
1518 524 1807 594 Epicurum
1853 522 2113 589 sensisse,

520 624 696 679 nullos
724 622 855 679 deos
876 636 1017 687 esse,
1050 619 1143 675 sed
1171 635 1255 684 ca,
1285 634 1404 690 qua:
1434 618 1502 673 de
1530 616 1636 672 diis
1664 617 1875 672 loculus
1904 616 1995 681 sit,
2018 615 2116 671 de-

519 716 788 788 pellenda:
818 714 1034 771 invidia:
1063 728 1221 769 causa
1265 713 1470 768 dixisse
1505 731 1515 765 :
1549 712 1731 782 itaque
1762 711 1938 766 verbis
1967 712 2116 767 illum

518 810 655 866 deos
686 810 1011 879 relinquere,
1052 822 1110 863 re
1140 816 1320 862 autem
1356 807 1467 877 ipsa
1510 806 1718 867 tollere.
1758 805 1954 875 quibus
1995 805 2119 859 nul-

521 904 632 959 lum
658 913 882 967 motum,
916 900 1122 956 nullum
1152 900 1339 956 tribuit
1363 898 1621 954 ol‘ticium.
1649 898 1802 965 Quod
1831 897 1875 952 si
1898 899 1968 951 ita
1992 906 2073 952 est
2102 912 2119 953 :

520 993 649 1066 quid
675 1009 742 1049 eo
765 994 1051 1049 fallacius?
1070 992 1215 1065 quod
1242 1008 1269 1046 ιι
1296 992 1539 1062 sapiente
1561 1000 1616 1047 et
1641 991 1791 1062 gravi
1818 992 1934 1045 viro
1959 989 2123 1045 debet

522 1088 643 1143 esse
672 1087 935 1142 alienum.
967 1086 1065 1141 llic
1095 1096 1228 1141 vero
1248 1085 1292 1139 si
1320 1084 1467 1139 aliud
1493 1084 1686 1152 sensit,
1715 1093 1771 1139 et
1796 1083 1941 1137 aliud
1971 1083 2123 1137 locu-

523 1189 609 1235 tus
636 1188 742 1247 est,
774 1178 905 1249 quid
947 1174 1095 1232 aliud
1122 1175 1479 1248 appellandus
1516 1185 1620 1241 est,
1649 1189 1810 1247 quam
1839 1174 2120 1245 deceptor,

519 1272 800 1344 bilinguis,
837 1272 1031 1337 malus,
1061 1280 1118 1325 et
1145 1279 1433 1341 prapterea
1462 1266 1829 1324 stultus?Sed
1871 1282 1977 1322 non
2009 1275 2127 1323 erat

522 1376 633 1421 tam
665 1375 915 1421 versutus
946 1365 1232 1437 Epicurus,
1257 1373 1314 1419 ut
1347 1363 1567 1419 fallendi
1598 1362 1776 1419 studio
1803 1363 1904 1419 ista
1936 1363 2125 1434 loque-

525 1468 700 1524 retur,
738 1474 861 1515 cum
904 1459 1020 1514 lucc
1059 1458 1220 1513 etiam
1251 1459 1471 1528 scriptis
1510 1457 1579 1513 ad
1624 1467 1883 1511 aeternam
1925 1471 2130 1511 memo-

526 1551 660 1606 riam
699 1551 1043 1622 consignaret
1081 1569 1093 1604 :
1135 1550 1230 1607 sed
1271 1551 1571 1622 ignorantia
1615 1550 1864 1605 veritatis
1902 1549 2122 1605 erravit.

531 1641 788 1700 Inductus
813 1644 956 1699 enim
980 1661 1008 1697 ιι
1036 1643 1304 1715 principio
1331 1642 1798 1699 verisimilitudine
1822 1645 1979 1697 unius
2006 1657 2132 1699 sen-

532 1740 736 1805 tcntire,
766 1739 1076 1795 necessario
1106 1740 1156 1793 in
1184 1753 1270 1802 ea,
1301 1753 1422 1809 qua:
1450 1739 1839 1809 sequebantur,
1874 1738 2125 1795 incurrit.

2218 518 2340 590 quia
2369 514 2631 589 quidquid
2655 514 2907 583 afﬁcitur,
2933 513 3258 571 imbecillum
3282 524 3396 582 est;
3420 529 3554 586 ergo
3576 529 3677 570 nec
3699 528 3820 569 cura

2222 612 2381 669 ullius
2407 611 2507 675 rei,
2538 626 2639 667 nec
2669 609 3008 680 providentia
3040 617 3125 665 cst
3150 610 3202 664 in
3230 625 3316 665 eo.

2296 708 2585 777 llucusque
2621 704 2868 776 pervenit
2905 704 3165 776 sapientis
3208 703 3445 760 hominis
3490 702 3820 775 disputatio;

2223 810 2443 866 caetera,
2469 815 2588 871 qum
2621 808 2955 870 sequuntur:
2989 797 3217 852 obticuit
3248 816 3261 854 :
3292 797 3526 861 scilicet,
3566 798 3696 869 quia
3732 810 3826 852 nec

2226 907 2354 948 cura
2378 892 2448 947 sit
2469 892 2523 946 in
2558 906 2648 957 eo,
2690 905 2792 947 nec
2821 888 3197 961 providentia;
3241 905 3370 960 ergo
3406 904 3511 945 nec
3550 889 3827 961 cogitatio.

2228 1000 2351 1040 nem
2379 984 2635 1055 aliquam,
2665 996 2768 1038 nec
2797 996 3017 1037 sensum
3046 981 3098 1037 in
3128 996 3193 1037 eo
3217 995 3339 1037 esse
3369 979 3540 1036 ullum
3571 996 3586 1035 :
3610 994 3724 1051 quo
3752 980 3826 1034 el-

2230 1077 2427 1144 licitur,
2457 1085 2514 1130 ut
2537 1090 2642 1131 non
2671 1076 2741 1131 sit
2776 1076 3019 1130 omnino.
3051 1073 3123 1129 Ita
3153 1089 3275 1129 cum
3305 1072 3572 1145 gradatim
3603 1071 3829 1128 descen-

2231 1170 2421 1234 disset,
2469 1170 2521 1223 in
2549 1178 2802 1225 extremo
2833 1168 3002 1239 gradu
3032 1168 3253 1233 restitit,
3284 1166 3405 1238 quia
3438 1156 3549 1237 jam
3589 1167 3831 1237 praecipi-

2234 1265 2364 1320 tium
2396 1263 2631 1320 videbat.
2655 1262 2762 1319 Sed
2788 1262 2914 1334 quid
2944 1262 3165 1333 prodest
3203 1260 3508 1324 reticuisse,
3533 1274 3597 1314 ac
3628 1260 3831 1329 pericu.

2232 1358 2341 1412 lum
2380 1354 2798 1412 dissimulasse?
2828 1353 3133 1409 Necessitas
3162 1353 3308 1407 illum
3347 1352 3433 1406 vel
3473 1350 3707 1405 invitum
3746 1364 3831 1405 ca-

2234 1450 2368 1505 dere
2392 1447 2587 1519 cocgit.
2620 1447 2764 1503 Dixit
2791 1448 2937 1503 enim
2968 1446 3111 1517 quod
3155 1447 3348 1509 noluit,
3387 1444 3514 1514 quia
3545 1458 3834 1513 argumen-

2237 1554 2346 1599 tum
2374 1544 2449 1598 sic
2475 1541 2768 1607 ordinavit,
2804 1550 2861 1596 ut
2887 1541 2951 1595 ad
2990 1539 3141 1607 illud,
3180 1537 3322 1611 quod
3354 1538 3616 1602 evitabat,
3644 1550 3834 1591 neces.

2237 1640 2382 1694 sario
2434 1636 2734 1693 deveniret.
2791 1636 2955 1691 Vides
3005 1635 3169 1707 igitur
3220 1647 3326 1705 quo
3385 1631 3712 1704 perveniat,
3767 1631 3835 1684 ira

2234 1731 2468 1799 sublata,
2499 1739 2555 1786 et
2584 1730 2694 1785 Deo
2720 1728 2991 1800 adempta.
3029 1727 3268 1798 Denique
3289 1737 3381 1780 aut
3409 1724 3588 1780 nullus
3634 1723 3687 1777 id
3718 1738 3838 1777 cre-

543 1832 721 1888 Prima
748 1833 891 1888 enim
914 1833 1179 1888 sententia
1206 1832 1328 1897 luit,
1357 1833 1488 1887 iram
1522 1834 1574 1887 in
1602 1832 1768 1888 Deum
1791 1847 1898 1889 non
1927 1849 2127 1889 conve-
2164 1840 2212 1901 Β
2239 1825 2341 1889 dit.
2389 1833 2481 1879 aut
2525 1821 2819 1878 admodum
2865 1820 3044 1893 pauci.
3097 1829 3151 1874 et
3196 1816 3413 1889 quidem
3464 1814 3741 1875 scelera“.
3783 1827 3838 1869 ac

535 1930 672 1983 uire.
704 1926 857 1995 Quod
889 1940 1009 1981 cum
1044 1926 1121 1981 illi
1150 1941 1334 1982 verum
1378 1937 1432 1982 et
1464 1927 1887 1998 inexpugnabile
1916 1926 2131 1982 videre-

530 2031 640 2087 tur,
665 2034 770 2076 non
804 2020 1420 2091 poteratconsequentia
1450 2034 1727 2087 recusare,
1754 2018 1878 2090 quia
1911 2034 2019 2074 uno
2050 2019 2131 2073 al-

535 2113 677 2169 l‘ectu
706 2121 1005 2182 amputato,
1039 2113 1201 2167 etiam
1232 2120 1465 2167 caeteros
1500 2106 1724 2167 allectus
1754 2111 1995 2166 adimere
2021 2112 2133 2166 Deo

537 2205 839 2261 necessitas
864 2206 980 2275 ipsa
1002 2205 1246 2276 cogebat.
1277 2202 1352 2258 Ita
1382 2204 1474 2274 qui
1507 2219 1612 2258 non
1642 2206 1914 2272 irascitur,
1949 2206 2134 2276 utique

534 2313 636 2353 nec
660 2298 833 2369 gratia
863 2306 1136 2362 movetur,
1163 2297 1305 2368 quod
1339 2308 1423 2353 est
1453 2298 1547 2352 ira:
1589 2299 1919 2353 contrarium
1965 2317 1977 2353 :
2018 2298 2131 2370 jam

533 2393 577 2446 si
603 2405 703 2447 nec
725 2392 801 2446 ira
831 2391 882 2446 in
915 2406 1002 2455 eo,
1023 2405 1123 2447 nec
1142 2391 1316 2461 gratia
1347 2401 1451 2458 est,
1476 2393 1661 2462 utique
1682 2408 1782 2448 nec
1812 2404 2006 2459 metus,
2032 2408 2132 2450 nec

535 2486 743 2549 lmtitia,
771 2500 873 2541 nec
901 2499 1123 2549 maeror,
1164 2498 1265 2540 nec
1288 2484 1686 2540 misericordia.
1721 2483 1836 2541 Una
1867 2497 1953 2543 est
1981 2489 2126 2543 enim

533 2579 671 2634 ratio
696 2579 908 2636 cunctis
928 2577 1232 2645 affectibus,
1257 2593 1359 2632 una
1389 2579 1705 2637 commotio.
1728 2594 1849 2649 qua:
1875 2580 1926 2633 itt
1958 2580 2127 2635 Deum

2237 1918 2386 1985 mali,
2415 1918 2505 1988 qui
2532 1923 2757 1987 sperant
2779 1915 3017 1987 peccatis
3051 1913 3161 1969 suis
3188 1913 3585 1983 impunitatem.
3622 1907 3779 1976 Quod
3800 1907 3839 1962 si

2239 2022 2293 2067 et
2324 2012 2425 2066 boc
2459 2010 2653 2065 falsum
2685 2010 2977 2076 invenitur,
3014 2023 3113 2064 nec
3152 2006 3285 2062 iram
3318 2007 3370 2061 in
3404 2005 3516 2061 Deo
3552 2019 3706 2072 esse,
3752 2017 3841 2057 nec

2239 2104 2490 2178 gratiam,
2524 2105 2803 2161 veniamus
2843 2102 2910 2159 ad
2953 2101 3109 2169 illud,
3156 2098 3297 2172 quod
3344 2097 3505 2154 tertio
3534 2097 3660 2155 loco
3708 2094 3842 2168 posi-

2241 2207 2352 2252 tum
2380 2207 2464 2253 CSl
2477 2237 2489 2252 .

2885 2309 3111 2367 CAPUT
3151 2310 3220 2367 ν.

2301 2426 2377 2482 De
2410 2423 2516 2482 Deo
2545 2427 2821 2481 stoicorum
2846 2426 3132 2489 sententia;
3160 2423 3224 2476 de
3257 2421 3348 2478 Ira
3377 2432 3425 2477 et
3454 2422 3623 2495 gratia
3655 2424 3789 2494 ejus.

2307 2580 2696 2637 ExiStimantur
2744 2581 2940 2645 stoici,
2992 2589 3048 2636 ct
3097 2579 3186 2636 alii
3233 2577 3523 2643 nonnulli,
3573 2577 3844 2649 aliquanto

1840 2721 2200 2780 VARIORUM
2240 2722 2471 2779 NOTE.

536 2837 657 2894 Dei.
688 2838 858 2906 Libri,
888 2838 1020 2894 Deo.
1051 2838 1125 2893 Ita
1157 2838 1438 2894 Salvianus
1479 2838 1574 2892 lib.
1600 2854 1676 2904 tv,
1712 2852 1833 2908 cap.
1867 2839 1900 2893 9
1934 2856 1948 2892 :
1992 2837 2132 2893 Nam

536 2911 622 2981 qui
666 2909 799 2964 nihil
843 2908 1010 2979 aspici
1054 2928 1086 2965 rt
1132 2908 1241 2963 Deo
1286 2910 1559 2979 afﬁrmant,
1606 2925 1766 2978 prope
1802 2919 1899 2975 est,
1949 2918 2004 2962 ut
2046 2911 2131 2964 cui

536 2991 800 3050 aspectum
820 2982 1075 3045 adimunt,
1106 2982 1259 3035 etiam
1290 2981 1629 3034 substantiam
1660 2981 1876 3044 tollant;
1903 2990 1949 3034 et
1983 2997 2135 3051 quem

538 3052 948 3180 dicuugomnino
975 3053 1105 3107 nihil
1130 3068 1351 3119 cernere,
1386 3052 1561 3106 dicunt
1603 3052 1759 3105 etiam
1797 3052 2006 3107 omnino
2031 3068 2134 3107 non

538 3139 667 3179 esse.
744 3140 830 3180 UN.

538 3139 667 3179 ηερε.
700 3139 830 3181 ὕυΝ.

612 3197 843 3267 Denique
883 3194 1095 3267 Marcus
1137 3193 1358 3258 Tullius,
1396 3206 1501 3250 etc.
1552 3196 1664 3250 Sub
1707 3194 1867 3267 linem
1900 3195 1990 3254 lib.
2025 3212 2040 3251 ι
2072 3195 2139 3252 de

540 3263 735 3322 Natura
752 3263 903 3322 deor.
928 3284 942 3320 :
980 3266 1156 3321 Verius
1173 3278 1248 3321 est
1269 3268 1447 3338 igitur,
1473 3267 1713 3321 nimirum
1734 3266 2037 3338 illud,quod
2061 3268 2141 3337 fa-

540 3338 757 3392 miliaris
785 3340 1011 3391 omnium
1048 3336 1624 3392 nostrumVPosidonius
1654 3338 1891 3391 disseruit
1914 3336 1984 3391 in
2012 3339 2141 3393 libro

540 3410 714 3477 quinto
742 3409 804 3462 de
834 3407 1043 3463 Natura
1070 3409 1301 3476 deorum,
1333 3410 1502 3463 nullos
1533 3426 1641 3463 esse
1666 3408 1785 3462 deos
1815 3408 2041 3481 Epicuro
2062 3413 2139 3465 vi-

542 3483 672 3533 deri.

545 3624 575 3675 r
618 3552 812 3621 Refert.
845 3550 980 3606 Vide
1014 3552 1190 3607 (liccr.
1246 3550 1338 3605 lib.
1393 3568 1405 3605 ι
1444 3552 1511 3606 de
1562 3552 1681 3606 Nat.
1730 3552 1953 3607 deorum
1997 3554 2138 3608 circa

565 3637 727 3675 mem.
1836 3636 1839 3641 '

565 3626 727 3678 ittem.
1836 3636 1839 3641 '

630 3691 803 3750 Verbis
833 3694 980 3748 illum
1016 3694 1137 3748 deos
1167 3694 1469 3764 relinquere,
1516 3697 1684 3761 reipsa
1716 3696 1915 3750 tollere.
1945 3694 2142 3749 Cicero

543 3778 665 3834 cap.
696 3768 749 3833 1,
782 3769 834 3821 in
865 3766 969 3819 line
1002 3786 1015 3821 :
1048 3766 1210 3837 quue
1232 3767 1417 3837 (videns
1448 3764 1721 3832 Epicurus,
1758 3784 1813 3820 re
1839 3767 1993 3829 tollit,
2024 3783 2145 3820 ora-

544 3837 680 3889 tione
702 3838 940 3906 relinquit
965 3836 1133 3902 Deos;
1153 3846 1209 3891 et
1229 3836 1321 3891 lib.
1347 3838 1447 3892 tde
1464 3836 1665 3891 Natura
1688 3838 1864 3901 deor.,
1893 3852 2012 3903 cap.
2033 3839 2138 3893 50:

545 3906 848 3975 Eticurum,
898 3926 961 3962 ne
1004 3911 1058 3963 in
1099 3907 1430 3975 offensionem
1476 3909 1859 3963 Atheniensium
1901 3908 2137 3974 raderet,

542 3978 706 4035 verbis
736 3980 1003 4048 reliquisse
1031 3980 1172 4041 deos,
1205 3995 1260 4033 re
1278 3981 1566 4035 sustulisse.
1601 3980 1732 4036 Bon.

617 4051 755 4116 Quid
775 4069 833 4106 eo
864 4051 1144 4123 fallacius?
1176 4049 1275 4114 Eo,
1307 4051 1514 4123 scilicet
1541 4053 1797 4121 Epicuro,
1825 4052 1951 4122 quid
1978 4052 2138 4122 falla-

543 4124 691 4196 cius?
729 4121 886 4196 Quod
923 4123 1191 4196 (fallacem
1236 4121 1382 4196 esse)
1426 4139 1457 4177 a
1505 4126 1802 4196 sapiente...
1840 4121 1995 4196 debet
2034 4139 2142 4178 esse

542 4193 787 4249 alienum.
840 4193 957 4250 Mos
1019 4196 1156 4249 infra
1210 4195 1499 4263 Epicurum
1550 4194 1768 4250 fallendi
1811 4194 1995 4249 studio
2036 4196 2136 4248 ista

543 4265 744 4321 dixisse
765 4276 944 4336 negat.
967 4265 1102 4321 Hinc
1122 4267 1313 4321 Cicero
1336 4265 1428 4320 lib.
1455 4283 1471 4321 ι
1494 4267 1561 4320 de
1582 4266 1703 4321 Nat.
1723 4268 1875 4322 deor.
1895 4282 2014 4333 cap.
2030 4267 2091 4320 5t
2121 4284 2135 4319 :

546 4350 627 4402 pr.
676 4338 809 4409 Sunt
845 4339 929 4408 qui
967 4339 1274 4405 existiment,
1312 4338 1448 4409 quod
1488 4338 1577 4392 ille
1621 4338 1775 4409 plane
1816 4338 2020 4392 inscitia
2060 4340 2140 4392 ιο-

543 4408 755 4479 queruli
779 4409 972 4475 frcerit,
1026 4412 1202 4479 fecisse
1245 4408 1477 4463 consulto
1520 4425 1537 4463 :
1574 4408 1636 4463 de
1684 4410 1889 4464 homine
1931 4409 2139 4463 minime

543 4475 692 4550 vafro
724 4478 897 4550 (Lact.
929 4475 1287 4547 nonversuto)
1314 4478 1448 4532 male
1476 4481 1787 4535 existimant.
1821 4481 1955 4535 BUN.

2166 3156 2214 3220 Ω

2236 2852 2358 2909 qua:
2403 2839 2633 2895 omnino“
2660 2837 3021 2909 Ciceroniana
3067 2845 3171 2900 est,
3220 2835 3433 2891 re5titui
3464 2838 3841 2909 rcx_omnihus

2240 2904 2407 2980 prope
2434 2924 2565 2966 mss.
2597 2909 2896 2964 codicibus.
2930 2907 2987 2963 ln
3011 2909 3181 2963 tribus
3204 2923 3315 2963 rec.
3345 2918 3429 2963 εει
3454 2908 3507 2961 in
3537 2904 3685 2973 Deo;
3708 2910 3763 2964 in
3788 2910 3847 2964 15

2238 2981 2402 3036 editis
2429 2993 2515 3038 est
2554 2982 2663 3035 Deo
2693 2982 2812 3035 sine
2843 2981 3241 3051 pra‘positionc.

2310 3051 2686 3126 Consequentia
2720 3068 2972 3107 recusare.
3006 3051 3096 3126 Sic
3130 3050 3343 3126 reposui
3376 3067 3440 3126 es
3472 3053 3690 3105 cunctis
3733 3053 3838 3107 fere

2242 3120 2497 3195 scriptisf
2520 3127 2573 3179 In
2603 3124 2774 3179 tribus
2803 3139 2933 3177 mss.
2962 3132 3017 3177 et
3040 3124 3075 3178 ‘2
3099 3120 3205 3177 vet.
3234 3120 3364 3195 cdit.
3400 3122 3558 3195 Rom.
3593 3134 3681 3177 est
3703 3132 3840 3177 recti:

2245 3192 2389 3261 suri‘;
2419 3199 2473 3251 iu
2493 3197 2528 3251 ’5
2551 3211 2662 3251 rer.
2687 3210 2850 3250 manu
2874 3198 3107 3250 exaratis
3128 3204 3184 3249 et
3211 3194 3394 3248 multis
3415 3192 3575 3246 editis
3598 3210 3842 3249 resecare.

2321 3266 2431 3323 Nec
2472 3270 2573 3323 ira.
2616 3267 2694 3321 Ita
2738 3282 2929 3321 omnes
2972 3282 3101 3320 mss.
3149 3278 3346 3336 pra-ter
3384 3264 3419 3318 2
3466 3263 3600 3333 Reg.
3637 3281 3753 3323 rec.
3794 3267 3842 3320 iu

2244 3338 2443 3410 quibus
2470 3348 2678 3410 estnon
2703 3339 2803 3402 ira,
2835 3347 2891 3392 ut
2919 3340 2970 3393 in
2997 3338 3173 3392 editis.

2320 3410 2446 3477 Qua:
2470 3414 2524 3465 in
2552 3408 2716 3464 Deum
2746 3410 2929 3464 cadere
2957 3427 3059 3463 non
3090 3420 3271 3477 potest.
3299 3408 3498 3463 Scribit
3527 3408 3836 3465 Lactantius

2247 3481 2363 3537 haec
2389 3484 2558 3538 verba
2590 3497 2659 3535 ex
2692 3492 2873 3535 mente
2906 3482 3139 3547 Epicuri,
3168 3496 3273 3533 non
3302 3494 3419 3533 sua.
3453 3479 3583 3534 Bos.

2319 3555 2586 3623 Sapientis
2620 3552 2860 3623 hominis.
2896 3551 3133 3622 Epicuri.
3165 3566 3260 3623 per
3285 3553 3513 3623 ironiam
3546 3550 3623 3605 sic
3654 3551 3805 3607 dicti.

2320 3622 2542 3679 Restitit.
2586 3623 2685 3679 Ms.
2714 3622 2875 3677 Goth.
2912 3624 3163 3692 perstitit;
3203 3622 3239 3676 2
3281 3622 3412 3693 Reg.
3456 3636 3568 3677 rcc.
3611 3635 3663 3677 et
3694 3624 3839 3687 cdd,

2246 3698 2491 3751 constitit.
2522 3725 2596 3737 -
2622 3693 2848 3749 Restitit.
2891 3694 2964 3747 De
2995 3692 3214 3765 Opiﬁc.
3243 3693 3310 3750 14
3339 3692 3536 3747 :(Iirra
3574 3695 3672 3747 hoc
3718 3712 3839 3765 opus

2246 3768 2398 3821 Itonia
2436 3768 2656 3830 resistit;
2693 3775 2748 3819 et
2773 3781 2891 3834 cap.
2926 3766 2957 3819 7
2991 3782 3004 3818 :
3041 3764 3236 3833 Quibus
3276 3781 3416 3817 mens
3445 3765 3558 3818 si...
3611 3764 3842 3820 resistere

2248 3839 2385 3904 velit,
2415 3847 2657 3909 tanquam
2684 3838 2985 3909 retinaculis
3012 3847 3254 3890 uteretur.
3292 3835 3422 3890 Bos.

2320 3910 2435 3975 Quo
2456 3907 2733 3981 perveniat.
2764 3907 2892 3962 Mss.
2908 3908 3135 3981 (habent;
3149 3909 3415 3981 pervenias
3427 3922 3446 3971 ;
3464 3908 3501 3981 2
3522 3910 3839 3977 perveniret;

2249 3979 2465 4050 pluriuti
2507 3982 2659 4045 editi,
2714 3980 3053 4050 perveniatur.
3106 3979 3495 4050 Quamplurimi
3545 3994 3679 4032 mss.
3716 3992 3771 4035 et
3808 3981 3838 4033 ’ἑ

2247 4049 2374 4107 vett.
2406 4052 2529 4108 edd.
2566 4049 2722 4107 lium.
2753 4060 2812 4106 ut
2850 4052 2902 4105 in
2935 4060 3079 4105 textu
3110 4052 3391 4121 perveniat,
3430 4049 3697 4120 Epicurus
3738 4054 3836 4106 sci-

2245 4126 2389 4180 licet.

2317 4194 2702 4263 lmpuuitatem,
2750 4203 2855 4250 etc.
2905 4194 3054 4249 Hane
3094 4209 3314 4262 sperare
3359 4202 3711 4265 noupotcst,
3757 4192 3839 4265 qui

2246 4266 2411 4323 Detnn
2438 4268 2579 4321 novit
2608 4266 2948 4331 omniscium,
2979 4279 3033 4320 et
3060 4265 3437 4331 justissimmn.
3474 4264 3607 4319 Nam
3648 4278 3707 4319 et
3736 4264 3841 4318 ma-

2240 4338 2498 4408 gistratus
2525 4351 2693 4405 saepe,
2725 4346 2782 4390 ct
2810 4337 3200 4407 ludimagismr,
3231 4348 3287 4391 et
3317 4345 3466 4405 pater
3494 4352 3720 4390 suorum
3751 4338 3840 4390 dc-

2244 4414 2364 4465 licta
2390 4413 2509 4465 sine
2550 4410 2626 4462 ira
2657 4411 2902 4479 puniunt,
2945 4408 3303 4477 promptiores
3344 4408 3408 4461 ad
3457 4409 3704 4473 veniam,
3740 4409 3834 4462 nisi

2240 4481 2520 4549 disciplina
2546 4480 2628 4533 vel
2658 4480 2891 4550 publica,
2923 4480 3007 4533 vel
3036 4480 3336 4534 domestica
3369 4479 3513 4532 aliud
3545 4479 3832 4546 ﬂagitaret.

618 4545 972 4621 Consignarct.
1000 4550 1075 4604 Ita
1112 4545 1323 4604 restititi
1351 4564 1420 4603 ex
1453 4550 1487 4603 9
1515 4552 1794 4619 impressis
1818 4551 2138 4621 cunctisque
2164 4555 2218 4614 D
2243 4545 2426 4621 Neque
2468 4552 2612 4606 enim
2655 4545 2792 4605 unus
2835 4551 3095 4605 duntaxat
3141 4552 3261 4605 linis
3299 4551 3552 4621 puniendi
3573 4594 3586 4614 ,
3620 4545 3836 4605 ratiovr

548 4634 679 4699 mss.
712 4619 906 4703 printer
932 4620 1082 4689 Lips.
1114 4621 1166 4701 in
1193 4635 1301 4689 quo
1330 4619 1946 4703 estnconsignareturnlu
1978 4619 2140 4676 ciete-

548 4688 623 4770 ris
670 4694 829 4770 editis
870 4702 954 4746 est
999 4688 1373 4761 consignemus.
1420 4688 1681 4748 Francius
1724 4692 1977 4753 malebat,
2017 4707 2139 4745 cou-

546 4766 779 4829 signaril.

630 4833 876 4891 Inductus
914 4836 1067 4889 enim.
1100 4834 1189 4890 Sic
1204 4834 1496 4891 emendavi
1527 4850 1592 4889 ex
1636 4832 1887 4889 omnibus
1927 4848 2056 4888 mss.
2084 4844 2142 4890 et.

550 4919 671 4965 oeto
709 4907 867 4961 editis
909 4908 1203 4961 veteribus.
1248 4906 1311 4959 Et
1347 4920 1435 4960 res
1471 4906 1542 4960 ita
1584 4906 1780 4975 poscit.
1811 4902 2004 4960 Cameri
2043 4909 2141 4962 im-

554 4979 722 5047 pressi
747 4979 947 5034 habent
974 4977 1229 5032 indoctus.
1254 5005 1331 5047 —-7
1352 4976 1372 5028 Ι
1381 4976 1616 5032 nductus.
1637 4976 1755 5033 Lib.
1781 4993 1865 5043 ιιι,
1888 4991 2008 5045 cap.
2033 4978 2135 5032 l7:

550 5046 680 5106 Cum
707 5050 815 5105 haec
840 5050 996 5119 igitur
1025 5050 1268 5119 cogitaret
1293 5046 1571 5118 Epicurus,
1606 5065 1781 5103 earum
1809 5064 1978 5119 rerum
2006 5049 2139 5104 velut

550 5124 818 5191 iniquitate
856 5118 1161 5176 inductus...
1209 5120 1533 5191 existimavit.
1576 5120 1724 5191 Lips.
1752 5120 1788 5174 2
1817 5130 1874 5176 et
1901 5118 2137 5175 Reitnm.

556 5190 808 5247 Inductus
837 5194 1038 5247 enim...
1070 5207 1186 5246 vero
1214 5190 1418 5261 legunt.

629 5264 794 5319 Unius
819 5265 1095 5318 sententias.
1131 5262 1375 5334 Expunxi
1405 5270 1462 5334 ttt
1490 5261 1729 5334 inutilem
1759 5262 1908 5334 falsae
1928 5276 2138 5327 vocem,

553 5351 715 5407 quam
753 5334 1000 5391 inserunt
1040 5333 1442 5407 quamplurimi
1464 5333 2141 5407 cditizirespuuugautem

553 5402 744 5461 amnes
764 5406 971 5475 seripti.
999 5402 1109 5460 tres
1132 5415 1236 5458 vet.
1260 5405 1390 5459 edit.
1416 5406 1594 5470 Rom.,
1626 5405 1899 5467 Parrbas,
1918 5402 2138 5473 Cellar.,

555 5476 767 5533 Walclt.
819 5474 891 5517 -4
942 5474 1108 5531 Unius
1156 5477 1433 5530 sententiw.
1489 5477 1646 5541 Ald.,
1701 5478 1875 5541 Crat.,
1916 5475 2139 5543 Gytnn.,

556 5549 705 5619 Fas,
726 5548 958 5619 Grypb.,
987 5548 1188 5613 Betul.,
1208 5545 1400 5611 Toru.,
1423 5545 1706 5611 Thomas,
1735 5547 1917 5609 lsazus,
1947 5545 2139 5619 Tbys.,

556 5618 723 5685 Gal|.,
754 5618 946 5686 Spark.
977 5620 1127 5673 unius
1163 5619 1313 5688 falsis
1348 5620 1624 5673 sententiae.
1666 5620 1732 5675 Et
1771 5628 1888 5673 erat
1921 5618 2140 5673 omnino

554 5691 689 5817 {also
717 5707 734 5745 :
763 5691 904 5746 unde
934 5706 1053 5748 eam
1091 5690 1404 5745 Lactantius
1444 5688 1675 5755 refutat;
1722 5701 1778 5745 at
1812 5688 2139 5761 antiquiores

574 5761 674 5817 ibri
699 5777 802 5816 non
828 5773 1142 5817 aunoscunt.
1176 5761 1307 5817 Bon.

574 5761 674 5817 ibri
699 5777 802 5816 non
828 5773 1142 5833 agnoscunt.
1176 5761 1307 5817 Bon.

547 5882 555 5901 ι
624 5833 764 5889 Iram
806 5831 1063 5889 in'Deum
1105 5850 1212 5890 non
1246 5835 1529 5891 convenire.
1578 5832 1727 5891 Hanc
1768 5831 2092 5890 locutionem
2118 5874 2132 5899 ,

2248 4622 2544 4693 castigandi
2573 4631 2675 4685 est,
2722 4622 2817 4677 sed
2849 4622 3029 4692 plures
3063 4641 3073 4675 :
3105 4637 3245 4693 qnzc,
3283 4635 3340 4675 ιιι
3380 4624 3576 4693 rcipsa,
3628 4622 3837 4693 itagno-

2251 4691 2485 4748 minibus
2525 4706 2738 4764 quoque
2773 4691 2912 4748 inter
2940 4709 2999 4749 se
3033 4691 3254 4748 disiaut.
3288 4695 3361 4749 De
3397 4691 3504 4764 quo
3548 4694 3667 4762 lege
3699 4691 3831 4748 Gell.

2250 4764 2289 4820 Ι.
2312 4780 2386 4822 vt.
2411 4779 2461 4818 c.
2496 4766 2581 4818 lli.
2612 4763 2817 4819 Βετυι..

2322 4836 2697 4891 Existimanlur
2726 4837 2893 4902 stoici,
2925 4843 3028 4890 etc.
3053 4835 3417 4905 chrehendit
3454 4838 3671 4898 stoicos,
3697 4833 3833 4906 quod

2253 4908 2362 4963 Deo
2389 4910 2616 4979 gratiam
2647 4907 2904 4974 tribuant,
2940 4909 3263 4963 clementem
3297 4908 3471 4962 solum
3502 4909 3601 4962 sibi
3641 4909 3834 4979 lingunt

2251 4980 2444 5045 Deum,
2469 4994 2573 5033 non
2604 4980 2727 5033 item
2755 4994 3028 5043 severum,
3055 4979 3328 5033 iracundia
3352 4981 3524 5049 ipsum
3546 4979 3830 5049 privautes.

2250 5053 2637 5121 Argumentum
2693 5050 3029 5118 potissimum
3077 5065 3185 5121 quo
3238 5048 3445 5117 nititur,
3492 5059 3578 5105 est
3625 5070 3638 5107 :
3686 5048 3833 5117 Quod

2248 5125 2427 5177 omnia
2456 5137 2577 5192 qua:
2607 5132 2907 5183 moventur,
2951 5132 3274 5177 moveantur
3311 5123 3361 5175 in
3403 5134 3685 5191 utramque
3718 5136 3832 5190 par-
3860 5172 3865 5177 .

2251 5204 2357 5248 tem
2384 5212 2397 5248 :
2423 5193 2588 5248 Deum
2611 5194 2812 5261 itaque,
2839 5193 2883 5246 si
2917 5201 3195 5247 moveatur
3221 5196 3415 5263 gratia,
3448 5193 3651 5247 moveri
3678 5194 3829 5247 etiam

2249 5265 2347 5337 ira.
2389 5265 2513 5337 Hoc,
2547 5263 2927 5327 concederem,
2969 5265 3023 5337 si
3053 5279 3247 5319 sensus
3284 5268 3528 5337 corporis
3567 5266 3832 5337 utriusque

2250 5334 2550 5407 affectionis
2588 5337 2849 5405 opposita:
2890 5335 3159 5407 particeps
3207 5334 3531 5399 csset,'ut.:
3571 5334 3829 5407 Quidquid

2252 5406 2417 5462 sentit
2443 5409 2701 5471 calorem,
2740 5406 2881 5461 idem
2928 5405 3109 5476 frigus
3139 5422 3353 5477 quoque
3397 5408 3580 5461 sentit.
3634 5405 3827 5477 Sediiu

2248 5477 2413 5552 Deum
2441 5477 2591 5552 (quia
2631 5480 2983 5552 incorporeus
3005 5476 3294 5552 _cst)nulla
3321 5479 3501 5552 passio
3528 5478 3672 5532 cadit
3712 5495 3726 5531 :
3756 5476 3828 5531 ira

2242 5551 2423 5619 passio
2451 5548 2565 5615 'est,
2617 5559 2672 5605 et
2708 5550 2779 5604 ob
2829 5549 2880 5604 id
2927 5548 3285 5604 imbecillitas.
3326 5548 3509 5605 Gratia
3555 5564 3689 5604 vero
3729 5563 3827 5602 non

2241 5622 2425 5686 modo,
2464 5634 2571 5675 non
2617 5622 2793 5690 passio
2821 5629 2924 5685 est,
2962 5620 3058 5675 sed
3100 5623 3271 5675 virtus
3299 5621 3541 5690 insuper,
3572 5631 3627 5677 et
3666 5621 3825 5674 virtus

2240 5691 2423 5746 divina
2452 5709 2466 5746 :
2495 5691 2617 5767 quia
2652 5692 3010 5767 χρηστᾷτητος
3040 5707 3173 5767 pars
3204 5706 3321 5758 quae
3371 5692 3481 5745 Deo
3522 5693 3620 5746 soli
3664 5699 3822 5767 recte,

2241 5776 2349 5818 non
2382 5772 2444 5840 ut.
2469 5761 2740 5840 accidens,
2772 5765 2866 5817 sed
2899 5774 2954 5817 ut
2997 5761 3269 5840 proprium
3310 5766 3611 5840 ᾁχὼριστρν
3643 5762 3821 5817 tribui-

2241 5844 2347 5890 tur.
2382 5833 2459 5889 Ex
2485 5832 2682 5904 quibus
2710 5847 2951 5905 apparet,
2975 5835 3200 5907 gratiam
3229 5846 3283 5888 et
3312 5832 3444 5890 iram
3478 5836 3530 5889 in
3561 5837 3687 5899 lico,
3721 5849 3818 5889 nou
