4034 6354
194 307 264 371 89
1508 306 1711 365 LIBER
1751 306 1790 363 l'l

1908 304 1997 363 na
2037 305 2169 365 DEI.
3426 297 3507 371 90

198 423 396 507 melius
422 422 494 483 de
525 422 820 482 Divinitate
856 424 1109 490 sensisse,
1141 423 1232 500 qui
1269 422 1443 489 aiunt,
1478 424 1708 493 gratiam
1737 424 1793 478 in
1818 425 1873 488 Α
1897 422 2163 478 maximus
2191 421 2296 479 dici
2326 422 2559 492 poterit,
2608 420 2757 495 quod
2789 421 2995 493 expetit
3020 418 3203 479 divina
3230 420 3499 479 cmlestis-

198 514 307 572 Deo
335 508 501 583 esse,‘
522 518 664 573 iram
704 531 813 574 non
861 531 998 573 esse.
1031 514 1364 572 Favorabilis
1392 514 1703 584 admodum,
1731 529 1796 573 ac

196 611 475 682 pepularis
512 614 715 679 oratio,
762 626 870 668 non
918 611 1114 668 cadere
1154 611 1208 666 in
1247 611 1414 668 Deum
1459 611 1599 668 banc
1628 610 1796 667 animi

196 702 576 774 pusillitatem,
611 712 670 759 ut
697 703 765 759 ab
793 704 905 759 ullo
932 719 990 759 se
1014 704 1199 759 lassum
1224 712 1396 775 putet,
1425 704 1517 775 qui
1538 703 1662 759 laedi
1685 718 1793 759 non

197 803 412 863 potest;
445 804 502 849 ut
528 794 709 865 quieta
736 795 848 859 illa,
876 803 929 851 et
955 805 1139 850 sancta
1173 795 1429 867 majestas
1456 796 1782 864 concitetur,

199 887 580 958 perturbetur,
612 888 868 953 insaniat,
905 887 1048 959 quod
1078 899 1161 945 eat
1205 900 1432 944 terrente
1470 886 1792 959 fragilitatis.

198 982 336 1038 iram
365 983 512 1039 enim
534 1026 549 1047 ,
579 983 998 1039 commotionem
1033 982 1226 1039 mentis
1266 998 1389 1043 esse
1418 997 1484 1039 ac
1510 982 1795 1053 perturba-

203 1076 426 1144 tionem,
475 1092 597 1147 quae
638 1076 707 1131 sit
750 1091 780 1130 a
833 1076 942 1130 Deo
985 1075 1183 1131 aliena.
1230 1074 1385 1144 Quod
1429 1075 1475 1130 si
1519 1074 1794 1130 hominem

200 1183 434 1240 quoque,
462 1169 555 1237 qui
585 1167 748 1223 modo
776 1168 846 1222 sit
873 1166 1091 1238 sapiens
1116 1175 1172 1223 et
1196 1168 1400 1239 gravis,
1450 1168 1528 1224 ira
1571 1183 1677 1223 non
1702 1167 1797 1224 de-

201 1272 320 1317 ceat
357 1262 425 1333 (si
453 1262 694 1332 quidem,
722 1277 844 1317 eum
880 1262 937 1317 in
970 1260 1210 1316 animum
1238 1260 1555 1333 cujusquam
1588 1261 1793 1331 incidit,

202 1356 347 1412 velut
371 1370 512 1410 sseva
538 1363 832 1426 tempestas
852 1363 1028 1411 tantos
1051 1355 1252 1411 excitet
1276 1353 1494 1423 ﬂuctus,
1515 1363 1573 1411 ut
1592 1364 1794 1410 statum

208 1450 405 1506 mentis
437 1450 710 1514 immittet,
754 1448 1039 1504 ardescant
1070 1448 1234 1515 oculi,
1268 1463 1330 1505 os
1359 1456 1586 1513 tremat,
1615 1448 1795 1519 lingua

205 1545 418 1611 titubet,
455 1544 645 1601 dentes
674 1553 1023 1615 concrepent,
1057 1544 1282 1599 alternis
1311 1543 1518 1599 vultum
1563 1544 1798 1600 maculet

205 1656 347 1699 nunc
374 1639 611 1695 suffusus
635 1639 820 1705 rubor,
845 1654 988 1693 nunc
1010 1639 1182 1708 pallor
1209 1638 1520 1711 albescens)
1548 1654 1561 1692 :
1591 1647 1798 1708 quanto

204 1735 376 1805 magis
417 1733 585 1788 Deum
631 1748 734 1786 non
774 1730 969 1787 deceat
998 1740 1107 1786 tam
1151 1730 1293 1788 {teda
1323 1731 1597 1788 mutatio?
1636 1732 1707 1788 Et
1750 1733 1796 1789 si

1899 532 2003 590 que
2030 525 2244 573 natura.
2294 514 2431 572 Nam
2455 517 2500 573 si
2530 518 2671 574 inter
2698 515 2948 574 homines
2981 513 3249 573 laudabile
3283 513 3501 572 videtur

1898 612 2156 684 prodesse
2219 612 2400 682 potius
2469 627 2631 685 quam
2699 626 2929 680 nocere,
2990 609 3262 667 vivificare
3328 623 3497 681 quam

1895 706 2177 775 occidere,
2225 706 2471 775 salvare,
2532 723 2695 779 quam
2748 706 3013 778 perdere,
3064 719 3165 762 nec
3223 703 3501 761 immerito

1896 798 2206 856 innocentia
2265 800 2406 856 inter
2464 801 2688 856 virtutes
2740 806 3055 856 numeratur
3118 808 3174 855 et
3240 796 3332 870 qui
3380 796 3501 855 btet:

1896 892 2103 960 fecerit,
2124 892 2385 966 diligitur,
2402 891 2710 964 praefertur,
2732 901 2975 959 ornatur,
2999 890 3301 950 benedictis
3315 890 3498 947 omni-

1896 985 1996 1041 bus
2014 985 2259 1057 v0tisque
2270 985 2599 1049 celebratur,
2618 984 2850 1055 denique
2864 983 2935 1040 ob
2952 984 3145 1041 merita
3161 992 3218 1039 et
3232 981 3495 1039 beneﬁcia

1899 1076 2011 1134 Deo
2031 1076 2342 1132 slmillimus
2363 1076 2674 1148 iudicatur;
2705 1084 2905 1146 quanto
2928 1075 3096 1145 magis
3125 1075 3300 1146 ipsum
3326 1074 3498 1133 Deum

1898 1185 1997 1242 par
2016 1177 2119 1237 est,
2151 1170 2346 1227 divinis
2367 1168 2729 1241 perfectisque
2750 1168 3036 1225 virtutibus
3066 1168 3493 1239 praecellentem,

1896 1274 2056 1335 atque
2081 1264 2150 1319 ab
2187 1264 2332 1320 omni
2377 1272 2588 1321 terrena
2628 1264 2751 1320 labe
2791 1270 3120 1320 summotum
3147 1304 3164 1329 ,
3204 1261 3403 1318 divinis
3439 1270 3499 1320 et

1903 1356 2216 1417 coelestibus
2244 1356 2521 1413 beneficiis
2561 1371 2724 1413 omne
2756 1371 2926 1428 genus
2963 1356 3239 1413 hominum
3284 1370 3502 1428 prome-

1898 1451 2045 1508 reri?
2108 1450 2365 1520 Speciose
2418 1451 2553 1515 ista,
2616 1450 3054 1522 populariterque
3103 1450 3396 1520 dicuntur,
3443 1459 3501 1508 et

1900 1542 2099 1600 multos
2124 1544 2351 1600 illiciunt
2367 1543 2442 1599 ad
2468 1542 2830 1600 credendum:
2857 1542 2956 1601 sed
2979 1544 3069 1615 qui
3098 1542 3215 1600 lucc
3235 1544 3497 1611 sentiunt,

1898 1636 1965 1694 ad
1999 1636 2279 1692 veritatem
2308 1635 2524 1707 quidem
2554 1635 2777 1708 propius
2804 1634 3098 1701 accedunt;
3136 1635 3234 1693 sed
3259 1635 3314 1691 in
3337 1645 3501 1708 parte

1901 1729 2188 1797 labuntur,
2221 1738 2467 1784 naturam
2496 1728 2576 1784 rei
2609 1743 2801 1799 parum
2827 1728 3255 1786 considerantes.
3297 1728 3431 1786 Nam
3453 1730 3504 1787 si

210 1820 403 1888 homo,
434 1825 526 1894 qui
552 1823 715 1879 habet
752 1823 1037 1895 imperium
1065 1838 1131 1879 ac
1167 1833 1511 1894 potestatem,
1546 1825 1655 1883 late
1695 1840 1795 1882 no-
1826 1821 1875 1882 B
1902 1823 2042 1879 Deus
2076 1837 2183 1878 non
2214 1821 2466 1878 irascitur
2494 1822 2675 1891 impiis
2695 1830 2751 1879 et
2769 1821 3011 1891 iniustis,
3042 1836 3143 1877 nec
3174 1822 3293 1893 pios
3314 1821 3499 1893 utique

210 1924 329 1969 ceat
358 1929 454 1985 per
489 1915 644 1981 iram,
677 1916 988 1987 sanguinem
1033 1915 1241 1982 fundat,
1284 1917 1448 1972 urbes
1492 1918 1792 1987 subvertat,

210 2007 439 2087 pnpulos
479 2006 676 2076 deleat,
718 2010 1024 2078 provincias
1062 2009 1128 2065 ad
1172 2009 1520 2067 solitudinem
1553 2012 1794 2082 redigat;

211 2108 413 2171 quanto
442 2099 613 2172 magis
641 2101 828 2171 Deum,
876 2103 966 2173 qui
1008 2102 1205 2159 habeat
1244 2103 1409 2159 totius
1452 2106 1672 2176 generis
1697 2106 1799 2162 bu-

208 2193 374 2258 maui,
404 2202 460 2249 et
484 2194 655 2265 ipsius
681 2196 864 2251 mundi
895 2205 1234 2267 potestatem,
1269 2197 1604 2268 perditurum
1631 2197 1799 2257 fuisse

205 2285 452 2342 universa
482 2285 741 2343 credibile
766 2288 855 2354 sit,
887 2288 935 2344 si
964 2288 1331 2345 irasceretur?

201 2408 213 2440 υ
271 2378 475 2437 Abesse
506 2380 672 2449 igitur
706 2380 775 2435 ab
812 2396 879 2436 eo
909 2389 1016 2435 tam
1052 2397 1336 2453 magnum,
1370 2391 1479 2439 tam
1517 2383 1794 2456 pernicio-

205 2487 323 2528 sum
350 2471 547 2528 malum
574 2480 848 2543 oportere.
906 2472 977 2528 Et
1000 2474 1045 2529 si
1075 2473 1213 2530 absit
1242 2474 1309 2531 ab
1337 2489 1403 2532 eo
1432 2475 1510 2532 ira
1531 2519 1546 2544 ,
1577 2487 1630 2534 et
1660 2493 1794 2535 con-

198 2565 563 2637 citatio,quia
590 2573 647 2621 et
673 2565 951 2633 deformis,
981 2574 1037 2622 et
1070 2568 1230 2623 noxia
1260 2578 1343 2625 est
1362 2610 1378 2637 ,
1410 2584 1511 2626 nec
1538 2571 1788 2644 cuiquam

196 2654 532 2722 malefaciat,
584 2657 718 2713 nihil
747 2656 893 2714 aliud
922 2673 1205 2730 superesse
1226 2703 1242 2731 ,
1285 2662 1385 2717 nisi
1428 2670 1487 2718 ut
1521 2663 1591 2719 sit
1625 2664 1785 2733 lenis,

198 2751 551 2822 tranquillus,
592 2754 894 2825 propitius,
933 2754 1234 2824 beneficus,
1280 2769 1651 2817 conservator.
1710 2760 1787 2818 Ita

194 2842 337 2898 enim
364 2842 584 2900 demum
606 2852 662 2900 et
679 2846 980 2903 communis
1006 2848 1247 2904 omnium
1277 2860 1450 2921 pater,
1478 2861 1534 2908 ct
1554 2854 1790 2924 optimus

1894 1918 2180 1990 iustosque
2208 1917 2404 1989 diligit.
2453 1918 2596 1989 Ergo
2621 1916 2955 1972 constantior
2975 1927 3059 1972 est
3077 1931 3235 1973 error
3255 1916 3494 1984 illorum,

1897 2013 1989 2084 qui
2016 2022 2072 2067 et
2102 2013 2237 2067 iram
2261 2011 2448 2078 simul,
2479 2020 2535 2065 et
2562 2010 2788 2082 gratiam
2817 2008 3032 2064 tollunt.
3074 2008 3134 2063 lu
3162 2007 3324 2064 rebus
3344 2010 3488 2063 enim

1898 2104 2167 2169 diversis,
2211 2112 2304 2160 aut
2348 2104 2404 2159 in
2445 2112 2729 2174 utramque
2774 2110 2982 2173 Partem
3028 2100 3237 2157 moveri
3273 2113 3502 2157 necesse

1898 2210 2013 2271 est,
2051 2209 2145 2256 aut
2176 2200 2230 2256 iu
2258 2209 2528 2257 neutram.
2569 2197 2651 2254 Ita
2675 2199 2764 2270 qui
2803 2198 2977 2255 bonos
3003 2196 3212 2269 diligit,
3242 2206 3299 2253 et
3326 2196 3501 2252 malos

1901 2294 2047 2361 odit,
2078 2306 2135 2352 et
2153 2294 2244 2366 qui
2279 2293 2451 2351 malos
2480 2308 2587 2350 non
2618 2291 2764 2362 odit,
2811 2306 2913 2349 nec
2943 2291 3117 2349 bonos
3139 2289 3343 2362 diligit:
3372 2290 3502 2361 quia

1901 2399 1958 2445 et
1982 2389 2208 2459 diligere
2231 2389 2434 2453 bonos,
2479 2401 2547 2443 ex
2570 2384 2698 2442 odio
2734 2385 3002 2442 malorum
3029 2385 3202 2449 venit;
3244 2393 3298 2440 et
3330 2382 3503 2439 malos

1894 2481 2110 2551 odisse,
2137 2497 2204 2538 ex
2248 2481 2517 2539 bonorum
2543 2479 2811 2536 cbaritate
2849 2477 3167 2536 descendit..
3209 2476 3382 2534 Nemo
3416 2484 3506 2532 est

1891 2576 1983 2647 qui
2012 2584 2157 2631 amet
2182 2574 2345 2630 vitam
2375 2574 2494 2630 sine
2514 2572 2641 2630 odio
2671 2573 2885 2639 mortis,
2916 2587 3017 2629 nec
3041 2579 3261 2644 appetat
3284 2570 3485 2637 lucem,

1891 2669 1991 2726 nisi
2031 2670 2122 2743 qui
2161 2669 2410 2725 tenebras
2450 2668 2602 2739 fugit.
2665 2666 2818 2723 Adeo
2869 2676 3059 2722 natura
3105 2666 3208 2721 ista
3248 2662 3494 2721 connexa

1891 2774 2034 2832 sunt,
2066 2771 2125 2820 ut
2147 2763 2376 2819 alterum
2402 2762 2519 2819 sine
2545 2761 2717 2817 altero
2744 2759 2860 2817 ﬁeri
2892 2766 3149 2832 nequeat.

1942 2855 2027 2912 ~Si
2054 2856 2176 2929 quis
2203 2854 2462 2913 Dominus
2490 2853 2693 2910 habens
2723 2854 2776 2910 in
2808 2850 3010 2909 familia
3038 2864 3251 2919 servos,
3295 2848 3498 2906 bonum

1486 2990 1845 3053 VARIORUM
1881 2994 2113 3054 NOTAE.

194 3134 251 3179 ut
276 3125 327 3179 iu
356 3124 698 3199 magistratu,
726 3139 820 3182 seu
845 3124 1108 3199 principe,
1136 3131 1410 3186 contrario
1430 3144 1495 3187 ex
1519 3132 1785 3190 diametro
1808 3133 1856 3197 C

192 3209 326 3251 esse.
364 3195 689 3252 BETULBIL‘S.

262 3266 498 3345 gratiam
533 3270 587 3322 in
616 3267 725 3341 Deo
767 3286 894 3345 esse,
940 3272 1070 3326 iram
1111 3289 1211 3326 nou
1250 3290 1380 3328 esse.
1426 3274 1498 3330 Ut
1542 3278 1632 3345 qui
1681 3292 1786 3331 non

191 3339 589 3413 velitobesse,
610 3356 695 3395 me
718 3339 923 3413 possit,
956 3353 1011 3397 ut
1046 3345 1121 3398 ait
1152 3345 1345 3401 Seuec.
1390 3345 1483 3400 lib.
1514 3339 1648 3403 u'tle
1681 3347 1782 3413 Ira,

196 3411 280 3465 ubi
308 3410 375 3464 de
407 3412 515 3465 hoc
542 3410 779 3467 disserit.
814 3411 1003 3469 lsaws.

264 3480 593 3559 Fauoraliilis
636 3483 934 3559 admodum.
982 3485 1055 3540 lla
1096 3487 1457 3559 antiquissimi
1502 3499 1557 3543 et
1602 3490 1789 3559 optimi

190 3568 322 3626 mss.
353 3554 700 3625 Regio-Put.,
738 3554 774 3610 2
817 3556 1049 3616 Bunon.,
1095 3556 1129 3610 '5
1155 3554 1422 3624 Culbert.,
1462 3554 1785 3626 Tax..'Pen.

190 3625 403 3703 Aucton
433 3636 623 3703 uoster
661 3628 959 3703 favorabilis
988 3629 1160 3683 active
1202 3631 1401 3699 posuit,
1431 3634 1574 3703 quod
1607 3648 1787 3689 rarum

190 3706 290 3751 est.
324 3696 618 3750 Admodum
644 3696 795 3752 abest
826 3712 854 3751 a
884 3699 952 3754 10
979 3717 1108 3755 mss.
1137 3696 1241 3755 et'a
1271 3703 1338 3757 15
1365 3696 1547 3759 editis.

262 3764 545 3837 Popularis
570 3771 771 3842 oratio:
801 3769 854 3823 Id
893 3782 996 3837 est,
1037 3787 1155 3838 qum
1197 3775 1391 3842 populo
1430 3784 1576 3838 grata
1617 3787 1702 3832 est
1736 3788 1793 3832 et

188 3849 432 3909 accepta,
462 3841 795 3913 quiestudet
825 3842 1083 3913 voluntati
1108 3841 1308 3913 populi.
1340 3844 1566 3902 WALCII.

229 3912 432 3993 _Auimi
460 3911 819 3983 pusillitatem.
854 3912 980 3969 Mss.
1005 3915 1039 3969 6
1069 3911 1192 3971 rec.
1217 3928 1272 3971 et
1308 3918 1342 3969 3
1383 3919 1535 3984 edd.,
1568 3921 1790 3989 pusilla-

189 3993 467 4037 maritalem
478 4025 492 4036 .

261 4052 408 4108 Iram
441 4055 605 4121 enim,
638 4056 1023 4110 commotionem
1061 4059 1239 4112 mentis
1267 4076 1392 4115 esse.
1426 4060 1674 4116 Sufﬁciat
1701 4079 1791 4118 se-

191 4126 296 4179 mel
346 4127 648 4187 monuisse,
697 4128 909 4195 quoties
950 4128 1083 4196 iram
1122 4130 1232 4185 Deo
1279 4133 1582 4197 tribuimus,
1630 4149 1695 4189 eo
1739 4135 1792 4189 id

189 4207 348 4251 sensu
377 4212 479 4271 nos
509 4196 840 4271 intelligere,
871 4213 979 4271 quo
1009 4201 1290 4256 Duraudus
1318 4202 1411 4258 lib.
1441 4219 1501 4271 ll,
1533 4205 1656 4259 dist.
1697 4206 1787 4271 50,

190 4278 378 4339 quaest.
407 4268 468 4334 2,
500 4269 588 4323 ubi
616 4267 735 4339 ait:
767 4267 906 4324 Deus
931 4269 1120 4324 dicitur
1158 4274 1341 4339 iratus,
1381 4267 1793 4330 nou'secuudum

190 4335 461 4404 aﬂ'ectum,
489 4340 599 4412 sed
640 4338 895 4407 e/I'ectum,
945 4342 999 4395 in
1037 4354 1284 4412 quantum
1329 4335 1589 4411 prmum-at
1634 4348 1792 4402 alicui

190 4425 387 4486 pinnam
416 4410 496 4464 vel
517 4411 727 4486 inﬂigit:
754 4410 1067 4486 Duriuscnle
1094 4415 1236 4469 enim
1270 4415 1526 4486 loquitur.
1558 4415 1788 4473 Lactan-

192 4482 315 4544 tius,
343 4496 469 4536 cum
517 4483 610 4556 ira:
638 4481 900 4537 alluctqu
946 4485 1013 4537 ita
1051 4485 1157 4539 Deo
1186 4481 1494 4556 competere
1530 4488 1785 4553 aftirmet,

188 4565 452 4624 quatenus
486 4553 559 4607 illi
592 4563 793 4607 mutum
835 4558 1118 4623 quemdam
1149 4553 1438 4624 imprimat.
1463 4560 1745 4616 Summus.

260 4622 687 4699 Siquidemycuut
727 4626 782 4679 in
806 4627 1047 4699 animum
1083 4622 1387 4699 cujusquam
1423 4632 1633 4696 incidit,
1675 4632 1783 4689 etc.

190 4690 411 4770 [lict-un.
447 4698 501 4770 in
536 4696 707 4765 Epist.
752 4697 817 4751 ad
843 4696 1028 4770 Titum
1074 4690 1195 4770 cap.
1228 4690 1335 4757 I'dc
1365 4703 1503 4758 irato
1533 4690 1781 4759 homine:

193 4761 354 4844 Torva
392 4768 566 4844 vultu,
583 4761 925 4844 trementibus
954 4761 1353 4842 tabum-rugata
1392 4778 1577 4844 fronte,
1618 4774 1785 4841 e/I'rte-

191 4838 322 4911 ttutis
348 4841 616 4911 conuiciis,
638 4841 770 4911 facie
790 4841 919 4894 inter
942 4844 1188 4909 pallorem
1209 4838 1541 4911 ruboreutque
1564 4838 1782 4903 uariata.

194 4909 399 4963 Seneca
434 4909 505 4963 de
546 4909 650 4981 Ira.
685 4910 777 4966 lib.
809 4926 844 4975 l,
873 4927 991 4981 cap.
1023 4930 1036 4966 ι
1067 4934 1082 4970 :
1127 4913 1322 4969 Multus
1351 4933 1438 4971 ore
1461 4909 1581 4971 toto
1609 4918 1783 4979 rubor.

192 4988 505 5058 egestumth
546 4979 608 5033 ab
653 4982 766 5034 imis
817 4979 1113 5058 iirweordiis
1165 4988 1414 5057 sanguine
1441 5004 1458 5042 :
1487 4988 1621 5042 labia
1658 5006 1780 5058 qua-

192 5050 406 5131 tiuntur,
460 5050 637 5131 dentes
667 5053 1093 5131 comprimuntur,
1131 5050 1337 5131 horrent
1364 5075 1424 5111 ac
1454 5050 1787 5129 subriguntur

190 5122 385 5203 capilli,
431 5122 648 5203 spiritus
674 5134 913 5203 coactus,
953 5128 1171 5203 stridens
1211 5130 1549 5184 articulorum
1594 5122 1788 5197 seipsos

191 5200 739 5269 torquentiuut__sonus,
781 5200 994 5263 gemitus
1023 5202 1357 5269 mugitusque,
1400 5210 1448 5255 et
1492 5218 1673 5269 parum
1700 5220 1789 5257 ex-

190 5262 415 5330 planatis
442 5264 649 5341 uocibus
676 5281 838 5341 sermo
870 5262 1177 5341 prteruptus,
1217 5262 1263 5325 ei
1293 5262 1568 5341 cautplosaz
1600 5275 1789 5339 stepius

190 5349 371 5388 manus
394 5377 408 5397 ,
461 5344 510 5389 et
536 5337 739 5400 pulsata
778 5337 961 5390 humus
983 5340 1191 5407 pedibus
1212 5385 1226 5406 ,
1278 5353 1323 5394 el
1350 5337 1512 5396 totum
1537 5337 1789 5399 concitum

191 5419 397 5481 corpus,
429 5423 743 5481 magnusque
772 5408 933 5463 minas
961 5427 1134 5481 agens,
1164 5412 1301 5480 [teda
1330 5416 1440 5468 visu
1467 5424 1515 5470 et
1537 5417 1789 5470 horrenda

191 5478 346 5543 facies
382 5478 773 5546 depravantium
804 5496 858 5533 se
882 5478 1030 5549 atque
1068 5478 1523 5541 iuttimesceutimu.
1578 5488 1791 5543 ELIEN-

194 5559 385 5603 ηοκςτ.

264 5617 467 5675 Excitet
498 5622 711 5690 fluctus.
757 5620 1037 5686 Francius,
1068 5625 1273 5681 excitat.
1569 5659 1576 5665 -

261 5690 746 5770 ardescunt._)lide
777 5691 968 5770 Senec.
996 5692 1191 5770 delra,
1217 5698 1374 5753 initio
1407 5700 1499 5755 lib.
1528 5716 1564 5765 t,
1587 5716 1705 5770 cap.
1735 5704 1783 5756 l.

264 5761 510 5845 Alternis.
571 5761 1097 5845 Eleganter-alternis
1131 5767 1379 5845 absolute
1414 5761 1783 5845 dicitur,'pro

188 5847 253 5886 eo
280 5835 424 5903 quod
456 5833 517 5889 [lt
544 5848 643 5904 per
666 5834 830 5889 vices.
857 5834 1136 5893 Lucretius
1161 5856 1197 5906 t,
1232 5841 1370 5899 lOlO
1397 5861 1408 5895 :

2044 3154 2109 3205 Ut
2124 3156 2195 3206 sic
2211 3156 2415 3207 alternis
2438 3156 2621 3207 infinita
2645 3156 2807 3206 omnia
2829 3154 3024 3205 reddat.

1891 3259 2098 3316 Plinius
2127 3260 2220 3315 lib.
2255 3277 2318 3324 ν.
2347 3278 2434 3328 ep.
2468 3261 2555 3318 l8.
2608 3261 2738 3330 Qum
2766 3260 3021 3316 interdum
3047 3260 3291 3327 alternis,
3334 3270 3382 3316 et
3408 3260 3513 3315 ἕρμ’

1892 3332 2450 3405 ιεηέιιιηῌεὶηιιιιίασὶο.
2873 3404 2879 3405 ί
2942 3404 2945 3405 ν
3058 3403 3065 3405 ξ
3136 3332 3270 3405 Bos.

1967 3401 2299 3459 Perditurum'
2318 3406 2476 3471 fuisse
2503 3405 2735 3459 universa
2762 3404 3000 3459 credibile
3021 3403 3109 3459 sit.
3155 3404 3296 3459 Duas
3320 3418 3487 3459 voces

1892 3486 2198 3544 postremas
2237 3475 2420 3531 addidi
2454 3491 2521 3531 ex
2547 3476 2799 3530 omnibus
2831 3475 3004 3529 ferme
3034 3489 3163 3530 mss.
3193 3484 3249 3530 et
3280 3476 3349 3530 12
3378 3485 3487 3530 vet.

1891 3546 2074 3601 editis.
2136 3546 2346 3618 Absunt
2387 3556 2563 3602 autem
2604 3563 2634 3602 a
2678 3562 2807 3603 mss.
2841 3547 2876 3603 5
2903 3557 2960 3602 et
2991 3546 3215 3602 totidem
3262 3547 3495 3618 impres-

1891 3618 1988 3673 sis.
2021 3648 2093 3660 ——
2128 3617 2380 3674 Credibile
2418 3619 2503 3673 sit.
2569 3620 2693 3674 lltec
2730 3620 2982 3673 videntur
3023 3616 3353 3673 necessaria.
3426 3616 3495 3673 Ut

1890 3691 2033 3744 enim
2059 3690 2218 3745 modo
2242 3705 2403 3759 supra
2432 3690 2593 3745 dixit:
2628 3690 2780 3758 Quod
2802 3691 2845 3744 si
2875 3691 3133 3745 hominem
3157 3728 3171 3743 .
3197 3730 3211 3744 .
3234 3728 3248 3742 .
3272 3706 3377 3744 non
3400 3690 3490 3741 (te-

1892 3771 2001 3844 ceat
2026 3803 2040 3818 .
2065 3801 2077 3814 .
2100 3802 2115 3815 .
2136 3773 2326 3832 quanto
2352 3763 2515 3835 magis
2543 3760 2708 3817 Deum
2736 3779 2840 3817 non
2864 3761 3071 3826 deceat;
3117 3762 3284 3888 εἰξυίη
3323 3761 3493 3830 ορρῑίο

1892 3845 2126 3888 cattoue.
3224 3849 3278 3887 Ν.

1891 3845 2126 3889 canone.
3146 3845 3278 3888 BDN.

1966 3924 2282 3996 Halefaciat.
2329 3925 2455 3980 Mss.
2487 3926 2541 3991 5,
2567 3926 2858 3996 malefacit;
2881 3922 3145 3991 Clarom.,
3176 3924 3489 3996 malefaciel.

1968 3994 2117 4051 Nihil
2155 3996 2300 4050 aliud
2324 4012 2603 4061 superesse.
2663 3994 2753 4052 Sic
2796 3997 2913 4067 lego
2939 4013 3004 4052 ex
3027 4011 3158 4051 mss.
3188 3996 3223 4049 2
3254 3995 3490 4057 Bonon.,

1893 4068 1917 4122 1
1948 4067 2082 4138 Reg.
2113 4069 2337 4138 aliisque
2366 4077 2421 4121 et
2445 4068 2574 4124 edit.
2602 4069 2669 4123 Is.
2702 4069 2769 4123 Et
2807 4068 2885 4122 sic
2916 4068 3197 4138 legendum
3242 4081 3364 4121 eSsc
3401 4080 3494 4132 pa-

1893 4148 1969 4194 tet
1992 4156 2059 4194 ex
2096 4140 2544 4209 prmcedentibtts.
2606 4139 2664 4195 In
2708 4141 2887 4194 multis
2929 4152 3040 4193 tum
3074 4138 3317 4208 scriptis,
3378 4147 3491 4191 tum

1892 4210 2170 4281 impressis
2202 4210 2398 4281 legitur
2433 4211 2594 4266 abest.

1963 4279 2275 4335 Communis
2295 4283 2525 4335 omnium
2566 4292 2730 4351 pater.
2782 4280 2852 4337 Ut
2882 4279 2976 4336 lib.
3007 4295 3062 4346 ν,
3089 4294 3208 4343 cap.
3238 4280 3300 4335 8:
3350 4295 3493 4332 eoru-

1892 4367 2093 4422 munem
2122 4354 2350 4405 omnium
2376 4365 2571 4422 patrem
2606 4352 2789 4406 Deum.
2836 4352 3111 4421 Elegantia
3143 4352 3491 4407 Terentiano.

1891 4420 2027 4494 Vide
2050 4422 2172 4477 Not.
2203 4424 2269 4477 ad
2302 4420 2448 4478 Lact.
2477 4424 2566 4478 lib.
2596 4440 2677 4486 ut.
2708 4438 2829 4494 cap.
2862 4420 2951 4479 18.
3209 4423 3344 4478 Buu.

1815 4523 1869 4583 Β
1959 4492 2032 4583 ΔΕι
2059 4496 2277 4583 optima:
2302 4497 2573 4583 maximus.
2627 4495 2702 4551 ita
2744 4492 2878 4583 mss.1
2909 4496 2942 4549 ὅ
2989 4494 3313 4583 Rem-“inter
3340 4509 3493 4583 ‘quos

1893 4575 1976 4638 est
2014 4568 2183 4635 autiq.
2237 4566 2561 4638 Regio-Plit.
2614 4577 2669 4624 et
2706 4567 2794 4623 ed.
2840 4566 2997 4621 Rom.
3048 4565 3220 4638 M71),
3261 4563 3489 4638 Cellar.,

1889 4634 2103 4693 Walcb.
2139 4634 2271 4694 Aliis
2297 4634 2416 4705 est,
2451 4650 2496 4694 et
2544 4656 2657 4695 vere
2695 4640 2970 4695 maximus.
2997 4666 3070 4677 --
3110 4636 3387 4693 Maximus.
3434 4635 3491 4694 lit

1890 4724 2001 4783 ms.
2030 4710 2159 4764 Bov.
2193 4720 2274 4783 est
2301 4713 2671 4783 niaximusque.

1965 4780 2210 4837 Ornatur.
2255 4782 2328 4837 Ita
2359 4799 2479 4838 cum
2512 4778 2669 4840 editis
2694 4784 2850 4838 Rom.
2878 4782 3017 4838 N70
3047 4796 3109 4835 ac
3138 4778 3341 4836 Cellar.
3364 4793 3485 4834 om-

1890 4865 1986 4927 nes
2014 4868 2147 4927 mss.
2178 4865 2374 4925 prauer
2402 4856 2433 4908 2
2462 4868 2570 4910 rec.
2606 4857 2657 4910 in
2683 4857 2876 4927 quibus
2900 4866 2985 4910 εει
3012 4854 3311 4917 Itonoratur,
3346 4859 3401 4905 ut
3428 4851 3480 4905 in

1891 4924 2171 4980 impressis
2200 4927 2402 4980 multis.

2008 4997 2246 5050 enedictis
2304 4997 2536 5053 omnibus
2583 5001 2811 5068 votisque
2856 4997 3161 5052 celebratur.
3233 4994 3322 5050 Sic
3366 4993 3487 5062 lego

1890 5082 2009 5121 cum
2042 5068 2201 5121 editis
2226 5070 2542 5138 cunctisque
2568 5085 2697 5124 mss.
2727 5067 2921 5138 praeter
2950 5069 2987 5123 2
3018 5082 3124 5122 rec.
3160 5067 3351 5136 quibus
3380 5077 3485 5129 εει,

1893 5148 2104 5211 angatur
2129 5138 2423 5201 benedictis,
2456 5141 2681 5211 votisque
2708 5142 2941 5195 omnibus
2961 5140 3257 5194 celebratur.

1962 5208 2028 5264 In
2060 5220 2221 5279 parte.
2265 5211 2461 5275 Lond.,
2497 5207 2650 5282 Regh,
2698 5214 2750 5265 in
2802 5222 3017 5274 portent.
3099 5212 3169 5265 At
3211 5207 3356 5282 prius
3405 5214 3489 5259 est

1891 5277 2115 5353 rectius.
2144 5282 2258 5336 liib.
2290 5297 2372 5349 ιιι,
2405 5298 2521 5352 cap.
2551 5277 2615 5339 (ἴς
2640 5277 2697 5337 iu
2730 5293 2876 5353 parte
2901 5282 3233 5337 sustulerant.
3265 5277 3484 5341 Libxn,

1890 5366 2008 5434 cap.
2055 5352 2127 5406 22
2165 5372 2178 5407 :
2228 5354 2281 5407 in
2328 5367 2472 5422 parte
2509 5356 2868 5424 corruperint.
2895 5393 2908 5406 .
2934 5396 2945 5406 .
2976 5354 3046 5406 ain
3086 5360 3232 5473 paéte
3278 5364 3489 5425 consen-

1891 5433 2042 5473 (runt.
3188 5435 3273 5473 ΠΝ.

1891 5433 2042 5477 (tum.
3142 5433 3273 5474 BUN.

1964 5494 2223 5549 Naturam
2251 5497 2345 5550 rei.
2398 5495 2674 5551 Francius.
2709 5495 2871 5551 Forte
2897 5488 3185 5564 legendqu
3216 5490 3332 5545 Dei.
3384 5490 3484 5545 Ms.

1889 5564 2155 5631 Clarum.,
2185 5582 2375 5620 rerum.

1963 5636 2047 5690 Ita
2065 5638 2329 5707 quibonos
2357 5639 2542 5709 diligit,
2572 5647 2676 5705 etc.
2737 5637 3041 5709 Trcsmss.
3076 5634 3209 5709 Reg.
3246 5648 3483 5709 sequen-

1892 5709 1963 5762 tia
1994 5706 2154 5763 vcrba
2183 5706 2475 5779 respuunt,
2523 5720 2570 5762 et
2610 5710 2770 5762 malos
2810 5706 2948 5767 odit,
2998 5715 3045 5759 et
3077 5708 3163 5768 qui
3195 5706 3357 5759 malos
3383 5720 3484 5757 non

1892 5780 2022 5834 odit.

1963 5849 2170 5905 Natura
2217 5851 2316 5903 ista
2351 5865 2577 5903 connexa
2620 5858 2754 5903 sunt.
2819 5846 3017 5916 Lond.,
3068 5846 3225 5919 Reg.,
3278 5848 3482 5909 Reim.,
