4034 6354
526 318 591 378 91
1850 313 2039 373 “RM.
2082 312 2451 374 ωιστΑΝτιι
3753 315 3818 374 92

529 448 591 487 ac
612 431 811 488 malum
835 475 849 500 ,
890 445 998 488 non
1040 431 1223 503 utique
1246 438 1339 486 aut
1379 430 1567 486 ambos
1603 429 1743 495 odit,
1789 438 1884 487 aut
1920 430 2111 490 ambos
2138 428 2191 489 Α
2214 426 2423 500 gratia;
2462 425 2755 484 absurdum
2798 434 2919 494 est,
2957 438 3024 483 ex
3050 426 3256 485 incerto
3280 435 3492 485 certum
3534 427 3678 487 velle
3705 430 3820 485 sub.

532 524 811 582 beneﬁciis
832 532 892 580 et
920 522 1126 580 honore
1160 522 1542 595 prosequitur;
1587 521 1729 593 quod
1760 523 1803 580 si
1833 522 1989 581 faciet
2011 568 2025 593 ,
2070 536 2125 584 et

534 619 750 690 iniquus
804 624 861 673 et
916 616 1114 673 stultus
1167 622 1280 673 est:
1336 615 1433 673 sed
1482 616 1682 672 bonum
1728 625 1786 672 οἱ
1832 616 2128 689 alloquii“?

533 714 724 779 amice,
755 720 812 767 et
837 719 1013 778 emat,
1037 719 1093 766 et
1119 709 1268 767 domi
1300 725 1363 767 ac
1388 709 1607 766 familiae.
1632 710 1850 783 suisque
1875 713 2127 769 omnibus

533 804 694 861 rebus
722 804 975 874 praeﬁcit;
1018 802 1219 858 malum
1258 816 1387 858 vero
1416 802 1746 870 maledictis,
1787 803 2123 873 verberibus,

536 896 805 965 nuditate,
848 893 1020 964 fame,
1059 895 1185 962 siti,
1238 894 1588 966 compedibus
1622 896 1803 966 punit,
1852 905 1912 951 ut
1950 906 2007 952 et
2040 898 2130 955 hic

536 990 789 1060 exemplo
825 989 1045 1044 caeteris
1085 989 1155 1044 sit
1183 988 1250 1043 ad
1290 1004 1396 1042 non
1430 988 1791 1059 peccandum,
1842 997 1897 1045 et
1937 988 2027 1045 ille
2062 990 2129 1047 ad

535 1082 953 1154 pmmerendum
979 1122 993 1148 ,
1026 1089 1088 1135 ut
1113 1080 1247 1136 alios
1275 1089 1451 1137 melus
1478 1090 1748 1148 coerceat,
1782 1081 1920 1136 alios
1957 1082 2133 1138 honor

534 1185 814 1248 provocet.
832 1173 936 1244 Qtti
952 1188 1084 1245 ergo
1104 1172 1299 1244 diligit,
1323 1181 1378 1227 et
1397 1171 1538 1239 odit;
1560 1174 1648 1243 qui
1678 1172 1811 1238 odit,
1842 1182 1898 1228 et
1918 1172 2129 1244 diligit;

540 1275 663 1322 sunt
686 1266 834 1322 enim
856 1307 871 1334 ,
902 1266 992 1335 qui
1019 1264 1170 1335 diligi
1193 1264 1463 1333 debeant,
1493 1265 1728 1336 suntqui
1762 1265 1889 1321 odio
1920 1267 2129 1324 haberi.

538 1360 608 1415 Et
635 1360 774 1415 sicut
797 1361 865 1427 is,
892 1359 983 1430 qui
1007 1358 1203 1429 diligit,
1238 1358 1450 1413 oonfert
1476 1360 1614 1413 bona
1643 1357 1695 1413 in
1717 1372 1843 1425 eos,
1876 1374 2011 1429 quos
2050 1360 2136 1415 dl-

541 1455 690 1526 ligit:
720 1454 789 1509 ita
815 1454 906 1524 qui
932 1452 1068 1521 odit,
1098 1456 1298 1524 irrogat
1322 1452 1462 1507 mala
1493 1452 1577 1517 iis,
1614 1466 1753 1522 quos
1779 1451 1905 1506 odio
1936 1450 2132 1520 habet;

542 1546 687 1619 quod
726 1554 1134 1619 argumentum,
1171 1545 1294 1616 quia
1329 1559 1515 1600 verum
1557 1554 1640 1599 est
1668 1587 1681 1611 ,
1718 1544 1939 1601 dissolvi
1986 1547 2134 1602 nullo

539 1647 697 1712 pacto
724 1647 912 1710 potest.
958 1639 1106 1693 Vano
1128 1651 1260 1710 ergo
1285 1646 1340 1693 et
1360 1637 1492 1693 talsa
1517 1645 1605 1693 est
1635 1638 1896 1693 sententia
1918 1648 2131 1707 eurum,

539 1732 781 1803 quicum
811 1731 1040 1787 alterum
1068 1730 1181 1787 Deo
1216 1729 1491 1797 tribuant,
1538 1730 1768 1785 alterum
1808 1730 2134 1797 detrahunt,

540 1839 649 1881 non
683 1826 883 1890 minus,
921 1839 1080 1895 quam
1120 1824 1335 1879 illorum
1367 1824 1458 1895 qui
1497 1832 1785 1895 utrumque
1815 1824 2129 1881 detrahunt.
2162 1826 2212 1891 Β

542 1916 651 1974 Sed
680 1916 781 1983 illi,
817 1925 878 1971 ut
903 1916 1257 1982 ostendimus,
1302 1930 1371 1971 ex
1400 1924 1552 1987 parte
1574 1931 1684 1971 non
1710 1925 1914 1983 errant,
1956 1918 2052 1975 sed
2076 1919 2136 1976 id

540 2010 683 2082 quod
720 2009 916 2065 melius
951 2019 1039 2064 est
1070 2022 1137 2064 ex
1164 2008 1376 2064 duobus
1418 2010 1674 2064 retinent.
1728 2008 1768 2065 li
1794 2024 1955 2076 vero,
2001 2021 2138 2081 quos

539 2102 677 2159 ratio
700 2113 755 2158 et
778 2102 978 2158 veritas
996 2102 1296 2174 argumenti
1320 2100 1483 2171 hujus
1502 2100 1729 2169 inducit,
1762 2101 1895 2157 falsa
1917 2104 2140 2158 omnino

541 2195 810 2251 sententia
862 2205 1140 2265 suscepta,
1187 2194 1243 2248 in
1289 2193 1581 2248 maximum
1633 2207 1871 2249 errorem
1915 2194 2134 2250 cadunt.

538 2287 658 2344 Non
687 2289 832 2345 enim
854 2286 935 2344 sic
962 2290 1248 2359 oportebat
1277 2300 1371 2343 eos
1392 2286 1792 2358 argumentari:
1822 2287 1960 2355 Quia
1995 2288 2138 2345 Deus

539 2398 647 2439 non
676 2383 945 2447 irascitur,
983 2396 1113 2453 ergo
1143 2395 1245 2437 nec
1267 2379 1436 2453 gratia
1466 2390 1869 2448 commovetur;
1919 2382 2014 2440 sed
2044 2383 2141 2449 ita,

538 2474 672 2543 Quia
700 2472 842 2529 Deus
871 2472 1040 2544 gratia
1071 2481 1336 2539 movetur,
1370 2487 1501 2543 ergo
1524 2481 1580 2528 et
1612 2471 1881 2529 irascitur.
1918 2474 1974 2530 Si
1994 2476 2142 2531 enim

538 2579 742 2623 certum
790 2577 845 2624 et
894 2567 1250 2624 indubitatum
1292 2566 1517 2635 luisset,
1582 2583 1691 2623 non
1749 2568 1908 2627 irasci
1949 2570 2140 2638 Deum,

538 2672 668 2718 tunc
694 2660 762 2715 ad
788 2660 917 2715 illud
946 2660 1177 2715 alterum
1209 2660 1381 2715 veniri
1411 2669 1555 2716 esset
1576 2676 1818 2717 necesse.
1866 2648 2010 2719 .Cum
2041 2678 2138 2718 au-

539 2762 647 2809 tem
680 2754 850 2825 magis
880 2754 949 2809 sit
972 2752 1285 2824 ambiguum
1308 2752 1377 2810 de
1400 2752 1501 2821 ira,
1532 2767 1670 2826 pene
1698 2754 2048 2813 manifestum
2075 2757 2146 2813 de

2228 530 2460 586 vertere,
2490 532 2613 576 cum
2642 520 2710 575 sit
2728 521 3052 591 promptius,
3085 519 3153 576 de
3179 520 3342 576 certis
3364 520 3571 577 incerta
3594 519 3819 578 ﬁrmare.

2828 631 3057 692 CAPUT
3103 630 3195 691 Vl.

2715 726 2868 798 Quod
2894 726 3035 784 Deus
3061 731 3329 786 irascatur.

2303 842 2397 900 Ha:
2424 852 2551 900 sunt
2582 842 2650 900 de
2680 844 2791 901 Deo
2832 843 3283 916 philosophorum
3315 847 3623 905 sententiae.
3681 847 3825 905 Aliud

2202 952 2206 957 '
2232 947 2490 1008 praeterea
2514 936 2647 991 nihil
2671 937 2951 1008 quisquam
2980 936 3139 993 dixit.
3161 937 3314 1007 Quod
3342 938 3388 994 si
3414 939 3558 1005 tunc,
3579 955 3703 1010 qua:
3724 939 3828 997 die-

2233 1042 2286 1090 ta
2307 1041 2452 1100 sunt,
2478 1033 2607 1089 falsa
2638 1048 2761 1089 esse
2787 1032 3275 1104 deprehendimus,
3301 1049 3466 1088 unum
3494 1032 3627 1088 illud
3654 1043 3828 1091 extre-

2234 1141 2379 1185 mum
2430 1134 2713 1196 superest,
2760 1126 2814 1180 in
2854 1141 2963 1198 quo
2988 1125 3105 1181 solo
3132 1126 3304 1196 possit
3334 1126 3535 1182 veritas
3564 1126 3789 1182 inveniri
3808 1166 3826 1194 ,

2234 1219 2377 1292 quod
2407 1237 2439 1275 a
2470 1218 2805 1291 philosOphis
2832 1235 2931 1276 nec
2959 1228 3271 1288 susceptum
3294 1230 3382 1275 est
3424 1234 3665 1290 unquam
3686 1259 3703 1284 ,
3740 1234 3831 1275 nec

2236 1313 2528 1385 aliquando
2571 1311 2889 1380 dclettstun;
2917 1326 3260 1383 consequens
3301 1327 3445 1379 esse,
3476 1322 3536 1366 ιιι
3576 1314 3832 1369 irascatur

2240 1408 2399 1473 Deus,
2426 1407 2678 1479 quoniam
2696 1410 2865 1478 gratia
2890 1416 3282 1465 commovetur.
3314 1407 3441 1463 Haec
3460 1407 3667 1464 tuenda
3690 1409 3833 1464 nobis

2239 1510 2295 1558 ct
2319 1497 2610 1557 asserenda
2637 1500 2905 1556 sententia
2931 1509 3034 1556 est.
3065 1500 3121 1555 In
3145 1514 3211 1555 eo
3227 1498 3373 1555 enim
3402 1513 3616 1554 summa
3639 1499 3832 1565 omnis,

2241 1601 2295 1650 et
2332 1591 2495 1649 cardo
2535 1591 2808 1663 religionis
2849 1592 3169 1664 pietatisque
3197 1600 3464 1648 versatur.
3499 1590 3639 1647 Nam
3666 1608 3834 1664 neque

2243 1685 2415 1741 bonos
2444 1683 2585 1743 ullus
2609 1683 2795 1741 deberi
2840 1693 3022 1756 potest
3068 1684 3204 1749 Deo.
3237 1684 3284 1741 si
3322 1683 3457 1739 nihil
3487 1694 3720 1755 praestat
3758 1698 3839 1740 co-

2243 1776 2406 1843 lenti,
2451 1791 2550 1833 nec
2575 1776 2714 1833 ullus
2735 1786 2933 1845 metus,
2964 1777 3012 1832 si
3041 1792 3148 1833 non
3185 1775 3435 1833 irascitur
3464 1790 3580 1832 non
3608 1776 3823 1834 colenti.

2832 1895 3069 1951 CAPUT
3107 1893 3223 1951 VII.

2523 1988 2598 2045 De
2622 1988 2849 2044 Haasius
2869 1998 2919 2043 et
2942 1986 3138 2054 Brutis,
3162 2004 3227 2042 ac
3253 1986 3548 2059 Religiosae.

2307 2101 2445 2160 Cum
2474 2117 2620 2173 saepe
2654 2100 2959 2174 pltiIoSOphl
3001 2116 3099 2172 per
3126 2099 3482 2171 ignorantiam
3510 2098 3762 2155 veritatis
3797 2114 3821 2154 a

2239 2199 2450 2253 ratione
2476 2195 2826 2261 desciverint,
2852 2202 3014 2267 atque
3038 2195 3091 2250 in
3119 2208 3337 2251 errores
3367 2192 3665 2251 inciderint
3694 2194 3835 2250 inex-

2244 2291 2519 2347 tricabiles
2562 2290 2639 2363 (id
2690 2290 2835 2347 enim
2866 2290 3007 2346 solet
3036 2288 3123 2345 his
3162 2292 3415 2359 evenire,
3459 2290 3609 2363 quod
3648 2289 3835 2347 viatori

2245 2384 2389 2439 viam
2417 2382 2677 2439 nescienti
2703 2393 2759 2439 et
2785 2396 2894 2438 non
2920 2381 3105 2437 latenti
3138 2396 3197 2437 se
3219 2381 3488 2454 ignorare,
3520 2392 3576 2437 ut
3600 2386 3839 2454 vagetur,

2247 2477 2376 2532 dum
2411 2475 2718 2547 percontari
2757 2474 2946 2531 obvios
2974 2471 3270 2545 erubescit)
3297 2473 3429 2530 illud
3456 2483 3642 2530 tamen
3672 2473 3840 2530 nullus

2246 2568 2603 2640 philosophus
2621 2568 2853 2623 asseruit
2874 2581 3132 2637 unquam,
3156 2564 3292 2621 nihil
3323 2567 3465 2621 inter
3490 2565 3770 2621 hominem
3794 2574 3839 2620 et

2247 2658 2511 2736 pecudem
2540 2664 2825 2729 interesse;
2856 2675 2957 2718 nec
2984 2659 3207 2716 omnino
3225 2661 3533 2732 quisquam,
3562 2659 3731 2716 modo
3754 2659 3833 2731 qui

2248 2760 2468 2831 sapiens
2494 2756 2668 2813 videri
2710 2757 2896 2825 vellet,
2928 2755 3191 2812 rationale
3219 2750 3419 2810 animal
3447 2768 3573 2810 cum
3604 2756 3771 2810 mntis
3793 2762 3838 2809 et

1892 2890 2253 2953 VARIORUM
2288 2893 2519 2952 NOTAE.

535 3034 723 3099 Colb.,
778 3030 985 3105 Natura
1022 3030 1122 3105 ista
1150 3044 1380 3105 connexa
1405 3036 1514 3094 est,
1557 3029 1709 3105 quasi
1750 3039 1937 3105 natura
1977 3042 2124 3105 esset
2226 3035 2373 3090 certis
2413 3035 2649 3105 probari,
2709 3036 2792 3089 hic
2829 3034 3180 3105 probationem
3204 3033 3424 3105 sumpsit
3451 3049 3517 3088 ea:
3550 3033 3749 3105 incerto
3780 3032 3838 3088 ad

534 3104 927 3162 nominativus:
981 3101 1073 3157 sed
1103 3110 1187 3156 est
1212 3101 1500 3171 ablativus.
1561 3101 1807 3157 Imitatur
1836 3104 2118 3171 Quintilia-

536 3194 682 3238 num.
714 3192 781 3232 ex
810 3189 917 3246 quo
943 3173 1129 3229 citavit
1158 3172 1249 3228 ltb.
1287 3188 1359 3237 vt,
1390 3187 1440 3228 c.
1470 3170 1575 3226 ‘25:
1630 3172 1759 3239 Quis
1786 3175 1915 3246 inter
1946 3191 1999 3229 se
2027 3191 2121 3229 na-

536 3261 651 3305 tura
678 3245 905 3302 connexa
934 3256 1073 3301 sunt.
1813 3245 1946 3303 Bon.

617 3318 938 3383 Verberibus,
960 3318 1210 3388 nuditate,
1239 3326 1343 3368 etc.
1395 3314 1651 3385 Respexit
1675 3317 1740 3371 ad
1770 3318 2023 3388 Cyprian.
2058 3318 2129 3374 ad

541 3391 940 3448 Demetrianum
963 3406 976 3442 :
1012 3387 1227 3443 Seruum
1249 3387 1493 3456 ﬂagellis,
1516 3389 1823 3454 uerberibus,
1842 3387 1993 3459 fatue,
2020 3390 2125 3458 siti,

536 3463 787 3524 nuditate,
817 3461 1102 3531 frequenter
1134 3462 1345 3531 [arroget
1373 3474 1575 3531 carcere
1594 3460 1801 3530 adﬂigis
1828 3472 1874 3514 et
1907 3464 2125 3517 crucias.

534 3534 688 3590 Cotti.
720 3529 871 3587 Lact.
904 3531 996 3585 lib.
1033 3545 1087 3592 v,
1115 3543 1236 3598 cap.
1270 3529 1354 3593 18,
1390 3529 1479 3584 lib.
1510 3545 1604 3594 VII,
1635 3546 1683 3584 c.
1717 3533 1806 3586 27.
1954 3534 2087 3588 BUN.

448 3653 462 3663 ,
608 3604 711 3670 Qui
732 3603 859 3668 odit,
878 3605 882 3610 ‘
904 3611 951 3655 et
977 3601 1164 3670 diligit.
1220 3599 1279 3655 ιιι
1308 3601 1720 3669 quatuplurlmis
1748 3603 1906 3659 editis
1937 3616 2040 3671 est,
2085 3613 2132 3659 et

538 3679 625 3747 qui
650 3675 753 3729 odit
775 3684 823 3733 et
844 3673 1032 3747 diligit.

611 3748 712 3815 Qui
740 3762 857 3800 cum
882 3743 1101 3803 alterum
1123 3742 1237 3799 Deo
1280 3742 1499 3815 tribuant
1517 3785 1532 3807 ,
1580 3744 1800 3800 alterum
1831 3745 2129 3801 detrahunt.

533 3820 592 3875 lu
626 3814 754 3873 mss.
788 3818 847 3872 11
880 3817 1034 3869 deest
1056 3817 1275 3869 alterum
1305 3814 1413 3869 Deo
1441 3815 1734 3873 detrahunt.
1763 3818 1868 3872 Sex
1898 3818 2013 3883 alii,
2042 3819 2132 3885 qui

534 3891 755 3947 alterunt
782 3888 892 3943 Deo
918 3887 1167 3942 tribuunt.

610 3961 734 4016 Non
764 3961 952 4025 minus,
990 3974 1143 4029 quam
1169 3957 1375 4018 illorum
1405 3967 1676 4029 utrumque
1697 3959 1994 4014 detrahunt.
2044 3959 2131 4016 Sic

532 4035 719 4107 legunt
746 4048 875 4107 mss.
904 4040 981 4107 get
1018 4030 1147 4085 edit.
1191 4029 1654 4107 ThomasLatque
1698 4033 1836 4087 hanc
1873 4046 2003 4107 esse
2038 4046 2131 4097 ge-

533 4100 750 4161 nuinam
797 4104 1111 4166 lectionem,
1165 4116 1382 4157 censeo.
1430 4100 1483 4157 Si
1525 4100 1795 4158 editorum
1838 4102 2131 4172 recipiatur

534 4177 715 4237 let-tio,
744 4193 897 4247 quam
918 4174 1232 4247 illorumaui
1260 4185 1554 4243 utrumque,
1590 4184 1861 4244 expuncto
1882 4176 1939 4231 τὸ
1963 4174 2134 4229 detra-

536 4249 682 4313 hunt,
726 4245 917 4302 sensus
953 4247 1057 4301 erit
1087 4245 1391 4317 obscurior,
1431 4246 1734 4317 poteritque
1761 4262 1915 4315 mque
1941 4247 2006 4299 ad
2037 4247 2131 4317 tri-

535 4320 694 4443 ?uunt
728 4317 938 4383 referri,
986 4317 1126 4389 quod
1157 4330 1321 4387 scopo
1357 4315 1621 4373 Lactantii
1653 4328 1997 4388 repugnaret.
2047 4315 2131 4372 Ea:

562 4405 692 4443 suo.

562 4405 692 4444 SxEO.

612 4460 721 4514 Illi.
752 4458 965 4513 Scilicet
993 4459 1166 4514 stoici.
1211 4459 1342 4515 Bon.

613 4531 717 4587 Sed
738 4530 791 4581 id
819 4531 956 4599 quod
985 4531 1163 4585 melius
1188 4542 1280 4584 est.
1339 4528 1619 4593 Francius,
1650 4540 1696 4585 et
1722 4532 1794 4586 id.

612 4602 681 4658 lli
708 4617 845 4657 vero.
896 4600 1024 4657 Scil.
1063 4602 1329 4672 Epicurei,
1375 4603 1464 4670 qui
1493 4610 1763 4671 utrumque
1787 4602 2080 4727 detriti/runt.

1934 4690 2021 4727 om.

1934 4690 2021 4730 [ΙΝ.

611 4745 773 4803 Falsa
794 4744 1001 4801 omnino
1022 4744 1273 4803 sententia
1299 4751 1554 4806 suscepto.
1590 4742 1751 4798 Deest
1787 4747 2033 4801 sententia
2080 4746 2129 4801 in

539 4819 598 4875 11
636 4832 765 4873 mss.
798 4831 908 4879 rec.
940 4823 996 4871 et
1023 4816 1074 4869 iu
1108 4813 1194 4869 ed.
1232 4817 1385 4869 liottt.
1428 4812 1567 4870 1470
1593 4824 1645 4868 et
1680 4813 1838 4873 tm.
1886 4814 1991 4872 Pro
2019 4834 2129 4874 om-

544 4891 667 4945 nino
698 4889 723 4944 1
755 4888 990 4942 Clarum.
1040 4885 1200 4939 habet
1230 4889 1433 4951 animo;
1474 4884 1730 4953 abestque
1773 4890 2038 4946 sententia,
2064 4920 2134 4931 ..-

539 4962 695 5028 Apud
736 4960 1037 5015 Buneman.
1079 4972 1206 5011 vero
1238 4956 1430 5027 legitur
1466 4975 1478 5010 :
1513 4956 1590 5011 0b
1619 4955 1752 5028 [also
1793 4961 1999 5014 ontnino
2037 4979 2129 5016 su-

537 5043 729 5100 scepta.
782 5028 952 5095 νειμ,
1014 5038 1239 5096 utraque
1286 5028 1622 5087 1478·ἱὸιῦ
1688 5040 1743 5085 et
1801 5031 2130 5091 recentiores

539 5119 750 5167 omnes,
780 5101 913 5171 falsa
942 5102 1146 5155 omnino
1171 5104 1416 5159 sententia
1441 5111 1694 5169 suscepta.
1737 5101 1913 5168 Bene,
1965 5107 2008 5158 si
2038 5106 2132 5160 ad-

540 5176 784 5231 dicerent
834 5190 961 5227 mss.
1013 5172 1211 5226 Confer
1254 5187 1302 5227 c.
1337 5174 1369 5227 ii
1393 5213 1405 5233 ,
1433 5173 1698 5227 sententia.
1752 5171 1951 5230 Iterum
1980 5175 2126 5232 Lact.

540 5247 606 5301 de
652 5245 764 5311 Ira,
815 5259 936 5315 cap.
984 5242 1017 5299 6
1039 5284 1054 5307 ,
1090 5242 1249 5315 quod
1272 5260 1299 5297 τι
1332 5244 1666 5314 philosophis
1696 5261 1794 5300 nec
1823 5258 2130 5313 susceptum

540 5326 643 5373 cst.
689 5318 807 5372 Lib.
842 5314 899 5381 tt,
928 5329 1047 5383 cap.
1080 5314 1176 5368 l7:
1222 5314 1487 5390 Sic‘eum,
1541 5317 1625 5384 qui
1666 5317 1717 5370 in
1750 5317 2001 5387 principio
2027 5320 2128 5390 [αι.

540 5406 656 5443 sum
678 5395 988 5452 susceperat,
1012 5387 1423 5455 consequentium
1448 5404 1615 5443 rerum
1630 5390 1895 5442 necessitas
1916 5390 1984 5442 ad
2004 5387 2131 5446 deli-

542 5470 770 5514 ramenta
807 5457 1061 5527 perduxit.
1786 5459 1914 5515 BUN.

620 5531 762 5605 l’cne
788 5530 1152 5605 manilestum._
1176 5528 1455 5590 Francius.
1486 5528 1627 5585 forte
1659 5530 1779 5605 bene
1804 5542 1895 5586 aut
1921 5533 2086 5605 plene.

618 5602 909 5657 Absuvdum
941 5638 955 5653 .
975 5637 1021 5654 ..
1052 5616 1116 5656 ea:
1136 5601 1321 5655 incerto
1349 5611 1541 5655 certum
1565 5644 1578 5656 .
1604 5642 1617 5655 .
1641 5639 1654 5654 .
1691 5601 1994 5669 subvertere,
2023 5613 2128 5663 etc.

548 5674 668 5730 Lib.
715 5688 769 5739 ll,
812 5689 930 5739 cap.
954 5674 987 5728 9
1029 5688 1040 5722 :
1073 5670 1163 5726 Sic
1214 5711 1226 5724 .
1252 5713 1264 5726 .
1286 5714 1298 5726 .
1348 5673 1477 5728 illud
1516 5673 1790 5740 assumpsit
1819 5712 1833 5727 .
1861 5717 1875 5728 .
1898 5714 1911 5728 .
1936 5691 2051 5728 cum
2078 5676 2133 5729 id

551 5746 715 5800 multo
736 5753 859 5798 esset
880 5743 1141 5815 incertius,
1166 5760 1316 5812 quam
1330 5742 1483 5807 illud,
1514 5755 1720 5812 prapter
1741 5744 1877 5815 quod
1894 5761 2132 5815 assump-

552 5828 659 5871 tum
686 5824 756 5869 est
783 5853 826 5867 ..
853 5855 867 5869 .
918 5814 997 5867 Ex.
1022 5813 1154 5882 [also
1182 5815 1359 5868 maluit
1386 5815 1623 5885 colligere
1654 5814 1800 5885 quod
1822 5815 2013 5885 falsum
2037 5813 2130 5885 est,

550 5904 703 5963 quam
734 5903 796 5941 ex
822 5901 954 5952 vero,
986 5885 1121 5956 quod
1148 5902 1337 5940 verum.
1386 5882 1450 5939 Et
1482 5882 1595 5940 cum
1625 5884 1831 5940 debeant
1854 5882 2044 5942 incerta
2072 5884 2134 5943 de

2226 3108 2553 3179 evertendth
2579 3107 2718 3179 quod
2745 3118 2850 3179 erat
2876 3117 3094 3162 certum.

3565 3103 3705 3160 Bon.

2311 3175 2700 3234 Sententia'est.
2728 3178 2982 3234 Additum
3014 3188 3087 3232 est
3112 3193 3179 3233 ex
3209 3175 3419 3233 cnnclil
3446 3189 3579 3231 mss.
3606 3188 3668 3231 et
3687 3191 3837 3231 com-

2235 3249 2479 3321 pluribus
2500 3250 2677 3304 editis.

2308 3320 2372 3375 ln
2397 3337 2477 3375 eo.
2506 3323 2540 3376 3
2577 3321 2817 3376 (iolbert.
2849 3318 3088 3375 Clarom.
3119 3336 3146 3373 a
3172 3318 3411 3376 secunda
3437 3332 3599 3372 manu
3622 3360 3638 3383 ,
3674 3329 3727 3375 et
3755 3317 3835 3375 ed.

2232 3392 2482 3466 Gymnic.
2510 3395 2563 3445 in
2595 3409 2673 3445 ea.
2699 3392 2941 3466 Clarout.
2965 3410 2991 3443 :t
3025 3394 3406 3466 primamamt.
3436 3391 3642 3466 inqua.

2309 3463 2448 3518 Nam
2479 3480 2636 3534 neque
2665 3470 2826 3518 Itonos
2864 3464 3002 3517 ullus
3030 3461 3220 3516 deberi
3261 3472 3423 3534 potest
3451 3461 3594 3527 ‘Deo,
3629 3472 3738 3534 etc.
3767 3462 3837 3518 Si-

2234 3536 2349 3591 mili
2380 3533 2627 3593 ntodoin
2667 3535 2992 3590 llierctuiam
3039 3533 3300 3604 Origenes
3350 3533 3645 3603 benignum
3679 3533 3834 3589 Deum

2234 3607 2383 3667 dicit,
2416 3622 2485 3662 ne
2508 3606 2885 3672 desperemus;
2907 3622 3175 3669 severum,
3211 3622 3277 3659 ne
3293 3605 3688 3674 benignitatem
3718 3620 3836 3660 con-

2236 3688 2557 3734 temnamus.
2591 3678 2695 3734 Sed
2726 3678 3178 3746 quemadmodum
3204 3675 3394 3733 Cicero
3417 3676 3469 3731 in
3499 3674 3712 3731 Oiliciis
3741 3674 3830 3730 do-

2234 3758 2362 3818 cet,
2409 3752 2581 3805 virum
2624 3750 2821 3803 bonum
2872 3763 2977 3803 non
3022 3764 3280 3817 peccare,
3312 3748 3472 3802 etiam
3527 3748 3836 3816 impunitate

2234 3822 2552 3893 proposita?
2579 3820 2981 3893 Oderttntenittt
3006 3821 3368 3893 peccarcibuni
3393 3819 3606 3893 virtutis
3632 3832 3832 3878 amore;

2236 3890 2539 3959 electura,
2590 3891 2821 3947 oderunt
2871 3907 3093 3961 peccare
3142 3892 3266 3945 mali
3312 3890 3599 3947 formidine
3643 3906 3830 3961 poena}.

2235 3963 2372 4032 Quid
2400 3964 2540 4034 quod
2571 3963 2768 4017 Paulus
2789 3964 2951 4024 etiam
2999 3963 3091 4028 ait,
3142 3961 3307 4017 lostis
3352 3962 3524 4031 legem
3572 3977 3684 4034 non
3728 3975 3836 4015 esse

2236 4032 2504 4104 positain?
2549 4034 2860 4104 Benignitas
2904 4034 2998 4090 Dei
3042 4042 3410 4101 contemptum
3452 4034 3533 4087 sui
3566 4032 3710 4087 adeo
3738 4048 3832 4086 non

2235 4107 2425 4176 gignit,
2442 4117 2497 4161 ut
2516 4106 2582 4176 (si
2609 4108 2772 4161 Paulo
2793 4105 3083 4177 credimus)
3114 4107 3251 4177 Deus
3275 4120 3424 4159 suam
3440 4117 3578 4177 erga
3588 4118 3694 4177 nos
3720 4104 3835 4157 cha-

2237 4174 2452 4232 riiatem
2485 4174 2596 4232 tum
2630 4177 2863 4232 maxime
2888 4174 3314 4240 commendarit,
3363 4189 3484 4228 cum
3514 4174 3696 4229 adhuc
3724 4187 3834 4243 pec-

2235 4260 2449 4305 catores
2497 4265 2761 4307 essemus.
2812 4248 2980 4303 Porro
3016 4247 3064 4304 si
3111 4248 3227 4303 hzrc
3257 4248 3372 4301 sive
3402 4244 3699 4311 Lactantii,
3732 4247 3834 4298 site

2235 4319 2484 4391 Origenis
2510 4322 2774 4377 sententia
2800 4332 2913 4375 rata
2935 4320 3588 4391 esset,4irrita_ticrettota_
3601 4315 3756 4370 Pauli
3774 4316 3834 4370 de

2236 4386 2711 4463 pra-'tlestiuatione
2739 4391 3065 4463 distiutatio.
3092 4389 3235 4463 Nam
3258 4389 3409 4445 deest
3446 4389 3497 4441 in
3528 4386 3597 4441 l2
3625 4402 3758 4463 mss.
3785 4395 3831 4442 ut

2237 4459 2271 4519 λ
2304 4465 2485 4520 editis.
2517 4463 2571 4518 In
2606 4464 2723 4518 Em.
2765 4473 2849 4518 est
2878 4463 2996 4516 ulli.
3032 4462 3096 4516 Et
3142 4461 3407 4517 lleumau.
3445 4466 3601 4529 putat
3646 4459 3831 4515 delen-

2161 4538 2215 4600 D
2238 4535 2365 4591 dum
2395 4550 2517 4590 esse
2540 4545 2792 4600 punctum
2828 4542 2948 4603 post
2976 4544 3225 4588 uersatur.

2314 4606 2375 4662 Si
2403 4623 2503 4660 non
2543 4600 2950 4674 irascitur,‘etc.
2994 4605 3160 4659 Deum
3192 4601 3349 4658 irasci
3380 4609 3651 4657 testantur
3679 4600 3831 4655 multa

2238 4677 2527 4747 Scriptura:
2548 4677 2685 4732 inea.
2712 4677 2778 4734 At
2824 4676 3139 4742 notandum,
3169 4676 3301 4729 iratn
3338 4688 3442 4728 non
3470 4688 3599 4747 esse
3628 4674 3830 4747 passio-

2238 4742 2375 4803 ncni
2401 4749 2685 4805 violentam
2731 4752 2781 4804 in
2814 4751 2945 4814 Deo,
2982 4748 3078 4802 sed
3110 4748 3441 4803 voluntatem
3476 4742 3753 4814 puniendi,
3785 4750 3833 4795 et

2237 4819 2351 4881 Deo
2378 4822 2593 4876 attribui
2623 4819 2870 4877 effective
2898 4862 2911 4886 ,
2964 4834 3070 4874 non
3102 4818 3374 4877 aftective,
3411 4825 3468 4871 ut
3508 4816 3827 4887 loquuntur-;

2237 4891 2341 4948 hoc
2386 4902 2489 4956 est,
2539 4893 2704 4946 Deum
2738 4892 2916 4947 facere
2942 4890 3084 4961 quod
3128 4890 3246 4946 irati
3294 4889 3525 4961 iaciunt,
3560 4903 3668 4942 non
3709 4900 3829 4961 vero

2235 4955 2521 5036 propterea
2548 4964 2689 5019 allici
2712 4966 2888 5036 aliqua
2919 4955 3323 5036 perturbatione
3348 4960 3548 5024 animi,
3575 4955 3826 5030 quemad-

2237 5034 2454 5090 inodum
2481 5035 2725 5090 homines
2756 5034 2900 5089 irati.
2943 5034 3080 5090 GAL.

2311 5106 2377 5163 Ut
2399 5118 2626 5178 vagetur.
2643 5106 2767 5162 Mss.
2789 5105 2949 5169 Ultr.,
2969 5103 3157 5171 Brun.,
3175 5099 3668 5177 utevagetttr.Edd.,
3689 5096 3826 5165 Ald.,

2234 5178 2480 5245 Fasitcl.,
2502 5178 2757 5243 Tornes.,
2787 5188 2842 5232 ut
2869 5187 3105 5249 vagatur.

2309 5236 2479 5305 Niltil'
2504 5250 2636 5304 inter
2680 5236 2957 5304 hominem:
2984 5249 3059 5303 ita
3087 5262 3218 5304 mss.
3244 5246 3282 5301 2
3312 5246 3544 5311 Bonam,
3579 5243 3741 5306 Tax.,
3795 5236 3825 5293 5

2234 5319 2389 5377 Colb.
2422 5320 2748 5391 totidemque
2780 5323 2930 5377 editi.
2973 5319 3030 5374 In
3071 5321 3194 5375 aliis
3218 5327 3473 5386 corrupte
3506 5316 3824 5391 legitor‘aon

2235 5395 2385 5458 nihil,
2417 5393 2558 5463 qttod
2577 5386 2858 5448 sententia:
2877 5393 3140 5448 Lactantii
3169 5386 3682 5463 repugtiat.§-Nihil
3706 5386 3828 5463 inter

2236 5454 2509 5529 homine-tn,
2538 5477 2644 5521 etc.
2689 5463 2761 5519 Ita
2794 5465 2852 5519 Β.
2884 5463 2947 5519 Τ.
2990 5466 3130 5533 quod
3167 5454 3421 5533 corrupte
3454 5460 3522 5533 ing
3561 5454 3822 5513 nonnullis

2235 5537 2431 5603 legitur
2458 5535 2714 5601 nonnihil,
2745 5547 2847 5590 etc.
2882 5535 2936 5589 ld
2960 5530 3243 5590 sentcntiae
3265 5530 3527 5588 Lactantii
3554 5533 3821 5603 repttgntll.

2235 5601 2326 5678 qui
2347 5609 2447 5662 hoc
2465 5608 2584 5659 loco
2601 5608 2879 5678 resipiscit
2894 5605 2964 5659 ab
2996 5621 3184 5660 errore
3201 5607 3333 5659 alias
3352 5603 3553 5678 habito,
3573 5601 3822 5678 rationem

2236 5669 2413 5763 mutis
2428 5678 2592 5804 etlisam
2622 5669 2817 5743 inesse,
2852 5676 2921 5732 de
2956 5691 3064 5748 quo
3090 5677 3321 5733 disserui
3353 5675 3595 5731 secundo
3629 5669 3819 5731 Instit..

2236 5764 2353 5804 can.
2384 5767 2437 5802 ο.
2524 5763 2660 5804 ευς.

2234 5764 2353 5805 Cal).
2384 5767 2437 5802 ὓ.
2469 5763 2660 5804 ιεευς.

2302 5765 2836 5881 [liliiiolnsrﬁglinimah
2876 5829 2985 5879 etc.
3032 5821 3147 5877 Non
3197 5814 3475 5874 dissimilia
3525 5823 3671 5878 sunt,
3711 5822 3821 5883 quia

2258 5890 2575 5963 Aristoteles
2602 5891 2654 5947 in
2684 5892 2856 5966 primo
2880 5893 2947 5958 de
2978 5894 3190 5961 Anima,
3221 5893 3553 5967 Anaxagora:
3586 5887 3820 5962 dogmata
