  <div class='ocr_page' id='page_1' title='image "/cluster/home/n/w/nwhite01/storage/ocr_20150623/7/hvd.32044015471246/052.png"; bbox 0 0 4034 6354; ppageno 0'>
   <div class='ocr_carea' id='block_1_1' title="bbox 179 378 256 435">
    <p class='ocr_par' dir='ltr' id='par_1_1' title="bbox 179 378 256 435">
     <span class='ocr_line' id='line_1_1' title="bbox 179 378 256 435; baseline 0 0"><span class='ocrx_word' id='word_1_1' title='bbox 179 378 256 435; x_wconf 75' lang='lat'><strong>93</strong></span> 
     </span>
    </p>
   </div>
   <div class='ocr_carea' id='block_1_2' title="bbox 180 590 1789 673">
    <p class='ocr_par' dir='ltr' id='par_1_2' title="bbox 180 590 1789 673">
     <span class='ocr_line' id='line_1_2' title="bbox 180 590 1789 673; baseline 0.011 -29"><span class='ocrx_word' id='word_1_2' title='bbox 180 590 368 661; x_wconf 88' lang='lat' dir='ltr'><strong>periti,</strong></span> <span class='ocrx_word' id='word_1_3' title='bbox 399 601 563 663; x_wconf 89' lang='lat' dir='ltr'><strong>atque</strong></span> <span class='ocrx_word' id='word_1_4' title='bbox 594 595 729 666; x_wconf 85' lang='lat' dir='ltr'><strong>ipsis</strong></span> <span class='ocrx_word' id='word_1_5' title='bbox 757 597 1050 671; x_wconf 78' lang='lat' dir='ltr'><strong>pecudibus</strong></span> <span class='ocrx_word' id='word_1_6' title='bbox 1077 598 1313 669; x_wconf 81' lang='lat' dir='ltr'><strong>similes,</strong></span> <span class='ocrx_word' id='word_1_7' title='bbox 1346 602 1582 673; x_wconf 91' lang='lat' dir='ltr'><strong>quicum</strong></span> <span class='ocrx_word' id='word_1_8' title='bbox 1613 607 1789 661; x_wconf 90' lang='lat' dir='ltr'><strong>ventri</strong></span> 
     </span>
    </p>
   </div>
   <div class='ocr_carea' id='block_1_3' title="bbox 174 686 1791 765">
    <p class='ocr_par' dir='ltr' id='par_1_3' title="bbox 174 686 1791 765">
     <span class='ocr_line' id='line_1_3' title="bbox 174 686 1791 765; baseline 0.009 -24"><span class='ocrx_word' id='word_1_9' title='bbox 174 700 247 743; x_wconf 87' lang='lat' dir='ltr'><strong>ac</strong></span> <span class='ocrx_word' id='word_1_10' title='bbox 271 686 544 761; x_wconf 86' lang='lat' dir='ltr'><strong>voluptati</strong></span> <span class='ocrx_word' id='word_1_11' title='bbox 570 704 631 745; x_wconf 89' lang='lat' dir='ltr'><strong>se</strong></span> <span class='ocrx_word' id='word_1_12' title='bbox 648 690 827 748; x_wconf 88' lang='lat' dir='ltr'><strong>velint</strong></span> <span class='ocrx_word' id='word_1_13' title='bbox 854 691 1083 759; x_wconf 85' lang='lat' dir='ltr'><strong>tradere;</strong></span> <span class='ocrx_word' id='word_1_14' title='bbox 1103 692 1273 765; x_wconf 88' lang='lat' dir='ltr'><strong>aiunt,</strong></span> <span class='ocrx_word' id='word_1_15' title='bbox 1294 695 1481 753; x_wconf 78' lang='lat' dir='ltr'><strong>eadem</strong></span> <span class='ocrx_word' id='word_1_16' title='bbox 1505 698 1717 757; x_wconf 84' lang='lat' dir='ltr'><strong>ratione</strong></span> <span class='ocrx_word' id='word_1_17' title='bbox 1729 714 1791 756; x_wconf 86' lang='lat' dir='ltr'><strong>se</strong></span> 
     </span>
    </p>
   </div>
   <div class='ocr_carea' id='block_1_4' title="bbox 174 781 1790 857">
    <p class='ocr_par' dir='ltr' id='par_1_4' title="bbox 174 781 1790 857">
     <span class='ocr_line' id='line_1_4' title="bbox 174 781 1790 857; baseline 0.008 -25"><span class='ocrx_word' id='word_1_18' title='bbox 174 788 365 843; x_wconf 87' lang='lat' dir='ltr'><strong>natos,</strong></span> <span class='ocrx_word' id='word_1_19' title='bbox 398 794 503 849; x_wconf 88' lang='lat' dir='ltr'><strong>qua</strong></span> <span class='ocrx_word' id='word_1_20' title='bbox 536 781 791 836; x_wconf 84' lang='lat' dir='ltr'><strong>universa</strong></span> <span class='ocrx_word' id='word_1_21' title='bbox 840 798 957 853; x_wconf 69' lang='lat' dir='ltr'><strong>ane</strong></span> <span class='ocrx_word' id='word_1_22' title='bbox 997 783 1237 853; x_wconf 84' lang='lat' dir='ltr'><strong>spirant;</strong></span> <span class='ocrx_word' id='word_1_23' title='bbox 1270 787 1411 857; x_wconf 91' lang='lat' dir='ltr'><strong>quod</strong></span> <span class='ocrx_word' id='word_1_24' title='bbox 1442 787 1549 844; x_wconf 82' lang='lat' dir='ltr'><strong>dici</strong></span> <span class='ocrx_word' id='word_1_25' title='bbox 1579 789 1648 845; x_wconf 91' lang='lat' dir='ltr'><strong>ab</strong></span> <span class='ocrx_word' id='word_1_26' title='bbox 1694 790 1790 845; x_wconf 86' lang='lat' dir='ltr'><strong>ho-</strong></span> 
     </span>
    </p>
   </div>
   <div class='ocr_carea' id='block_1_5' title="bbox 175 871 1785 949">
    <p class='ocr_par' dir='ltr' id='par_1_5' title="bbox 175 871 1785 949">
     <span class='ocr_line' id='line_1_5' title="bbox 175 871 1785 949; baseline 0.007 -22"><span class='ocrx_word' id='word_1_27' title='bbox 175 871 334 927; x_wconf 85' lang='lat' dir='ltr'><strong>mine</strong></span> <span class='ocrx_word' id='word_1_28' title='bbox 356 873 510 928; x_wconf 80' lang='lat' dir='ltr'><strong>nefas</strong></span> <span class='ocrx_word' id='word_1_29' title='bbox 523 881 630 929; x_wconf 90' lang='lat' dir='ltr'><strong>est.</strong></span> <span class='ocrx_word' id='word_1_30' title='bbox 650 874 784 942; x_wconf 87' lang='lat' dir='ltr'><strong>Quis</strong></span> <span class='ocrx_word' id='word_1_31' title='bbox 804 876 948 931; x_wconf 89' lang='lat' dir='ltr'><strong>enim</strong></span> <span class='ocrx_word' id='word_1_32' title='bbox 972 885 1076 931; x_wconf 92' lang='lat' dir='ltr'><strong>tam</strong></span> <span class='ocrx_word' id='word_1_33' title='bbox 1096 877 1338 935; x_wconf 85' lang='lat' dir='ltr'><strong>indoctus</strong></span> <span class='ocrx_word' id='word_1_34' title='bbox 1355 888 1457 945; x_wconf 88' lang='lat' dir='ltr'><strong>est,</strong></span> <span class='ocrx_word' id='word_1_35' title='bbox 1483 891 1541 937; x_wconf 92' lang='lat' dir='ltr'><strong>ut</strong></span> <span class='ocrx_word' id='word_1_36' title='bbox 1559 883 1785 949; x_wconf 89' lang='lat' dir='ltr'><strong>nesciat,</strong></span> 
     </span>
    </p>
   </div>
   <div class='ocr_carea' id='block_1_6' title="bbox 175 964 1785 1045">
    <p class='ocr_par' dir='ltr' id='par_1_6' title="bbox 175 964 1785 1045">
     <span class='ocr_line' id='line_1_6' title="bbox 175 964 1785 1045; baseline 0.009 -27"><span class='ocrx_word' id='word_1_37' title='bbox 175 964 306 1037; x_wconf 85' lang='lat' dir='ltr'><strong>quis</strong></span> <span class='ocrx_word' id='word_1_38' title='bbox 335 974 446 1020; x_wconf 87' lang='lat' dir='ltr'><strong>tam</strong></span> <span class='ocrx_word' id='word_1_39' title='bbox 477 965 819 1037; x_wconf 73' lang='lat' dir='ltr'><strong>imprudens,</strong></span> <span class='ocrx_word' id='word_1_40' title='bbox 844 978 903 1024; x_wconf 91' lang='lat' dir='ltr'><strong>ut</strong></span> <span class='ocrx_word' id='word_1_41' title='bbox 928 985 1031 1025; x_wconf 91' lang='lat' dir='ltr'><strong>non</strong></span> <span class='ocrx_word' id='word_1_42' title='bbox 1058 971 1269 1039; x_wconf 75' lang='lat' dir='ltr'><strong>sentiat,</strong></span> <span class='ocrx_word' id='word_1_43' title='bbox 1302 973 1502 1045; x_wconf 85' lang='lat' dir='ltr'><strong>aliquid</strong></span> <span class='ocrx_word' id='word_1_44' title='bbox 1530 976 1708 1034; x_wconf 86' lang='lat' dir='ltr'><strong>inesse</strong></span> <span class='ocrx_word' id='word_1_45' title='bbox 1733 976 1785 1033; x_wconf 92' lang='lat' dir='ltr'><strong>in</strong></span> 
     </span>
    </p>
   </div>
   <div class='ocr_carea' id='block_1_7' title="bbox 176 1057 1790 1126">
    <p class='ocr_par' dir='ltr' id='par_1_7' title="bbox 176 1057 1790 1126">
     <span class='ocr_line' id='line_1_7' title="bbox 176 1057 1790 1126; baseline 0.007 -12"><span class='ocrx_word' id='word_1_46' title='bbox 176 1057 407 1116; x_wconf 78' lang='lat' dir='ltr'><strong>homine</strong></span> <span class='ocrx_word' id='word_1_47' title='bbox 442 1059 657 1118; x_wconf 77' lang='lat' dir='ltr'><strong>divini?</strong></span> <span class='ocrx_word' id='word_1_48' title='bbox 688 1062 935 1121; x_wconf 76' lang='lat' dir='ltr'><strong>Nondum</strong></span> <span class='ocrx_word' id='word_1_49' title='bbox 983 1065 1143 1125; x_wconf 89' lang='lat' dir='ltr'><strong>venio</strong></span> <span class='ocrx_word' id='word_1_50' title='bbox 1170 1065 1237 1121; x_wconf 87' lang='lat' dir='ltr'><strong>sd</strong></span> <span class='ocrx_word' id='word_1_51' title='bbox 1266 1067 1494 1125; x_wconf 76' lang='lat' dir='ltr'><strong>virtutes</strong></span> <span class='ocrx_word' id='word_1_52' title='bbox 1524 1070 1690 1126; x_wconf 82' lang='lat' dir='ltr'><strong>animi</strong></span> <span class='ocrx_word' id='word_1_53' title='bbox 1734 1078 1790 1126; x_wconf 87' lang='lat' dir='ltr'><strong>et</strong></span> 
     </span>
    </p>
   </div>
   <div class='ocr_carea' id='block_1_8' title="bbox 177 1151 1787 1237">
    <p class='ocr_par' dir='ltr' id='par_1_8' title="bbox 177 1151 1787 1237">
     <span class='ocr_line' id='line_1_8' title="bbox 177 1151 1787 1237; baseline 0.009 -31"><span class='ocrx_word' id='word_1_54' title='bbox 177 1151 412 1223; x_wconf 82' lang='lat' dir='ltr'><strong>ingenii,</strong></span> <span class='ocrx_word' id='word_1_55' title='bbox 448 1154 642 1224; x_wconf 81' lang='lat' dir='ltr'><strong>quibus</strong></span> <span class='ocrx_word' id='word_1_56' title='bbox 669 1155 875 1217; x_wconf 87' lang='lat' dir='ltr'><strong>homini</strong></span> <span class='ocrx_word' id='word_1_57' title='bbox 904 1172 1023 1213; x_wconf 89' lang='lat' dir='ltr'><strong>cum</strong></span> <span class='ocrx_word' id='word_1_58' title='bbox 1072 1157 1180 1215; x_wconf 81' lang='lat' dir='ltr'><strong>Deo</strong></span> <span class='ocrx_word' id='word_1_59' title='bbox 1220 1158 1503 1223; x_wconf 80' lang='lat' dir='ltr'><strong>manifesta</strong></span> <span class='ocrx_word' id='word_1_60' title='bbox 1534 1163 1787 1237; x_wconf 80' lang='lat' dir='ltr'><strong>cognatio</strong></span> 
     </span>
    </p>
   </div>
   <div class='ocr_carea' id='block_1_9' title="bbox 176 1245 1787 1326">
    <p class='ocr_par' dir='ltr' id='par_1_9' title="bbox 176 1245 1787 1326">
     <span class='ocr_line' id='line_1_9' title="bbox 176 1245 1787 1326; baseline 0.006 -25"><span class='ocrx_word' id='word_1_61' title='bbox 176 1255 285 1303; x_wconf 87' lang='lat' dir='ltr'><strong>est.</strong></span> <span class='ocrx_word' id='word_1_62' title='bbox 320 1245 513 1305; x_wconf 85' lang='lat' dir='ltr'><strong>Nonne</strong></span> <span class='ocrx_word' id='word_1_63' title='bbox 533 1248 702 1319; x_wconf 87' lang='lat' dir='ltr'><strong>ipsius</strong></span> <span class='ocrx_word' id='word_1_64' title='bbox 722 1250 971 1320; x_wconf 87' lang='lat' dir='ltr'><strong>corporis</strong></span> <span class='ocrx_word' id='word_1_65' title='bbox 998 1260 1172 1309; x_wconf 84' lang='lat' dir='ltr'><strong>status</strong></span> <span class='ocrx_word' id='word_1_66' title='bbox 1196 1261 1252 1310; x_wconf 89' lang='lat' dir='ltr'><strong>et</strong></span> <span class='ocrx_word' id='word_1_67' title='bbox 1273 1252 1384 1311; x_wconf 89' lang='lat' dir='ltr'><strong>oris</strong></span> <span class='ocrx_word' id='word_1_68' title='bbox 1416 1253 1582 1326; x_wconf 80' lang='lat' dir='ltr'><strong>figura</strong></span> <span class='ocrx_word' id='word_1_69' title='bbox 1605 1255 1787 1312; x_wconf 80' lang='lat' dir='ltr'><strong>decla-</strong></span> 
     </span>
    </p>
   </div>
   <div class='ocr_carea' id='block_1_10' title="bbox 177 1345 1784 1419">
    <p class='ocr_par' dir='ltr' id='par_1_10' title="bbox 177 1345 1784 1419">
     <span class='ocr_line' id='line_1_10' title="bbox 177 1345 1784 1419; baseline 0.007 -26"><span class='ocrx_word' id='word_1_70' title='bbox 177 1346 287 1406; x_wconf 82' lang='lat' dir='ltr'><strong>rat,</strong></span> <span class='ocrx_word' id='word_1_71' title='bbox 322 1354 432 1396; x_wconf 84' lang='lat' dir='ltr'><strong>non</strong></span> <span class='ocrx_word' id='word_1_72' title='bbox 456 1355 578 1397; x_wconf 80' lang='lat' dir='ltr'><strong>esse</strong></span> <span class='ocrx_word' id='word_1_73' title='bbox 605 1357 704 1398; x_wconf 87' lang='lat' dir='ltr'><strong>nos</strong></span> <span class='ocrx_word' id='word_1_74' title='bbox 731 1358 857 1399; x_wconf 90' lang='lat' dir='ltr'><strong>cum</strong></span> <span class='ocrx_word' id='word_1_75' title='bbox 887 1345 1049 1403; x_wconf 85' lang='lat' dir='ltr'><strong>mutis</strong></span> <span class='ocrx_word' id='word_1_76' title='bbox 1082 1346 1376 1417; x_wconf 79' lang='lat' dir='ltr'><strong>pecudibus</strong></span> <span class='ocrx_word' id='word_1_77' title='bbox 1406 1349 1688 1419; x_wconf 70' lang='lat' dir='ltr'><strong>mquales‘i</strong></span> <span class='ocrx_word' id='word_1_78' title='bbox 1714 1349 1784 1404; x_wconf 92' lang='lat' dir='ltr'><strong>ll-</strong></span> 
     </span>
    </p>
   </div>
   <div class='ocr_carea' id='block_1_11' title="bbox 179 1436 1783 1515">
    <p class='ocr_par' dir='ltr' id='par_1_11' title="bbox 179 1436 1783 1515">
     <span class='ocr_line' id='line_1_11' title="bbox 179 1436 1783 1515; baseline 0.007 -24"><span class='ocrx_word' id='word_1_79' title='bbox 179 1436 359 1493; x_wconf 85' lang='lat' dir='ltr'><strong>larum</strong></span> <span class='ocrx_word' id='word_1_80' title='bbox 390 1447 581 1494; x_wconf 83' lang='lat' dir='ltr'><strong>natura</strong></span> <span class='ocrx_word' id='word_1_81' title='bbox 610 1440 665 1495; x_wconf 87' lang='lat' dir='ltr'><strong>in</strong></span> <span class='ocrx_word' id='word_1_82' title='bbox 694 1439 917 1497; x_wconf 89' lang='lat' dir='ltr'><strong>humum</strong></span> <span class='ocrx_word' id='word_1_83' title='bbox 958 1443 1324 1515; x_wconf 74' lang='lat' dir='ltr'><strong>pabulumque</strong></span> <span class='ocrx_word' id='word_1_84' title='bbox 1368 1454 1638 1515; x_wconf 88' lang='lat' dir='ltr'><strong>prostrata</strong></span> <span class='ocrx_word' id='word_1_85' title='bbox 1666 1455 1783 1514; x_wconf 86' lang='lat' dir='ltr'><strong>est;</strong></span> 
     </span>
    </p>
   </div>
   <div class='ocr_carea' id='block_1_12' title="bbox 179 1529 1784 1609">
    <p class='ocr_par' dir='ltr' id='par_1_12' title="bbox 179 1529 1784 1609">
     <span class='ocr_line' id='line_1_12' title="bbox 179 1529 1784 1609; baseline 0.007 -26"><span class='ocrx_word' id='word_1_86' title='bbox 179 1544 284 1585; x_wconf 84' lang='lat' dir='ltr'><strong>nec</strong></span> <span class='ocrx_word' id='word_1_87' title='bbox 311 1529 474 1586; x_wconf 84' lang='lat' dir='ltr'><strong>habet</strong></span> <span class='ocrx_word' id='word_1_88' title='bbox 499 1531 791 1602; x_wconf 84' lang='lat' dir='ltr'><strong>quidquam</strong></span> <span class='ocrx_word' id='word_1_89' title='bbox 828 1547 1115 1591; x_wconf 83' lang='lat' dir='ltr'><strong>commune</strong></span> <span class='ocrx_word' id='word_1_90' title='bbox 1153 1550 1278 1591; x_wconf 90' lang='lat' dir='ltr'><strong>cum</strong></span> <span class='ocrx_word' id='word_1_91' title='bbox 1303 1538 1466 1604; x_wconf 70' lang='lat' dir='ltr'><strong>eicio,</strong></span> <span class='ocrx_word' id='word_1_92' title='bbox 1503 1532 1649 1609; x_wconf 81' lang='lat' dir='ltr'><strong>quod</strong></span> <span class='ocrx_word' id='word_1_93' title='bbox 1675 1555 1784 1595; x_wconf 88' lang='lat' dir='ltr'><strong>non</strong></span> 
     </span>
    </p>
   </div>
   <div class='ocr_carea' id='block_1_13' title="bbox 177 1623 1783 1703">
    <p class='ocr_par' dir='ltr' id='par_1_13' title="bbox 177 1623 1783 1703">
     <span class='ocr_line' id='line_1_13' title="bbox 177 1623 1783 1703; baseline 0.007 -24"><span class='ocrx_word' id='word_1_94' title='bbox 177 1623 445 1680; x_wconf 79' lang='lat' dir='ltr'><strong>intuetur.</strong></span> <span class='ocrx_word' id='word_1_95' title='bbox 485 1624 657 1683; x_wconf 84' lang='lat' dir='ltr'><strong>Homo</strong></span> <span class='ocrx_word' id='word_1_96' title='bbox 682 1635 863 1683; x_wconf 80' lang='lat' dir='ltr'><strong>autem</strong></span> <span class='ocrx_word' id='word_1_97' title='bbox 884 1652 889 1657; x_wconf 51' lang='grc' dir='ltr'><strong><em>λ</em></strong></span> <span class='ocrx_word' id='word_1_98' title='bbox 912 1638 1065 1685; x_wconf 85' lang='lat' dir='ltr'><strong>recto</strong></span> <span class='ocrx_word' id='word_1_99' title='bbox 1107 1640 1247 1687; x_wconf 82' lang='lat' dir='ltr'><strong>statu</strong></span> <span class='ocrx_word' id='word_1_100' title='bbox 1273 1674 1287 1696; x_wconf 88' lang='lat'><strong>,</strong></span> <span class='ocrx_word' id='word_1_101' title='bbox 1320 1646 1416 1688; x_wconf 85' lang='lat' dir='ltr'><strong>ore</strong></span> <span class='ocrx_word' id='word_1_102' title='bbox 1441 1633 1682 1703; x_wconf 82' lang='lat' dir='ltr'><strong>sublimi,</strong></span> <span class='ocrx_word' id='word_1_103' title='bbox 1715 1634 1783 1691; x_wconf 90' lang='lat' dir='ltr'><strong>ad</strong></span> 
     </span>
    </p>
   </div>
   <div class='ocr_carea' id='block_1_14' title="bbox 180 1720 1785 1794">
    <p class='ocr_par' dir='ltr' id='par_1_14' title="bbox 180 1720 1785 1794">
     <span class='ocr_line' id='line_1_14' title="bbox 180 1720 1785 1794; baseline 0.008 -21"><span class='ocrx_word' id='word_1_104' title='bbox 180 1720 694 1789; x_wconf 82' lang='lat' dir='ltr'><strong>contemplationem</strong></span> <span class='ocrx_word' id='word_1_105' title='bbox 722 1721 907 1778; x_wconf 88' lang='lat' dir='ltr'><strong>mundi</strong></span> <span class='ocrx_word' id='word_1_106' title='bbox 929 1725 1230 1794; x_wconf 80' lang='lat' dir='ltr'><strong>excitatus,</strong></span> <span class='ocrx_word' id='word_1_107' title='bbox 1271 1728 1482 1783; x_wconf 85' lang='lat' dir='ltr'><strong>confert</strong></span> <span class='ocrx_word' id='word_1_108' title='bbox 1520 1741 1643 1783; x_wconf 92' lang='lat' dir='ltr'><strong>cum</strong></span> <span class='ocrx_word' id='word_1_109' title='bbox 1672 1728 1785 1787; x_wconf 88' lang='lat' dir='ltr'><strong>Deo</strong></span> 
     </span>
    </p>
   </div>
   <div class='ocr_carea' id='block_1_15' title="bbox 182 1809 1276 1888">
    <p class='ocr_par' dir='ltr' id='par_1_15' title="bbox 182 1809 1276 1888">
     <span class='ocr_line' id='line_1_15' title="bbox 182 1809 1276 1888; baseline 0.008 -23"><span class='ocrx_word' id='word_1_110' title='bbox 182 1809 419 1877; x_wconf 81' lang='lat' dir='ltr'><strong>vultum;</strong></span> <span class='ocrx_word' id='word_1_111' title='bbox 447 1820 503 1867; x_wconf 88' lang='lat' dir='ltr'><strong>et</strong></span> <span class='ocrx_word' id='word_1_112' title='bbox 528 1812 786 1869; x_wconf 80' lang='lat' dir='ltr'><strong>rationem</strong></span> <span class='ocrx_word' id='word_1_113' title='bbox 812 1814 952 1873; x_wconf 81' lang='lat' dir='ltr'><strong>ratio</strong></span> <span class='ocrx_word' id='word_1_114' title='bbox 974 1817 1276 1888; x_wconf 73' lang='lat' dir='ltr'><strong>cognoscit.</strong></span> 
     </span>
    </p>
   </div>
   <div class='ocr_carea' id='block_1_16' title="bbox 1519 397 3061 470">
    <p class='ocr_par' dir='ltr' id='par_1_16' title="bbox 1519 397 3061 470">
     <span class='ocr_line' id='line_1_16' title="bbox 1519 397 3061 470; baseline 0.01 -16"><span class='ocrx_word' id='word_1_115' title='bbox 1519 397 1727 456; x_wconf 81' lang='lat' dir='ltr'><strong>LIBER</strong></span> <span class='ocrx_word' id='word_1_116' title='bbox 1765 400 1854 461; x_wconf 69' lang='lat' dir='ltr'><strong>DE</strong></span> <span class='ocrx_word' id='word_1_117' title='bbox 1892 400 2011 458; x_wconf 75' lang='lat' dir='ltr'><strong>IRA</strong></span> <span class='ocrx_word' id='word_1_118' title='bbox 2050 402 2179 461; x_wconf 82' lang='lat' dir='ltr'><strong>DEI.</strong></span> <span class='ocrx_word' id='word_1_119' title='bbox 3050 460 3061 470; x_wconf 84' lang='lat'><strong>.</strong></span> 
     </span>
    </p>
   </div>
   <div class='ocr_carea' id='block_1_17' title="bbox 177 496 3498 602">
    <p class='ocr_par' dir='ltr' id='par_1_17' title="bbox 177 496 3498 602">
     <span class='ocr_line' id='line_1_17' title="bbox 177 496 3498 602; baseline 0.011 -50"><span class='ocrx_word' id='word_1_120' title='bbox 177 496 654 602; x_wconf 73' lang='lat' dir='ltr'><strong>irrationabilibus</strong></span> <span class='ocrx_word' id='word_1_121' title='bbox 679 506 983 602; x_wconf 58' lang='lat' dir='ltr'><strong>cumquavit</strong></span> <span class='ocrx_word' id='word_1_122' title='bbox 1012 523 1026 561; x_wconf 88' lang='lat'><strong>:</strong></span> <span class='ocrx_word' id='word_1_123' title='bbox 1051 506 1425 602; x_wconf 68' lang='lat' dir='ltr'><strong>quodfaciunt</strong></span> <span class='ocrx_word' id='word_1_124' title='bbox 1444 510 1663 582; x_wconf 88' lang='lat' dir='ltr'><strong>quidam</strong></span> <span class='ocrx_word' id='word_1_125' title='bbox 1691 513 1792 569; x_wconf 89' lang='lat' dir='ltr'><strong>im-</strong></span> <span class='ocrx_word' id='word_1_126' title='bbox 1818 519 1873 578; x_wconf 78' lang='grc' dir='ltr'><strong>Α</strong></span> <span class='ocrx_word' id='word_1_127' title='bbox 1898 517 2046 587; x_wconf 87' lang='lat' dir='ltr'><strong>prius</strong></span> <span class='ocrx_word' id='word_1_128' title='bbox 2069 516 2274 581; x_wconf 79' lang='lat' dir='ltr'><strong>homini</strong></span> <span class='ocrx_word' id='word_1_129' title='bbox 2302 534 2484 581; x_wconf 80' lang='lat' dir='ltr'><strong>sermo</strong></span> <span class='ocrx_word' id='word_1_130' title='bbox 2509 534 2592 583; x_wconf 81' lang='lat' dir='ltr'><strong>est</strong></span> <span class='ocrx_word' id='word_1_131' title='bbox 2618 544 2632 583; x_wconf 91' lang='lat'><strong>:</strong></span> <span class='ocrx_word' id='word_1_132' title='bbox 2655 534 2839 589; x_wconf 81' lang='lat' dir='ltr'><strong>tamen</strong></span> <span class='ocrx_word' id='word_1_133' title='bbox 2938 529 2992 587; x_wconf 82' lang='lat' dir='ltr'><strong>iu</strong></span> <span class='ocrx_word' id='word_1_134' title='bbox 3017 528 3125 591; x_wconf 76' lang='lat' dir='ltr'><strong>illis</strong></span> <span class='ocrx_word' id='word_1_135' title='bbox 3151 531 3400 602; x_wconf 72' lang='lat' dir='ltr'><strong>quaedam</strong></span> <span class='ocrx_word' id='word_1_136' title='bbox 3423 534 3498 590; x_wconf 87' lang='lat' dir='ltr'><strong>si-</strong></span> 
     </span>
    </p>
   </div>
   <div class='ocr_carea' id='block_1_18' title="bbox 1893 609 3497 695">
    <p class='ocr_par' dir='ltr' id='par_1_18' title="bbox 1893 609 3497 695">
     <span class='ocr_line' id='line_1_18' title="bbox 1893 609 3497 695; baseline 0.012 -32"><span class='ocrx_word' id='word_1_137' title='bbox 1893 609 2138 667; x_wconf 91' lang='lat' dir='ltr'><strong>militudo</strong></span> <span class='ocrx_word' id='word_1_138' title='bbox 2168 615 2458 670; x_wconf 84' lang='lat' dir='ltr'><strong>sermonis.</strong></span> <span class='ocrx_word' id='word_1_139' title='bbox 2478 615 2613 673; x_wconf 86' lang='lat' dir='ltr'><strong>Nam</strong></span> <span class='ocrx_word' id='word_1_140' title='bbox 2644 627 2699 675; x_wconf 90' lang='lat' dir='ltr'><strong>et</strong></span> <span class='ocrx_word' id='word_1_141' title='bbox 2728 620 3047 695; x_wconf 83' lang='lat' dir='ltr'><strong>dignoseunt</strong></span> <span class='ocrx_word' id='word_1_142' title='bbox 3067 622 3297 682; x_wconf 78' lang='lat' dir='ltr'><strong>invicem</strong></span> <span class='ocrx_word' id='word_1_143' title='bbox 3314 640 3376 683; x_wconf 87' lang='lat' dir='ltr'><strong>se</strong></span> <span class='ocrx_word' id='word_1_144' title='bbox 3401 641 3497 683; x_wconf 83' lang='lat' dir='ltr'><strong>vo-</strong></span> 
     </span>
    </p>
   </div>
   <div class='ocr_carea' id='block_1_19' title="bbox 1890 702 3496 790">
    <p class='ocr_par' dir='ltr' id='par_1_19' title="bbox 1890 702 3496 790">
     <span class='ocr_line' id='line_1_19' title="bbox 1890 702 3496 790; baseline 0.012 -33"><span class='ocrx_word' id='word_1_145' title='bbox 1890 702 2062 769; x_wconf 86' lang='lat' dir='ltr'><strong>cibus;</strong></span> <span class='ocrx_word' id='word_1_146' title='bbox 2090 714 2165 771; x_wconf 92' lang='lat' dir='ltr'><strong>et,</strong></span> <span class='ocrx_word' id='word_1_147' title='bbox 2195 708 2683 779; x_wconf 90' lang='lat' dir='ltr'><strong>cumirascuntur,</strong></span> <span class='ocrx_word' id='word_1_148' title='bbox 2716 713 2887 771; x_wconf 91' lang='lat' dir='ltr'><strong>edunt</strong></span> <span class='ocrx_word' id='word_1_149' title='bbox 2914 730 3107 772; x_wconf 87' lang='lat' dir='ltr'><strong>sonum</strong></span> <span class='ocrx_word' id='word_1_150' title='bbox 3131 717 3310 790; x_wconf 75' lang='lat' dir='ltr'><strong>iurgio</strong></span> <span class='ocrx_word' id='word_1_151' title='bbox 3340 719 3496 777; x_wconf 76' lang='lat' dir='ltr'><strong>simi—</strong></span> 
     </span>
    </p>
   </div>
   <div class='ocr_carea' id='block_1_20' title="bbox 1890 794 3493 881">
    <p class='ocr_par' dir='ltr' id='par_1_20' title="bbox 1890 794 3493 881">
     <span class='ocr_line' id='line_1_20' title="bbox 1890 794 3493 881; baseline 0.011 -33"><span class='ocrx_word' id='word_1_152' title='bbox 1890 794 2019 860; x_wconf 86' lang='lat' dir='ltr'><strong>lem;</strong></span> <span class='ocrx_word' id='word_1_153' title='bbox 2047 807 2120 864; x_wconf 91' lang='lat' dir='ltr'><strong>et,</strong></span> <span class='ocrx_word' id='word_1_154' title='bbox 2146 813 2268 853; x_wconf 88' lang='lat' dir='ltr'><strong>cum</strong></span> <span class='ocrx_word' id='word_1_155' title='bbox 2300 814 2362 857; x_wconf 91' lang='lat' dir='ltr'><strong>se</strong></span> <span class='ocrx_word' id='word_1_156' title='bbox 2387 815 2452 856; x_wconf 80' lang='lat' dir='ltr'><strong>ex</strong></span> <span class='ocrx_word' id='word_1_157' title='bbox 2486 801 2771 860; x_wconf 89' lang='lat' dir='ltr'><strong>intervallo</strong></span> <span class='ocrx_word' id='word_1_158' title='bbox 2800 806 3005 876; x_wconf 79' lang='lat' dir='ltr'><strong>vident,</strong></span> <span class='ocrx_word' id='word_1_159' title='bbox 3035 809 3340 881; x_wconf 79' lang='lat' dir='ltr'><strong>gratulandi</strong></span> <span class='ocrx_word' id='word_1_160' title='bbox 3369 810 3493 868; x_wconf 87' lang='lat' dir='ltr'><strong>offi-</strong></span> 
     </span>
    </p>
   </div>
   <div class='ocr_carea' id='block_1_21' title="bbox 1888 888 3489 969">
    <p class='ocr_par' dir='ltr' id='par_1_21' title="bbox 1888 888 3489 969">
     <span class='ocr_line' id='line_1_21' title="bbox 1888 888 3489 969; baseline 0.011 -27"><span class='ocrx_word' id='word_1_161' title='bbox 1888 888 2030 945; x_wconf 89' lang='lat' dir='ltr'><strong>cium</strong></span> <span class='ocrx_word' id='word_1_162' title='bbox 2060 905 2192 947; x_wconf 91' lang='lat' dir='ltr'><strong>voce</strong></span> <span class='ocrx_word' id='word_1_163' title='bbox 2224 892 2521 950; x_wconf 81' lang='lat' dir='ltr'><strong>declarant.</strong></span> <span class='ocrx_word' id='word_1_164' title='bbox 2552 895 2718 953; x_wconf 84' lang='lat' dir='ltr'><strong>Nobis</strong></span> <span class='ocrx_word' id='word_1_165' title='bbox 2756 899 2974 969; x_wconf 88' lang='lat' dir='ltr'><strong>quidem</strong></span> <span class='ocrx_word' id='word_1_166' title='bbox 3002 917 3164 958; x_wconf 89' lang='lat' dir='ltr'><strong>voces</strong></span> <span class='ocrx_word' id='word_1_167' title='bbox 3191 918 3376 959; x_wconf 90' lang='lat' dir='ltr'><strong>eorum</strong></span> <span class='ocrx_word' id='word_1_168' title='bbox 3406 905 3489 961; x_wconf 88' lang='lat' dir='ltr'><strong>vi-</strong></span> 
     </span>
    </p>
   </div>
   <div class='ocr_carea' id='block_1_22' title="bbox 1888 982 3490 1070">
    <p class='ocr_par' dir='ltr' id='par_1_22' title="bbox 1888 982 3490 1070">
     <span class='ocr_line' id='line_1_22' title="bbox 1888 982 3490 1070; baseline 0.01 -32"><span class='ocrx_word' id='word_1_169' title='bbox 1888 982 2084 1040; x_wconf 89' lang='lat' dir='ltr'><strong>dentur</strong></span> <span class='ocrx_word' id='word_1_170' title='bbox 2112 986 2434 1055; x_wconf 83' lang='lat' dir='ltr'><strong>inconditae,</strong></span> <span class='ocrx_word' id='word_1_171' title='bbox 2462 989 2601 1046; x_wconf 90' lang='lat' dir='ltr'><strong>sicut</strong></span> <span class='ocrx_word' id='word_1_172' title='bbox 2620 991 2729 1064; x_wconf 82' lang='lat' dir='ltr'><strong>illis</strong></span> <span class='ocrx_word' id='word_1_173' title='bbox 2749 992 2977 1049; x_wconf 80' lang='lat' dir='ltr'><strong>fortasse</strong></span> <span class='ocrx_word' id='word_1_174' title='bbox 3016 1007 3215 1052; x_wconf 79' lang='lat' dir='ltr'><strong>nostrae</strong></span> <span class='ocrx_word' id='word_1_175' title='bbox 3244 1014 3259 1052; x_wconf 90' lang='lat'><strong>:</strong></span> <span class='ocrx_word' id='word_1_176' title='bbox 3285 996 3380 1053; x_wconf 88' lang='lat' dir='ltr'><strong>sed</strong></span> <span class='ocrx_word' id='word_1_177' title='bbox 3411 998 3490 1070; x_wconf 91' lang='lat' dir='ltr'><strong>ip-</strong></span> 
     </span>
    </p>
   </div>
   <div class='ocr_carea' id='block_1_23' title="bbox 1888 1079 3489 1159">
    <p class='ocr_par' dir='ltr' id='par_1_23' title="bbox 1888 1079 3489 1159">
     <span class='ocr_line' id='line_1_23' title="bbox 1888 1079 3489 1159; baseline 0.008 -25"><span class='ocrx_word' id='word_1_178' title='bbox 1888 1079 1989 1146; x_wconf 87' lang='lat' dir='ltr'><strong>sis,</strong></span> <span class='ocrx_word' id='word_1_179' title='bbox 2011 1096 2133 1151; x_wconf 66' lang='lat' dir='ltr'><strong>qute</strong></span> <span class='ocrx_word' id='word_1_180' title='bbox 2158 1096 2218 1138; x_wconf 91' lang='lat' dir='ltr'><strong>se</strong></span> <span class='ocrx_word' id='word_1_181' title='bbox 2245 1083 2570 1156; x_wconf 85' lang='lat' dir='ltr'><strong>intelligunt,</strong></span> <span class='ocrx_word' id='word_1_182' title='bbox 2617 1086 2781 1143; x_wconf 87' lang='lat' dir='ltr'><strong>verba</strong></span> <span class='ocrx_word' id='word_1_183' title='bbox 2814 1098 2961 1154; x_wconf 90' lang='lat' dir='ltr'><strong>sunt;</strong></span> <span class='ocrx_word' id='word_1_184' title='bbox 2993 1089 3228 1159; x_wconf 87' lang='lat' dir='ltr'><strong>denique</strong></span> <span class='ocrx_word' id='word_1_185' title='bbox 3256 1092 3310 1147; x_wconf 88' lang='lat' dir='ltr'><strong>in</strong></span> <span class='ocrx_word' id='word_1_186' title='bbox 3341 1091 3489 1147; x_wconf 89' lang='lat' dir='ltr'><strong>omni</strong></span> 
     </span>
    </p>
   </div>
   <div class='ocr_carea' id='block_1_24' title="bbox 1887 1174 3490 1255">
    <p class='ocr_par' dir='ltr' id='par_1_24' title="bbox 1887 1174 3490 1255">
     <span class='ocr_line' id='line_1_24' title="bbox 1887 1174 3490 1255; baseline 0.008 -26"><span class='ocrx_word' id='word_1_187' title='bbox 1887 1174 2082 1232; x_wconf 72' lang='lat' dir='ltr'><strong>aﬂectu</strong></span> <span class='ocrx_word' id='word_1_188' title='bbox 2103 1185 2277 1233; x_wconf 88' lang='lat' dir='ltr'><strong>certas</strong></span> <span class='ocrx_word' id='word_1_189' title='bbox 2298 1180 2447 1236; x_wconf 88' lang='lat' dir='ltr'><strong>vocis</strong></span> <span class='ocrx_word' id='word_1_190' title='bbox 2475 1189 2630 1237; x_wconf 90' lang='lat' dir='ltr'><strong>notas</strong></span> <span class='ocrx_word' id='word_1_191' title='bbox 2655 1182 3002 1252; x_wconf 81' lang='lat' dir='ltr'><strong>exprimunt,</strong></span> <span class='ocrx_word' id='word_1_192' title='bbox 3030 1184 3226 1255; x_wconf 89' lang='lat' dir='ltr'><strong>quibus</strong></span> <span class='ocrx_word' id='word_1_193' title='bbox 3251 1185 3490 1242; x_wconf 87' lang='lat' dir='ltr'><strong>habitum</strong></span> 
     </span>
    </p>
   </div>
   <div class='ocr_carea' id='block_1_25' title="bbox 1888 1270 3487 1349">
    <p class='ocr_par' dir='ltr' id='par_1_25' title="bbox 1888 1270 3487 1349">
     <span class='ocr_line' id='line_1_25' title="bbox 1888 1270 3487 1349; baseline 0.007 -26"><span class='ocrx_word' id='word_1_194' title='bbox 1888 1270 2087 1326; x_wconf 86' lang='lat' dir='ltr'><strong>mentis</strong></span> <span class='ocrx_word' id='word_1_195' title='bbox 2112 1271 2418 1327; x_wconf 80' lang='lat' dir='ltr'><strong>ostendant.</strong></span> <span class='ocrx_word' id='word_1_196' title='bbox 2453 1274 2612 1330; x_wconf 86' lang='lat' dir='ltr'><strong>Risus</strong></span> <span class='ocrx_word' id='word_1_197' title='bbox 2633 1290 2846 1349; x_wconf 90' lang='lat' dir='ltr'><strong>quoque</strong></span> <span class='ocrx_word' id='word_1_198' title='bbox 2868 1283 2951 1331; x_wconf 89' lang='lat' dir='ltr'><strong>cst</strong></span> <span class='ocrx_word' id='word_1_199' title='bbox 2980 1275 3185 1332; x_wconf 89' lang='lat' dir='ltr'><strong>homini</strong></span> <span class='ocrx_word' id='word_1_200' title='bbox 3210 1278 3487 1349; x_wconf 87' lang='lat' dir='ltr'><strong>proprius;</strong></span> 
     </span>
    </p>
   </div>
   <div class='ocr_carea' id='block_1_26' title="bbox 1888 1365 3489 1440">
    <p class='ocr_par' dir='ltr' id='par_1_26' title="bbox 1888 1365 3489 1440">
     <span class='ocr_line' id='line_1_26' title="bbox 1888 1365 3489 1440; baseline 0.005 -22"><span class='ocrx_word' id='word_1_201' title='bbox 1888 1370 1943 1418; x_wconf 89' lang='lat' dir='ltr'><strong>ct</strong></span> <span class='ocrx_word' id='word_1_202' title='bbox 1980 1372 2161 1420; x_wconf 90' lang='lat' dir='ltr'><strong>tamen</strong></span> <span class='ocrx_word' id='word_1_203' title='bbox 2204 1365 2451 1423; x_wconf 87' lang='lat' dir='ltr'><strong>videmus</strong></span> <span class='ocrx_word' id='word_1_204' title='bbox 2497 1368 2548 1423; x_wconf 90' lang='lat' dir='ltr'><strong>in</strong></span> <span class='ocrx_word' id='word_1_205' title='bbox 2576 1368 2697 1423; x_wconf 88' lang='lat' dir='ltr'><strong>aliis</strong></span> <span class='ocrx_word' id='word_1_206' title='bbox 2720 1368 3039 1424; x_wconf 77' lang='lat' dir='ltr'><strong>animalibus</strong></span> <span class='ocrx_word' id='word_1_207' title='bbox 3066 1369 3311 1440; x_wconf 70' lang='lat' dir='ltr'><strong>quzcdam</strong></span> <span class='ocrx_word' id='word_1_208' title='bbox 3340 1372 3489 1439; x_wconf 84' lang='lat' dir='ltr'><strong>signa</strong></span> 
     </span>
    </p>
   </div>
   <div class='ocr_carea' id='block_1_27' title="bbox 1888 1454 3495 1529">
    <p class='ocr_par' dir='ltr' id='par_1_27' title="bbox 1888 1454 3495 1529">
     <span class='ocr_line' id='line_1_27' title="bbox 1888 1454 3495 1529; baseline 0.004 -20"><span class='ocrx_word' id='word_1_209' title='bbox 1888 1454 2113 1525; x_wconf 73' lang='lat' dir='ltr'><strong>lmtitiac,</strong></span> <span class='ocrx_word' id='word_1_210' title='bbox 2138 1472 2259 1511; x_wconf 78' lang='lat' dir='ltr'><strong>etim</strong></span> <span class='ocrx_word' id='word_1_211' title='bbox 2286 1456 2352 1513; x_wconf 89' lang='lat' dir='ltr'><strong>ad</strong></span> <span class='ocrx_word' id='word_1_212' title='bbox 2378 1457 2551 1513; x_wconf 91' lang='lat' dir='ltr'><strong>lusum</strong></span> <span class='ocrx_word' id='word_1_213' title='bbox 2568 1460 2829 1529; x_wconf 85' lang='lat' dir='ltr'><strong>gestiunt,</strong></span> <span class='ocrx_word' id='word_1_214' title='bbox 2859 1474 3021 1515; x_wconf 90' lang='lat' dir='ltr'><strong>aures</strong></span> <span class='ocrx_word' id='word_1_215' title='bbox 3036 1459 3369 1526; x_wconf 86' lang='lat' dir='ltr'><strong>demulcent,</strong></span> <span class='ocrx_word' id='word_1_216' title='bbox 3388 1460 3495 1516; x_wconf 87' lang='lat' dir='ltr'><strong>ric-&#39;</strong></span> 
     </span>
    </p>
   </div>
   <div class='ocr_carea' id='block_1_28' title="bbox 1887 1551 3489 1618">
    <p class='ocr_par' dir='ltr' id='par_1_28' title="bbox 1887 1551 3489 1618">
     <span class='ocr_line' id='line_1_28' title="bbox 1887 1551 3489 1618; baseline 0.004 -14"><span class='ocrx_word' id='word_1_217' title='bbox 1887 1557 2000 1604; x_wconf 92' lang='lat' dir='ltr'><strong>tum</strong></span> <span class='ocrx_word' id='word_1_218' title='bbox 2029 1551 2359 1606; x_wconf 86' lang='lat' dir='ltr'><strong>contrahunt</strong></span> <span class='ocrx_word' id='word_1_219' title='bbox 2379 1590 2395 1618; x_wconf 93' lang='lat'><strong>,</strong></span> <span class='ocrx_word' id='word_1_220' title='bbox 2425 1551 2653 1608; x_wconf 78' lang='lat' dir='ltr'><strong>frontem</strong></span> <span class='ocrx_word' id='word_1_221' title='bbox 2690 1562 2973 1618; x_wconf 88' lang='lat' dir='ltr'><strong>serenant,</strong></span> <span class='ocrx_word' id='word_1_222' title='bbox 3004 1554 3193 1609; x_wconf 88' lang='lat' dir='ltr'><strong>oculos</strong></span> <span class='ocrx_word' id='word_1_223' title='bbox 3245 1554 3299 1610; x_wconf 90' lang='lat' dir='ltr'><strong>in</strong></span> <span class='ocrx_word' id='word_1_224' title='bbox 3331 1553 3489 1610; x_wconf 90' lang='lat' dir='ltr'><strong>lasci-</strong></span> 
     </span>
    </p>
   </div>
   <div class='ocr_carea' id='block_1_29' title="bbox 1886 1643 3488 1718">
    <p class='ocr_par' dir='ltr' id='par_1_29' title="bbox 1886 1643 3488 1718">
     <span class='ocr_line' id='line_1_29' title="bbox 1886 1643 3488 1718; baseline 0.004 -22"><span class='ocrx_word' id='word_1_225' title='bbox 1886 1644 2027 1697; x_wconf 88' lang='lat' dir='ltr'><strong>viam</strong></span> <span class='ocrx_word' id='word_1_226' title='bbox 2074 1643 2371 1701; x_wconf 85' lang='lat' dir='ltr'><strong>resolvunt.</strong></span> <span class='ocrx_word' id='word_1_227' title='bbox 2415 1644 2552 1715; x_wconf 82' lang='lat' dir='ltr'><strong>Quid</strong></span> <span class='ocrx_word' id='word_1_228' title='bbox 2586 1654 2695 1700; x_wconf 91' lang='lat' dir='ltr'><strong>tam</strong></span> <span class='ocrx_word' id='word_1_229' title='bbox 2744 1645 3018 1716; x_wconf 91' lang='lat' dir='ltr'><strong>proprium</strong></span> <span class='ocrx_word' id='word_1_230' title='bbox 3050 1645 3281 1715; x_wconf 82' lang='lat' dir='ltr'><strong>homini,</strong></span> <span class='ocrx_word' id='word_1_231' title='bbox 3328 1661 3488 1718; x_wconf 86' lang='lat' dir='ltr'><strong>quam</strong></span> 
     </span>
    </p>
   </div>
   <div class='ocr_carea' id='block_1_30' title="bbox 1888 1736 3487 1809">
    <p class='ocr_par' dir='ltr' id='par_1_30' title="bbox 1888 1736 3487 1809">
     <span class='ocr_line' id='line_1_30' title="bbox 1888 1736 3487 1809; baseline 0.001 -18"><span class='ocrx_word' id='word_1_232' title='bbox 1888 1736 2047 1801; x_wconf 88' lang='lat' dir='ltr'><strong>ratio,</strong></span> <span class='ocrx_word' id='word_1_233' title='bbox 2077 1746 2131 1793; x_wconf 88' lang='lat' dir='ltr'><strong>et</strong></span> <span class='ocrx_word' id='word_1_234' title='bbox 2164 1736 2494 1806; x_wconf 86' lang='lat' dir='ltr'><strong>providentia</strong></span> <span class='ocrx_word' id='word_1_235' title='bbox 2524 1736 2721 1792; x_wconf 77' lang='lat' dir='ltr'><strong>futuri?</strong></span> <span class='ocrx_word' id='word_1_236' title='bbox 2745 1738 2900 1807; x_wconf 78' lang='lat' dir='ltr'><strong>Atqui</strong></span> <span class='ocrx_word' id='word_1_237' title='bbox 2919 1746 3046 1792; x_wconf 90' lang='lat' dir='ltr'><strong>sunt</strong></span> <span class='ocrx_word' id='word_1_238' title='bbox 3064 1737 3334 1800; x_wconf 71' lang='lat' dir='ltr'><strong>animalia,</strong></span> <span class='ocrx_word' id='word_1_239' title='bbox 3365 1753 3487 1809; x_wconf 75' lang='lat' dir='ltr'><strong>qum</strong></span> 
     </span>
    </p>
   </div>
   <div class='ocr_carea' id='block_1_31' title="bbox 1887 1828 3483 1901">
    <p class='ocr_par' dir='ltr' id='par_1_31' title="bbox 1887 1828 3483 1901">
     <span class='ocr_line' id='line_1_31' title="bbox 1887 1828 3483 1901; baseline 0.002 -19"><span class='ocrx_word' id='word_1_240' title='bbox 1887 1828 2125 1884; x_wconf 87' lang='lat' dir='ltr'><strong>latibulis</strong></span> <span class='ocrx_word' id='word_1_241' title='bbox 2147 1828 2261 1885; x_wconf 90' lang='lat' dir='ltr'><strong>suis</strong></span> <span class='ocrx_word' id='word_1_242' title='bbox 2286 1828 2529 1885; x_wconf 84' lang='lat' dir='ltr'><strong>diversos</strong></span> <span class='ocrx_word' id='word_1_243' title='bbox 2559 1838 2615 1884; x_wconf 92' lang='lat' dir='ltr'><strong>et</strong></span> <span class='ocrx_word' id='word_1_244' title='bbox 2641 1828 2825 1901; x_wconf 90' lang='lat' dir='ltr'><strong>plures</strong></span> <span class='ocrx_word' id='word_1_245' title='bbox 2846 1828 3022 1884; x_wconf 78' lang='lat' dir='ltr'><strong>exitus</strong></span> <span class='ocrx_word' id='word_1_246' title='bbox 3059 1828 3318 1899; x_wconf 89' lang='lat' dir='ltr'><strong>pandant,</strong></span> <span class='ocrx_word' id='word_1_247' title='bbox 3351 1838 3407 1885; x_wconf 94' lang='lat' dir='ltr'><strong>nt</strong></span> <span class='ocrx_word' id='word_1_248' title='bbox 3437 1830 3483 1885; x_wconf 92' lang='lat' dir='ltr'><strong>si</strong></span> 
     </span>
    </p>
   </div>
   <div class='ocr_carea' id='block_1_32' title="bbox 259 1885 3479 1999">
    <p class='ocr_par' dir='ltr' id='par_1_32' title="bbox 259 1885 3479 1999">
     <span class='ocr_line' id='line_1_32' title="bbox 259 1885 3479 1999; baseline 0.007 -45"><span class='ocrx_word' id='word_1_249' title='bbox 259 1900 554 1999; x_wconf 60' lang='lat' dir='ltr'><strong>Propterea</strong></span> <span class='ocrx_word' id='word_1_250' title='bbox 598 1904 799 1999; x_wconf 86' lang='lat' dir='ltr'><strong>nullum</strong></span> <span class='ocrx_word' id='word_1_251' title='bbox 846 1916 930 1962; x_wconf 85' lang='lat' dir='ltr'><strong>est</strong></span> <span class='ocrx_word' id='word_1_252' title='bbox 953 1885 1175 1973; x_wconf 75' lang='lat' dir='ltr'><strong>animal,</strong></span> <span class='ocrx_word' id='word_1_253' title='bbox 1207 1919 1263 1965; x_wconf 92' lang='lat' dir='ltr'><strong>ut</strong></span> <span class='ocrx_word' id='word_1_254' title='bbox 1307 1911 1383 1967; x_wconf 87' lang='lat' dir='ltr'><strong>ait</strong></span> <span class='ocrx_word' id='word_1_255' title='bbox 1420 1908 1615 1969; x_wconf 86' lang='lat' dir='ltr'><strong>Cicero</strong></span> <span class='ocrx_word' id='word_1_256' title='bbox 1638 1913 1686 1986; x_wconf 90' lang='grc' dir='ltr'>(ι</span> <span class='ocrx_word' id='word_1_257' title='bbox 1711 1885 1780 1971; x_wconf 85' lang='lat' dir='ltr'><strong>de</strong></span> <span class='ocrx_word' id='word_1_258' title='bbox 1810 1915 1859 1976; x_wconf 88' lang='lat' dir='ltr'><strong>B</strong></span> <span class='ocrx_word' id='word_1_259' title='bbox 1884 1922 2027 1995; x_wconf 87' lang='lat' dir='ltr'><strong>quod</strong></span> <span class='ocrx_word' id='word_1_260' title='bbox 2060 1923 2359 1994; x_wconf 87' lang='lat' dir='ltr'><strong>periculum</strong></span> <span class='ocrx_word' id='word_1_261' title='bbox 2388 1885 2660 1989; x_wconf 64' lang='lat' dir='ltr'><strong>inciderit:</strong></span> <span class='ocrx_word' id='word_1_262' title='bbox 2685 1921 2809 1993; x_wconf 85' lang='lat' dir='ltr'><strong>fuga</strong></span> <span class='ocrx_word' id='word_1_263' title='bbox 2838 1929 3021 1999; x_wconf 84' lang='lat' dir='ltr'><strong>pateat</strong></span> <span class='ocrx_word' id='word_1_264' title='bbox 3048 1885 3318 1987; x_wconf 62' lang='lat' dir='ltr'><strong>obsessis;</strong></span> <span class='ocrx_word' id='word_1_265' title='bbox 3335 1922 3479 1993; x_wconf 90' lang='lat' dir='ltr'><strong>quod</strong></span> 
     </span>
    </p>
   </div>
   <div class='ocr_carea' id='block_1_33' title="bbox 175 1993 1773 2077">
    <p class='ocr_par' dir='ltr' id='par_1_33' title="bbox 175 1993 1773 2077">
     <span class='ocr_line' id='line_1_33' title="bbox 175 1993 1773 2077; baseline 0.009 -29"><span class='ocrx_word' id='word_1_266' title='bbox 175 1993 441 2077; x_wconf 75' lang='lat' dir='ltr'><strong>Legibus)</strong></span> <span class='ocrx_word' id='word_1_267' title='bbox 465 2006 660 2066; x_wconf 65' lang='lat' dir='ltr'><strong>prater</strong></span> <span class='ocrx_word' id='word_1_268' title='bbox 684 1997 983 2066; x_wconf 82' lang='lat' dir='ltr'><strong>hominem,</strong></span> <span class='ocrx_word' id='word_1_269' title='bbox 1017 2002 1161 2071; x_wconf 77' lang='lat' dir='ltr'><strong>qde</strong></span> <span class='ocrx_word' id='word_1_270' title='bbox 1189 2002 1385 2059; x_wconf 74' lang='lat' dir='ltr'><strong>habeat</strong></span> <span class='ocrx_word' id='word_1_271' title='bbox 1409 2005 1641 2077; x_wconf 82' lang='lat' dir='ltr'><strong>aliquam</strong></span> <span class='ocrx_word' id='word_1_272' title='bbox 1674 2024 1773 2062; x_wconf 82' lang='lat' dir='ltr'><strong>no-</strong></span> 
     </span>
    </p>
   </div>
   <div class='ocr_carea' id='block_1_34' title="bbox 172 2070 1770 2167">
    <p class='ocr_par' dir='ltr' id='par_1_34' title="bbox 172 2070 1770 2167">
     <span class='ocr_line' id='line_1_34' title="bbox 172 2070 1770 2167; baseline 0.009 -25"><span class='ocrx_word' id='word_1_273' title='bbox 172 2086 346 2143; x_wconf 86' lang='lat' dir='ltr'><strong>titiam</strong></span> <span class='ocrx_word' id='word_1_274' title='bbox 376 2070 494 2145; x_wconf 79' lang='lat' dir='ltr'><strong>bei.</strong></span> <span class='ocrx_word' id='word_1_275' title='bbox 527 2089 687 2148; x_wconf 87' lang='lat' dir='ltr'><strong>Solus</strong></span> <span class='ocrx_word' id='word_1_276' title='bbox 714 2092 859 2147; x_wconf 90' lang='lat' dir='ltr'><strong>enim</strong></span> <span class='ocrx_word' id='word_1_277' title='bbox 888 2070 1151 2165; x_wconf 78' lang='lat' dir='ltr'><strong>sapientia</strong></span> <span class='ocrx_word' id='word_1_278' title='bbox 1198 2070 1515 2153; x_wconf 51' lang='lat' dir='ltr'><strong>instructus</strong></span> <span class='ocrx_word' id='word_1_279' title='bbox 1545 2109 1663 2167; x_wconf 88' lang='lat' dir='ltr'><strong>est,</strong></span> <span class='ocrx_word' id='word_1_280' title='bbox 1713 2110 1770 2158; x_wconf 93' lang='lat' dir='ltr'><strong>ut</strong></span> 
     </span>
    </p>
   </div>
   <div class='ocr_carea' id='block_1_35' title="bbox 170 2179 1771 2265">
    <p class='ocr_par' dir='ltr' id='par_1_35' title="bbox 170 2179 1771 2265">
     <span class='ocr_line' id='line_1_35' title="bbox 170 2179 1771 2265; baseline 0.009 -30"><span class='ocrx_word' id='word_1_281' title='bbox 170 2179 497 2252; x_wconf 84' lang='lat' dir='ltr'><strong>religionem</strong></span> <span class='ocrx_word' id='word_1_282' title='bbox 524 2182 675 2239; x_wconf 89' lang='lat' dir='ltr'><strong>solus</strong></span> <span class='ocrx_word' id='word_1_283' title='bbox 700 2184 981 2257; x_wconf 88' lang='lat' dir='ltr'><strong>intelligat;</strong></span> <span class='ocrx_word' id='word_1_284' title='bbox 1010 2196 1067 2242; x_wconf 88' lang='lat' dir='ltr'><strong>et</strong></span> <span class='ocrx_word' id='word_1_285' title='bbox 1094 2187 1210 2259; x_wconf 62' lang='lat' dir='ltr'><strong>llaec</strong></span> <span class='ocrx_word' id='word_1_286' title='bbox 1236 2197 1320 2244; x_wconf 84' lang='lat' dir='ltr'><strong>est</strong></span> <span class='ocrx_word' id='word_1_287' title='bbox 1346 2189 1580 2248; x_wconf 87' lang='lat' dir='ltr'><strong>hominis</strong></span> <span class='ocrx_word' id='word_1_288' title='bbox 1606 2202 1771 2265; x_wconf 89' lang='lat' dir='ltr'><strong>atque</strong></span> 
     </span>
    </p>
   </div>
   <div class='ocr_carea' id='block_1_36' title="bbox 172 2277 1769 2351">
    <p class='ocr_par' dir='ltr' id='par_1_36' title="bbox 172 2277 1769 2351">
     <span class='ocr_line' id='line_1_36' title="bbox 172 2277 1769 2351; baseline 0.01 -20"><span class='ocrx_word' id='word_1_289' title='bbox 172 2285 467 2343; x_wconf 82' lang='lat' dir='ltr'><strong>mutorum,</strong></span> <span class='ocrx_word' id='word_1_290' title='bbox 498 2277 585 2334; x_wconf 89' lang='lat' dir='ltr'><strong>vel</strong></span> <span class='ocrx_word' id='word_1_291' title='bbox 619 2282 911 2351; x_wconf 82' lang='lat' dir='ltr'><strong>praecipua,</strong></span> <span class='ocrx_word' id='word_1_292' title='bbox 942 2282 1027 2339; x_wconf 89' lang='lat' dir='ltr'><strong>vel</strong></span> <span class='ocrx_word' id='word_1_293' title='bbox 1056 2284 1170 2340; x_wconf 82' lang='lat' dir='ltr'><strong>sola</strong></span> <span class='ocrx_word' id='word_1_294' title='bbox 1198 2284 1474 2343; x_wconf 81' lang='lat' dir='ltr'><strong>distantia.</strong></span> <span class='ocrx_word' id='word_1_295' title='bbox 1505 2288 1636 2345; x_wconf 85' lang='lat' dir='ltr'><strong>Nam</strong></span> <span class='ocrx_word' id='word_1_296' title='bbox 1663 2306 1769 2347; x_wconf 73' lang='lat' dir='ltr'><strong>cm-</strong></span> 
     </span>
    </p>
   </div>
   <div class='ocr_carea' id='block_1_37' title="bbox 176 2374 1764 2452">
    <p class='ocr_par' dir='ltr' id='par_1_37' title="bbox 176 2374 1764 2452">
     <span class='ocr_line' id='line_1_37' title="bbox 176 2374 1764 2452; baseline 0.009 -26"><span class='ocrx_word' id='word_1_297' title='bbox 176 2381 311 2439; x_wconf 89' lang='lat' dir='ltr'><strong>tera,</strong></span> <span class='ocrx_word' id='word_1_298' title='bbox 338 2387 459 2444; x_wconf 72' lang='lat' dir='ltr'><strong>quas</strong></span> <span class='ocrx_word' id='word_1_299' title='bbox 493 2374 750 2433; x_wconf 85' lang='lat' dir='ltr'><strong>videntur</strong></span> <span class='ocrx_word' id='word_1_300' title='bbox 777 2375 1009 2432; x_wconf 87' lang='lat' dir='ltr'><strong>hominis</strong></span> <span class='ocrx_word' id='word_1_301' title='bbox 1043 2393 1167 2436; x_wconf 84' lang='lat' dir='ltr'><strong>esse</strong></span> <span class='ocrx_word' id='word_1_302' title='bbox 1195 2380 1407 2452; x_wconf 82' lang='lat' dir='ltr'><strong>prepria</strong></span> <span class='ocrx_word' id='word_1_303' title='bbox 1432 2424 1447 2450; x_wconf 94' lang='lat'><strong>,</strong></span> <span class='ocrx_word' id='word_1_304' title='bbox 1481 2391 1535 2438; x_wconf 88' lang='lat' dir='ltr'><strong>et</strong></span> <span class='ocrx_word' id='word_1_305' title='bbox 1562 2384 1608 2439; x_wconf 89' lang='lat' dir='ltr'><strong>si</strong></span> <span class='ocrx_word' id='word_1_306' title='bbox 1657 2382 1764 2440; x_wconf 89' lang='lat' dir='ltr'><strong>non</strong></span> 
     </span>
    </p>
   </div>
   <div class='ocr_carea' id='block_1_38' title="bbox 172 2463 1768 2547">
    <p class='ocr_par' dir='ltr' id='par_1_38' title="bbox 172 2463 1768 2547">
     <span class='ocr_line' id='line_1_38' title="bbox 172 2463 1768 2547; baseline 0.009 -26"><span class='ocrx_word' id='word_1_307' title='bbox 172 2463 283 2521; x_wconf 89' lang='lat' dir='ltr'><strong>sint</strong></span> <span class='ocrx_word' id='word_1_308' title='bbox 305 2463 430 2522; x_wconf 89' lang='lat' dir='ltr'><strong>talia</strong></span> <span class='ocrx_word' id='word_1_309' title='bbox 450 2466 506 2527; x_wconf 83' lang='lat' dir='ltr'><strong>in</strong></span> <span class='ocrx_word' id='word_1_310' title='bbox 536 2468 721 2537; x_wconf 87' lang='lat' dir='ltr'><strong>mutis,</strong></span> <span class='ocrx_word' id='word_1_311' title='bbox 753 2477 931 2527; x_wconf 83' lang='lat' dir='ltr'><strong>tamen</strong></span> <span class='ocrx_word' id='word_1_312' title='bbox 957 2471 1152 2529; x_wconf 86' lang='lat' dir='ltr'><strong>similia</strong></span> <span class='ocrx_word' id='word_1_313' title='bbox 1174 2473 1343 2533; x_wconf 83' lang='lat' dir='ltr'><strong>videri</strong></span> <span class='ocrx_word' id='word_1_314' title='bbox 1363 2487 1610 2547; x_wconf 82' lang='lat' dir='ltr'><strong>possunt.</strong></span> <span class='ocrx_word' id='word_1_315' title='bbox 1634 2478 1768 2535; x_wconf 86' lang='lat' dir='ltr'><strong>Pro-</strong></span> 
     </span>
    </p>
   </div>
   <div class='ocr_carea' id='block_1_39' title="bbox 1877 2015 3486 2089">
    <p class='ocr_par' dir='ltr' id='par_1_39' title="bbox 1877 2015 3486 2089">
     <span class='ocr_line' id='line_1_39' title="bbox 1877 2015 3486 2089; baseline -0.003 -16"><span class='ocrx_word' id='word_1_316' title='bbox 1877 2033 1982 2073; x_wconf 92' lang='lat' dir='ltr'><strong>non</strong></span> <span class='ocrx_word' id='word_1_317' title='bbox 2019 2017 2277 2081; x_wconf 87' lang='lat' dir='ltr'><strong>facerent,</strong></span> <span class='ocrx_word' id='word_1_318' title='bbox 2314 2017 2417 2073; x_wconf 89' lang='lat' dir='ltr'><strong>nisi</strong></span> <span class='ocrx_word' id='word_1_319' title='bbox 2450 2017 2655 2073; x_wconf 86' lang='lat' dir='ltr'><strong>inesset</strong></span> <span class='ocrx_word' id='word_1_320' title='bbox 2679 2016 2785 2072; x_wconf 91' lang='lat' dir='ltr'><strong>illis</strong></span> <span class='ocrx_word' id='word_1_321' title='bbox 2813 2016 3166 2089; x_wconf 82' lang='lat' dir='ltr'><strong>intelligentia</strong></span> <span class='ocrx_word' id='word_1_322' title='bbox 3197 2024 3255 2072; x_wconf 89' lang='lat' dir='ltr'><strong>et</strong></span> <span class='ocrx_word' id='word_1_323' title='bbox 3279 2015 3486 2087; x_wconf 86' lang='lat' dir='ltr'><strong>cogita-</strong></span> 
     </span>
    </p>
   </div>
   <div class='ocr_carea' id='block_1_40' title="bbox 1875 2108 2909 2181">
    <p class='ocr_par' dir='ltr' id='par_1_40' title="bbox 1875 2108 2909 2181">
     <span class='ocr_line' id='line_1_40' title="bbox 1875 2108 2909 2181; baseline -0.002 -15"><span class='ocrx_word' id='word_1_324' title='bbox 1875 2110 1972 2166; x_wconf 92' lang='lat' dir='ltr'><strong>tio.</strong></span> <span class='ocrx_word' id='word_1_325' title='bbox 2003 2110 2124 2167; x_wconf 80' lang='lat' dir='ltr'><strong>Alia</strong></span> <span class='ocrx_word' id='word_1_326' title='bbox 2154 2110 2438 2181; x_wconf 90' lang='lat' dir='ltr'><strong>provident</strong></span> <span class='ocrx_word' id='word_1_327' title='bbox 2466 2110 2520 2166; x_wconf 93' lang='lat' dir='ltr'><strong>in</strong></span> <span class='ocrx_word' id='word_1_328' title='bbox 2543 2108 2817 2176; x_wconf 89' lang='lat' dir='ltr'><strong>futurum;</strong></span> <span class='ocrx_word' id='word_1_329' title='bbox 2850 2119 2909 2164; x_wconf 89' lang='lat' dir='ltr'><strong>ut</strong></span> 
     </span>
    </p>
   </div>
   <div class='ocr_carea' id='block_1_41' title="bbox 2366 2263 3287 2329">
    <p class='ocr_par' dir='ltr' id='par_1_41' title="bbox 2366 2263 3287 2329">
     <span class='ocr_line' id='line_1_41' title="bbox 2366 2263 3287 2329; baseline -0.001 -12"><span class='ocrx_word' id='word_1_330' title='bbox 2366 2266 2630 2329; x_wconf 80' lang='lat' dir='ltr'><strong>Ingentem</strong></span> <span class='ocrx_word' id='word_1_331' title='bbox 2655 2263 3037 2317; x_wconf 69' lang='lat' dir='ltr'><strong>ibrmicaa’t‘arris</strong></span> <span class='ocrx_word' id='word_1_332' title='bbox 3055 2279 3287 2318; x_wconf 81' lang='lat' dir='ltr'><strong>acervum</strong></span> 
     </span>
    </p>
   </div>
   <div class='ocr_carea' id='block_1_42' title="bbox 1962 2328 3410 2396">
    <p class='ocr_par' dir='ltr' id='par_1_42' title="bbox 1962 2328 3410 2396">
     <span class='ocr_line' id='line_1_42' title="bbox 1962 2328 3410 2396; baseline -0.001 -15"><span class='ocrx_word' id='word_1_333' title='bbox 1962 2328 2081 2381; x_wconf 85' lang='lat' dir='ltr'><strong>Cum</strong></span> <span class='ocrx_word' id='word_1_334' title='bbox 2105 2330 2359 2396; x_wconf 88' lang='lat' dir='ltr'><strong>p0pulant,</strong></span> <span class='ocrx_word' id='word_1_335' title='bbox 2382 2328 2575 2396; x_wconf 74' lang='lat' dir='ltr'><strong>hyemis</strong></span> <span class='ocrx_word' id='word_1_336' title='bbox 2596 2342 2861 2393; x_wconf 86' lang='lat' dir='ltr'><strong>memores,</strong></span> <span class='ocrx_word' id='word_1_337' title='bbox 2883 2336 3118 2395; x_wconf 87' lang='lat' dir='ltr'><strong>tectoque</strong></span> <span class='ocrx_word' id='word_1_338' title='bbox 3136 2336 3410 2396; x_wconf 86' lang='lat' dir='ltr'><strong>reponunt;</strong></span> 
     </span>
    </p>
   </div>
   <div class='ocr_carea' id='block_1_43' title="bbox 1874 2488 2251 2573">
    <p class='ocr_par' dir='ltr' id='par_1_43' title="bbox 1874 2488 2251 2573">
     <span class='ocr_line' id='line_1_43' title="bbox 1874 2488 2251 2573; baseline 0.005 -37"><span class='ocrx_word' id='word_1_339' title='bbox 1874 2488 1930 2537; x_wconf 92' lang='lat' dir='ltr'><strong>ut</strong></span> <span class='ocrx_word' id='word_1_340' title='bbox 1955 2495 2106 2573; x_wconf 83' lang='lat' dir='ltr'><strong>apes,</strong></span> <span class='ocrx_word' id='word_1_341' title='bbox 2130 2496 2251 2555; x_wconf 67' lang='lat' dir='ltr'><strong>qua:</strong></span> 
     </span>
    </p>
   </div>
   <div class='ocr_carea' id='block_1_44' title="bbox 1520 2619 2153 2683">
    <p class='ocr_par' dir='ltr' id='par_1_44' title="bbox 1520 2619 2153 2683">
     <span class='ocr_line' id='line_1_44' title="bbox 1520 2619 2153 2683; baseline 0.009 -7"><span class='ocrx_word' id='word_1_342' title='bbox 1520 2619 1881 2683; x_wconf 79' lang='lat' dir='ltr'><strong>VARIORUM</strong></span> <span class='ocrx_word' id='word_1_343' title='bbox 1920 2623 2153 2682; x_wconf 61' lang='grc' dir='ltr'><strong>ΝΟΤᾸΕ.</strong></span> 
     </span>
    </p>
   </div>
   <div class='ocr_carea' id='block_1_45' title="bbox 164 2758 1759 2837">
    <p class='ocr_par' dir='ltr' id='par_1_45' title="bbox 164 2758 1759 2837">
     <span class='ocr_line' id='line_1_45' title="bbox 164 2758 1759 2837; baseline 0.007 -24"><span class='ocrx_word' id='word_1_344' title='bbox 164 2758 331 2817; x_wconf 85' lang='lat' dir='ltr'><strong>fuisse</strong></span> <span class='ocrx_word' id='word_1_345' title='bbox 354 2758 544 2837; x_wconf 79' lang='lat' dir='ltr'><strong>refert;</strong></span> <span class='ocrx_word' id='word_1_346' title='bbox 564 2774 758 2837; x_wconf 88' lang='lat' dir='ltr'><strong>nempe</strong></span> <span class='ocrx_word' id='word_1_347' title='bbox 780 2762 1044 2821; x_wconf 89' lang='lat' dir='ltr'><strong>universis</strong></span> <span class='ocrx_word' id='word_1_348' title='bbox 1067 2773 1173 2820; x_wconf 84' lang='lat' dir='ltr'><strong>tam</strong></span> <span class='ocrx_word' id='word_1_349' title='bbox 1194 2765 1457 2837; x_wconf 85' lang='lat' dir='ltr'><strong>majorum</strong></span> <span class='ocrx_word' id='word_1_350' title='bbox 1475 2779 1634 2836; x_wconf 84' lang='lat' dir='ltr'><strong>quam</strong></span> <span class='ocrx_word' id='word_1_351' title='bbox 1656 2766 1759 2823; x_wconf 44' lang='lat' dir='ltr'><strong>mi.</strong></span> 
     </span>
    </p>
   </div>
   <div class='ocr_carea' id='block_1_46' title="bbox 164 2835 1754 2903">
    <p class='ocr_par' dir='ltr' id='par_1_46' title="bbox 164 2835 1754 2903">
     <span class='ocr_line' id='line_1_46' title="bbox 164 2835 1754 2903; baseline 0.005 -18"><span class='ocrx_word' id='word_1_352' title='bbox 164 2846 358 2886; x_wconf 90' lang='lat' dir='ltr'><strong>norum</strong></span> <span class='ocrx_word' id='word_1_353' title='bbox 387 2835 630 2903; x_wconf 88' lang='lat' dir='ltr'><strong>gentium</strong></span> <span class='ocrx_word' id='word_1_354' title='bbox 656 2836 975 2891; x_wconf 89' lang='lat' dir='ltr'><strong>animalibus</strong></span> <span class='ocrx_word' id='word_1_355' title='bbox 1005 2848 1240 2892; x_wconf 90' lang='lat' dir='ltr'><strong>mentem</strong></span> <span class='ocrx_word' id='word_1_356' title='bbox 1270 2835 1390 2893; x_wconf 84' lang='lat' dir='ltr'><strong>esse</strong></span> <span class='ocrx_word' id='word_1_357' title='bbox 1415 2835 1625 2903; x_wconf 85' lang='lat' dir='ltr'><strong>dieeus,</strong></span> <span class='ocrx_word' id='word_1_358' title='bbox 1649 2853 1754 2893; x_wconf 86' lang='lat' dir='ltr'><strong>non</strong></span> 
     </span>
    </p>
   </div>
   <div class='ocr_carea' id='block_1_47' title="bbox 162 2906 1759 2981">
    <p class='ocr_par' dir='ltr' id='par_1_47' title="bbox 162 2906 1759 2981">
     <span class='ocr_line' id='line_1_47' title="bbox 162 2906 1759 2981; baseline 0.006 -23"><span class='ocrx_word' id='word_1_359' title='bbox 162 2913 342 2981; x_wconf 79' lang='lat' dir='ltr'><strong>tamen</strong></span> <span class='ocrx_word' id='word_1_360' title='bbox 370 2919 513 2981; x_wconf 79' lang='lat' dir='ltr'><strong>eam,</strong></span> <span class='ocrx_word' id='word_1_361' title='bbox 542 2907 630 2981; x_wconf 83' lang='lat' dir='ltr'><strong>cui</strong></span> <span class='ocrx_word' id='word_1_362' title='bbox 661 2906 1256 2981; x_wconf 18' lang='lat' dir='ltr'><strong>prudentiaitribuitnr,</strong></span> <span class='ocrx_word' id='word_1_363' title='bbox 1302 2927 1423 2981; x_wconf 59' lang='lat' dir='ltr'><strong>qua:</strong></span> <span class='ocrx_word' id='word_1_364' title='bbox 1454 2925 1521 2964; x_wconf 91' lang='lat' dir='ltr'><strong>ne</strong></span> <span class='ocrx_word' id='word_1_365' title='bbox 1547 2910 1759 2967; x_wconf 86' lang='lat' dir='ltr'><strong>cunctis</strong></span> 
     </span>
    </p>
   </div>
   <div class='ocr_carea' id='block_1_48' title="bbox 159 2976 1758 3045">
    <p class='ocr_par' dir='ltr' id='par_1_48' title="bbox 159 2976 1758 3045">
     <span class='ocr_line' id='line_1_48' title="bbox 159 2976 1758 3045; baseline 0.006 -16"><span class='ocrx_word' id='word_1_366' title='bbox 159 2976 379 3045; x_wconf 84' lang='lat' dir='ltr'><strong>quidem</strong></span> <span class='ocrx_word' id='word_1_367' title='bbox 410 2976 718 3040; x_wconf 88' lang='lat' dir='ltr'><strong>hominibus</strong></span> <span class='ocrx_word' id='word_1_368' title='bbox 752 2978 897 3035; x_wconf 86' lang='lat' dir='ltr'><strong>insit.</strong></span> <span class='ocrx_word' id='word_1_369' title='bbox 927 2980 1054 3035; x_wconf 58' lang='lat' dir='ltr'><strong>Haec</strong></span> <span class='ocrx_word' id='word_1_370' title='bbox 1077 2982 1265 3037; x_wconf 88' lang='lat' dir='ltr'><strong>eadem</strong></span> <span class='ocrx_word' id='word_1_371' title='bbox 1294 2976 1409 3038; x_wconf 80' lang='lat' dir='ltr'><strong>fere</strong></span> <span class='ocrx_word' id='word_1_372' title='bbox 1440 2982 1509 3038; x_wconf 89' lang='lat' dir='ltr'><strong>de</strong></span> <span class='ocrx_word' id='word_1_373' title='bbox 1545 2981 1758 3039; x_wconf 81' lang='lat' dir='ltr'><strong>Anaxa-</strong></span> 
     </span>
    </p>
   </div>
   <div class='ocr_carea' id='block_1_49' title="bbox 160 3041 1683 3125">
    <p class='ocr_par' dir='ltr' id='par_1_49' title="bbox 160 3041 1683 3125">
     <span class='ocr_line' id='line_1_49' title="bbox 160 3041 1683 3125; baseline 0.005 -22"><span class='ocrx_word' id='word_1_374' title='bbox 160 3041 288 3119; x_wconf 75' lang='lat' dir='ltr'><strong>gora</strong></span> <span class='ocrx_word' id='word_1_375' title='bbox 309 3041 640 3105; x_wconf 84' lang='lat' dir='ltr'><strong>Plutarchus</strong></span> <span class='ocrx_word' id='word_1_376' title='bbox 669 3049 724 3106; x_wconf 85' lang='lat' dir='ltr'><strong>in</strong></span> <span class='ocrx_word' id='word_1_377' title='bbox 759 3067 791 3107; x_wconf 92' lang='lat' dir='ltr'><strong>v</strong></span> <span class='ocrx_word' id='word_1_378' title='bbox 820 3051 1169 3122; x_wconf 85' lang='lat' dir='ltr'><strong>Placitorum,</strong></span> <span class='ocrx_word' id='word_1_379' title='bbox 1198 3069 1318 3125; x_wconf 87' lang='lat' dir='ltr'><strong>cap.</strong></span> <span class='ocrx_word' id='word_1_380' title='bbox 1349 3052 1441 3110; x_wconf 72' lang='lat'><strong>20.</strong></span> <span class='ocrx_word' id='word_1_381' title='bbox 1478 3053 1683 3110; x_wconf 78' lang='lat' dir='ltr'><strong>BETUL.</strong></span> 
     </span>
    </p>
   </div>
   <div class='ocr_carea' id='block_1_50' title="bbox 229 3138 1755 3214">
    <p class='ocr_par' dir='ltr' id='par_1_50' title="bbox 229 3138 1755 3214">
     <span class='ocr_line' id='line_1_50' title="bbox 229 3138 1755 3214; baseline 0.003 -19"><span class='ocrx_word' id='word_1_382' title='bbox 229 3138 544 3214; x_wconf 70' lang='lat' dir='ltr'><strong>Carequaoit.</strong></span> <span class='ocrx_word' id='word_1_383' title='bbox 575 3140 664 3198; x_wconf 89' lang='lat' dir='ltr'><strong>Sic</strong></span> <span class='ocrx_word' id='word_1_384' title='bbox 687 3145 901 3214; x_wconf 86' lang='lat' dir='ltr'><strong>reposui</strong></span> <span class='ocrx_word' id='word_1_385' title='bbox 927 3160 995 3201; x_wconf 78' lang='lat' dir='ltr'><strong>ex</strong></span> <span class='ocrx_word' id='word_1_386' title='bbox 1035 3160 1166 3201; x_wconf 84' lang='lat' dir='ltr'><strong>mss.</strong></span> <span class='ocrx_word' id='word_1_387' title='bbox 1200 3156 1254 3201; x_wconf 91' lang='lat' dir='ltr'><strong>et</strong></span> <span class='ocrx_word' id='word_1_388' title='bbox 1279 3146 1408 3201; x_wconf 85' lang='lat' dir='ltr'><strong>edit.</strong></span> <span class='ocrx_word' id='word_1_389' title='bbox 1429 3157 1537 3202; x_wconf 90' lang='lat' dir='ltr'><strong>vet.</strong></span> <span class='ocrx_word' id='word_1_390' title='bbox 1568 3146 1755 3212; x_wconf 83' lang='lat' dir='ltr'><strong>Rom.,</strong></span> 
     </span>
    </p>
   </div>
   <div class='ocr_carea' id='block_1_51' title="bbox 160 3211 1762 3289">
    <p class='ocr_par' dir='ltr' id='par_1_51' title="bbox 160 3211 1762 3289">
     <span class='ocr_line' id='line_1_51' title="bbox 160 3211 1762 3289; baseline 0.005 -23"><span class='ocrx_word' id='word_1_391' title='bbox 160 3211 436 3277; x_wconf 81' lang='lat' dir='ltr'><strong>Florent.,</strong></span> <span class='ocrx_word' id='word_1_392' title='bbox 465 3213 638 3289; x_wconf 70' lang='lat' dir='ltr'><strong>,Iunt.,</strong></span> <span class='ocrx_word' id='word_1_393' title='bbox 666 3211 1010 3289; x_wconf 10' lang='lat' dir='ltr'><strong>ls.,ri3ellar..</strong></span> <span class='ocrx_word' id='word_1_394' title='bbox 1046 3218 1236 3289; x_wconf 69' lang='lat' dir='ltr'><strong>Gmteri</strong></span> <span class='ocrx_word' id='word_1_395' title='bbox 1276 3219 1519 3289; x_wconf 81' lang='lat' dir='ltr'><strong>impressi</strong></span> <span class='ocrx_word' id='word_1_396' title='bbox 1560 3211 1762 3274; x_wconf 82' lang='lat' dir='ltr'><strong>habent</strong></span> 
     </span>
    </p>
   </div>
   <div class='ocr_carea' id='block_1_52' title="bbox 159 3287 1756 3359">
    <p class='ocr_par' dir='ltr' id='par_1_52' title="bbox 159 3287 1756 3359">
     <span class='ocr_line' id='line_1_52' title="bbox 159 3287 1756 3359; baseline 0.004 -22"><span class='ocrx_word' id='word_1_397' title='bbox 159 3287 590 3359; x_wconf 48' lang='lat' dir='ltr'><strong>cogqtsaverilgct</strong></span> <span class='ocrx_word' id='word_1_398' title='bbox 614 3302 710 3359; x_wconf 82' lang='lat' dir='ltr'><strong>pro</strong></span> <span class='ocrx_word' id='word_1_399' title='bbox 728 3288 924 3359; x_wconf 76' lang='lat' dir='ltr'><strong>similes</strong></span> <span class='ocrx_word' id='word_1_400' title='bbox 950 3304 1078 3341; x_wconf 74' lang='lat' dir='ltr'><strong>inss.</strong></span> <span class='ocrx_word' id='word_1_401' title='bbox 1102 3288 1139 3343; x_wconf 72' lang='lat'><strong>2</strong></span> <span class='ocrx_word' id='word_1_402' title='bbox 1154 3287 1365 3345; x_wconf 61' lang='lat' dir='ltr'><strong>Bonon.</strong></span> <span class='ocrx_word' id='word_1_403' title='bbox 1374 3290 1433 3357; x_wconf 79' lang='grc'><strong>,1</strong></span> <span class='ocrx_word' id='word_1_404' title='bbox 1456 3289 1587 3359; x_wconf 86' lang='lat' dir='ltr'><strong>Reg.</strong></span> <span class='ocrx_word' id='word_1_405' title='bbox 1620 3305 1756 3357; x_wconf 88' lang='lat' dir='ltr'><strong>rec.,</strong></span> 
     </span>
    </p>
   </div>
   <div class='ocr_carea' id='block_1_53' title="bbox 157 3354 1171 3423">
    <p class='ocr_par' dir='ltr' id='par_1_53' title="bbox 157 3354 1171 3423">
     <span class='ocr_line' id='line_1_53' title="bbox 157 3354 1171 3423; baseline 0.002 -13"><span class='ocrx_word' id='word_1_406' title='bbox 157 3356 192 3409; x_wconf 78' lang='grc'>2</span> <span class='ocrx_word' id='word_1_407' title='bbox 212 3354 375 3411; x_wconf 84' lang='lat' dir='ltr'><strong>Colb.</strong></span> <span class='ocrx_word' id='word_1_408' title='bbox 407 3368 463 3413; x_wconf 85' lang='lat' dir='ltr'><strong>et</strong></span> <span class='ocrx_word' id='word_1_409' title='bbox 491 3354 626 3411; x_wconf 63' lang='lat' dir='ltr'><strong>Tax.</strong></span> <span class='ocrx_word' id='word_1_410' title='bbox 641 3354 871 3423; x_wconf 87' lang='lat' dir='ltr'><strong>habent,</strong></span> <span class='ocrx_word' id='word_1_411' title='bbox 900 3359 1171 3414; x_wconf 76' lang='lat' dir='ltr'><strong>simillimi.</strong></span> 
     </span>
    </p>
   </div>
   <div class='ocr_carea' id='block_1_54' title="bbox 230 3426 1755 3503">
    <p class='ocr_par' dir='ltr' id='par_1_54' title="bbox 230 3426 1755 3503">
     <span class='ocr_line' id='line_1_54' title="bbox 230 3426 1755 3503; baseline 0.005 -21"><span class='ocrx_word' id='word_1_412' title='bbox 230 3426 512 3503; x_wconf 61' lang='lat' dir='ltr'><strong>(Equam.</strong></span> <span class='ocrx_word' id='word_1_413' title='bbox 541 3428 865 3503; x_wconf 76' lang='lat' dir='ltr'><strong>Expuugunt</strong></span> <span class='ocrx_word' id='word_1_414' title='bbox 884 3448 974 3485; x_wconf 84' lang='lat' dir='ltr'><strong>nos</strong></span> <span class='ocrx_word' id='word_1_415' title='bbox 1000 3432 1241 3503; x_wconf 82' lang='lat' dir='ltr'><strong>plerique</strong></span> <span class='ocrx_word' id='word_1_416' title='bbox 1254 3447 1380 3486; x_wconf 75' lang='lat' dir='ltr'><strong>mss.</strong></span> <span class='ocrx_word' id='word_1_417' title='bbox 1400 3446 1629 3503; x_wconf 84' lang='lat' dir='ltr'><strong>quorum</strong></span> <span class='ocrx_word' id='word_1_418' title='bbox 1640 3448 1755 3499; x_wconf 81' lang='lat' dir='ltr'><strong>sex,</strong></span> 
     </span>
    </p>
   </div>
   <div class='ocr_carea' id='block_1_55' title="bbox 158 3498 1753 3572">
    <p class='ocr_par' dir='ltr' id='par_1_55' title="bbox 158 3498 1753 3572">
     <span class='ocr_line' id='line_1_55' title="bbox 158 3498 1753 3572; baseline 0.003 -17"><span class='ocrx_word' id='word_1_419' title='bbox 158 3498 368 3572; x_wconf 64' lang='lat' dir='ltr'><strong>scilicet.</strong></span> <span class='ocrx_word' id='word_1_420' title='bbox 396 3498 790 3570; x_wconf 51' lang='lat' dir='ltr'><strong>Regio-PaL]!</strong></span> <span class='ocrx_word' id='word_1_421' title='bbox 819 3502 888 3556; x_wconf 81' lang='lat' dir='ltr'><strong>al.</strong></span> <span class='ocrx_word' id='word_1_422' title='bbox 921 3498 1083 3572; x_wconf 57' lang='lat'><strong>“63.,</strong></span> <span class='ocrx_word' id='word_1_423' title='bbox 1103 3498 1463 3569; x_wconf 39' lang='lat' dir='ltr'><strong>2Colbert.,—l</strong></span> <span class='ocrx_word' id='word_1_424' title='bbox 1486 3498 1753 3571; x_wconf 63' lang='lat' dir='ltr'><strong>Cianum,</strong></span> 
     </span>
    </p>
   </div>
   <div class='ocr_carea' id='block_1_56' title="bbox 157 3570 1759 3645">
    <p class='ocr_par' dir='ltr' id='par_1_56' title="bbox 157 3570 1759 3645">
     <span class='ocr_line' id='line_1_56' title="bbox 157 3570 1759 3645; baseline 0.005 -20"><span class='ocrx_word' id='word_1_425' title='bbox 157 3570 382 3645; x_wconf 69' lang='lat' dir='ltr'><strong>RBrun.</strong></span> <span class='ocrx_word' id='word_1_426' title='bbox 418 3572 634 3645; x_wconf 81' lang='lat' dir='ltr'><strong>habent,</strong></span> <span class='ocrx_word' id='word_1_427' title='bbox 667 3575 770 3627; x_wconf 81' lang='lat' dir='ltr'><strong>oris</strong></span> <span class='ocrx_word' id='word_1_428' title='bbox 797 3573 965 3645; x_wconf 76' lang='lat' dir='ltr'><strong>ﬁgura</strong></span> <span class='ocrx_word' id='word_1_429' title='bbox 1008 3570 1240 3629; x_wconf 66' lang='lat' dir='ltr'><strong>declarat</strong></span> <span class='ocrx_word' id='word_1_430' title='bbox 1267 3616 1281 3641; x_wconf 97' lang='lat'><strong>,</strong></span> <span class='ocrx_word' id='word_1_431' title='bbox 1329 3594 1433 3631; x_wconf 87' lang='lat' dir='ltr'><strong>non</strong></span> <span class='ocrx_word' id='word_1_432' title='bbox 1484 3591 1590 3631; x_wconf 82' lang='lat' dir='ltr'><strong>esse</strong></span> <span class='ocrx_word' id='word_1_433' title='bbox 1641 3570 1759 3633; x_wconf 69' lang='lat' dir='ltr'><strong>cum</strong></span> 
     </span>
    </p>
   </div>
   <div class='ocr_carea' id='block_1_57' title="bbox 157 3643 871 3715">
    <p class='ocr_par' dir='ltr' id='par_1_57' title="bbox 157 3643 871 3715">
     <span class='ocr_line' id='line_1_57' title="bbox 157 3643 871 3715; baseline 0.004 -18"><span class='ocrx_word' id='word_1_434' title='bbox 157 3643 310 3715; x_wconf 72' lang='lat' dir='ltr'><strong>mntis</strong></span> <span class='ocrx_word' id='word_1_435' title='bbox 332 3644 619 3715; x_wconf 74' lang='lat' dir='ltr'><strong>pecudibus</strong></span> <span class='ocrx_word' id='word_1_436' title='bbox 639 3643 871 3715; x_wconf 64' lang='lat' dir='ltr'><strong>a&#39;qaalis.</strong></span> 
     </span>
    </p>
   </div>
   <div class='ocr_carea' id='block_1_58' title="bbox 235 3713 1751 3787">
    <p class='ocr_par' dir='ltr' id='par_1_58' title="bbox 235 3713 1751 3787">
     <span class='ocr_line' id='line_1_58' title="bbox 235 3713 1751 3787; baseline 0.006 -18"><span class='ocrx_word' id='word_1_437' title='bbox 235 3713 426 3770; x_wconf 64' lang='lat' dir='ltr'><strong>liabet.</strong></span> <span class='ocrx_word' id='word_1_438' title='bbox 456 3715 583 3771; x_wconf 67' lang='lat' dir='ltr'><strong>Mss.</strong></span> <span class='ocrx_word' id='word_1_439' title='bbox 614 3719 647 3771; x_wconf 68' lang='grc'><strong>4</strong></span> <span class='ocrx_word' id='word_1_440' title='bbox 683 3713 794 3772; x_wconf 84' lang='lat' dir='ltr'><strong>rce.</strong></span> <span class='ocrx_word' id='word_1_441' title='bbox 815 3761 829 3784; x_wconf 93' lang='lat'><strong>,</strong></span> <span class='ocrx_word' id='word_1_442' title='bbox 874 3718 1092 3774; x_wconf 68' lang='lat' dir='ltr'><strong>habet...</strong></span> <span class='ocrx_word' id='word_1_443' title='bbox 1128 3718 1405 3775; x_wconf 69' lang='lat' dir='ltr'><strong>intueatur.</strong></span> <span class='ocrx_word' id='word_1_444' title='bbox 1451 3718 1709 3777; x_wconf 86' lang='lat' dir='ltr'><strong>Francius</strong></span> <span class='ocrx_word' id='word_1_445' title='bbox 1736 3765 1751 3787; x_wconf 92' lang='lat'><strong>,</strong></span> 
     </span>
    </p>
   </div>
   <div class='ocr_carea' id='block_1_59' title="bbox 157 3786 1015 3858">
    <p class='ocr_par' dir='ltr' id='par_1_59' title="bbox 157 3786 1015 3858">
     <span class='ocr_line' id='line_1_59' title="bbox 157 3786 1015 3858; baseline 0.003 -18"><span class='ocrx_word' id='word_1_446' title='bbox 157 3786 291 3858; x_wconf 80' lang='lat' dir='ltr'><strong>lorte</strong></span> <span class='ocrx_word' id='word_1_447' title='bbox 323 3790 432 3858; x_wconf 82' lang='lat' dir='ltr'><strong>leg.</strong></span> <span class='ocrx_word' id='word_1_448' title='bbox 461 3788 712 3842; x_wconf 81' lang='lat' dir='ltr'><strong>habent...</strong></span> <span class='ocrx_word' id='word_1_449' title='bbox 736 3791 1015 3845; x_wconf 82' lang='lat' dir='ltr'><strong>intuentur.</strong></span> 
     </span>
    </p>
   </div>
   <div class='ocr_carea' id='block_1_60' title="bbox 230 3852 1746 3936">
    <p class='ocr_par' dir='ltr' id='par_1_60' title="bbox 230 3852 1746 3936">
     <span class='ocr_line' id='line_1_60' title="bbox 230 3852 1746 3936; baseline 0.004 -22"><span class='ocrx_word' id='word_1_450' title='bbox 230 3852 406 3936; x_wconf 56' lang='lat' dir='ltr'><strong>{lauto</strong></span> <span class='ocrx_word' id='word_1_451' title='bbox 426 3870 594 3936; x_wconf 72' lang='lat' dir='ltr'><strong>autem</strong></span> <span class='ocrx_word' id='word_1_452' title='bbox 613 3872 747 3936; x_wconf 60' lang='lat' dir='ltr'><strong>recte</strong></span> <span class='ocrx_word' id='word_1_453' title='bbox 759 3872 911 3915; x_wconf 80' lang='lat' dir='ltr'><strong>stam.</strong></span> <span class='ocrx_word' id='word_1_454' title='bbox 932 3861 1239 3936; x_wconf 80' lang='lat' dir='ltr'><strong>Lactantius</strong></span> <span class='ocrx_word' id='word_1_455' title='bbox 1256 3876 1413 3933; x_wconf 83' lang='lat' dir='ltr'><strong>supra</strong></span> <span class='ocrx_word' id='word_1_456' title='bbox 1435 3864 1526 3921; x_wconf 90' lang='lat' dir='ltr'><strong>lib.</strong></span> <span class='ocrx_word' id='word_1_457' title='bbox 1542 3867 1613 3920; x_wconf 79' lang='lat' dir='ltr'><strong>vti</strong></span> <span class='ocrx_word' id='word_1_458' title='bbox 1630 3881 1746 3936; x_wconf 79' lang='lat' dir='ltr'><strong>cap.</strong></span> 
     </span>
    </p>
   </div>
   <div class='ocr_carea' id='block_1_61' title="bbox 157 3929 1753 4004">
    <p class='ocr_par' dir='ltr' id='par_1_61' title="bbox 157 3929 1753 4004">
     <span class='ocr_line' id='line_1_61' title="bbox 157 3929 1753 4004; baseline 0.004 -19"><span class='ocrx_word' id='word_1_459' title='bbox 157 3931 190 3985; x_wconf 89' lang='lat'><strong>9</strong></span> <span class='ocrx_word' id='word_1_460' title='bbox 216 3929 397 3985; x_wconf 83' lang='lat' dir='ltr'><strong>Divin.</strong></span> <span class='ocrx_word' id='word_1_461' title='bbox 426 3931 632 3987; x_wconf 84' lang='lat' dir='ltr'><strong>lnstit.:</strong></span> <span class='ocrx_word' id='word_1_462' title='bbox 661 3932 818 4004; x_wconf 78' lang='lat' dir='ltr'><strong>Cujus</strong></span> <span class='ocrx_word' id='word_1_463' title='bbox 844 3949 1031 4003; x_wconf 82' lang='lat' dir='ltr'><strong>corpus</strong></span> <span class='ocrx_word' id='word_1_464' title='bbox 1056 3934 1118 3988; x_wconf 82' lang='lat' dir='ltr'><strong>ab</strong></span> <span class='ocrx_word' id='word_1_465' title='bbox 1145 3934 1300 3989; x_wconf 83' lang='lat' dir='ltr'><strong>humo</strong></span> <span class='ocrx_word' id='word_1_466' title='bbox 1322 3929 1615 3999; x_wconf 70' lang='lat' dir='ltr'><strong>excitatum,</strong></span> <span class='ocrx_word' id='word_1_467' title='bbox 1641 3929 1753 3991; x_wconf 62' lang='lat' dir='ltr'><strong>val-</strong></span> 
     </span>
    </p>
   </div>
   <div class='ocr_carea' id='block_1_62' title="bbox 159 4005 1750 4078">
    <p class='ocr_par' dir='ltr' id='par_1_62' title="bbox 159 4005 1750 4078">
     <span class='ocr_line' id='line_1_62' title="bbox 159 4005 1750 4078; baseline 0.007 -24"><span class='ocrx_word' id='word_1_468' title='bbox 159 4013 235 4067; x_wconf 64' lang='lat' dir='ltr'><strong>tus</strong></span> <span class='ocrx_word' id='word_1_469' title='bbox 261 4005 521 4078; x_wconf 65' lang='lat' dir='ltr'><strong>sublimis,</strong></span> <span class='ocrx_word' id='word_1_470' title='bbox 545 4012 706 4078; x_wconf 78' lang='lat' dir='ltr'><strong>status</strong></span> <span class='ocrx_word' id='word_1_471' title='bbox 729 4016 891 4059; x_wconf 81' lang='lat' dir='ltr'><strong>rectus</strong></span> <span class='ocrx_word' id='word_1_472' title='bbox 917 4007 1178 4078; x_wconf 66' lang='lat' dir='ltr'><strong>originem</strong></span> <span class='ocrx_word' id='word_1_473' title='bbox 1193 4018 1342 4061; x_wconf 86' lang='lat' dir='ltr'><strong>suam</strong></span> <span class='ocrx_word' id='word_1_474' title='bbox 1372 4012 1583 4077; x_wconf 65' lang='lat' dir='ltr'><strong>quaerit.</strong></span> <span class='ocrx_word' id='word_1_475' title='bbox 1598 4010 1750 4078; x_wconf 79' lang='lat' dir='ltr'><strong>Quod</strong></span> 
     </span>
    </p>
   </div>
   <div class='ocr_carea' id='block_1_63' title="bbox 156 4076 1751 4159">
    <p class='ocr_par' dir='ltr' id='par_1_63' title="bbox 156 4076 1751 4159">
     <span class='ocr_line' id='line_1_63' title="bbox 156 4076 1751 4159; baseline 0.003 -28"><span class='ocrx_word' id='word_1_476' title='bbox 156 4083 332 4159; x_wconf 77' lang='lat' dir='ltr'><strong>autem</strong></span> <span class='ocrx_word' id='word_1_477' title='bbox 370 4076 529 4159; x_wconf 64' lang='lat' dir='ltr'><strong>dicit,</strong></span> <span class='ocrx_word' id='word_1_478' title='bbox 562 4076 768 4159; x_wconf 39' lang='lat' dir='ltr'><strong>(ian/tari</strong></span> <span class='ocrx_word' id='word_1_479' title='bbox 798 4094 915 4159; x_wconf 64' lang='lat' dir='ltr'><strong>cum</strong></span> <span class='ocrx_word' id='word_1_480' title='bbox 945 4076 1055 4131; x_wconf 74' lang='lat' dir='ltr'><strong>Deo</strong></span> <span class='ocrx_word' id='word_1_481' title='bbox 1074 4078 1303 4159; x_wconf 71' lang='lat' dir='ltr'><strong>vultum,</strong></span> <span class='ocrx_word' id='word_1_482' title='bbox 1349 4076 1585 4159; x_wconf 79' lang='lat' dir='ltr'><strong>intellige</strong></span> <span class='ocrx_word' id='word_1_483' title='bbox 1624 4076 1751 4136; x_wconf 78' lang='lat' dir='ltr'><strong>cum</strong></span> 
     </span>
    </p>
   </div>
   <div class='ocr_carea' id='block_1_64' title="bbox 157 4149 1749 4220">
    <p class='ocr_par' dir='ltr' id='par_1_64' title="bbox 157 4149 1749 4220">
     <span class='ocr_line' id='line_1_64' title="bbox 157 4149 1749 4220; baseline 0.001 -14"><span class='ocrx_word' id='word_1_484' title='bbox 157 4150 450 4207; x_wconf 82' lang='lat' dir='ltr'><strong>meditatur</strong></span> <span class='ocrx_word' id='word_1_485' title='bbox 472 4152 537 4207; x_wconf 91' lang='lat' dir='ltr'><strong>dc</strong></span> <span class='ocrx_word' id='word_1_486' title='bbox 561 4149 936 4219; x_wconf 80' lang='lat' dir='ltr'><strong>similitudine,</strong></span> <span class='ocrx_word' id='word_1_487' title='bbox 959 4164 1083 4220; x_wconf 64' lang='lat' dir='ltr'><strong>qua:</strong></span> <span class='ocrx_word' id='word_1_488' title='bbox 1121 4150 1171 4205; x_wconf 90' lang='lat' dir='ltr'><strong>ci</strong></span> <span class='ocrx_word' id='word_1_489' title='bbox 1193 4153 1499 4206; x_wconf 83' lang='lat' dir='ltr'><strong>communis</strong></span> <span class='ocrx_word' id='word_1_490' title='bbox 1529 4149 1749 4208; x_wconf 84' lang='lat' dir='ltr'><strong>estcum</strong></span> 
     </span>
    </p>
   </div>
   <div class='ocr_carea' id='block_1_65' title="bbox 158 4220 715 4287">
    <p class='ocr_par' dir='ltr' id='par_1_65' title="bbox 158 4220 715 4287">
     <span class='ocr_line' id='line_1_65' title="bbox 158 4220 715 4287; baseline -0.005 -7"><span class='ocrx_word' id='word_1_491' title='bbox 158 4224 287 4287; x_wconf 85' lang='lat' dir='ltr'><strong>Deo,</strong></span> <span class='ocrx_word' id='word_1_492' title='bbox 311 4227 388 4279; x_wconf 87' lang='lat' dir='ltr'><strong>ait</strong></span> <span class='ocrx_word' id='word_1_493' title='bbox 417 4220 715 4279; x_wconf 80' lang='lat' dir='ltr'><strong>Walchius.</strong></span> 
     </span>
    </p>
   </div>
   <div class='ocr_carea' id='block_1_66' title="bbox 228 4292 1753 4351">
    <p class='ocr_par' dir='ltr' id='par_1_66' title="bbox 228 4292 1753 4351">
     <span class='ocr_line' id='line_1_66' title="bbox 228 4292 1753 4351; baseline 0 -1"><span class='ocrx_word' id='word_1_494' title='bbox 228 4292 444 4351; x_wconf 69' lang='lat' dir='ltr'><strong>Confert</strong></span> <span class='ocrx_word' id='word_1_495' title='bbox 468 4312 585 4351; x_wconf 79' lang='lat' dir='ltr'><strong>cum</strong></span> <span class='ocrx_word' id='word_1_496' title='bbox 610 4293 722 4350; x_wconf 80' lang='lat' dir='ltr'><strong>Deo</strong></span> <span class='ocrx_word' id='word_1_497' title='bbox 756 4294 1225 4351; x_wconf 82' lang='lat' dir='ltr'><strong>vnltum.Walchii</strong></span> <span class='ocrx_word' id='word_1_498' title='bbox 1247 4294 1556 4350; x_wconf 75' lang='lat' dir='ltr'><strong>emendatio</strong></span> <span class='ocrx_word' id='word_1_499' title='bbox 1581 4313 1593 4347; x_wconf 75' lang='grc' dir='ltr'>ί</span> <span class='ocrx_word' id='word_1_500' title='bbox 1618 4293 1753 4350; x_wconf 81' lang='lat' dir='ltr'><strong>Con-</strong></span> 
     </span>
    </p>
   </div>
   <div class='ocr_carea' id='block_1_67' title="bbox 158 4364 1746 4439">
    <p class='ocr_par' dir='ltr' id='par_1_67' title="bbox 158 4364 1746 4439">
     <span class='ocr_line' id='line_1_67' title="bbox 158 4364 1746 4439; baseline -0.001 -17"><span class='ocrx_word' id='word_1_501' title='bbox 158 4367 252 4439; x_wconf 84' lang='lat' dir='ltr'><strong>fert</strong></span> <span class='ocrx_word' id='word_1_502' title='bbox 277 4364 349 4422; x_wconf 88' lang='lat' dir='ltr'><strong>ad</strong></span> <span class='ocrx_word' id='word_1_503' title='bbox 378 4369 541 4423; x_wconf 86' lang='lat' dir='ltr'><strong>Deum</strong></span> <span class='ocrx_word' id='word_1_504' title='bbox 571 4370 761 4439; x_wconf 65' lang='lat' dir='ltr'><strong>vultum</strong></span> <span class='ocrx_word' id='word_1_505' title='bbox 782 4412 796 4432; x_wconf 85' lang='lat'><strong>,</strong></span> <span class='ocrx_word' id='word_1_506' title='bbox 829 4381 933 4421; x_wconf 90' lang='lat' dir='ltr'><strong>non</strong></span> <span class='ocrx_word' id='word_1_507' title='bbox 979 4364 1314 4439; x_wconf 84' lang='lat' dir='ltr'><strong>admittenda</strong></span> <span class='ocrx_word' id='word_1_508' title='bbox 1348 4368 1401 4420; x_wconf 89' lang='lat' dir='ltr'><strong>in</strong></span> <span class='ocrx_word' id='word_1_509' title='bbox 1430 4366 1746 4439; x_wconf 59' lang='lat' dir='ltr'><strong>locosano,</strong></span> 
     </span>
    </p>
   </div>
   <div class='ocr_carea' id='block_1_68' title="bbox 158 4437 1747 4507">
    <p class='ocr_par' dir='ltr' id='par_1_68' title="bbox 158 4437 1747 4507">
     <span class='ocr_line' id='line_1_68' title="bbox 158 4437 1747 4507; baseline -0.001 -15"><span class='ocrx_word' id='word_1_510' title='bbox 158 4437 387 4497; x_wconf 78' lang='lat' dir='ltr'><strong>maxime</strong></span> <span class='ocrx_word' id='word_1_511' title='bbox 415 4454 537 4495; x_wconf 91' lang='lat' dir='ltr'><strong>cum</strong></span> <span class='ocrx_word' id='word_1_512' title='bbox 567 4438 880 4495; x_wconf 81' lang='lat' dir='ltr'><strong>Lactantius</strong></span> <span class='ocrx_word' id='word_1_513' title='bbox 900 4439 1087 4494; x_wconf 87' lang='lat' dir='ltr'><strong>eadem</strong></span> <span class='ocrx_word' id='word_1_514' title='bbox 1110 4438 1289 4507; x_wconf 85' lang='lat' dir='ltr'><strong>phrasi</strong></span> <span class='ocrx_word' id='word_1_515' title='bbox 1315 4452 1443 4497; x_wconf 80' lang='lat' dir='ltr'><strong>usus</strong></span> <span class='ocrx_word' id='word_1_516' title='bbox 1462 4439 1534 4492; x_wconf 85' lang='lat' dir='ltr'><strong>sit</strong></span> <span class='ocrx_word' id='word_1_517' title='bbox 1558 4437 1658 4494; x_wconf 77' lang='lat' dir='ltr'><strong>lib.</strong></span> <span class='ocrx_word' id='word_1_518' title='bbox 1689 4453 1747 4502; x_wconf 81' lang='grc' dir='ltr'><strong>η,</strong></span> 
     </span>
    </p>
   </div>
   <div class='ocr_carea' id='block_1_69' title="bbox 156 4510 1753 4582">
    <p class='ocr_par' dir='ltr' id='par_1_69' title="bbox 156 4510 1753 4582">
     <span class='ocr_line' id='line_1_69' title="bbox 156 4510 1753 4582; baseline -0.003 -15"><span class='ocrx_word' id='word_1_519' title='bbox 156 4525 272 4582; x_wconf 85' lang='lat' dir='ltr'><strong>cap.</strong></span> <span class='ocrx_word' id='word_1_520' title='bbox 299 4513 335 4567; x_wconf 71' lang='lat'><strong>2</strong></span> <span class='ocrx_word' id='word_1_521' title='bbox 364 4532 376 4567; x_wconf 84' lang='lat'><strong>:</strong></span> <span class='ocrx_word' id='word_1_522' title='bbox 412 4512 611 4581; x_wconf 79' lang='lat' dir='ltr'><strong>Corpus</strong></span> <span class='ocrx_word' id='word_1_523' title='bbox 636 4512 826 4566; x_wconf 80' lang='lat' dir='ltr'><strong>idcirco</strong></span> <span class='ocrx_word' id='word_1_524' title='bbox 855 4521 1047 4565; x_wconf 77' lang='lat' dir='ltr'><strong>rectum</strong></span> <span class='ocrx_word' id='word_1_525' title='bbox 1069 4510 1327 4580; x_wconf 78' lang='lat' dir='ltr'><strong>accepisti,</strong></span> <span class='ocrx_word' id='word_1_526' title='bbox 1359 4526 1459 4580; x_wconf 81' lang='lat' dir='ltr'><strong>quo</strong></span> <span class='ocrx_word' id='word_1_527' title='bbox 1480 4510 1653 4563; x_wconf 80' lang='lat' dir='ltr'><strong>oculos</strong></span> <span class='ocrx_word' id='word_1_528' title='bbox 1673 4518 1753 4564; x_wconf 84' lang='lat' dir='ltr'><strong>at-</strong></span> 
     </span>
    </p>
   </div>
   <div class='ocr_carea' id='block_1_70' title="bbox 1859 2763 3476 2836">
    <p class='ocr_par' dir='ltr' id='par_1_70' title="bbox 1859 2763 3476 2836">
     <span class='ocr_line' id='line_1_70' title="bbox 1859 2763 3476 2836; baseline -0.001 -14"><span class='ocrx_word' id='word_1_529' title='bbox 1859 2780 1983 2822; x_wconf 86' lang='lat' dir='ltr'><strong>esse</strong></span> <span class='ocrx_word' id='word_1_530' title='bbox 2002 2765 2265 2836; x_wconf 65' lang='lat' dir='ltr'><strong>praeclare</strong></span> <span class='ocrx_word' id='word_1_531' title='bbox 2285 2764 2649 2832; x_wconf 86' lang='lat' dir='ltr'><strong>demonstrat;</strong></span> <span class='ocrx_word' id='word_1_532' title='bbox 2669 2764 2808 2823; x_wconf 89' lang='lat' dir='ltr'><strong>sicut</strong></span> <span class='ocrx_word' id='word_1_533' title='bbox 2833 2773 2886 2820; x_wconf 90' lang='lat' dir='ltr'><strong>et</strong></span> <span class='ocrx_word' id='word_1_534' title='bbox 2903 2765 2965 2819; x_wconf 89' lang='grc' dir='ltr'><strong>Β.</strong></span> <span class='ocrx_word' id='word_1_535' title='bbox 2991 2763 3242 2836; x_wconf 81' lang='lat' dir='ltr'><strong>Ambros.</strong></span> <span class='ocrx_word' id='word_1_536' title='bbox 3277 2763 3371 2820; x_wconf 92' lang='lat' dir='ltr'><strong>lib.</strong></span> <span class='ocrx_word' id='word_1_537' title='bbox 3399 2780 3476 2822; x_wconf 81' lang='lat' dir='ltr'><strong>vi.</strong></span> 
     </span>
    </p>
   </div>
   <div class='ocr_carea' id='block_1_71' title="bbox 1861 2835 3479 2907">
    <p class='ocr_par' dir='ltr' id='par_1_71' title="bbox 1861 2835 3479 2907">
     <span class='ocr_line' id='line_1_71' title="bbox 1861 2835 3479 2907; baseline -0.001 -14"><span class='ocrx_word' id='word_1_538' title='bbox 1861 2835 2091 2893; x_wconf 77' lang='lat' dir='ltr'><strong>ﬂexam.</strong></span> <span class='ocrx_word' id='word_1_539' title='bbox 2124 2852 2244 2907; x_wconf 91' lang='lat' dir='ltr'><strong>cap.</strong></span> <span class='ocrx_word' id='word_1_540' title='bbox 2277 2836 2311 2890; x_wconf 74' lang='grc'>4</span> <span class='ocrx_word' id='word_1_541' title='bbox 2345 2852 2439 2907; x_wconf 89' lang='lat' dir='ltr'><strong>per</strong></span> <span class='ocrx_word' id='word_1_542' title='bbox 2489 2837 2825 2893; x_wconf 71' lang='grc' dir='ltr'><strong>ὑποτύπωσιν</strong></span> <span class='ocrx_word' id='word_1_543' title='bbox 2874 2835 3194 2903; x_wconf 86' lang='lat' dir='ltr'><strong>quamdam,</strong></span> <span class='ocrx_word' id='word_1_544' title='bbox 3228 2838 3479 2904; x_wconf 90' lang='lat' dir='ltr'><strong>proponit</strong></span> 
     </span>
    </p>
   </div>
   <div class='ocr_carea' id='block_1_72' title="bbox 1864 2908 3470 2982">
    <p class='ocr_par' dir='ltr' id='par_1_72' title="bbox 1864 2908 3470 2982">
     <span class='ocr_line' id='line_1_72' title="bbox 1864 2908 3470 2982; baseline -0.001 -17"><span class='ocrx_word' id='word_1_545' title='bbox 1864 2911 2041 2982; x_wconf 16' lang='lat' dir='ltr'><strong>nobis,</strong></span> <span class='ocrx_word' id='word_1_546' title='bbox 2070 2925 2263 2982; x_wconf 83' lang='lat' dir='ltr'><strong>canem</strong></span> <span class='ocrx_word' id='word_1_547' title='bbox 2303 2908 2605 2982; x_wconf 81' lang='lat' dir='ltr'><strong>venaticum</strong></span> <span class='ocrx_word' id='word_1_548' title='bbox 2660 2909 3069 2982; x_wconf 74' lang='grc' dir='ltr'><strong>συλλογιζόμενσν</strong></span> <span class='ocrx_word' id='word_1_549' title='bbox 3117 2908 3176 2982; x_wconf 81' lang='lat' dir='ltr'><strong>i_n</strong></span> <span class='ocrx_word' id='word_1_550' title='bbox 3208 2909 3470 2982; x_wconf 69' lang='lat' dir='ltr'><strong>.compito</strong></span> 
     </span>
    </p>
   </div>
   <div class='ocr_carea' id='block_1_73' title="bbox 1862 2977 3473 3051">
    <p class='ocr_par' dir='ltr' id='par_1_73' title="bbox 1862 2977 3473 3051">
     <span class='ocr_line' id='line_1_73' title="bbox 1862 2977 3473 3051; baseline -0.002 -14"><span class='ocrx_word' id='word_1_551' title='bbox 1862 2981 2130 3041; x_wconf 80' lang='lat' dir='ltr'><strong>multiﬁdo</strong></span> <span class='ocrx_word' id='word_1_552' title='bbox 2160 2997 2172 3035; x_wconf 90' lang='lat'><strong>:</strong></span> <span class='ocrx_word' id='word_1_553' title='bbox 2209 2981 2279 3037; x_wconf 84' lang='lat' dir='ltr'><strong>de</strong></span> <span class='ocrx_word' id='word_1_554' title='bbox 2320 2995 2429 3051; x_wconf 89' lang='lat' dir='ltr'><strong>quo</strong></span> <span class='ocrx_word' id='word_1_555' title='bbox 2454 2977 3011 3051; x_wconf 13' lang='lat' dir='ltr'><strong>prteclareidisseruut</strong></span> <span class='ocrx_word' id='word_1_556' title='bbox 3037 2989 3090 3033; x_wconf 88' lang='lat' dir='ltr'><strong>et</strong></span> <span class='ocrx_word' id='word_1_557' title='bbox 3117 2977 3473 3051; x_wconf 12' lang='lat' dir='ltr'><strong>Franc.’Val-</strong></span> 
     </span>
    </p>
   </div>
   <div class='ocr_carea' id='block_1_74' title="bbox 1864 3050 3475 3121">
    <p class='ocr_par' dir='ltr' id='par_1_74' title="bbox 1864 3050 3475 3121">
     <span class='ocr_line' id='line_1_74' title="bbox 1864 3050 3475 3121; baseline 0 -13"><span class='ocrx_word' id='word_1_558' title='bbox 1864 3053 2032 3109; x_wconf 90' lang='lat' dir='ltr'><strong>lesius</strong></span> <span class='ocrx_word' id='word_1_559' title='bbox 2056 3054 2092 3108; x_wconf 94' lang='lat' dir='ltr'><strong>l.</strong></span> <span class='ocrx_word' id='word_1_560' title='bbox 2125 3068 2155 3107; x_wconf 83' lang='lat' dir='ltr'><strong>v</strong></span> <span class='ocrx_word' id='word_1_561' title='bbox 2181 3052 2249 3113; x_wconf 84' lang='lat' dir='ltr'><strong>de</strong></span> <span class='ocrx_word' id='word_1_562' title='bbox 2275 3050 2440 3109; x_wconf 77' lang='lat' dir='ltr'><strong>Sacra</strong></span> <span class='ocrx_word' id='word_1_563' title='bbox 2459 3050 2830 3121; x_wconf 77' lang='lat' dir='ltr'><strong>Philosonhia.</strong></span> <span class='ocrx_word' id='word_1_564' title='bbox 2855 3050 2940 3107; x_wconf 81' lang='lat' dir='ltr'><strong>CI.</strong></span> <span class='ocrx_word' id='word_1_565' title='bbox 2965 3050 3185 3107; x_wconf 80' lang='lat' dir='ltr'><strong>Vossius</strong></span> <span class='ocrx_word' id='word_1_566' title='bbox 3204 3050 3257 3103; x_wconf 92' lang='lat' dir='ltr'><strong>in</strong></span> <span class='ocrx_word' id='word_1_567' title='bbox 3284 3050 3375 3105; x_wconf 85' lang='lat' dir='ltr'><strong>lib.</strong></span> <span class='ocrx_word' id='word_1_568' title='bbox 3405 3050 3475 3109; x_wconf 86' lang='lat' dir='ltr'><strong>de</strong></span> 
     </span>
    </p>
   </div>
   <div class='ocr_carea' id='block_1_75' title="bbox 1863 3125 2113 3180">
    <p class='ocr_par' dir='ltr' id='par_1_75' title="bbox 1863 3125 2113 3180">
     <span class='ocr_line' id='line_1_75' title="bbox 1863 3125 2113 3180; baseline 0 0"><span class='ocrx_word' id='word_1_569' title='bbox 1863 3125 2113 3180; x_wconf 84' lang='lat' dir='ltr'><strong>ldololal.</strong></span> 
     </span>
    </p>
   </div>
   <div class='ocr_carea' id='block_1_76' title="bbox 1937 3192 3471 3265">
    <p class='ocr_par' dir='ltr' id='par_1_76' title="bbox 1937 3192 3471 3265">
     <span class='ocr_line' id='line_1_76' title="bbox 1937 3192 3471 3265; baseline -0.003 -14"><span class='ocrx_word' id='word_1_570' title='bbox 1937 3196 2079 3251; x_wconf 83' lang='lat' dir='ltr'><strong>Nam</strong></span> <span class='ocrx_word' id='word_1_571' title='bbox 2100 3206 2147 3251; x_wconf 82' lang='lat' dir='ltr'><strong>et</strong></span> <span class='ocrx_word' id='word_1_572' title='bbox 2171 3196 2477 3265; x_wconf 76' lang='lat' dir='ltr'><strong>diguoscunt</strong></span> <span class='ocrx_word' id='word_1_573' title='bbox 2502 3194 2714 3249; x_wconf 80' lang='lat' dir='ltr'><strong>inuicem</strong></span> <span class='ocrx_word' id='word_1_574' title='bbox 2764 3210 2817 3250; x_wconf 82' lang='lat' dir='ltr'><strong>se</strong></span> <span class='ocrx_word' id='word_1_575' title='bbox 2845 3192 3073 3265; x_wconf 62' lang='lat' dir='ltr'><strong>vocibus;</strong></span> <span class='ocrx_word' id='word_1_576' title='bbox 3100 3200 3166 3257; x_wconf 81' lang='lat' dir='ltr'><strong>et,</strong></span> <span class='ocrx_word' id='word_1_577' title='bbox 3197 3192 3471 3265; x_wconf 47' lang='lat' dir='ltr'><strong>cantitas-</strong></span> 
     </span>
    </p>
   </div>
   <div class='ocr_carea' id='block_1_77' title="bbox 1865 3263 3462 3333">
    <p class='ocr_par' dir='ltr' id='par_1_77' title="bbox 1865 3263 3462 3333">
     <span class='ocr_line' id='line_1_77' title="bbox 1865 3263 3462 3333; baseline -0.004 -10"><span class='ocrx_word' id='word_1_578' title='bbox 1865 3279 2069 3333; x_wconf 82' lang='lat' dir='ltr'><strong>cuntur,</strong></span> <span class='ocrx_word' id='word_1_579' title='bbox 2096 3263 2251 3321; x_wconf 85' lang='lat' dir='ltr'><strong>edunt</strong></span> <span class='ocrx_word' id='word_1_580' title='bbox 2276 3284 2479 3323; x_wconf 85' lang='lat' dir='ltr'><strong>sonum.</strong></span> <span class='ocrx_word' id='word_1_581' title='bbox 2512 3265 2568 3320; x_wconf 90' lang='lat' dir='ltr'><strong>In</strong></span> <span class='ocrx_word' id='word_1_582' title='bbox 2599 3281 2727 3318; x_wconf 78' lang='lat' dir='ltr'><strong>mss.</strong></span> <span class='ocrx_word' id='word_1_583' title='bbox 2765 3264 2832 3320; x_wconf 73' lang='lat' dir='ltr'><strong>M</strong></span> <span class='ocrx_word' id='word_1_584' title='bbox 2865 3275 2919 3319; x_wconf 86' lang='lat' dir='ltr'><strong>et</strong></span> <span class='ocrx_word' id='word_1_585' title='bbox 2946 3264 2979 3319; x_wconf 77' lang='lat'><strong>&#39;2</strong></span> <span class='ocrx_word' id='word_1_586' title='bbox 3011 3274 3116 3317; x_wconf 79' lang='lat' dir='ltr'><strong>vet.</strong></span> <span class='ocrx_word' id='word_1_587' title='bbox 3145 3264 3275 3319; x_wconf 83' lang='lat' dir='ltr'><strong>edit.</strong></span> <span class='ocrx_word' id='word_1_588' title='bbox 3302 3263 3462 3321; x_wconf 73' lang='lat' dir='ltr'><strong>Rom.</strong></span> 
     </span>
    </p>
   </div>
   <div class='ocr_carea' id='block_1_78' title="bbox 1865 3333 3469 3413">
    <p class='ocr_par' dir='ltr' id='par_1_78' title="bbox 1865 3333 3469 3413">
     <span class='ocr_line' id='line_1_78' title="bbox 1865 3333 3469 3413; baseline -0.006 -17"><span class='ocrx_word' id='word_1_589' title='bbox 1865 3342 2093 3413; x_wconf 71' lang='lat' dir='ltr'><strong>legitur,</strong></span> <span class='ocrx_word' id='word_1_590' title='bbox 2132 3338 2363 3413; x_wconf 67' lang='lat' dir='ltr'><strong>Nuntiet</strong></span> <span class='ocrx_word' id='word_1_591' title='bbox 2407 3339 2806 3409; x_wconf 78' lang='lat' dir='ltr'><strong>dignoscantur,</strong></span> <span class='ocrx_word' id='word_1_592' title='bbox 2859 3336 3015 3395; x_wconf 83' lang='lat' dir='ltr'><strong>edunt</strong></span> <span class='ocrx_word' id='word_1_593' title='bbox 3048 3351 3248 3391; x_wconf 81' lang='lat' dir='ltr'><strong>sonant.</strong></span> <span class='ocrx_word' id='word_1_594' title='bbox 3296 3333 3469 3389; x_wconf 75' lang='lat' dir='ltr'><strong>Minus</strong></span> 
     </span>
    </p>
   </div>
   <div class='ocr_carea' id='block_1_79' title="bbox 1863 3411 2655 3478">
    <p class='ocr_par' dir='ltr' id='par_1_79' title="bbox 1863 3411 2655 3478">
     <span class='ocr_line' id='line_1_79' title="bbox 1863 3411 2655 3478; baseline -0.008 -11"><span class='ocrx_word' id='word_1_595' title='bbox 1863 3411 2019 3469; x_wconf 79' lang='lat' dir='ltr'><strong>bene.</strong></span> <span class='ocrx_word' id='word_1_596' title='bbox 2050 3411 2259 3467; x_wconf 74' lang='lat' dir='ltr'><strong>Sensus</strong></span> <span class='ocrx_word' id='word_1_597' title='bbox 2285 3411 2655 3478; x_wconf 81' lang='lat' dir='ltr'><strong>imperfectus.</strong></span> 
     </span>
    </p>
   </div>
   <div class='ocr_carea' id='block_1_80' title="bbox 1941 3476 3463 3539">
    <p class='ocr_par' dir='ltr' id='par_1_80' title="bbox 1941 3476 3463 3539">
     <span class='ocr_line' id='line_1_80' title="bbox 1941 3476 3463 3539; baseline -0.005 -3"><span class='ocrx_word' id='word_1_598' title='bbox 1941 3482 2172 3537; x_wconf 80' lang='lat' dir='ltr'><strong>Nobis...</strong></span> <span class='ocrx_word' id='word_1_599' title='bbox 2217 3476 2635 3539; x_wconf 61' lang='lat' dir='ltr'><strong>recesserunt...</strong></span> <span class='ocrx_word' id='word_1_600' title='bbox 2686 3478 3026 3534; x_wconf 65' lang='lat' dir='ltr'><strong>inconditis...</strong></span> <span class='ocrx_word' id='word_1_601' title='bbox 3063 3476 3215 3533; x_wconf 73' lang='lat' dir='ltr'><strong>Rust.</strong></span> <span class='ocrx_word' id='word_1_602' title='bbox 3245 3518 3260 3538; x_wconf 89' lang='lat'><strong>.</strong></span> <span class='ocrx_word' id='word_1_603' title='bbox 3328 3476 3463 3535; x_wconf 84' lang='lat' dir='ltr'><strong>Vcn.</strong></span> 
     </span>
    </p>
   </div>
   <div class='ocr_carea' id='block_1_81' title="bbox 1862 3548 3464 3621">
    <p class='ocr_par' dir='ltr' id='par_1_81' title="bbox 1862 3548 3464 3621">
     <span class='ocr_line' id='line_1_81' title="bbox 1862 3548 3464 3621; baseline -0.007 -11"><span class='ocrx_word' id='word_1_604' title='bbox 1862 3553 2029 3618; x_wconf 74' lang='lat' dir='ltr'><strong>M71,</strong></span> <span class='ocrx_word' id='word_1_605' title='bbox 2059 3554 2149 3618; x_wconf 73' lang='lat'><strong>72,</strong></span> <span class='ocrx_word' id='word_1_606' title='bbox 2182 3562 2406 3621; x_wconf 84' lang='lat' dir='ltr'><strong>utraque</strong></span> <span class='ocrx_word' id='word_1_607' title='bbox 2431 3552 2523 3614; x_wconf 90' lang='lat'><strong>78,</strong></span> <span class='ocrx_word' id='word_1_608' title='bbox 2564 3552 2655 3615; x_wconf 78' lang='lat'><strong>93,</strong></span> <span class='ocrx_word' id='word_1_609' title='bbox 2685 3552 2777 3616; x_wconf 80' lang='lat'><strong>97,</strong></span> <span class='ocrx_word' id='word_1_610' title='bbox 2819 3550 2990 3614; x_wconf 87' lang='lat' dir='ltr'><strong>Pier.,</strong></span> <span class='ocrx_word' id='word_1_611' title='bbox 3022 3548 3238 3611; x_wconf 84' lang='lat' dir='ltr'><strong>Parrh.,</strong></span> <span class='ocrx_word' id='word_1_612' title='bbox 3268 3548 3464 3621; x_wconf 67' lang='lat' dir='ltr'><strong>Paris,</strong></span> 
     </span>
    </p>
   </div>
   <div class='ocr_carea' id='block_1_82' title="bbox 1861 3620 3465 3698">
    <p class='ocr_par' dir='ltr' id='par_1_82' title="bbox 1861 3620 3465 3698">
     <span class='ocr_line' id='line_1_82' title="bbox 1861 3620 3465 3698; baseline -0.002 -18"><span class='ocrx_word' id='word_1_613' title='bbox 1861 3625 2152 3698; x_wconf 80' lang='lat' dir='ltr'><strong>ineognitae</strong></span> <span class='ocrx_word' id='word_1_614' title='bbox 2178 3642 2195 3689; x_wconf 86' lang='lat'><strong>;</strong></span> <span class='ocrx_word' id='word_1_615' title='bbox 2219 3634 2299 3698; x_wconf 87' lang='lat' dir='ltr'><strong>_ut</strong></span> <span class='ocrx_word' id='word_1_616' title='bbox 2324 3620 2532 3682; x_wconf 28' lang='lat' dir='ltr'><strong>’Scnec.</strong></span> <span class='ocrx_word' id='word_1_617' title='bbox 2560 3639 2574 3677; x_wconf 85' lang='grc' dir='ltr'><strong>ι</strong></span> <span class='ocrx_word' id='word_1_618' title='bbox 2605 3622 2673 3681; x_wconf 89' lang='lat' dir='ltr'><strong>de</strong></span> <span class='ocrx_word' id='word_1_619' title='bbox 2702 3622 2805 3689; x_wconf 87' lang='lat' dir='ltr'><strong>Ira,</strong></span> <span class='ocrx_word' id='word_1_620' title='bbox 2841 3638 2961 3692; x_wconf 77' lang='lat' dir='ltr'><strong>cap.</strong></span> <span class='ocrx_word' id='word_1_621' title='bbox 2989 3621 3041 3684; x_wconf 86' lang='lat' dir='ltr'><strong>i,</strong></span> <span class='ocrx_word' id='word_1_622' title='bbox 3072 3636 3255 3691; x_wconf 79' lang='lat' dir='ltr'><strong>parum</strong></span> <span class='ocrx_word' id='word_1_623' title='bbox 3281 3620 3465 3687; x_wconf 67' lang='lat' dir='ltr'><strong>expia-</strong></span> 
     </span>
    </p>
   </div>
   <div class='ocr_carea' id='block_1_83' title="bbox 1861 3696 3429 3771">
    <p class='ocr_par' dir='ltr' id='par_1_83' title="bbox 1861 3696 3429 3771">
     <span class='ocr_line' id='line_1_83' title="bbox 1861 3696 3429 3771; baseline 0.014 -21"><span class='ocrx_word' id='word_1_624' title='bbox 1861 3696 2011 3771; x_wconf 60' lang='grc' dir='ltr'><em>ηαιᾳί</em></span> <span class='ocrx_word' id='word_1_625' title='bbox 2026 3712 2190 3752; x_wconf 80' lang='lat' dir='ltr'><strong>voces.</strong></span> <span class='ocrx_word' id='word_1_626' title='bbox 2218 3696 2348 3771; x_wconf 60' lang='lat' dir='ltr'><strong>Ben.</strong></span> <span class='ocrx_word' id='word_1_627' title='bbox 2521 3763 2554 3771; x_wconf 87' lang='lat'>_</span> <span class='ocrx_word' id='word_1_628' title='bbox 3074 3762 3087 3771; x_wconf 84' lang='grc'><em>,</em></span> <span class='ocrx_word' id='word_1_629' title='bbox 3264 3762 3275 3771; x_wconf 91' lang='grc'><strong>.</strong></span> <span class='ocrx_word' id='word_1_630' title='bbox 3418 3761 3429 3771; x_wconf 89' lang='grc'><strong>.</strong></span> 
     </span>
    </p>
   </div>
   <div class='ocr_carea' id='block_1_84' title="bbox 1934 3762 3462 3839">
    <p class='ocr_par' dir='ltr' id='par_1_84' title="bbox 1934 3762 3462 3839">
     <span class='ocr_line' id='line_1_84' title="bbox 1934 3762 3462 3839; baseline -0.005 -16"><span class='ocrx_word' id='word_1_631' title='bbox 1934 3768 2061 3836; x_wconf 66' lang='lat' dir='ltr'><strong>Quae</strong></span> <span class='ocrx_word' id='word_1_632' title='bbox 2088 3784 2142 3824; x_wconf 82' lang='lat' dir='ltr'><strong>se</strong></span> <span class='ocrx_word' id='word_1_633' title='bbox 2172 3768 2484 3839; x_wconf 75' lang='lat' dir='ltr'><strong>intelligunt.</strong></span> <span class='ocrx_word' id='word_1_634' title='bbox 2520 3763 2686 3823; x_wconf 80' lang='lat' dir='ltr'><strong>Recte</strong></span> <span class='ocrx_word' id='word_1_635' title='bbox 2712 3780 2864 3836; x_wconf 64' lang='lat' dir='ltr'><strong>quia;</strong></span> <span class='ocrx_word' id='word_1_636' title='bbox 2895 3778 3018 3839; x_wconf 79' lang='lat' dir='ltr'><strong>nam</strong></span> <span class='ocrx_word' id='word_1_637' title='bbox 3052 3762 3123 3839; x_wconf 77' lang='lat' dir='ltr'><strong>de</strong></span> <span class='ocrx_word' id='word_1_638' title='bbox 3146 3762 3308 3839; x_wconf 75' lang='lat' dir='ltr'><strong>mutis</strong></span> <span class='ocrx_word' id='word_1_639' title='bbox 3344 3762 3462 3839; x_wconf 59' lang='lat' dir='ltr'><strong>ani:</strong></span> 
     </span>
    </p>
   </div>
   <div class='ocr_carea' id='block_1_85' title="bbox 1857 3832 3465 3905">
    <p class='ocr_par' dir='ltr' id='par_1_85' title="bbox 1857 3832 3465 3905">
     <span class='ocr_line' id='line_1_85' title="bbox 1857 3832 3465 3905; baseline -0.002 -11"><span class='ocrx_word' id='word_1_640' title='bbox 1857 3832 2086 3897; x_wconf 73' lang='lat' dir='ltr'><strong>malibits</strong></span> <span class='ocrx_word' id='word_1_641' title='bbox 2135 3832 2389 3905; x_wconf 59' lang='lat' dir='ltr'><strong>loquitur.</strong></span> <span class='ocrx_word' id='word_1_642' title='bbox 2419 3836 2620 3895; x_wconf 84' lang='lat' dir='ltr'><strong>Verum</strong></span> <span class='ocrx_word' id='word_1_643' title='bbox 2651 3832 2807 3897; x_wconf 69' lang='lat' dir='ltr'><strong>error</strong></span> <span class='ocrx_word' id='word_1_644' title='bbox 2835 3845 2919 3897; x_wconf 83' lang='lat' dir='ltr'><strong>cst</strong></span> <span class='ocrx_word' id='word_1_645' title='bbox 2966 3837 3018 3893; x_wconf 87' lang='lat' dir='ltr'><strong>iu</strong></span> <span class='ocrx_word' id='word_1_646' title='bbox 3046 3833 3081 3891; x_wconf 85' lang='lat'><strong>8</strong></span> <span class='ocrx_word' id='word_1_647' title='bbox 3110 3833 3269 3893; x_wconf 82' lang='lat' dir='ltr'><strong>editis</strong></span> <span class='ocrx_word' id='word_1_648' title='bbox 3309 3844 3363 3889; x_wconf 87' lang='lat' dir='ltr'><strong>et</strong></span> <span class='ocrx_word' id='word_1_649' title='bbox 3402 3832 3465 3890; x_wconf 65' lang='lat' dir='ltr'><strong>li</strong></span> 
     </span>
    </p>
   </div>
   <div class='ocr_carea' id='block_1_86' title="bbox 1858 3908 2848 3981">
    <p class='ocr_par' dir='ltr' id='par_1_86' title="bbox 1858 3908 2848 3981">
     <span class='ocr_line' id='line_1_86' title="bbox 1858 3908 2848 3981; baseline -0.007 -14"><span class='ocrx_word' id='word_1_650' title='bbox 1858 3927 1988 3967; x_wconf 85' lang='lat' dir='ltr'><strong>mss.</strong></span> <span class='ocrx_word' id='word_1_651' title='bbox 2021 3910 2108 3967; x_wconf 84' lang='lat' dir='ltr'><strong>ubi</strong></span> <span class='ocrx_word' id='word_1_652' title='bbox 2134 3912 2324 3981; x_wconf 69' lang='lat' dir='ltr'><strong>legitur</strong></span> <span class='ocrx_word' id='word_1_653' title='bbox 2348 3909 2507 3981; x_wconf 43' lang='lat' dir='ltr'><strong>quise</strong></span> <span class='ocrx_word' id='word_1_654' title='bbox 2536 3908 2848 3981; x_wconf 73' lang='lat' dir='ltr'><strong>intelligunt.</strong></span> 
     </span>
    </p>
   </div>
   <div class='ocr_carea' id='block_1_87' title="bbox 1929 3979 3291 4057">
    <p class='ocr_par' dir='ltr' id='par_1_87' title="bbox 1929 3979 3291 4057">
     <span class='ocr_line' id='line_1_87' title="bbox 1929 3979 3291 4057; baseline -0.003 -22"><span class='ocrx_word' id='word_1_655' title='bbox 1929 3981 1995 4057; x_wconf 75' lang='lat' dir='ltr'><strong>In</strong></span> <span class='ocrx_word' id='word_1_656' title='bbox 2023 3985 2163 4057; x_wconf 73' lang='lat' dir='ltr'><strong>omni</strong></span> <span class='ocrx_word' id='word_1_657' title='bbox 2182 3979 2389 4057; x_wconf 76' lang='lat' dir='ltr'><strong>a/fecttt.</strong></span> <span class='ocrx_word' id='word_1_658' title='bbox 2417 3979 2557 4057; x_wconf 56' lang='grc' dir='ltr'>Βριξιί</span> <span class='ocrx_word' id='word_1_659' title='bbox 2585 3996 2680 4037; x_wconf 76' lang='lat' dir='ltr'><strong>sex</strong></span> <span class='ocrx_word' id='word_1_660' title='bbox 2706 3979 2919 4057; x_wconf 65' lang='lat' dir='ltr'><strong>elfeetu.</strong></span> <span class='ocrx_word' id='word_1_661' title='bbox 3013 4047 3055 4057; x_wconf 55' lang='grc' dir='ltr'><strong><em>η</em></strong></span> <span class='ocrx_word' id='word_1_662' title='bbox 3166 4056 3171 4057; x_wconf 12' lang='grc' dir='ltr'><em>γ</em></span> <span class='ocrx_word' id='word_1_663' title='bbox 3260 4045 3291 4057; x_wconf 80' lang='lat'><em>__</em></span> 
     </span>
    </p>
   </div>
   <div class='ocr_carea' id='block_1_88' title="bbox 1926 4045 3450 4117">
    <p class='ocr_par' dir='ltr' id='par_1_88' title="bbox 1926 4045 3450 4117">
     <span class='ocr_line' id='line_1_88' title="bbox 1926 4045 3450 4117; baseline -0.007 -8"><span class='ocrx_word' id='word_1_664' title='bbox 1926 4055 2091 4109; x_wconf 79' lang='lat' dir='ltr'><strong>Aures</strong></span> <span class='ocrx_word' id='word_1_665' title='bbox 2118 4045 2424 4113; x_wconf 62' lang='lat' dir='ltr'><strong>deutulcent.</strong></span> <span class='ocrx_word' id='word_1_666' title='bbox 2460 4051 2519 4111; x_wconf 83' lang='lat' dir='ltr'><strong>id</strong></span> <span class='ocrx_word' id='word_1_667' title='bbox 2542 4060 2647 4117; x_wconf 85' lang='lat' dir='ltr'><strong>est,</strong></span> <span class='ocrx_word' id='word_1_668' title='bbox 2690 4045 2980 4113; x_wconf 75' lang='lat' dir='ltr'><strong>demittunt.</strong></span> <span class='ocrx_word' id='word_1_669' title='bbox 3013 4047 3225 4114; x_wconf 78' lang='lat' dir='ltr'><strong>ilorat.,</strong></span> <span class='ocrx_word' id='word_1_670' title='bbox 3260 4045 3357 4103; x_wconf 78' lang='lat' dir='ltr'><strong>lib.</strong></span> <span class='ocrx_word' id='word_1_671' title='bbox 3387 4061 3450 4113; x_wconf 84' lang='lat' dir='ltr'><strong>Il,</strong></span> 
     </span>
    </p>
   </div>
   <div class='ocr_carea' id='block_1_89' title="bbox 1852 4125 2083 4189">
    <p class='ocr_par' dir='ltr' id='par_1_89' title="bbox 1852 4125 2083 4189">
     <span class='ocr_line' id='line_1_89' title="bbox 1852 4125 2083 4189; baseline -0.013 -7"><span class='ocrx_word' id='word_1_672' title='bbox 1852 4126 1944 4189; x_wconf 80' lang='lat' dir='ltr'><strong>od.</strong></span> <span class='ocrx_word' id='word_1_673' title='bbox 1978 4125 2083 4183; x_wconf 74' lang='lat'><strong>15:</strong></span> 
     </span>
    </p>
   </div>
   <div class='ocr_carea' id='block_1_90' title="bbox 1986 4236 2847 4298">
    <p class='ocr_par' dir='ltr' id='par_1_90' title="bbox 1986 4236 2847 4298">
     <span class='ocr_line' id='line_1_90' title="bbox 1986 4236 2847 4298; baseline -0.005 -10"><span class='ocrx_word' id='word_1_674' title='bbox 1986 4276 1997 4288; x_wconf 95' lang='lat'><strong>.</strong></span> <span class='ocrx_word' id='word_1_675' title='bbox 2022 4276 2031 4287; x_wconf 94' lang='lat'><strong>.</strong></span> <span class='ocrx_word' id='word_1_676' title='bbox 2058 4273 2070 4285; x_wconf 96' lang='lat'><strong>.</strong></span> <span class='ocrx_word' id='word_1_677' title='bbox 2094 4276 2105 4289; x_wconf 92' lang='lat'><strong>.</strong></span> <span class='ocrx_word' id='word_1_678' title='bbox 2133 4274 2145 4286; x_wconf 95' lang='lat'><strong>.</strong></span> <span class='ocrx_word' id='word_1_679' title='bbox 2172 4275 2184 4286; x_wconf 95' lang='lat'><strong>.</strong></span> <span class='ocrx_word' id='word_1_680' title='bbox 2202 4236 2306 4286; x_wconf 79' lang='lat' dir='ltr'><strong>Illis</strong></span> <span class='ocrx_word' id='word_1_681' title='bbox 2328 4249 2622 4286; x_wconf 76' lang='lat' dir='ltr'><strong>carminious</strong></span> <span class='ocrx_word' id='word_1_682' title='bbox 2639 4241 2847 4298; x_wconf 87' lang='lat' dir='ltr'><strong>stupens</strong></span> 
     </span>
    </p>
   </div>
   <div class='ocr_carea' id='block_1_91' title="bbox 1980 4297 2845 4362">
    <p class='ocr_par' dir='ltr' id='par_1_91' title="bbox 1980 4297 2845 4362">
     <span class='ocr_line' id='line_1_91' title="bbox 1980 4297 2845 4362; baseline -0.008 -9"><span class='ocrx_word' id='word_1_683' title='bbox 1980 4301 2211 4353; x_wconf 76' lang='lat' dir='ltr'><strong>Demittit</strong></span> <span class='ocrx_word' id='word_1_684' title='bbox 2232 4306 2361 4349; x_wconf 88' lang='lat' dir='ltr'><strong>atras</strong></span> <span class='ocrx_word' id='word_1_685' title='bbox 2384 4297 2553 4348; x_wconf 77' lang='lat' dir='ltr'><strong>bellus</strong></span> <span class='ocrx_word' id='word_1_686' title='bbox 2574 4300 2845 4362; x_wconf 81' lang='lat' dir='ltr'><strong>centiceps.</strong></span> 
     </span>
    </p>
   </div>
   <div class='ocr_carea' id='block_1_92' title="bbox 1977 4357 3273 4413">
    <p class='ocr_par' dir='ltr' id='par_1_92' title="bbox 1977 4357 3273 4413">
     <span class='ocr_line' id='line_1_92' title="bbox 1977 4357 3273 4413; baseline -0.004 0"><span class='ocrx_word' id='word_1_687' title='bbox 1977 4365 2157 4413; x_wconf 83' lang='lat' dir='ltr'><strong>Aures.</strong></span> <span class='ocrx_word' id='word_1_688' title='bbox 2430 4386 2439 4395; x_wconf 74' lang='grc' dir='ltr'><strong>ι</strong></span> <span class='ocrx_word' id='word_1_689' title='bbox 2773 4357 2787 4362; x_wconf 72' lang='grc'>⁷</span> <span class='ocrx_word' id='word_1_690' title='bbox 2980 4357 3273 4413; x_wconf 67' lang='lat' dir='ltr'><strong>Tenemus.</strong></span> 
     </span>
    </p>
   </div>
   <div class='ocr_carea' id='block_1_93' title="bbox 1929 4464 3459 4536">
    <p class='ocr_par' dir='ltr' id='par_1_93' title="bbox 1929 4464 3459 4536">
     <span class='ocr_line' id='line_1_93' title="bbox 1929 4464 3459 4536; baseline -0.003 -13"><span class='ocrx_word' id='word_1_691' title='bbox 1929 4466 2261 4524; x_wconf 77' lang='lat' dir='ltr'><strong>Providentia</strong></span> <span class='ocrx_word' id='word_1_692' title='bbox 2292 4465 2476 4532; x_wconf 74' lang='lat' dir='ltr'><strong>futuri.</strong></span> <span class='ocrx_word' id='word_1_693' title='bbox 2512 4464 2579 4519; x_wconf 88' lang='lat' dir='ltr'><strong>Et</strong></span> <span class='ocrx_word' id='word_1_694' title='bbox 2624 4464 2785 4532; x_wconf 89' lang='lat' dir='ltr'><strong>infra,</strong></span> <span class='ocrx_word' id='word_1_695' title='bbox 2818 4465 3083 4536; x_wconf 77' lang='lat' dir='ltr'><strong>provident</strong></span> <span class='ocrx_word' id='word_1_696' title='bbox 3123 4465 3174 4519; x_wconf 87' lang='lat' dir='ltr'><strong>in</strong></span> <span class='ocrx_word' id='word_1_697' title='bbox 3207 4464 3459 4535; x_wconf 72' lang='lat' dir='ltr'><strong>futurum.</strong></span> 
     </span>
    </p>
   </div>
   <div class='ocr_carea' id='block_1_94' title="bbox 1853 4538 3135 4609">
    <p class='ocr_par' dir='ltr' id='par_1_94' title="bbox 1853 4538 3135 4609">
     <span class='ocr_line' id='line_1_94' title="bbox 1853 4538 3135 4609; baseline -0.005 -11"><span class='ocrx_word' id='word_1_698' title='bbox 1853 4540 2135 4604; x_wconf 80' lang='lat' dir='ltr'><strong>Francius,</strong></span> <span class='ocrx_word' id='word_1_699' title='bbox 2168 4538 2305 4593; x_wconf 84' lang='lat' dir='ltr'><strong>forte</strong></span> <span class='ocrx_word' id='word_1_700' title='bbox 2328 4538 2715 4607; x_wconf 78' lang='lat' dir='ltr'><strong>providentia...</strong></span> <span class='ocrx_word' id='word_1_701' title='bbox 2746 4546 2801 4593; x_wconf 89' lang='lat' dir='ltr'><strong>et</strong></span> <span class='ocrx_word' id='word_1_702' title='bbox 2832 4538 3135 4609; x_wconf 76' lang='lat' dir='ltr'><strong>prmvident.</strong></span> 
     </span>
    </p>
   </div>
   <div class='ocr_carea' id='block_1_95' title="bbox 158 4582 3464 4684">
    <p class='ocr_par' dir='ltr' id='par_1_95' title="bbox 158 4582 3464 4684">
     <span class='ocr_line' id='line_1_95' title="bbox 158 4582 3464 4684; baseline -0.006 -5"><span class='ocrx_word' id='word_1_703' title='bbox 158 4595 750 4684; x_wconf 54' lang='lat' dir='ltr'><strong>q&quot;2’,&quot;fi&#39;,’fifﬁ‘,&quot;‘ﬁ?,:</strong></span> <span class='ocrx_word' id='word_1_704' title='bbox 774 4582 1744 4684; x_wconf 53' lang='lat' dir='ltr'><strong>qi‘f,{&quot;ff’,;,“”.§fﬂ‘ffﬁﬂﬁ,_§&quot;§;</strong></span> <span class='ocrx_word' id='word_1_705' title='bbox 1774 4585 1827 4647; x_wconf 81' lang='lat' dir='ltr'><strong>D</strong></span> <span class='ocrx_word' id='word_1_706' title='bbox 1853 4582 1875 4598; x_wconf 53' lang='grc'><strong>⁸</strong></span> <span class='ocrx_word' id='word_1_707' title='bbox 1900 4582 2205 4684; x_wconf 54' lang='grc' dir='ltr'><strong>Ἰηαεηιέηξ</strong></span> <span class='ocrx_word' id='word_1_708' title='bbox 2224 4582 2380 4678; x_wconf 52' lang='grc' dir='ltr'><strong>[αι-ἦε</strong></span> <span class='ocrx_word' id='word_1_709' title='bbox 2416 4618 2813 4684; x_wconf 81' lang='lat' dir='ltr'><strong>acervmn,_ctc.</strong></span> <span class='ocrx_word' id='word_1_710' title='bbox 2832 4582 3099 4684; x_wconf 58' lang='lat' dir='ltr'><strong>rVirgjlius</strong></span> <span class='ocrx_word' id='word_1_711' title='bbox 3134 4609 3244 4684; x_wconf 74' lang='lat' dir='ltr'><strong>hac</strong></span> <span class='ocrx_word' id='word_1_712' title='bbox 3274 4605 3464 4684; x_wconf 77' lang='lat' dir='ltr'><strong>simili-</strong></span> 
     </span>
    </p>
   </div>
   <div class='ocr_carea' id='block_1_96' title="bbox 227 4652 1745 4726">
    <p class='ocr_par' dir='ltr' id='par_1_96' title="bbox 227 4652 1745 4726">
     <span class='ocr_line' id='line_1_96' title="bbox 227 4652 1745 4726; baseline -0.003 -15"><span class='ocrx_word' id='word_1_713' title='bbox 227 4655 295 4711; x_wconf 77' lang='lat' dir='ltr'><strong>Et</strong></span> <span class='ocrx_word' id='word_1_714' title='bbox 324 4657 577 4711; x_wconf 81' lang='lat' dir='ltr'><strong>rationem</strong></span> <span class='ocrx_word' id='word_1_715' title='bbox 622 4657 752 4711; x_wconf 77' lang='lat' dir='ltr'><strong>ratio</strong></span> <span class='ocrx_word' id='word_1_716' title='bbox 785 4652 1078 4726; x_wconf 59' lang='lat' dir='ltr'><strong>cognoscit.</strong></span> <span class='ocrx_word' id='word_1_717' title='bbox 1124 4652 1385 4726; x_wconf 76' lang='lat' dir='ltr'><strong>Francius</strong></span> <span class='ocrx_word' id='word_1_718' title='bbox 1415 4653 1666 4715; x_wconf 71' lang='lat' dir='ltr'><strong>malebat.</strong></span> <span class='ocrx_word' id='word_1_719' title='bbox 1697 4665 1745 4707; x_wconf 85' lang='lat' dir='ltr'><strong>et</strong></span> 
     </span>
    </p>
   </div>
   <div class='ocr_carea' id='block_1_97' title="bbox 159 4725 1742 4799">
    <p class='ocr_par' dir='ltr' id='par_1_97' title="bbox 159 4725 1742 4799">
     <span class='ocr_line' id='line_1_97' title="bbox 159 4725 1742 4799; baseline -0.003 -18"><span class='ocrx_word' id='word_1_720' title='bbox 159 4730 403 4799; x_wconf 74' lang='lat' dir='ltr'><strong>rationem</strong></span> <span class='ocrx_word' id='word_1_721' title='bbox 426 4730 627 4784; x_wconf 75' lang='lat' dir='ltr'><strong>ratione</strong></span> <span class='ocrx_word' id='word_1_722' title='bbox 653 4725 1278 4799; x_wconf 63' lang='lat' dir='ltr'><strong>cogiiosCit.—Rationem</strong></span> <span class='ocrx_word' id='word_1_723' title='bbox 1303 4726 1436 4779; x_wconf 80' lang='lat' dir='ltr'><strong>ratio</strong></span> <span class='ocrx_word' id='word_1_724' title='bbox 1463 4726 1742 4795; x_wconf 79' lang='lat' dir='ltr'><strong>cognoscit.</strong></span> 
     </span>
    </p>
   </div>
   <div class='ocr_carea' id='block_1_98' title="bbox 160 4797 1792 4869">
    <p class='ocr_par' dir='ltr' id='par_1_98' title="bbox 160 4797 1792 4869">
     <span class='ocr_line' id='line_1_98' title="bbox 160 4797 1792 4869; baseline -0.001 -16"><span class='ocrx_word' id='word_1_725' title='bbox 160 4798 361 4857; x_wconf 89' lang='lat' dir='ltr'><strong>Sensus</strong></span> <span class='ocrx_word' id='word_1_726' title='bbox 390 4806 493 4866; x_wconf 78' lang='lat' dir='ltr'><strong>est,</strong></span> <span class='ocrx_word' id='word_1_727' title='bbox 520 4797 769 4854; x_wconf 76' lang='lat' dir='ltr'><strong>rationem</strong></span> <span class='ocrx_word' id='word_1_728' title='bbox 789 4800 1012 4853; x_wconf 80' lang='lat' dir='ltr'><strong>divinam</strong></span> <span class='ocrx_word' id='word_1_729' title='bbox 1041 4797 1178 4869; x_wconf 86' lang='lat' dir='ltr'><strong>(sive</strong></span> <span class='ocrx_word' id='word_1_730' title='bbox 1213 4797 1402 4869; x_wconf 80' lang='lat' dir='ltr'><strong>Deum,</strong></span> <span class='ocrx_word' id='word_1_731' title='bbox 1433 4800 1520 4869; x_wconf 84' lang='lat' dir='ltr'><strong>qui</strong></span> <span class='ocrx_word' id='word_1_732' title='bbox 1551 4808 1605 4851; x_wconf 86' lang='lat' dir='ltr'><strong>et</strong></span> <span class='ocrx_word' id='word_1_733' title='bbox 1632 4799 1746 4866; x_wconf 89' lang='lat' dir='ltr'><strong>ipse</strong></span> <span class='ocrx_word' id='word_1_734' title='bbox 1784 4855 1792 4865; x_wconf 56' lang='grc'><em>,</em></span> 
     </span>
    </p>
   </div>
   <div class='ocr_carea' id='block_1_99' title="bbox 159 4868 1749 4942">
    <p class='ocr_par' dir='ltr' id='par_1_99' title="bbox 159 4868 1749 4942">
     <span class='ocr_line' id='line_1_99' title="bbox 159 4868 1749 4942; baseline -0.001 -19"><span class='ocrx_word' id='word_1_735' title='bbox 159 4873 285 4925; x_wconf 84' lang='lat' dir='ltr'><strong>ratio</strong></span> <span class='ocrx_word' id='word_1_736' title='bbox 307 4874 528 4938; x_wconf 88' lang='lat' dir='ltr'><strong>dicitur,</strong></span> <span class='ocrx_word' id='word_1_737' title='bbox 554 4872 645 4927; x_wconf 91' lang='lat' dir='ltr'><strong>lib.</strong></span> <span class='ocrx_word' id='word_1_738' title='bbox 676 4888 715 4938; x_wconf 82' lang='grc' dir='ltr'>ι,</span> <span class='ocrx_word' id='word_1_739' title='bbox 740 4886 858 4938; x_wconf 86' lang='lat' dir='ltr'><strong>cap.</strong></span> <span class='ocrx_word' id='word_1_740' title='bbox 892 4870 968 4942; x_wconf 84' lang='lat'><strong>5),</strong></span> <span class='ocrx_word' id='word_1_741' title='bbox 999 4871 1135 4925; x_wconf 85' lang='lat' dir='ltr'><strong>ratio</strong></span> <span class='ocrx_word' id='word_1_742' title='bbox 1161 4868 1398 4923; x_wconf 87' lang='lat' dir='ltr'><strong>hominis</strong></span> <span class='ocrx_word' id='word_1_743' title='bbox 1420 4868 1558 4939; x_wconf 76' lang='lat' dir='ltr'><strong>(sive</strong></span> <span class='ocrx_word' id='word_1_744' title='bbox 1585 4870 1749 4923; x_wconf 88' lang='lat' dir='ltr'><strong>homo</strong></span> 
     </span>
    </p>
   </div>
   <div class='ocr_carea' id='block_1_100' title="bbox 160 4942 951 5029">
    <p class='ocr_par' dir='ltr' id='par_1_100' title="bbox 160 4942 951 5029">
     <span class='ocr_line' id='line_1_100' title="bbox 160 4942 951 5029; baseline 0.001 -33"><span class='ocrx_word' id='word_1_745' title='bbox 160 4942 459 5029; x_wconf 66' lang='lat' dir='ltr'><strong>rationalis)</strong></span> <span class='ocrx_word' id='word_1_746' title='bbox 488 4945 799 5026; x_wconf 39' lang='lat' dir='ltr'><strong>cognoscin.</strong></span> <span class='ocrx_word' id='word_1_747' title='bbox 817 4942 951 5029; x_wconf 61' lang='lat' dir='ltr'><strong>Beat.</strong></span> 
     </span>
    </p>
   </div>
   <div class='ocr_carea' id='block_1_101' title="bbox 234 5012 1745 5086">
    <p class='ocr_par' dir='ltr' id='par_1_101' title="bbox 234 5012 1745 5086">
     <span class='ocr_line' id='line_1_101' title="bbox 234 5012 1745 5086; baseline -0.001 -19"><span class='ocrx_word' id='word_1_748' title='bbox 234 5012 478 5070; x_wconf 77' lang='lat' dir='ltr'><strong>lloutinis</strong></span> <span class='ocrx_word' id='word_1_749' title='bbox 503 5031 609 5069; x_wconf 84' lang='lat' dir='ltr'><strong>esse</strong></span> <span class='ocrx_word' id='word_1_750' title='bbox 626 5012 1087 5086; x_wconf 60' lang='lat' dir='ltr'><strong>propria._chitttr</strong></span> <span class='ocrx_word' id='word_1_751' title='bbox 1102 5012 1314 5078; x_wconf 78' lang='lat' dir='ltr'><strong>homini,</strong></span> <span class='ocrx_word' id='word_1_752' title='bbox 1334 5021 1464 5086; x_wconf 43' lang='lat' dir='ltr'><strong>etc.)</strong></span> <span class='ocrx_word' id='word_1_753' title='bbox 1488 5019 1542 5068; x_wconf 88' lang='lat' dir='ltr'><strong>et</strong></span> <span class='ocrx_word' id='word_1_754' title='bbox 1563 5018 1745 5086; x_wconf 83' lang='lat' dir='ltr'><strong>notam</strong></span> 
     </span>
    </p>
   </div>
   <div class='ocr_carea' id='block_1_102' title="bbox 161 5080 1744 5156">
    <p class='ocr_par' dir='ltr' id='par_1_102' title="bbox 161 5080 1744 5156">
     <span class='ocr_line' id='line_1_102' title="bbox 161 5080 1744 5156; baseline -0.001 -18"><span class='ocrx_word' id='word_1_755' title='bbox 161 5096 475 5156; x_wconf 81' lang='lat' dir='ltr'><strong>sequentem</strong></span> <span class='ocrx_word' id='word_1_756' title='bbox 502 5080 1038 5141; x_wconf 48' lang='lat' dir='ltr'><strong>exhibet’.—Honiini</strong></span> <span class='ocrx_word' id='word_1_757' title='bbox 1057 5100 1163 5138; x_wconf 82' lang='lat' dir='ltr'><strong>esse</strong></span> <span class='ocrx_word' id='word_1_758' title='bbox 1179 5085 1411 5155; x_wconf 80' lang='lat' dir='ltr'><strong>propria.</strong></span> <span class='ocrx_word' id='word_1_759' title='bbox 1436 5080 1513 5139; x_wconf 84' lang='lat' dir='ltr'><strong>Ita</strong></span> <span class='ocrx_word' id='word_1_760' title='bbox 1539 5085 1744 5149; x_wconf 85' lang='lat' dir='ltr'><strong>statim,</strong></span> 
     </span>
    </p>
   </div>
   <div class='ocr_carea' id='block_1_103' title="bbox 164 5156 1750 5227">
    <p class='ocr_par' dir='ltr' id='par_1_103' title="bbox 164 5156 1750 5227">
     <span class='ocr_line' id='line_1_103' title="bbox 164 5156 1750 5227; baseline 0.001 -19"><span class='ocrx_word' id='word_1_761' title='bbox 164 5160 401 5227; x_wconf 81' lang='lat' dir='ltr'><strong>proprius</strong></span> <span class='ocrx_word' id='word_1_762' title='bbox 451 5159 646 5212; x_wconf 81' lang='lat' dir='ltr'><strong>homini</strong></span> <span class='ocrx_word' id='word_1_763' title='bbox 692 5174 892 5223; x_wconf 86' lang='lat' dir='ltr'><strong>sermo;</strong></span> <span class='ocrx_word' id='word_1_764' title='bbox 943 5165 1160 5226; x_wconf 81' lang='lat' dir='ltr'><strong>peslea,</strong></span> <span class='ocrx_word' id='word_1_765' title='bbox 1211 5156 1415 5211; x_wconf 83' lang='lat' dir='ltr'><strong>risus...</strong></span> <span class='ocrx_word' id='word_1_766' title='bbox 1457 5165 1531 5210; x_wconf 79' lang='lat' dir='ltr'><strong>est</strong></span> <span class='ocrx_word' id='word_1_767' title='bbox 1554 5156 1750 5209; x_wconf 75' lang='lat' dir='ltr'><strong>homini</strong></span> 
     </span>
    </p>
   </div>
   <div class='ocr_carea' id='block_1_104' title="bbox 164 5226 1749 5301">
    <p class='ocr_par' dir='ltr' id='par_1_104' title="bbox 164 5226 1749 5301">
     <span class='ocr_line' id='line_1_104' title="bbox 164 5226 1749 5301; baseline -0.001 -19"><span class='ocrx_word' id='word_1_768' title='bbox 164 5232 445 5300; x_wconf 81' lang='lat' dir='ltr'><strong>proprius;</strong></span> <span class='ocrx_word' id='word_1_769' title='bbox 473 5230 725 5299; x_wconf 84' lang='lat' dir='ltr'><strong>denique,</strong></span> <span class='ocrx_word' id='word_1_770' title='bbox 756 5226 1217 5301; x_wconf 49' lang='lat' dir='ltr'><strong>enitimur/mmini</strong></span> <span class='ocrx_word' id='word_1_771' title='bbox 1240 5228 1528 5296; x_wconf 82' lang='lat' dir='ltr'><strong>proprium;</strong></span> <span class='ocrx_word' id='word_1_772' title='bbox 1550 5237 1603 5301; x_wconf 83' lang='lat' dir='ltr'><strong>et</strong></span> <span class='ocrx_word' id='word_1_773' title='bbox 1630 5229 1749 5301; x_wconf 80' lang='lat' dir='ltr'><strong>loco</strong></span> 
     </span>
    </p>
   </div>
   <div class='ocr_carea' id='block_1_105' title="bbox 163 5299 1755 5371">
    <p class='ocr_par' dir='ltr' id='par_1_105' title="bbox 163 5299 1755 5371">
     <span class='ocr_line' id='line_1_105' title="bbox 163 5299 1755 5371; baseline 0 -17"><span class='ocrx_word' id='word_1_774' title='bbox 163 5302 377 5368; x_wconf 77' lang='lat' dir='ltr'><strong>gemino</strong></span> <span class='ocrx_word' id='word_1_775' title='bbox 425 5302 523 5356; x_wconf 89' lang='lat' dir='ltr'><strong>lib.</strong></span> <span class='ocrx_word' id='word_1_776' title='bbox 550 5315 629 5366; x_wconf 85' lang='lat' dir='ltr'><strong>ut,</strong></span> <span class='ocrx_word' id='word_1_777' title='bbox 682 5299 801 5371; x_wconf 77' lang='lat' dir='ltr'><strong>cap.</strong></span> <span class='ocrx_word' id='word_1_778' title='bbox 835 5299 904 5356; x_wconf 76' lang='grc'><strong>10</strong></span> <span class='ocrx_word' id='word_1_779' title='bbox 937 5318 949 5353; x_wconf 90' lang='lat'><strong>:</strong></span> <span class='ocrx_word' id='word_1_780' title='bbox 986 5299 1115 5366; x_wconf 77' lang='lat' dir='ltr'><strong>Qme</strong></span> <span class='ocrx_word' id='word_1_781' title='bbox 1140 5308 1390 5370; x_wconf 83' lang='lat' dir='ltr'><strong>putantur</strong></span> <span class='ocrx_word' id='word_1_782' title='bbox 1423 5314 1531 5354; x_wconf 81' lang='lat' dir='ltr'><strong>esse</strong></span> <span class='ocrx_word' id='word_1_783' title='bbox 1560 5299 1755 5354; x_wconf 80' lang='lat' dir='ltr'><strong>homini</strong></span> 
     </span>
    </p>
   </div>
   <div class='ocr_carea' id='block_1_106' title="bbox 162 5372 546 5443">
    <p class='ocr_par' dir='ltr' id='par_1_106' title="bbox 162 5372 546 5443">
     <span class='ocr_line' id='line_1_106' title="bbox 162 5372 546 5443; baseline 0.003 -19"><span class='ocrx_word' id='word_1_784' title='bbox 162 5374 390 5443; x_wconf 82' lang='lat' dir='ltr'><strong>prapria.</strong></span> <span class='ocrx_word' id='word_1_785' title='bbox 416 5372 546 5427; x_wconf 75' lang='lat' dir='ltr'><strong>BDN.</strong></span> 
     </span>
    </p>
   </div>
   <div class='ocr_carea' id='block_1_107' title="bbox 236 5439 1751 5504">
    <p class='ocr_par' dir='ltr' id='par_1_107' title="bbox 236 5439 1751 5504">
     <span class='ocr_line' id='line_1_107' title="bbox 236 5439 1751 5504; baseline -0.002 -5"><span class='ocrx_word' id='word_1_786' title='bbox 236 5439 464 5499; x_wconf 79' lang='lat' dir='ltr'><strong>Similia.</strong></span> <span class='ocrx_word' id='word_1_787' title='bbox 497 5444 702 5499; x_wconf 88' lang='lat' dir='ltr'><strong>Seneca</strong></span> <span class='ocrx_word' id='word_1_788' title='bbox 732 5443 827 5497; x_wconf 85' lang='lat' dir='ltr'><strong>lib.</strong></span> <span class='ocrx_word' id='word_1_789' title='bbox 857 5442 926 5500; x_wconf 90' lang='lat' dir='ltr'><strong>de</strong></span> <span class='ocrx_word' id='word_1_790' title='bbox 955 5442 1062 5504; x_wconf 88' lang='lat' dir='ltr'><strong>Ira.</strong></span> <span class='ocrx_word' id='word_1_791' title='bbox 1108 5456 1157 5498; x_wconf 89' lang='lat' dir='ltr'><strong>c.</strong></span> <span class='ocrx_word' id='word_1_792' title='bbox 1198 5441 1233 5497; x_wconf 71' lang='grc' dir='ltr'>ὅ</span> <span class='ocrx_word' id='word_1_793' title='bbox 1266 5458 1278 5495; x_wconf 88' lang='lat'><strong>:</strong></span> <span class='ocrx_word' id='word_1_794' title='bbox 1326 5439 1474 5495; x_wconf 79' lang='lat' dir='ltr'><strong>Muta</strong></span> <span class='ocrx_word' id='word_1_795' title='bbox 1503 5442 1751 5496; x_wconf 81' lang='lat' dir='ltr'><strong>animalia</strong></span> 
     </span>
    </p>
   </div>
   <div class='ocr_carea' id='block_1_108' title="bbox 168 5514 1754 5583">
    <p class='ocr_par' dir='ltr' id='par_1_108' title="bbox 168 5514 1754 5583">
     <span class='ocr_line' id='line_1_108' title="bbox 168 5514 1754 5583; baseline 0.001 -16"><span class='ocrx_word' id='word_1_796' title='bbox 168 5514 401 5569; x_wconf 78' lang='lat' dir='ltr'><strong>lmntanis</strong></span> <span class='ocrx_word' id='word_1_797' title='bbox 431 5514 693 5583; x_wconf 64' lang='lat' dir='ltr'><strong>aﬂectibus</strong></span> <span class='ocrx_word' id='word_1_798' title='bbox 738 5524 911 5569; x_wconf 81' lang='lat' dir='ltr'><strong>carent</strong></span> <span class='ocrx_word' id='word_1_799' title='bbox 942 5532 959 5569; x_wconf 71' lang='grc' dir='ltr'><strong><em>ε</em></strong></span> <span class='ocrx_word' id='word_1_800' title='bbox 992 5515 1175 5569; x_wconf 82' lang='lat' dir='ltr'><strong>habent</strong></span> <span class='ocrx_word' id='word_1_801' title='bbox 1213 5521 1381 5566; x_wconf 78' lang='lat' dir='ltr'><strong>autem</strong></span> <span class='ocrx_word' id='word_1_802' title='bbox 1428 5514 1619 5568; x_wconf 84' lang='lat' dir='ltr'><strong>similes</strong></span> <span class='ocrx_word' id='word_1_803' title='bbox 1648 5515 1754 5568; x_wconf 86' lang='lat' dir='ltr'><strong>illis</strong></span> 
     </span>
    </p>
   </div>
   <div class='ocr_carea' id='block_1_109' title="bbox 167 5583 1751 5657">
    <p class='ocr_par' dir='ltr' id='par_1_109' title="bbox 167 5583 1751 5657">
     <span class='ocr_line' id='line_1_109' title="bbox 167 5583 1751 5657; baseline -0.001 -18"><span class='ocrx_word' id='word_1_804' title='bbox 167 5590 408 5657; x_wconf 72' lang='lat' dir='ltr'><strong>quosdam</strong></span> <span class='ocrx_word' id='word_1_805' title='bbox 453 5587 734 5657; x_wconf 81' lang='lat' dir='ltr'><strong>impulsus._</strong></span> <span class='ocrx_word' id='word_1_806' title='bbox 762 5586 909 5641; x_wconf 81' lang='lat' dir='ltr'><strong>Adde</strong></span> <span class='ocrx_word' id='word_1_807' title='bbox 938 5587 1176 5657; x_wconf 77' lang='lat' dir='ltr'><strong>reliqua,</strong></span> <span class='ocrx_word' id='word_1_808' title='bbox 1208 5595 1262 5640; x_wconf 88' lang='lat' dir='ltr'><strong>et</strong></span> <span class='ocrx_word' id='word_1_809' title='bbox 1303 5583 1505 5640; x_wconf 80' lang='lat' dir='ltr'><strong>Arnob.</strong></span> <span class='ocrx_word' id='word_1_810' title='bbox 1555 5584 1647 5640; x_wconf 85' lang='lat' dir='ltr'><strong>lib.</strong></span> <span class='ocrx_word' id='word_1_811' title='bbox 1698 5584 1751 5650; x_wconf 88' lang='lat'><strong>7,</strong></span> 
     </span>
    </p>
   </div>
   <div class='ocr_carea' id='block_1_110' title="bbox 173 5655 1243 5725">
    <p class='ocr_par' dir='ltr' id='par_1_110' title="bbox 173 5655 1243 5725">
     <span class='ocr_line' id='line_1_110' title="bbox 173 5655 1243 5725; baseline 0.001 -17"><span class='ocrx_word' id='word_1_812' title='bbox 173 5655 440 5722; x_wconf 83' lang='lat' dir='ltr'><strong>Vossium,</strong></span> <span class='ocrx_word' id='word_1_813' title='bbox 473 5655 566 5711; x_wconf 86' lang='lat' dir='ltr'><strong>lib.</strong></span> <span class='ocrx_word' id='word_1_814' title='bbox 600 5673 656 5711; x_wconf 85' lang='lat' dir='ltr'><strong>Ill</strong></span> <span class='ocrx_word' id='word_1_815' title='bbox 683 5655 812 5711; x_wconf 90' lang='lat' dir='ltr'><strong>ldol.</strong></span> <span class='ocrx_word' id='word_1_816' title='bbox 838 5668 957 5725; x_wconf 86' lang='lat' dir='ltr'><strong>cap.</strong></span> <span class='ocrx_word' id='word_1_817' title='bbox 990 5655 1081 5717; x_wconf 71' lang='grc'><strong>44,</strong></span> <span class='ocrx_word' id='word_1_818' title='bbox 1110 5656 1243 5711; x_wconf 71' lang='lat' dir='ltr'><strong>Buu.</strong></span> 
     </span>
    </p>
   </div>
   <div class='ocr_carea' id='block_1_111' title="bbox 240 5725 1758 5797">
    <p class='ocr_par' dir='ltr' id='par_1_111' title="bbox 240 5725 1758 5797">
     <span class='ocr_line' id='line_1_111' title="bbox 240 5725 1758 5797; baseline 0.001 -17"><span class='ocrx_word' id='word_1_819' title='bbox 240 5725 432 5780; x_wconf 79' lang='lat' dir='ltr'><strong>Tamen</strong></span> <span class='ocrx_word' id='word_1_820' title='bbox 460 5738 502 5781; x_wconf 72' lang='lat' dir='ltr'><strong>et</strong></span> <span class='ocrx_word' id='word_1_821' title='bbox 526 5730 576 5781; x_wconf 89' lang='lat' dir='ltr'><strong>in</strong></span> <span class='ocrx_word' id='word_1_822' title='bbox 604 5728 707 5781; x_wconf 85' lang='lat' dir='ltr'><strong>illis</strong></span> <span class='ocrx_word' id='word_1_823' title='bbox 731 5727 967 5797; x_wconf 76' lang='lat' dir='ltr'><strong>quwdant</strong></span> <span class='ocrx_word' id='word_1_824' title='bbox 992 5728 1272 5782; x_wconf 83' lang='lat' dir='ltr'><strong>similitudo</strong></span> <span class='ocrx_word' id='word_1_825' title='bbox 1301 5727 1565 5782; x_wconf 83' lang='lat' dir='ltr'><strong>sermonis.</strong></span> <span class='ocrx_word' id='word_1_826' title='bbox 1590 5725 1758 5782; x_wconf 85' lang='lat' dir='ltr'><strong>Fran-</strong></span> 
     </span>
    </p>
   </div>
   <div class='ocr_carea' id='block_1_112' title="bbox 171 5797 1751 5867">
    <p class='ocr_par' dir='ltr' id='par_1_112' title="bbox 171 5797 1751 5867">
     <span class='ocr_line' id='line_1_112' title="bbox 171 5797 1751 5867; baseline 0.002 -18"><span class='ocrx_word' id='word_1_827' title='bbox 171 5797 302 5867; x_wconf 80' lang='lat' dir='ltr'><strong>cius,</strong></span> <span class='ocrx_word' id='word_1_828' title='bbox 337 5810 505 5853; x_wconf 83' lang='lat' dir='ltr'><strong>tamen</strong></span> <span class='ocrx_word' id='word_1_829' title='bbox 529 5808 618 5852; x_wconf 77' lang='lat' dir='ltr'><strong>est.</strong></span> <span class='ocrx_word' id='word_1_830' title='bbox 654 5798 786 5852; x_wconf 87' lang='lat' dir='ltr'><strong>ilnic</strong></span> <span class='ocrx_word' id='word_1_831' title='bbox 816 5799 1099 5854; x_wconf 62' lang='lat' dir='ltr'><strong>sententia&quot;:</strong></span> <span class='ocrx_word' id='word_1_832' title='bbox 1125 5799 1319 5867; x_wconf 84' lang='lat' dir='ltr'><strong>similia</strong></span> <span class='ocrx_word' id='word_1_833' title='bbox 1353 5800 1513 5852; x_wconf 86' lang='lat' dir='ltr'><strong>habet</strong></span> <span class='ocrx_word' id='word_1_834' title='bbox 1534 5797 1751 5853; x_wconf 90' lang='lat' dir='ltr'><strong>Lucret.</strong></span> 
     </span>
    </p>
   </div>
   <div class='ocr_carea' id='block_1_113' title="bbox 171 5865 1758 5941">
    <p class='ocr_par' dir='ltr' id='par_1_113' title="bbox 171 5865 1758 5941">
     <span class='ocr_line' id='line_1_113' title="bbox 171 5865 1758 5941; baseline 0.003 -22"><span class='ocrx_word' id='word_1_835' title='bbox 171 5866 262 5941; x_wconf 74' lang='lat' dir='ltr'><strong>lib.</strong></span> <span class='ocrx_word' id='word_1_836' title='bbox 290 5865 346 5941; x_wconf 42' lang='lat' dir='ltr'><strong>‘v,</strong></span> <span class='ocrx_word' id='word_1_837' title='bbox 380 5870 435 5941; x_wconf 81' lang='lat' dir='ltr'><strong>et</strong></span> <span class='ocrx_word' id='word_1_838' title='bbox 466 5868 629 5941; x_wconf 69' lang='lat' dir='ltr'><strong>Basil.</strong></span> <span class='ocrx_word' id='word_1_839' title='bbox 673 5869 807 5939; x_wconf 81' lang='lat' dir='ltr'><strong>Mag.</strong></span> <span class='ocrx_word' id='word_1_840' title='bbox 851 5865 1518 5941; x_wconf 63' lang='lat' dir='ltr'><strong>oration._8._ﬂe;amen.</strong></span> <span class='ocrx_word' id='word_1_841' title='bbox 1564 5878 1618 5924; x_wconf 90' lang='lat' dir='ltr'><strong>et</strong></span> <span class='ocrx_word' id='word_1_842' title='bbox 1642 5869 1758 5941; x_wconf 77' lang='lat' dir='ltr'><strong>_i_n9</strong></span> 
     </span>
    </p>
   </div>
   <div class='ocr_carea' id='block_1_114' title="bbox 174 5936 1760 6013">
    <p class='ocr_par' dir='ltr' id='par_1_114' title="bbox 174 5936 1760 6013">
     <span class='ocr_line' id='line_1_114' title="bbox 174 5936 1760 6013; baseline 0.001 -20"><span class='ocrx_word' id='word_1_843' title='bbox 174 5936 261 6011; x_wconf 84' lang='lat' dir='ltr'><strong>ubi</strong></span> <span class='ocrx_word' id='word_1_844' title='bbox 286 5939 692 5996; x_wconf 81' lang='lat' dir='ltr'><strong>similitudinem</strong></span> <span class='ocrx_word' id='word_1_845' title='bbox 715 5936 998 6013; x_wconf 80' lang='lat' dir='ltr'><strong>quamdam</strong></span> <span class='ocrx_word' id='word_1_846' title='bbox 1023 5937 1447 5994; x_wconf 72' lang='lat' dir='ltr'><strong>ratiocinationis</strong></span> <span class='ocrx_word' id='word_1_847' title='bbox 1477 5942 1525 5993; x_wconf 90' lang='lat' dir='ltr'><strong>in</strong></span> <span class='ocrx_word' id='word_1_848' title='bbox 1541 5938 1760 5996; x_wconf 83' lang='lat' dir='ltr'><strong>canibus</strong></span> 
     </span>
    </p>
   </div>
   <div class='ocr_carea' id='block_1_115' title="bbox 1849 4678 3455 4751">
    <p class='ocr_par' dir='ltr' id='par_1_115' title="bbox 1849 4678 3455 4751">
     <span class='ocr_line' id='line_1_115' title="bbox 1849 4678 3455 4751; baseline -0.006 -12"><span class='ocrx_word' id='word_1_849' title='bbox 1849 4678 2032 4740; x_wconf 72' lang='lat' dir='ltr'><strong>tudine</strong></span> <span class='ocrx_word' id='word_1_850' title='bbox 2061 4683 2422 4739; x_wconf 89' lang='lat' dir='ltr'><strong>laborantium</strong></span> <span class='ocrx_word' id='word_1_851' title='bbox 2445 4695 2640 4751; x_wconf 90' lang='lat' dir='ltr'><strong>operas</strong></span> <span class='ocrx_word' id='word_1_852' title='bbox 2668 4679 2927 4736; x_wconf 89' lang='lat' dir='ltr'><strong>describit</strong></span> <span class='ocrx_word' id='word_1_853' title='bbox 2950 4679 3198 4751; x_wconf 78' lang='lat' dir='ltr'><strong>Georgia.</strong></span> <span class='ocrx_word' id='word_1_854' title='bbox 3227 4678 3401 4751; x_wconf 88' lang='lat' dir='ltr'><strong>primo</strong></span> <span class='ocrx_word' id='word_1_855' title='bbox 3440 4695 3455 4744; x_wconf 88' lang='lat'><strong>;</strong></span> 
     </span>
    </p>
   </div>
   <div class='ocr_carea' id='block_1_116' title="bbox 2097 4792 3147 4856">
    <p class='ocr_par' dir='ltr' id='par_1_116' title="bbox 2097 4792 3147 4856">
     <span class='ocr_line' id='line_1_116' title="bbox 2097 4792 3147 4856; baseline -0.003 -13"><span class='ocrx_word' id='word_1_856' title='bbox 2097 4793 2404 4856; x_wconf 85' lang='lat' dir='ltr'><strong>Populatquc</strong></span> <span class='ocrx_word' id='word_1_857' title='bbox 2428 4792 2688 4854; x_wconf 84' lang='lat' dir='ltr'><strong>ingentem</strong></span> <span class='ocrx_word' id='word_1_858' title='bbox 2711 4792 2852 4842; x_wconf 83' lang='lat' dir='ltr'><strong>farris</strong></span> <span class='ocrx_word' id='word_1_859' title='bbox 2870 4804 3105 4842; x_wconf 80' lang='lat' dir='ltr'><strong>acervum</strong></span> <span class='ocrx_word' id='word_1_860' title='bbox 3134 4804 3147 4840; x_wconf 91' lang='lat'><strong>:</strong></span> 
     </span>
    </p>
   </div>
   <div class='ocr_carea' id='block_1_117' title="bbox 2034 4856 3354 4919">
    <p class='ocr_par' dir='ltr' id='par_1_117' title="bbox 2034 4856 3354 4919">
     <span class='ocr_line' id='line_1_117' title="bbox 2034 4856 3354 4919; baseline -0.006 -11"><span class='ocrx_word' id='word_1_861' title='bbox 2034 4857 2277 4916; x_wconf 82' lang='lat' dir='ltr'><strong>Curculio,</strong></span> <span class='ocrx_word' id='word_1_862' title='bbox 2304 4864 2451 4919; x_wconf 84' lang='lat' dir='ltr'><strong>atque</strong></span> <span class='ocrx_word' id='word_1_863' title='bbox 2477 4856 2610 4917; x_wconf 80' lang='lat' dir='ltr'><strong>inept</strong></span> <span class='ocrx_word' id='word_1_864' title='bbox 2637 4863 2867 4905; x_wconf 84' lang='lat' dir='ltr'><strong>metuens</strong></span> <span class='ocrx_word' id='word_1_865' title='bbox 2891 4856 3088 4906; x_wconf 78' lang='lat' dir='ltr'><strong>formica</strong></span> <span class='ocrx_word' id='word_1_866' title='bbox 3114 4859 3354 4906; x_wconf 59' lang='lat' dir='ltr'><strong>sene-etas.</strong></span> 
     </span>
    </p>
   </div>
   <div class='ocr_carea' id='block_1_118' title="bbox 1847 4960 2903 5027">
    <p class='ocr_par' dir='ltr' id='par_1_118' title="bbox 1847 4960 2903 5027">
     <span class='ocr_line' id='line_1_118' title="bbox 1847 4960 2903 5027; baseline -0.008 -6"><span class='ocrx_word' id='word_1_867' title='bbox 1847 4963 1983 5021; x_wconf 77' lang='lat' dir='ltr'><strong>Vide</strong></span> <span class='ocrx_word' id='word_1_868' title='bbox 2010 4962 2195 5021; x_wconf 83' lang='lat' dir='ltr'><strong>Horat.</strong></span> <span class='ocrx_word' id='word_1_869' title='bbox 2222 4960 2287 5016; x_wconf 89' lang='lat' dir='ltr'><strong>ad</strong></span> <span class='ocrx_word' id='word_1_870' title='bbox 2310 4960 2680 5027; x_wconf 77' lang='lat' dir='ltr'><strong>Mcctenatem,</strong></span> <span class='ocrx_word' id='word_1_871' title='bbox 2708 4970 2809 5016; x_wconf 90' lang='lat' dir='ltr'><strong>sat.</strong></span> <span class='ocrx_word' id='word_1_872' title='bbox 2841 4978 2855 5016; x_wconf 85' lang='grc' dir='ltr'><strong>ι</strong></span> <span class='ocrx_word' id='word_1_873' title='bbox 2890 4979 2903 5013; x_wconf 92' lang='lat'>:</span> 
     </span>
    </p>
   </div>
   <div class='ocr_carea' id='block_1_119' title="bbox 2035 5076 3376 5201">
    <p class='ocr_par' dir='ltr' id='par_1_119' title="bbox 2035 5076 3376 5201">
     <span class='ocr_line' id='line_1_119' title="bbox 2035 5076 3376 5201; baseline -0.007 -8"><span class='ocrx_word' id='word_1_874' title='bbox 2035 5136 2246 5201; x_wconf 75' lang='lat' dir='ltr'><strong>Parvula</strong></span> <span class='ocrx_word' id='word_1_875' title='bbox 2268 5130 2379 5189; x_wconf 79' lang='lat' dir='ltr'><strong>nam</strong></span> <span class='ocrx_word' id='word_1_876' title='bbox 2403 5137 2637 5199; x_wconf 80' lang='lat' dir='ltr'><strong>exemplo</strong></span> <span class='ocrx_word' id='word_1_877' title='bbox 2660 5142 2737 5189; x_wconf 89' lang='lat' dir='ltr'><strong>est</strong></span> <span class='ocrx_word' id='word_1_878' title='bbox 2756 5076 3376 5201; x_wconf 26' lang='lat' dir='ltr'><strong>.magni&#39;fog‘rici‘lcttiflaboris,</strong></span> 
     </span>
    </p>
   </div>
   <div class='ocr_carea' id='block_1_120' title="bbox 2038 5197 3427 5267">
    <p class='ocr_par' dir='ltr' id='par_1_120' title="bbox 2038 5197 3427 5267">
     <span class='ocr_line' id='line_1_120' title="bbox 2038 5197 3427 5267; baseline -0.005 -15"><span class='ocrx_word' id='word_1_879' title='bbox 2038 5200 2139 5267; x_wconf 80' lang='lat' dir='ltr'><strong>Qre</strong></span> <span class='ocrx_word' id='word_1_880' title='bbox 2164 5201 2313 5251; x_wconf 88' lang='lat' dir='ltr'><strong>trahit</strong></span> <span class='ocrx_word' id='word_1_881' title='bbox 2329 5197 2677 5267; x_wconf 77' lang='lat' dir='ltr'><strong>quodcumque</strong></span> <span class='ocrx_word' id='word_1_882' title='bbox 2705 5197 2888 5264; x_wconf 67' lang='lat' dir='ltr'><strong>potest,</strong></span> <span class='ocrx_word' id='word_1_883' title='bbox 2917 5208 3065 5267; x_wconf 80' lang='lat' dir='ltr'><strong>atque</strong></span> <span class='ocrx_word' id='word_1_884' title='bbox 3088 5197 3222 5267; x_wconf 68' lang='lat' dir='ltr'><strong>addit</strong></span> <span class='ocrx_word' id='word_1_885' title='bbox 3246 5208 3427 5267; x_wconf 78' lang='lat' dir='ltr'><strong>acervo</strong></span> 
     </span>
    </p>
   </div>
   <div class='ocr_carea' id='block_1_121' title="bbox 2039 5260 3363 5328">
    <p class='ocr_par' dir='ltr' id='par_1_121' title="bbox 2039 5260 3363 5328">
     <span class='ocr_line' id='line_1_121' title="bbox 2039 5260 3363 5328; baseline -0.004 -15"><span class='ocrx_word' id='word_1_886' title='bbox 2039 5264 2198 5327; x_wconf 85' lang='lat' dir='ltr'><strong>Quem</strong></span> <span class='ocrx_word' id='word_1_887' title='bbox 2220 5260 2381 5328; x_wconf 74' lang='lat' dir='ltr'><strong>struit,</strong></span> <span class='ocrx_word' id='word_1_888' title='bbox 2408 5264 2536 5313; x_wconf 68' lang='lat' dir='ltr'><strong>haud</strong></span> <span class='ocrx_word' id='word_1_889' title='bbox 2559 5260 2748 5326; x_wconf 65' lang='lat' dir='ltr'><strong>ig&#39;uara,</strong></span> <span class='ocrx_word' id='word_1_890' title='bbox 2774 5276 2831 5321; x_wconf 81' lang='lat' dir='ltr'><strong>ac</strong></span> <span class='ocrx_word' id='word_1_891' title='bbox 2854 5276 2954 5319; x_wconf 86' lang='lat' dir='ltr'><strong>non</strong></span> <span class='ocrx_word' id='word_1_892' title='bbox 2974 5260 3170 5319; x_wconf 81' lang='lat' dir='ltr'><strong>incauta</strong></span> <span class='ocrx_word' id='word_1_893' title='bbox 3192 5260 3363 5311; x_wconf 86' lang='lat' dir='ltr'><strong>futuri.</strong></span> 
     </span>
    </p>
   </div>
   <div class='ocr_carea' id='block_1_122' title="bbox 1853 5363 3459 5440">
    <p class='ocr_par' dir='ltr' id='par_1_122' title="bbox 1853 5363 3459 5440">
     <span class='ocr_line' id='line_1_122' title="bbox 1853 5363 3459 5440; baseline -0.004 -16"><span class='ocrx_word' id='word_1_894' title='bbox 1853 5368 1991 5437; x_wconf 77' lang='lat' dir='ltr'><strong>Quid</strong></span> <span class='ocrx_word' id='word_1_895' title='bbox 2010 5366 2151 5440; x_wconf 82' lang='lat' dir='ltr'><strong>quod</strong></span> <span class='ocrx_word' id='word_1_896' title='bbox 2183 5365 2439 5440; x_wconf 74' lang='lat' dir='ltr'><strong>Salomon</strong></span> <span class='ocrx_word' id='word_1_897' title='bbox 2468 5368 2674 5436; x_wconf 80' lang='lat' dir='ltr'><strong>pigrum</strong></span> <span class='ocrx_word' id='word_1_898' title='bbox 2707 5365 2951 5440; x_wconf 52' lang='lat' dir='ltr'><strong>formica}</strong></span> <span class='ocrx_word' id='word_1_899' title='bbox 2977 5363 3311 5440; x_wconf 78' lang='lat' dir='ltr'><strong>exempload</strong></span> <span class='ocrx_word' id='word_1_900' title='bbox 3331 5377 3459 5440; x_wconf 55' lang='lat' dir='ltr'><strong>ope.</strong></span> 
     </span>
    </p>
   </div>
   <div class='ocr_carea' id='block_1_123' title="bbox 1854 5435 3456 5507">
    <p class='ocr_par' dir='ltr' id='par_1_123' title="bbox 1854 5435 3456 5507">
     <span class='ocr_line' id='line_1_123' title="bbox 1854 5435 3456 5507; baseline -0.004 -11"><span class='ocrx_word' id='word_1_901' title='bbox 1854 5435 1944 5497; x_wconf 75' lang='lat' dir='ltr'><strong>ras</strong></span> <span class='ocrx_word' id='word_1_902' title='bbox 1967 5435 2186 5503; x_wconf 75' lang='lat' dir='ltr'><strong>excitat,</strong></span> <span class='ocrx_word' id='word_1_903' title='bbox 2213 5438 2497 5504; x_wconf 82' lang='lat' dir='ltr'><strong>Proverb.,</strong></span> <span class='ocrx_word' id='word_1_904' title='bbox 2527 5453 2576 5490; x_wconf 93' lang='lat' dir='ltr'><strong>c.</strong></span> <span class='ocrx_word' id='word_1_905' title='bbox 2595 5454 2667 5499; x_wconf 67' lang='grc' dir='ltr'><strong>γι,</strong></span> <span class='ocrx_word' id='word_1_906' title='bbox 2700 5437 3047 5507; x_wconf 81' lang='lat' dir='ltr'><strong>ettrigesimo</strong></span> <span class='ocrx_word' id='word_1_907' title='bbox 3070 5435 3269 5507; x_wconf 83' lang='lat' dir='ltr'><strong>colligit</strong></span> <span class='ocrx_word' id='word_1_908' title='bbox 3296 5435 3456 5489; x_wconf 91' lang='lat' dir='ltr'><strong>etiam</strong></span> 
     </span>
    </p>
   </div>
   <div class='ocr_carea' id='block_1_124' title="bbox 1855 5506 3453 5578">
    <p class='ocr_par' dir='ltr' id='par_1_124' title="bbox 1855 5506 3453 5578">
     <span class='ocr_line' id='line_1_124' title="bbox 1855 5506 3453 5578; baseline -0.006 -9"><span class='ocrx_word' id='word_1_909' title='bbox 1855 5512 2136 5569; x_wconf 83' lang='lat' dir='ltr'><strong>industriae</strong></span> <span class='ocrx_word' id='word_1_910' title='bbox 2163 5508 2477 5578; x_wconf 86' lang='lat' dir='ltr'><strong>animalium</strong></span> <span class='ocrx_word' id='word_1_911' title='bbox 2508 5508 2777 5578; x_wconf 81' lang='lat' dir='ltr'><strong>exempla.</strong></span> <span class='ocrx_word' id='word_1_912' title='bbox 2806 5506 3084 5578; x_wconf 60' lang='lat' dir='ltr'><strong>Cietermn</strong></span> <span class='ocrx_word' id='word_1_913' title='bbox 3105 5506 3172 5578; x_wconf 85' lang='lat' dir='ltr'><strong>de</strong></span> <span class='ocrx_word' id='word_1_914' title='bbox 3202 5507 3453 5561; x_wconf 88' lang='lat' dir='ltr'><strong>lormiea-</strong></span> 
     </span>
    </p>
   </div>
   <div class='ocr_carea' id='block_1_125' title="bbox 1855 5576 3449 5650">
    <p class='ocr_par' dir='ltr' id='par_1_125' title="bbox 1855 5576 3449 5650">
     <span class='ocr_line' id='line_1_125' title="bbox 1855 5576 3449 5650; baseline -0.005 -10"><span class='ocrx_word' id='word_1_915' title='bbox 1855 5599 1976 5640; x_wconf 85' lang='lat' dir='ltr'><strong>rum</strong></span> <span class='ocrx_word' id='word_1_916' title='bbox 2006 5581 2269 5635; x_wconf 80' lang='lat' dir='ltr'><strong>induSIria</strong></span> <span class='ocrx_word' id='word_1_917' title='bbox 2301 5577 2486 5647; x_wconf 67' lang='lat' dir='ltr'><strong>Esupi</strong></span> <span class='ocrx_word' id='word_1_918' title='bbox 2530 5576 2784 5650; x_wconf 79' lang='lat' dir='ltr'><strong>apologus</strong></span> <span class='ocrx_word' id='word_1_919' title='bbox 2817 5589 2918 5634; x_wconf 73' lang='grc' dir='ltr'><strong>εει.</strong></span> <span class='ocrx_word' id='word_1_920' title='bbox 2969 5579 3042 5632; x_wconf 92' lang='lat' dir='ltr'><strong>De</strong></span> <span class='ocrx_word' id='word_1_921' title='bbox 3074 5576 3232 5650; x_wconf 90' lang='lat' dir='ltr'><strong>h_ujus</strong></span> <span class='ocrx_word' id='word_1_922' title='bbox 3260 5590 3449 5650; x_wconf 83' lang='lat' dir='ltr'><strong>natura</strong></span> 
     </span>
    </p>
   </div>
   <div class='ocr_carea' id='block_1_126' title="bbox 1861 5648 3455 5715">
    <p class='ocr_par' dir='ltr' id='par_1_126' title="bbox 1861 5648 3455 5715">
     <span class='ocr_line' id='line_1_126' title="bbox 1861 5648 3455 5715; baseline -0.003 -6"><span class='ocrx_word' id='word_1_923' title='bbox 1861 5651 2228 5710; x_wconf 84' lang='lat' dir='ltr'><strong>c0nsulendns</strong></span> <span class='ocrx_word' id='word_1_924' title='bbox 2250 5661 2334 5705; x_wconf 89' lang='lat' dir='ltr'><strong>est</strong></span> <span class='ocrx_word' id='word_1_925' title='bbox 2378 5648 2579 5704; x_wconf 62' lang='lat' dir='ltr'><strong>Plinius</strong></span> <span class='ocrx_word' id='word_1_926' title='bbox 2622 5650 2659 5702; x_wconf 88' lang='grc' dir='ltr'><strong>Ι.</strong></span> <span class='ocrx_word' id='word_1_927' title='bbox 2684 5664 2757 5714; x_wconf 79' lang='lat' dir='ltr'><strong>xr,</strong></span> <span class='ocrx_word' id='word_1_928' title='bbox 2783 5663 2832 5703; x_wconf 90' lang='lat' dir='ltr'><strong>c.</strong></span> <span class='ocrx_word' id='word_1_929' title='bbox 2857 5650 3033 5715; x_wconf 81' lang='lat' dir='ltr'><strong>Deest,</strong></span> <span class='ocrx_word' id='word_1_930' title='bbox 3065 5648 3332 5714; x_wconf 67' lang='lat' dir='ltr'><strong>Elianus,</strong></span> <span class='ocrx_word' id='word_1_931' title='bbox 3361 5649 3455 5704; x_wconf 92' lang='lat' dir='ltr'><strong>lib.</strong></span> 
     </span>
    </p>
   </div>
   <div class='ocr_carea' id='block_1_127' title="bbox 1858 5719 3457 5791">
    <p class='ocr_par' dir='ltr' id='par_1_127' title="bbox 1858 5719 3457 5791">
     <span class='ocr_line' id='line_1_127' title="bbox 1858 5719 3457 5791; baseline -0.004 -9"><span class='ocrx_word' id='word_1_932' title='bbox 1858 5743 1993 5791; x_wconf 78' lang='lat' dir='ltr'><strong>vin;</strong></span> <span class='ocrx_word' id='word_1_933' title='bbox 2027 5724 2282 5786; x_wconf 83' lang='lat' dir='ltr'><strong>Aristot.,</strong></span> <span class='ocrx_word' id='word_1_934' title='bbox 2334 5721 2427 5775; x_wconf 88' lang='lat' dir='ltr'><strong>lib.</strong></span> <span class='ocrx_word' id='word_1_935' title='bbox 2457 5736 2496 5785; x_wconf 93' lang='lat' dir='ltr'><strong>I,</strong></span> <span class='ocrx_word' id='word_1_936' title='bbox 2529 5719 2666 5779; x_wconf 87' lang='lat' dir='ltr'><strong>llist.</strong></span> <span class='ocrx_word' id='word_1_937' title='bbox 2710 5721 3060 5787; x_wconf 80' lang='lat' dir='ltr'><strong>Animalium,</strong></span> <span class='ocrx_word' id='word_1_938' title='bbox 3086 5736 3205 5791; x_wconf 88' lang='lat' dir='ltr'><strong>cap.</strong></span> <span class='ocrx_word' id='word_1_939' title='bbox 3241 5721 3323 5775; x_wconf 79' lang='grc' dir='ltr'><em>Η.</em></span> <span class='ocrx_word' id='word_1_940' title='bbox 3354 5720 3457 5775; x_wconf 73' lang='lat' dir='ltr'><strong>llr.-</strong></span> 
     </span>
    </p>
   </div>
   <div class='ocr_carea' id='block_1_128' title="bbox 1866 5810 2117 5854">
    <p class='ocr_par' dir='ltr' id='par_1_128' title="bbox 1866 5810 2117 5854">
     <span class='ocr_line' id='line_1_128' title="bbox 1866 5810 2117 5854; baseline -0.016 0"><span class='ocrx_word' id='word_1_941' title='bbox 1866 5810 2117 5854; x_wconf 80' lang='lat' dir='ltr'><strong>TULEIUS.</strong></span> 
     </span>
    </p>
   </div>
   <div class='ocr_carea' id='block_1_129' title="bbox 1935 5859 3456 5937">
    <p class='ocr_par' dir='ltr' id='par_1_129' title="bbox 1935 5859 3456 5937">
     <span class='ocr_line' id='line_1_129' title="bbox 1935 5859 3456 5937; baseline -0.004 -15"><span class='ocrx_word' id='word_1_942' title='bbox 1935 5873 2063 5923; x_wconf 75' lang='lat' dir='ltr'><strong>Cum</strong></span> <span class='ocrx_word' id='word_1_943' title='bbox 2091 5863 2359 5937; x_wconf 70' lang='lat' dir='ltr'><strong>populant.</strong></span> <span class='ocrx_word' id='word_1_944' title='bbox 2396 5864 2471 5917; x_wconf 75' lang='lat' dir='ltr'><strong>Ex</strong></span> <span class='ocrx_word' id='word_1_945' title='bbox 2498 5859 2868 5937; x_wconf 77' lang='lat' dir='ltr'><strong>vetustissimo</strong></span> <span class='ocrx_word' id='word_1_946' title='bbox 2896 5863 3200 5937; x_wconf 84' lang='lat' dir='ltr'><strong>et__opti_mo_</strong></span> <span class='ocrx_word' id='word_1_947' title='bbox 3221 5876 3324 5917; x_wconf 88' lang='lat' dir='ltr'><strong>ms.</strong></span> <span class='ocrx_word' id='word_1_948' title='bbox 3352 5862 3456 5937; x_wconf 59' lang='lat' dir='ltr'><strong>Re:</strong></span> 
     </span>
    </p>
   </div>
   <div class='ocr_carea' id='block_1_130' title="bbox 1861 5928 3456 6013">
    <p class='ocr_par' dir='ltr' id='par_1_130' title="bbox 1861 5928 3456 6013">
     <span class='ocr_line' id='line_1_130' title="bbox 1861 5928 3456 6013; baseline -0.003 -17"><span class='ocrx_word' id='word_1_949' title='bbox 1861 5928 2102 6013; x_wconf 50' lang='lat' dir='ltr'><strong>giu-Pnt.’</strong></span> <span class='ocrx_word' id='word_1_950' title='bbox 2122 5928 2329 5991; x_wconf 80' lang='lat' dir='ltr'><strong>restitui</strong></span> <span class='ocrx_word' id='word_1_951' title='bbox 2352 5948 2469 5988; x_wconf 81' lang='lat' dir='ltr'><strong>cum</strong></span> <span class='ocrx_word' id='word_1_952' title='bbox 2486 5928 2737 6002; x_wconf 74' lang='lat' dir='ltr'><strong>populant</strong></span> <span class='ocrx_word' id='word_1_953' title='bbox 2762 5940 2903 6000; x_wconf 43' lang='lat' dir='ltr'><strong>{nec</strong></span> <span class='ocrx_word' id='word_1_954' title='bbox 2928 5928 3084 5991; x_wconf 69' lang='lat' dir='ltr'><strong>aliter</strong></span> <span class='ocrx_word' id='word_1_955' title='bbox 3104 5933 3296 6007; x_wconf 85' lang='lat' dir='ltr'><strong>legitur</strong></span> <span class='ocrx_word' id='word_1_956' title='bbox 3318 5932 3456 6005; x_wconf 77' lang='lat' dir='ltr'><strong>apud</strong></span> 
     </span>
    </p>
   </div>
   <div class='ocr_carea' id='block_1_131' title="bbox 3427 416 3605 487">
    <p class='ocr_par' dir='ltr' id='par_1_131' title="bbox 3427 416 3605 487">
     <span class='ocr_line' id='line_1_131' title="bbox 3427 416 3605 487; baseline 0.006 -15"><span class='ocrx_word' id='word_1_957' title='bbox 3427 416 3605 487; x_wconf 41' lang='lat' dir='ltr'><strong>9t,</strong></span> 
     </span>
    </p>
   </div>
  </div>
