4034 6354
158 304 238 358 97

1513 298 1712 357 LIBER
1757 297 1844 358 DE
1886 300 2001 357 lllA
2043 297 2170 356 DEI.
3417 304 3485 360 98

158 420 312 474 licus
343 439 444 476 nec
477 421 662 486 habet,
692 438 790 477 nec
819 420 1052 487 exhibet,
1079 437 1172 476 cur
1199 436 1301 474 non
1335 435 1462 490 ergo
1490 419 1772 489 deliuqua-
1801 425 1845 480 Î›
1877 420 2050 475 aliena
2078 417 2306 490 quaestio
2334 426 2449 474 est:
2476 417 2573 474 sed
2602 415 2725 488 quia
2745 415 3049 473 necessario
3077 414 3284 483 incidit,
3321 417 3486 476 debet

155 527 313 579 mus,
343 512 569 582 quoties
619 512 897 568 hominum
946 511 1324 567 conscientiam
1357 511 1544 566 fallere
1572 510 1773 575 licebit,

153 617 226 656 ac
260 604 415 674 leges
449 605 698 674 publicas
727 605 1166 660 circumscribere
1194 603 1217 656 ?
1250 602 1587 672 Ubicumque
1620 601 1776 656 nobis

155 695 377 751 latendi
410 697 634 751 occasio
662 695 923 760 arriserit,
955 694 1302 749 consulamus
1330 695 1430 760 rei,
1463 694 1775 748 auferamus

153 792 374 857 aliena,
409 793 494 847 vel
524 793 642 847 sine
691 807 905 857 cruore,
952 793 1034 846 vel
1067 792 1230 846 etiam
1276 806 1394 844 cmn
1424 790 1682 861 sanguine
1729 789 1772 844 si

151 898 370 960 praeter
397 887 549 958 leges
578 888 709 942 nihil
740 897 823 942 est
847 888 1075 956 amplius
1097 885 1236 956 quod
1261 884 1545 940 colendum
1576 887 1661 938 sit.

237 981 373 1038 Haec
404 982 532 1036 dum
565 982 732 1036 sentit
758 980 1042 1052 Epicurus,
1083 980 1395 1049 religionem
1422 980 1659 1035 funditus
1681 980 1773 1035 tle-

152 1073 268 1140 let;
301 1091 404 1146 qua
438 1075 668 1141 sublata,
700 1074 946 1128 conlusio
975 1090 1037 1130 ac
1068 1074 1398 1142 perturbatio
1431 1075 1551 1129 vita:
1583 1089 1774 1145 seque-

153 1179 274 1227 tur.
300 1169 456 1239 Quod
490 1171 534 1224 si
563 1169 752 1239 religio
772 1169 884 1224 tolli
906 1184 1009 1223 nou
1043 1177 1240 1239 potest,
1273 1180 1330 1223 ut
1357 1179 1411 1224 et
1431 1170 1768 1239 sapientiam,

193 1281 266 1320 ua
330 1265 596 1320 distamus
644 1280 673 1318 a
727 1263 941 1325 belluis,
983 1272 1036 1318 et
1083 1262 1343 1332 justitiam
1409 1263 1768 1327 retineamus,

155 1376 270 1430 qua
316 1360 621 1416 communis
652 1359 759 1414 vita
788 1359 856 1413 sit
883 1357 1075 1420 tutior;
1127 1356 1396 1427 quomodo
1425 1357 1629 1428 Religio
1659 1357 1770 1426 ipsa

151 1456 278 1512 sine
303 1467 451 1511 metu
486 1454 765 1511 teneriaut
790 1451 1044 1507 custodiri
1079 1449 1290 1520 potest?
1311 1448 1467 1517 Quod
1495 1449 1636 1505 enim
1665 1465 1768 1504 non

153 1550 466 1615 metuitur,
512 1547 914 1602 contemnitur:
968 1545 1109 1615 quod
1163 1543 1547 1602 contemnitur.
1591 1543 1772 1612 utique

153 1658 269 1698 non
320 1643 534 1698 colitur.
587 1640 663 1694 Ita
721 1641 816 1704 lit,
890 1647 948 1692 ut
993 1637 1216 1708 religio,
1267 1647 1321 1692 et
1377 1635 1666 1706 majestas,
1717 1643 1773 1690 et

157 1737 348 1790 honor
378 1744 525 1790 metu
574 1741 818 1788 constet:
846 1740 1020 1786 metus
1052 1737 1228 1786 autem
1259 1743 1365 1784 nou
1397 1739 1501 1794 est,
1535 1726 1622 1781 ubi
1655 1727 1771 1782 nul-

1881 511 2126 583 quamvis
2173 511 2410 567 breviter
2437 510 2646 581 attingi.

2511 625 2739 682 CAPUT
2778 626 2866 682 IX.

1879 757 1956 814 De
1976 760 2296 829 providentia
2325 759 2440 827 Dei,
2471 762 2633 831 deque
2656 762 2914 818 sententiis
2945 762 3023 818 illi
3060 764 3478 836 repugnantibus.

1947 894 2080 949 Cum
2104 897 2387 950 sententia:
2416 895 2860 966 philosophorum
2896 897 3089 966 prioris
3128 900 3387 969 temporis
3415 897 3485 956 de

1878 987 2210 1057 providentia
2258 987 2684 1051 consensissent,
2729 1004 2829 1042 nec
2879 988 2984 1043 ulla
3026 1001 3172 1046 esset
3196 991 3482 1057 dubitatio,

1877 1081 2004 1150 quin
2029 1080 2258 1136 mundus
2290 1097 2319 1134 a
2349 1079 2479 1147 Deo,
2505 1088 2557 1134 et
2579 1081 2788 1135 ratione
2811 1089 2956 1136 esset
2975 1081 3288 1152 instructus,
3311 1094 3366 1140 et
3394 1101 3484 1139 ra-

1876 1173 2022 1228 tione
2053 1182 2330 1244 regeretur
2359 1191 2372 1228 :
2414 1173 2619 1243 primus
2671 1172 2911 1228 omnium
2956 1172 3280 1246 Protagoras
3307 1186 3398 1232 ext
3421 1175 3483 1232 tit

1877 1267 2212 1336 temporibus
2264 1265 2525 1331 Socratis,
2587 1265 2676 1335 qui
2714 1265 2814 1320 sibi
2864 1265 3066 1323 diceret
3114 1281 3221 1322 non
3252 1269 3478 1340 liquere,

1875 1369 2054 1414 utrum
2083 1368 2228 1415 esset
2257 1359 2435 1430 aliqua
2465 1358 2740 1425 divinitas,
2785 1375 2975 1415 necne.
3031 1362 3161 1430 Quae
3191 1361 3482 1432 disputatio

1875 1451 1992 1522 ejus
2023 1453 2160 1508 adeo
2205 1451 2464 1522 impia,et
2494 1460 2684 1506 contra
2740 1452 3022 1508 veritatem
3064 1464 3119 1508 et
3165 1454 3478 1524 religionem

1870 1543 2106 1613 judicata
2130 1554 2232 1609 est,
2261 1553 2318 1597 ut
2339 1553 2394 1598 et
2421 1543 2596 1612 ipsmn
2643 1541 3002 1600 Athenienses
3031 1545 3340 1614 expulerint
3367 1546 3482 1602 suis

1876 1635 2089 1699 linibus,
2117 1635 2354 1690 etlibros
2384 1634 2503 1703 ejus
2534 1635 2586 1689 in
2613 1635 2894 1703 concione,
2945 1636 3138 1707 quibus
3169 1636 3284 1694 haec
3311 1638 3480 1694 conti-

1877 1730 2160 1795 nebantur,
2191 1729 2518 1784 exusserint.
2545 1729 2616 1785 De
2630 1728 2785 1799 cujus
2808 1731 3077 1786 sententia
3109 1745 3214 1786 non
3246 1741 3324 1788 est
3347 1747 3482 1800 opus

159 1824 249 1883 lus
273 1827 546 1883 irascitur.
570 1827 692 1882 Sive
720 1825 878 1896 igitur
904 1823 1130 1894 gratiam
1162 1820 1296 1886 Deo,
1326 1822 1440 1876 sive
1469 1820 1624 1886 iram,
1649 1817 1764 1874 sive
1794 1825 1841 1886 B
1868 1822 2166 1892 disputare,
2199 1822 2322 1893 quia
2373 1823 2504 1877 nihil
2561 1823 2695 1878 certi
2748 1824 3132 1893 pronuntiavit.
3193 1825 3319 1881 Post
3367 1826 3482 1882 haec

161 1928 456 1988 utrumque
468 1915 782 1981 detraxeris,
803 1913 1116 1984 religionem
1141 1911 1256 1968 tolli
1279 1925 1503 1967 necesse
1521 1920 1624 1974 est,
1654 1909 1770 1964 sine

152 2026 265 2082 qua
288 2011 396 2065 vita
421 2009 695 2064 hominum
717 2007 966 2072 stultitia,
993 2005 1223 2071 scelere,
1257 2003 1588 2057 immanitate
1620 2015 1768 2056 com-

151 2105 358 2177 pletur.
391 2103 614 2159 Multum
664 2101 808 2158 enim
836 2099 1089 2157 relrantat
1117 2097 1366 2153 homines
1409 2093 1764 2159 conscientia,

152 2197 198 2252 si
227 2196 521 2253 credamus
542 2212 640 2252 nos
667 2195 722 2251 in
748 2202 1043 2265 conspectu
1075 2192 1169 2248 Dei
1199 2192 1419 2255 vivere;
1451 2189 1493 2244 si
1519 2204 1624 2244 non
1649 2197 1765 2242 tan-

155 2298 269 2344 tum
299 2303 421 2358 qua:
447 2287 711 2358 gerimus,
743 2285 912 2341 videri
942 2284 1197 2354 desuper,
1227 2279 1324 2337 sed
1339 2280 1504 2337 etiam
1527 2294 1647 2350 quae
1672 2294 1764 2334 co-

152 2381 410 2452 gitamus,
432 2389 525 2434 aut
545 2379 838 2451 loquimur,
860 2377 1035 2432 audiri
1061 2393 1090 2430 a
1111 2377 1221 2430 Deo
1244 2384 1516 2445 putemus.
1545 2373 1758 2428 Atenim

154 2473 376 2545 prodest
405 2472 457 2528 id
488 2472 733 2536 credere,
781 2479 838 2526 ut
865 2469 1083 2542 quidam
1128 2476 1337 2539 putant,
1366 2482 1474 2522 non
1520 2465 1761 2521 veritatis

148 2568 344 2638 gratia,
377 2566 472 2622 sed
498 2565 775 2630 utilitatis;
803 2565 1054 2636 quoniam
1079 2563 1224 2632 leges
1244 2559 1632 2616 conscientiam
1658 2575 1757 2629 pu-

149 2661 268 2717 nire
296 2676 404 2714 non
433 2668 681 2732 possunt,
713 2658 814 2715 nisi
853 2657 1048 2728 aliquis
1071 2655 1307 2724 desuper
1349 2664 1526 2710 terr0r
1549 2654 1757 2724 impen-

145 2755 273 2810 deat
301 2755 369 2810 ad
398 2753 699 2810 cohibenda
756 2759 994 2822 peccata.
1053 2750 1208 2806 Falsa
1237 2759 1322 2805 est
1373 2748 1533 2820 igitur
1585 2749 1761 2804 omnis

146 2849 340 2920 religio
367 2847 698 2904 etdiviuitas
727 2847 868 2901 nulla
913 2855 1014 2901 est.
1050 2844 1156 2902 Sed
1183 2859 1212 2898 a
1243 2843 1370 2898 viris
1406 2841 1762 2914 prudentibus

147 2942 406 2998 universa
446 2940 676 2996 conï¬cta
715 2949 859 3006 sunt,
915 2955 1022 3010 quo
1074 2937 1273 2993 rectius
1304 2935 1759 3006 innocentiusque

1876 1916 2146 1979 Socrates,
2179 1924 2234 1970 et
2253 1913 2465 1970 auditor
2485 1915 2602 1986 ejus
2626 1914 2798 1982 Plato,
2829 1915 2993 1987 etqui
3021 1916 3090 1971 de
3137 1916 3323 1972 schola
3357 1917 3479 1973 Pla-

1875 2007 2039 2074 tonis,
2071 2016 2322 2078 tanquam
2356 2007 2515 2063 rivuli
2545 2007 2852 2064 diversasin
2877 2017 3059 2078 partes
3076 2007 3477 2079 proï¬‚uxerunt;

1871 2099 2028 2156 Stoici
2057 2107 2113 2156 et
2140 2100 2494 2171 peripatetici,
2542 2101 2594 2156 in
2642 2100 2832 2156 eadem
2861 2100 3011 2157 fuere
3041 2103 3330 2170 sententia,
3375 2119 3479 2174 qua

1871 2192 2098 2263 priores.
2893 2189 2908 2199 '

1939 2285 2131 2342 Postea
2156 2302 2287 2343 vero
2307 2288 2570 2358 Epicurus
2598 2288 2766 2344 Deum
2789 2288 3007 2360 quidem
3038 2304 3162 2346 esse
3181 2289 3479 2361 dixil,quia

1869 2392 2093 2434 necesse
2114 2379 2184 2434 sit
2209 2395 2331 2435 esse
2379 2379 2580 2451 aliquid
2614 2381 2664 2435 in
2715 2381 2917 2438 mundo
2947 2390 3233 2452 prmstans,
3275 2393 3330 2438 et
3363 2382 3481 2438 exi-

1866 2471 2054 2538 mium,
2088 2481 2140 2525 et
2165 2473 2412 2537 beatum;
2473 2473 2869 2544 providentiam
2896 2483 3076 2531 tamen
3104 2476 3336 2532 nullam:
3375 2478 3478 2532 ita-

1862 2579 1969 2634 que
1999 2564 2255 2620 mundum
2281 2565 2465 2636 ipsum.
2509 2582 2608 2623 nec
2636 2567 2846 2624 ratione
2890 2567 3022 2634 ulla,
3080 2584 3180 2624 nec
3209 2578 3346 2633 arte,
3378 2585 3479 2626 nec

1867 2656 2068 2712 fabrica
2096 2658 2440 2721 instructum,
2493 2659 2591 2716 sed
2642 2670 2888 2715 naturam
2940 2677 3119 2717 rerum
3157 2661 3478 2733 quibusdam

1864 2750 2085 2804 tniuutis
2115 2750 2412 2806 seminibus
2433 2761 2486 2807 et
2518 2753 2896 2810 insecabilibus
2922 2754 3325 2825 conglobatam.
3359 2754 3479 2822 Quo

1864 2843 1990 2914 quid
2034 2846 2419 2915 repugnautius
2463 2845 2570 2901 dici
2601 2849 2792 2918 possit,
2826 2862 2933 2903 non
2963 2848 3140 2903 video.
3191 2849 3402 2904 Etenim
3430 2849 3476 2905 si

1866 2949 1946 2992 eSt
1981 2937 2143 3003 Deus,
2175 2939 2359 3008 utique
2378 2938 2670 3010 providens
2700 2950 2804 3007 est,
2837 2948 2894 2995 ut
2923 2940 3094 3006 Deus;
3129 2956 3228 2996 nec
3254 2940 3414 2997 aliter
3428 2940 3478 2997 ei

147 3033 378 3090 vivatur.
417 3033 607 3105 Magna
627 3035 757 3101 lucc,
804 3041 859 3089 et
886 3047 916 3087 a
947 3031 1170 3088 materia
1188 3044 1348 3101 quam
1373 3029 1752 3101 proposuimus
1777 3020 1822 3082 C
1856 3041 2040 3102 potest
2076 3033 2331 3090 divinitas
2383 3033 2622 3102 attribui,
2670 3033 2772 3088 nisi
2813 3043 2868 3090 et
2899 3035 3172 3106 praeterita
3196 3044 3397 3101 teneat,
3423 3043 3478 3090 et

1495 3171 1854 3230 VARIOBUM
1895 3173 2123 3233 ÎÎŸÎ¤á¾¹Îž.

216 3313 483 3376 Arriserit,
507 3313 834 3368 consulamus
879 3311 974 3366 rei.
1004 3310 1130 3366 llaec
1165 3307 1275 3364 duo
1297 3317 1567 3379 postrema
1597 3307 1758 3363 verba

143 3386 338 3443 absunt
366 3403 398 3441 Î¹Î¹
433 3386 500 3440 15
525 3399 657 3440 mss.
685 3395 740 3440 et
767 3391 874 3440 vet.
897 3384 1029 3438 edit.
1056 3383 1212 3437 Rom.

219 3479 371 3555 Quod
396 3477 772 3555 colendum-sit.
803 3475 877 3530 Ita
909 3489 1058 3555 mss:_
1089 3489 1228 3555 pene
1255 3488 1444 3555 omnes
1469 3481 1522 3528 et
1548 3482 1760 3555 veteres

145 3544 296 3606 ediii.
326 3551 381 3605 In
431 3550 466 3605 4
502 3547 718 3618 scriptis
765 3563 873 3602 rec.
894 3557 949 3603 et
977 3544 1137 3618 editis
1169 3544 1350 3618 multis
1371 3545 1647 3618 verendum
1670 3545 1756 3597 sit.

147 3622 386 3693 Utraque
415 3621 576 3677 lectio
599 3616 761 3674 bona.
781 3618 958 3674 25155.
990 3633 1101 3674 rec.
1129 3616 1398 3673 levissima
1427 3616 1755 3680 mutatione,

146 3694 432 3749 dolendum
453 3693 538 3746 sit.

217 3765 384 3821 Sentit
419 3764 695 3832 Epicurus.
727 3763 762 3816 2
793 3763 926 3834 Reg.
961 3771 1015 3817 et
1038 3761 1169 3834 edit.
1203 3760 1360 3834 Rom.
1392 3761 1553 3834 H70,
1589 3759 1760 3815 Sentit

146 3835 438 3892 Lucretius.
475 3835 542 3890 Et
568 3833 781 3905 quidem
808 3832 1024 3902 Epicuri
1043 3833 1177 3889 echo
1204 3842 1286 3905 est
1308 3832 1611 3887 Lucretius.

219 3909 496 3978 Sequetur.
524 3904 602 3961 lta
621 3907 796 3960 cuncti
813 3922 967 3971 mss.,
992 3904 1235 3976 printer?
1252 3919 1362 3959 rec.
1386 3905 1437 3958 in
1460 3905 1654 3974 quibus
1675 3912 1760 3958 est

149 3989 223 4045 ut,
257 3982 306 4033 itt
336 3979 524 4045 editis,
555 3979 798 4048 sequitur.

223 4072 288 4128 Ut
309 4087 354 4127 et
377 4073 702 4142 sapientiam.
727 4071 839 4140 Qua
863 4072 1110 4125 distamus
1131 4088 1161 4124 a
1183 4071 1383 4131 belluis,
1412 4081 1458 4125 et
1468 4069 1745 4141 justitiam.

150 4143 387 4210 Quatuor
418 4154 693 4215 postrema
724 4144 884 4197 verba
907 4143 1284 4215 desiderantur
1309 4143 1358 4195 in
1390 4142 1460 4196 20
1483 4157 1610 4215 mss.
1637 4151 1687 4196 et
1719 4142 1749 4194 7

153 4216 329 4271 editis.
353 4212 566 4280 â€”:Qtta
593 4215 839 4268 distamus
875 4233 907 4268 a
942 4215 1142 4275 belluis,
1170 4224 1215 4267 et
1246 4214 1523 4282 justitiam.
1561 4212 1620 4266 L.
1668 4227 1747 4277 Î¹Î¹Î¹,

153 4303 267 4357 cap.
294 4289 358 4344 10
379 4307 392 4340 :
414 4299 468 4342 et
498 4288 556 4341 11
591 4287 823 4340 maxime
849 4286 916 4340 de
945 4285 1047 4349 Ira,
1071 4300 1190 4352 cap.
1222 4285 1279 4338 ll
1303 4303 1314 4338 :
1338 4283 1597 4357 Diximus,
1628 4283 1749 4336 reli-

153 4355 296 4428 gione
312 4359 536 4420 sublata,
566 4374 656 4412 nec
669 4357 1143 4428 sapientiamteneri
1164 4372 1332 4428 posse,
1351 4373 1442 4410 nec
1463 4355 1745 4428 justitiam,

155 4425 272 4483 dum
299 4431 583 4485 divinitatis
621 4429 925 4494 intellectus,
953 4444 1051 4497 quo
1079 4427 1372 4496 differimus
1400 4444 1430 4478 a
1461 4425 1667 4489 belluis,
1694 4425 1746 4478 in

1939 3309 2181 3382 Quamvis
2211 3308 2444 3364 breviter.
2474 3311 2550 3366 lta
2585 3327 2775 3367 omnes
2804 3326 2970 3382 prope
2999 3327 3128 3367 mss.
3161 3322 3212 3369 et
3236 3313 3268 3368 6
3296 3322 3474 3371 vetus-

1865 3378 2028 3436 tiores
2061 3381 2215 3445 editi,
2248 3398 2311 3437 ac
2345 3382 2564 3447 Cellar.,
2600 3378 2817 3439 Walch.
2844 3378 2962 3440 ln'5
3016 3401 3126 3441 rec.
3163 3401 3294 3441 mss.
3322 3396 3376 3442 et
3407 3387 3474 3443 10

1864 3451 2140 3520 impressis
2167 3462 2272 3519 est,
2300 3470 2454 3524 quam
2485 3454 2716 3510 breviter.

1937 3543 2408 3622 Protagoras,_etc.
2444 3548 2578 3603 Vide
2608 3549 2899 3622 Laertium.
2928 3550 3001 3606 De
3030 3549 3325 3622 Protagora
3356 3551 3471 3609 dic-

1863 3627 1974 3671 tum
1998 3628 2079 3680 est
2107 3620 2200 3674 lib.
2231 3635 2246 3672 Î¹
2280 3620 2512 3674 lnstitut.
2544 3635 2593 3676 c.
2623 3622 2679 3675 2.
2710 3621 2969 3676 Refertur
2997 3625 3162 3677 etiam
3190 3620 3260 3678 ab
3296 3626 3470 3680 Arno-

1865 3672 2105 3765 nant,
2156 3672 3472 3765 sissesisseâ€”etas;'si'..â€˜.u;;a;.;i:.giaa

1863 3761 2005 3831 apud
2032 3762 2213 3817 Cicer.
2242 3762 2312 3818 de
2334 3763 2536 3820 Natura
2560 3765 2782 3818 deorum
2815 3764 3016 3833 primo;
3049 3774 3106 3819 et
3128 3761 3468 3824 inter'eccle-

1863 3833 2109 3906 s_iasticos
2123 3834 2468 3906 scriptoresnt
2479 3837 2581 3904 pud
2603 3835 2643 3890 Î•
2653 3838 2698 3905 pi
2708 3836 2960 3905 phanium
2978 3837 3028 3891 in
3047 3836 3084 3890 E
3093 3838 3312 3906 pitomc,
3327 3839 3469 3903 apud

1862 3904 2154 3977 Eusebium
2185 3905 2250 3960 de
2281 3905 2574 3976 Praeparat.
2613 3904 2867 3977 Evangel.
2900 3908 2991 3961 lib.
3018 3904 3108 3962 mâ€˜
3134 3924 3254 3977 cap.
3282 3911 3330 3963 -l.
3352 3909 3467 3966 Ire-

1862 3991 2012 4049 ntnus
2045 3975 2137 4049 lib.
2173 3993 2208 4032 Î¹Î¹
2241 3993 2360 4047 cap.
2396 3975 2482 4034 l9.
2508 3975 2886 4049 Anaxagoram
2915 3977 3057 4035 á¼„Î¸ÎµÎ¿Î½
3082 3975 3342 4045 nominat,
3364 3983 3468 4038 nisi

1861 4047 2020 4121 lectio
2040 4048 2108 4121 sit
2133 4049 2425 4121 mendosa;
2454 4051 2596 4121 quod
2627 4047 2734 4105 non
2765 4060 2912 4120 puto.
2944 4051 3270 4107 Bn'ruuztus.
3293 4051 3468 4107 â€”Ci-

1858 4119 2096 4194 cerolib.
2129 4136 2144 4175 Î¹
2193 4120 2258 4175 de
2289 4121 2404 4194 Nat.
2437 4119 2591 4188 deor.
2617 4140 2664 4177 c.
2691 4122 2793 4176 25:
2835 4123 3096 4176 Abderites
3125 4121 3462 4194 Protagoras,

1857 4191 2107 4264 sophistes
2136 4193 2446 4264 temporibus
2469 4194 2572 4248 illis
2599 4195 2675 4248 vel
2702 4195 2975 4255 maximus,
3001 4210 3114 4247 cum
3130 4195 3182 4246 in
3205 4191 3463 4264 principio

1855 4262 1972 4335 libri
1991 4262 2063 4315 sic
2084 4264 2332 4335 posuisset
2366 4281 2383 4317 :
2414 4263 2492 4317 De
2519 4263 2656 4318 Divis
2683 4282 2840 4334 neque
2862 4276 2914 4318 ut
2936 4266 3059 4328 sint,
3084 4262 3244 4335 neque
3279 4275 3332 4319 ut
3364 4262 3466 4322 non

1854 4333 1973 4398 sint,
2007 4333 2166 4411 habeo
2192 4335 2357 4387 dicere
2373 4352 2400 4411 ,'_
2415 4333 2803 4411 Atheniensium
2823 4337 2974 4411 jussu
3021 4337 3142 4390 urbe
3160 4333 3464 4411 atquepagro

1853 4414 1926 4457 est
1956 4405 2338 4472 exterminatus,
2366 4408 2577 4477 librique
2597 4409 2707 4478 ejus
2724 4408 2775 4461 itt
2805 4405 3051 4462 concione
3081 4405 3354 4464 combusti.

156 4501 352 4556 nomine
379 4504 490 4558 solo
520 4512 833 4573 reperiatur;
861 4494 982 4570 qua:
1001 4494 1168 4553 verba
1189 4512 1374 4568 aperte
1405 4509 1648 4552 nostrum
1672 4498 1751 4551 loâ€”
1777 4508 1830 4569 1)
1897 4567 1909 4573 _
1930 4494 2540 4573 Temporibushsocratis.
2573 4499 2732 4573 Teste
2765 4498 3002 4566 Laertio,
3056 4499 3236 4556 ï¬‚oruit
3261 4500 3457 4573 Olynt-

156 4585 271 4627 cnm
301 4573 616 4644 re5piciunt.
646 4572 778 4627 Buu.

227 4665 346 4720 Non
374 4666 598 4721 veritatis
618 4666 807 4736 gratia,
845 4675 949 4720 etc.
979 4665 1070 4720 Sic
1100 4665 1240 4720 enim
1273 4664 1519 4727 Numam,
1551 4664 1756 4735 Scipio-

160 4753 275 4792 nem
305 4749 358 4792 et
384 4739 522 4792 alios
553 4739 866 4808 religionem
899 4737 1186 4792 simulasse
1214 4737 1462 4792 Valerius
1489 4737 1755 4805 exemplis

159 4809 336 4864 docet.
387 4811 592 4864 Baros.
625 4839 696 4848 --
724 4810 884 4879 quue
917 4818 975 4863 ut
1013 4824 1257 4863 morosos
1299 4809 1522 4879 populos
1564 4809 1757 4863 timore

161 4879 377 4934 deorqu
408 4882 472 4934 ad
505 4882 678 4948 legum
702 4880 1102 4935 observantiam
1128 4880 1431 4950 adigerent.

228 4950 332 5004 Sed
362 4953 620 5006 utilitatis.
669 4952 988 5023 llegio-Put.
1043 4953 1270 5005 utilitati.
1329 4951 1452 5006 Mss.
1497 4951 1577 5016 l5,
1619 4950 1758 5004 utili--

164 5031 281 5077 tate.

233 5116 415 5172 Terror
441 5118 746 5186 impendeat.
772 5115 844 5170 [ta
877 5133 1068 5171 omnes
1097 5116 1266 5170 [erute
1304 5131 1434 5170 mss.
1461 5127 1515 5170 et
1541 5115 1574 5168 6
1601 5114 1750 5176 editi.

163 5187 351 5258 Seripti
385 5199 492 5244 tres
521 5205 629 5244 rec.
671 5199 725 5242 et
779 5189 829 5240 7.
864 5189 1048 5241 excusi
1091 5188 1347 5242 tuendose
1397 5188 1675 5254 itttpcttdttl.
1722 5188 1757 5240 ÎµÎ¹).

163 5257 288 5328 lleg.
325 5275 434 5315 rec.
469 5272 521 5314 et
546 5259 630 5315 ed.
658 5259 811 5317 liout.
850 5258 1004 5326 H70,
1036 5259 1298 5329 impediat.
1336 5263 1358 5312 1
1396 5259 1632 5312 (Iolbert.
1654 5270 1757 5311 tor-

165 5337 239 5380 tor
259 5331 535 5396 impendat.

230 5399 460 5469 Conï¬cta
475 5413 610 5456 sunt.
636 5403 726 5456 Sic
753 5403 968 5470 reposui
993 5418 1057 5456 ex
1087 5401 1296 5456 cunctis
1329 5418 1465 5470 pene
1497 5415 1628 5455 mss.
1656 5403 1758 5456 et?)

166 5471 338 5527 editis.
374 5473 430 5526 lu
467 5474 526 5527 l0
557 5473 772 5542 scriptis
794 5485 847 5527 et
872 5476 940 5528 12
972 5475 1249 5542 impressis
1305 5473 1498 5540 legitur
1526 5478 1756 5542 confecta

167 5555 386 5597 sunt.â€”
407 5544 639 5610 Conï¬cta
660 5555 796 5598 sunt.
833 5544 901 5600 Ut
931 5545 1204 5598 Arnobius
1236 5545 1269 5596 Î™.
1307 5560 1416 5598 vn:
1470 5542 1756 5613 Religioni-

169 5613 253 5668 bus
278 5617 462 5687 artifea:
481 5619 535 5669 in
562 5616 1001 5687 comminiscendis
1020 5613 1216 5668 Numa.
1239 5614 1551 5687 Lactantius
1583 5617 1758 5687 imita-

171 5692 251 5738 tur
286 5685 530 5742 Ciceron.
564 5688 638 5742 l.t
670 5686 736 5742 de
763 5685 883 5740 Nat.
919 5687 1093 5751 deor.,
1141 5699 1260 5754 cap.
1295 5685 1392 5738 5'2:
1428 5686 1566 5753 Quid
1589 5685 1648 5750 ii,
1672 5688 1758 5754 qui

173 5754 414 5816 dixerunt,
445 5768 603 5811 totam
632 5760 694 5813 de
714 5758 811 5811 diis
859 5756 1230 5810 immortalibus
1262 5755 1553 5826 opinionem
1583 5759 1759 5827 fictam

170 5841 272 5884 esse
289 5827 348 5883 ab
371 5829 660 5886 hominibus
685 5829 1016 5900 sapientibus.
1051 5827 1181 5882 Buu.

1859 4567 2016 4638 piade
2038 4585 2214 4624 ustv.
2248 4569 2356 4624 Sed
2383 4570 2522 4626 hanc
2576 4569 2834 4626 librorum
2865 4573 3212 4628 exustionem
3258 4567 3459 4629 Euseb.

1860 4639 1911 4714 in
1937 4638 2218 4714 Cltronicis
2247 4656 2388 4696 anno
2417 4642 2573 4698 tertio
2599 4643 2930 4714 Olympiadis
2974 4659 3179 4700 Lxxnv
3213 4643 3380 4714 ponit,
3408 4654 3464 4700 et

1859 4711 2040 4788 [inruit
2067 4729 2197 4782 sane
2227 4724 2336 4767 tum
2365 4714 2638 4788 Socrates,
2667 4711 2856 4770 eteum
2883 4716 3122 4770 Socratis
3149 4711 3314 4788 fuisse
3337 4732 3464 4788 syn-

1859 4782 2101 4838 chronon
2133 4794 2357 4857 testatur
2397 4787 2557 4840 etiam
2589 4785 2828 4842 Platonis
2858 4787 3128 4857 Dialogus,
3157 4789 3248 4857 qui
3279 4782 3466 4843 Prota-

1860 4870 2007 4923 gora:
2031 4856 2569 4928 uomineinscriptus
2596 4858 2711 4912 fuit.
2738 4856 3053 4928 Quanquam
3074 4857 3141 4914 de
3172 4856 3274 4914 hoc
3293 4875 3465 4928 (Î¹Î¹Î¹Î¹Î¹Î¹Îµ-

1863 4928 2052 4998 tio_est
2081 4928 2222 4997 apud
2250 4927 2485 4983 Macrob.
2514 4928 2609 4982 lib.
2645 4945 2659 4983 Î¹
2687 4930 2800 4986 Sat.
2829 4927 2953 4991 cap.
2987 4931 3038 4985 1.
3070 4927 3402 4986 Î’ÎµÏ„Ï…Î¹ÎµÎ¹á½ºÎ´.

1935 4995 2003 5050 Et
2035 4995 2190 5071 libros
2219 5000 2330 5069 ejus
2359 4999 2412 5071 in
2432 5000 2698 5067 concione,
2726 5012 2833 5057 etc.
2868 5000 3005 5057 Vide
3029 5016 3150 5071 qua:
3196 5015 3356 5069 supra
3376 5000 3462 5054 di-

1864 5069 2044 5142 simus
2069 5070 2133 5123 ad
2157 5085 2276 5142 cap.
2310 5069 2381 5142 â€˜22
2414 5071 2504 5125 lib.
2541 5088 2578 5126 Î¹.
2614 5072 2692 5127 Ex
2725 5071 2826 5127 hoc
2857 5072 2976 5128 loco
3005 5069 3359 5142 corrigendos
3381 5071 3461 5125 loâ€”

1861 5157 1957 5196 cus
1982 5140 2189 5213 Minutii
2217 5140 2380 5213 Felic.
2408 5142 2494 5196 ubi
2528 5143 2771 5198 nonnulli
2797 5145 3001 5213 legunt,
3025 5140 3354 5213 scriptaejus
3375 5142 3466 5196 de-

1861 5213 2086 5278 riserint,
2113 5212 2419 5282 legendum.
2449 5213 2755 5269 deusserint.
2793 5211 2943 5270 Patet
2990 5216 3093 5268 hoc
3119 5227 3186 5268 ex
3212 5211 3458 5266 Lactant.

1861 5283 2020 5337 etiam
2047 5300 2114 5339 ex
2145 5284 2379 5355 Diogene
2407 5284 2592 5340 Laert.
2625 5285 2715 5354 qui
2744 5284 2812 5340 de
2839 5284 2987 5340 omni
3015 5283 3114 5338 hac
3143 5297 3203 5337 re
3221 5282 3459 5339 disserit.

1863 5355 1997 5410 Vide
2019 5366 2073 5410 et
2093 5355 2410 5411 Ciceronem
2442 5357 2536 5411 lib.
2564 5372 2580 5410 Î¹
2609 5357 2678 5412 de
2708 5355 2907 5412 Natura
2931 5356 3177 5410 deorum.

1937 5449 2001 5502 Et
2030 5450 2236 5503 auditor
2265 5451 2377 5514 eius
2411 5448 2584 5509 Plato.
2616 5459 2721 5504 etc.
2751 5450 2920 5516 Quam
2962 5449 3334 5516 inconstanter
3369 5463 3463 5502 an-

1865 5529 1969 5574 tem
1999 5521 2043 5575 is
2065 5524 2132 5574 de
2151 5521 2312 5575 rebus
2337 5519 2534 5574 divinis
2559 5514 2900 5581 disseruerit,
2917 5531 3022 5570 non
3053 5514 3212 5570 modo
3229 5514 3464 5574 Velleius

1866 5592 2162 5660 Epicureus
2191 5592 2333 5659 apud
2361 5593 2675 5646 Ciceronem
2704 5590 2910 5657 objicit,
2942 5586 3232 5660 sedgetiant
3264 5587 3461 5660 Euseb.

1863 5658 1931 5718 de
1954 5663 2126 5732 Prtep.
2160 5658 2362 5732 Evaug.
2381 5662 2473 5717 lib.
2511 5677 2606 5716 xm
2635 5661 2923 5732 collatigne
2952 5658 3278 5727 scriptorum
3297 5659 3466 5729 ipsius

1865 5727 2104 5804 diligenti
2132 5727 2411 5789 evidenter
2431 5732 2783 5787 demonstrat.
2811 5727 3015 5782 Î’Î¹Î¹Ï„Ï…Î¹..
3323 5727 3332 5729 â€˜
3463 5755 3470 5761 -

1945 5825 2332 5885 Insecabilibus.
2356 5825 2564 5882 Atomis
2589 5822 2813 5879 scilicet.
